2508 4134
445 310 667 350 PANARu
694 310 796 349 Lie.
827 309 894 347 ni.
925 308 1060 348 ToM.
1083 308 1135 347 11.
1165 308 1354 347 expos
1387 306 1491 348 rm.
1526 305 1757 346 cATHoL.
1951 295 2052 345 519

152 410 199 460 in
234 409 339 478 ipso
372 406 532 459 vitalis
565 406 792 474 quaedam
832 405 985 455 virtus
1031 403 1325 455 continetur.
1401 402 1576 470 Neque
1617 403 1661 452 id
1700 402 1853 452 solum
1897 410 2052 452 actum

153 501 224 544 est
255 501 305 542 ut
338 508 426 542 nos
466 507 586 558 aqua
628 481 937 558 repurgaret,
992 488 1074 537 sed
1124 496 1174 537 ut
1206 504 1359 554 aquae
1399 487 1446 536 vi
1476 504 1561 554 per
1590 486 1759 548 fidem,
1816 484 2053 536 actionem

154 584 201 626 et
228 592 359 644 spem
393 592 448 625 ac
480 574 818 643 mysteriorum
849 570 1164 622 initiationem
1196 580 1244 620 et
1272 570 1657 620 consecrationis
1685 569 2055 637 appellationem

154 659 209 708 ad
259 659 518 727 perfectam
565 657 926 723 absolutamque
979 656 1180 706 salutem
1239 654 1376 703 nobis
1426 652 1543 720 ipsis
1591 654 1828 703 conferat.
1921 651 2053 719 Ergo

154 740 379 793 Christus
408 742 622 792 ascendit
650 759 675 791 e
705 739 938 802 lordane,
981 756 1150 789 vocem
1177 738 1327 806 patris
1357 737 1531 799 audiit,
1574 754 1709 803 quam
1738 745 1785 785 et
1814 736 2050 804 discipuli,

154 826 231 893 qui
273 826 500 888 aderant,
557 825 838 887 audierunt3
891 832 942 873 ut
975 822 1079 890 quis
1123 821 1203 872 ille
1253 822 1403 883 soret,
1462 820 1536 869 cui
1574 820 1899 870 testimonium
1942 820 2054 870 illud

110 963 122 977 ·
154 909 494 977 praeberetur,
554 915 894 977 agnoscerent.
974 906 1100 956 Tum
1149 906 1292 955 etiam
1333 903 1530 972 spiritus
1573 912 1767 953 sanctus
1806 903 2055 953 columbae

152 993 311 1061 specie
346 994 568 1062 delapsus
602 1001 703 1055 est,
757 991 1150 1059 quemadmodum
1180 990 1225 1038 in
1259 988 1510 1038 multarum
1542 987 1807 1037 haereseon
1837 987 2056 1036 confuta-

153 1077 282 1127 tione
309 1077 537 1128 diximus.
617 1076 689 1126 Ac
714 1093 772 1126 ne
801 1075 987 1125 trinitas
1019 1074 1119 1142 ipsa
1154 1074 1200 1123 in
1232 1090 1376 1123 unum
1405 1072 1598 1121 redacta
1631 1072 1923 1137 confusaque
1951 1086 2056 1119 cre-

153 1162 375 1223 deretur,
430 1162 625 1229 spiritns
655 1160 844 1228 propria
889 1159 935 1208 in
971 1175 1178 1226 persona
1215 1158 1411 1224 liguram
1444 1155 1570 1205 illam
1600 1154 1781 1216 induit,
1836 1164 1883 1203 et
1912 1170 2058 1221 super

152 1245 279 1295 illum
311 1244 518 1307 resedit,
571 1261 720 1312 seque
765 1244 811 1293 in
848 1243 999 1311 ipsum
1041 1241 1334 1303 insinuavit3
1386 1248 1436 1289 ut
1466 1239 1506 1289 is
1540 1238 1615 1288 cui
1647 1237 1971 1287 testimonium
2001 1236 2057 1286 il-

151 1329 229 1379 tud
271 1328 624 1396 suffragabatur
662 1327 949 1395 conspicuus
992 1334 1150 1387 esset,
1207 1333 1348 1391 utque
1391 1330 1750 1374 sacrosanctam
1787 1321 1913 1370 illam
1951 1337 2057 1370 car-

151 1430 257 1463 nem
304 1413 502 1462 amicam
546 1429 683 1474 esse,
739 1412 925 1477 deoque
972 1410 1193 1478 placere,
1248 1408 1398 1476 patris
1441 1425 1497 1457 ac
1536 1406 1731 1474 spiritus
1772 1403 2057 1454 auctoritate

151 1505 425 1559 constaret,
484 1505 530 1546 ut
561 1495 673 1545 illud
705 1493 970 1562 praedicari
1006 1493 1155 1562 palam
1194 1501 1385 1561 posset,
1443 1489 1827 1540 incarnationem
1862 1487 1943 1537 filii
1970 1505 2058 1538 vo-

149 1581 278 1630 lente
308 1598 362 1630 ac
395 1580 624 1648 probante
650 1587 782 1647 patre
812 1595 920 1628 esse
952 1579 1244 1646 perfectam,
1286 1594 1341 1626 ac
1369 1575 1572 1642 denique
1603 1590 1747 1623 verus
1778 1581 1826 1621 ut
1856 1587 2057 1640 appare-

151 1673 226 1714 ret
255 1664 377 1714 fitius
408 1672 456 1714 et
482 1664 591 1714 illud
621 1662 880 1731 prophetae
908 1660 1183 1712 vaticinium
1219 1660 1457 1728 expleret,
1499 1663 1566 1708 Ec
1581 1668 1696 1723 post
1716 1661 1828 1706 haee
1854 1660 1900 1706 z'n
1924 1665 2051 1705 terra

151 1753 276 1798 visus
312 1758 406 1808 est,
464 1757 510 1797 et
545 1765 645 1796 eum
687 1748 945 1795 hominibus
988 1755 1302 1795 conversatus·
1382 1741 1536 1810 Igitur
1569 1760 1594 1793 e
1628 1740 1831 1792 Iordane
1871 1740 2056 1807 digres-

152 1850 234 1883 sus
277 1841 410 1882 certo
460 1848 670 1898 vereque
709 1848 732 1879 a
771 1830 957 1880 diabolo
1002 1829 1048 1879 in
1083 1830 1274 1878 deserto
1312 1835 1523 1878 tentatus
1558 1835 1659 1889 est,
1721 1834 1905 1894 etpost
1937 1823 2057 1875 ieiu-

152 1917 279 1967 nium
312 1915 507 1978 esuriit,
566 1924 617 1964 ut
645 1915 767 1982 quod
800 1931 948 1964 verae
992 1912 1124 1963 carni
1156 1921 1410 1979 susceptae
1447 1919 1826 1961 consentaneum
1859 1918 1934 1959 est
1969 1925 2057 1958 ex-

152 2000 395 2069 primeret.
476 1996 751 2050 Secundum
783 1998 899 2048 haec
930 1997 1187 2065 discipulos
1216 1995 1389 2062 elegit,
1448 1995 1698 2044 veritatem
1740 1992 2053 2062 praedicavit,

150 2083 475 2151 aegritudines
507 2082 725 2144 sanavit,
768 2082 988 2144 dormiit,
1031 2080 1228 2142 esuriit,
1270 2081 1363 2129 iter
1394 2079 1530 2141 fecit,
1586 2079 1797 2146 prodigia
1826 2076 2052 2145 patravit,

153 2176 368 2218 mortuos
398 2166 660 2229 excitavit,
716 2166 875 2216 caecis
901 2165 1056 2215 visum
1085 2163 1495 2232 repraesentavit,
1549 2163 1729 2213 claudis
1758 2170 1803 2211 et
1830 2160 2058 2229 paralyti-

156 2252 225 2302 cis
254 2251 383 2301 vires
411 2250 638 2301 restituit.
717 2247 1128 2316 Quemadmodum
1158 2247 1461 2314 evangelium
1490 2247 1641 2315 ipsum
1669 2244 1895 2296 coelestis
1918 2244 2058 2311 regni

156 2335 439 2399 veritatem,
495 2352 550 2385 ac
576 2353 681 2385 cum
712 2334 862 2402 ipsius
896 2334 1007 2396 filii,
1064 2342 1159 2382 tum
1190 2331 1363 2400 patris,
1417 2348 1473 2381 ac
1503 2330 1699 2399 spiritus
1731 2330 1885 2380 sancti
1921 2327 2058 2381 boni-

157 2428 298 2469 tatem
355 2418 790 2486 humanitatemque
842 2416 1161 2485 praedicavit:
1218 2416 1341 2465 idem
1393 2414 1474 2464 ille
1530 2432 1674 2483 porro
1726 2431 1902 2464 revera
1947 2429 2054 2462 cru-

158 2503 311 2554 ciatus
357 2502 404 2552 in
438 2520 524 2553 sua
564 2519 706 2552 carne
748 2512 796 2552 et
838 2503 1048 2569 perfecta
1092 2500 1296 2550 hominis
1337 2507 1508 2549 natura
1547 2497 1801 2561 sustinuit,
1857 2514 1972 2547 vere
2006 2496 2053 2547 in

157 2603 300 2637 cruce
340 2602 509 2654 passus
545 2594 649 2648 est,
701 2586 766 2636 ita
795 2585 1011 2653 quidem,
1067 2584 1188 2635 utin
1219 2601 1276 2633 eo
1308 2583 1533 2633 divinitas
1563 2582 1830 2645 existeret,
1885 2581 1969 2631 sed
1997 2580 2053 2633 ad

155 2669 428 2739 patiendum
459 2669 650 2720 minime
682 2686 792 2720 sese
819 2677 1159 2731 converteret,
1211 2668 1295 2718 sed
1328 2667 1567 2735 passionis
1600 2683 1778 2734 expers
1809 2674 1858 2715 et
1886 2666 2055 2715 immu-

155 2753 314 2805 tabilis
357 2761 588 2803 maneret.
667 2750 775 2818 Qua
806 2751 854 2801 in
888 2769 940 2802 re
970 2753 1063 2802 duo
1098 2752 1177 2802 illa
1215 2759 1541 2802 consentanea
1579 2749 1848 2800 certissime
1880 2748 2056 2799 intelli-

155 2846 362 2905 guntur,
418 2846 463 2887 ut
494 2845 540 2885 et
569 2836 792 2887 Christus
823 2854 907 2903 pro
940 2835 1075 2886 nobis
1109 2853 1255 2886 carne
1281 2836 1340 2884 sit
1371 2852 1570 2902 passus,
1624 2843 1671 2885 et
1698 2833 1936 2902 passionis
1969 2849 2057 2882 ex-

156 2939 266 2989 pers
313 2924 360 2971 in
387 2921 637 2971 divinitate
669 2928 965 2987 permaneat.
1042 2918 1155 2969 Non
1191 2919 1316 2987 quod
1360 2918 1565 2968 hominis
1602 2926 1770 2968 natura
1801 2934 1856 2966 ac
1885 2915 2056 2967 divini-

155 3015 227 3057 tas
260 3014 512 3073 separatae
543 3022 568 3053 a
601 3021 653 3053 se
680 3004 885 3053 invicem
931 3003 1174 3065 existant,
1230 3020 1398 3053 verum
1430 3003 1618 3052 tametsi
1651 3020 1745 3051 una
1779 3009 1909 3050 esset
1936 2999 2056 3050 divi-

155 3089 307 3151 nitas,
363 3089 479 3139 nihil
513 3087 571 3138 ob
606 3088 844 3137 sinceram
886 3095 931 3135 et
967 3086 1384 3154 incomparabilem
1430 3094 1646 3136 naturam
1686 3093 1760 3135 est
1800 3099 2047 3152 perpessa.

154 3172 221 3223 At
251 3170 475 3224 Christus
508 3181 555 3222 et
580 3172 626 3221 in
663 3188 807 3222 carne
838 3187 1005 3238 passus
1038 3179 1141 3230 cst,
1183 3179 1231 3220 et
1261 3170 1310 3218 in
1339 3170 1506 3220 eadem
1538 3177 1691 3219 morte
1721 3176 1796 3218 est
1825 3168 2047 3230 affectuS‚

156 3274 261 3306 cum
303 3256 494 3306 interim
539 3256 787 3306 divinitate
828 3255 927 3322 ipsa
965 3252 1154 3304 viveret
1192 3270 1246 3303 ac
1291 3262 1506 3303 mortuos
1552 3252 1818 3314 excitaret,
1878 3269 2053 3320 corpus

155 3357 272 3390 vero
302 3357 354 3390 re
390 3358 503 3390 vera
532 3340 764 3408 sepultum
796 3356 851 3388 ac
884 3338 1038 3387 triduo
1070 3337 1226 3387 anima
1258 3353 1427 3387 carens
1460 3345 1508 3386 et
1535 3335 1702 3403 spiritu
1734 3345 1959 3403 motuque
1985 3336 2055 3386 ia-

154 3433 313 3487 ceret,
369 3424 644 3474 obvolutum
682 3423 913 3482 sindone,
971 3421 1018 3470 in
1047 3429 1406 3470 monumentum
1447 3420 1746 3486 depositum,
1801 3420 2048 3470 occlusum

156 3509 310 3576 lapide
340 3525 394 3557 ac
423 3507 590 3576 sigillis
620 3507 939 3574 obsignatum.
1014 3502 1188 3570 Neque
1224 3520 1343 3554 vero
1384 3504 1488 3571 ipsa
1518 3512 1592 3554 est
1625 3503 1850 3553 conclusa
1880 3503 2052 3555 divini-

157 3600 230 3641 tas
258 3601 339 3641 aut
366 3591 545 3659 sepulta
565 3630 577 3654 ‚
631 3591 715 3641 sed
746 3608 849 3639 cnm
881 3588 1181 3638 sanctissima
1219 3587 1322 3637 eius
1354 3587 1510 3637 anima
1548 3588 1604 3637 ad
1631 3587 1813 3637 inferos
1852 3589 2052 3640 descen-

160 3676 255 3735 dit,
307 3675 609 3742 indidemque
639 3674 850 3741 captivas
890 3672 1074 3723 animas
1105 3671 1307 3739 eripuit,
1366 3674 1598 3720 stimulum
1638 3675 1800 3720 mortis
1830 3675 2041 3739 infregit,

213 3786 253 3833 ὃ,
282 3788 371 3834 Post
408 3782 637 3840 πνεύματος
663 3798 803 3826 novum
840 3788 956 3839 caput
982 3785 1115 3834 incipit
1142 3785 1183 3823 in
1213 3784 1300 3825 edit.
1332 3784 1467 3825 Petav-

2091 738 2229 775 Matth.
2250 738 2282 774 3.

2095 1672 2259 1708 Baruch.

2090 1716 2229 1793 Mz'xtifiss
2251 1758 2286 1793 4.

2107 3686 2138 3720 1.
2152 3685 2236 3720 Cor.

2111 3729 2166 3773 15,
2187 3728 2239 3764 59.
