2508 4134
564 268 789 309 PANARH
819 268 920 308 Lm.
943 269 1016 307 111.
1046 268 1180 309 ToM.
1210 269 1242 309 1.
1274 268 1439 308 HAER.
1469 268 1670 309 Lxxvt.
1966 258 2061 307 311

305 366 506 421 Confnt.
539 367 757 416 XXXIII.
833 362 974 431 Quod
999 364 1264 432 ingenitum
1297 366 1497 429 dicitnr,
1554 367 1601 416 in
1634 367 1860 417 confesso
1891 374 1967 416 est
1994 366 2068 416 sui

165 454 338 505 nullam
370 451 544 502 habere
576 467 838 511 caussam,
871 448 1252 516 quandoquidem
1286 467 1427 499 unum
1453 450 1673 518 idemque
1700 459 1775 500 est
1801 449 2066 518 ingenitum

164 547 212 588 et
237 535 562 599 adorandum,
617 533 688 584 sic
718 542 767 584 ut
795 533 1091 584 adorandum
1122 532 1179 582 ab
1208 532 1520 584 adorantibus
1553 543 1856 585 secernatur.
1934 533 2069 584 Ado-

162 621 312 672 randa
341 637 485 689 porro
515 618 705 670 trinitas
737 627 838 682 est,
897 633 1019 685 quae
1052 616 1217 667 eadem
1250 625 1299 666 et
1332 617 1489 667 unitas
1517 626 1617 680 est,
1671 626 1717 667 et
1748 636 1843 669 uno
1873 618 2068 669 nomine

161 704 510 774 comprehensa
550 702 740 754 trinitas
770 701 1078 774 appellatur,
1140 710 1305 769 pater,
1360 700 1483 750 lilius
1524 709 1573 750 et
1612 701 1809 769 spiritus
1846 711 2063 753 sanctus.

162 787 302 856 Quae
343 788 531 856 quidem
565 787 689 855 quod
731 803 868 837 suum
901 794 975 835 est
1010 803 1107 835 non
1138 794 1364 852 tanquam
1403 784 1612 835 alienum
1642 785 1691 835 in
1725 786 1884 854 seipsa
1915 785 2068 836 conti-

161 882 270 935 net,
311 873 396 923 sed
433 880 760 940 congruenter
805 879 985 938 patrem
1032 868 1156 919 filius
1197 886 1295 919 non
1326 868 1540 932 creavit,
1595 869 1678 919 sed
1713 869 1898 935 genuit.
1975 869 2068 921 Hic

159 957 286 1008 enim
326 956 386 1007 ab
427 957 530 1024 ipso
569 973 761 1024 semper
800 954 1021 1022 genitore
1062 953 1296 1022 procedit,
1372 951 1512 1004 Unde
1554 953 1677 1003 filius
1722 953 1780 1003 ab
1823 953 2067 1004 existente

160 1050 293 1092 ortus
322 1049 422 1105 est,
464 1049 516 1091 ut
546 1049 592 1090 et
623 1039 819 1108 spiritus
847 1046 1074 1101 sanctuS,
1117 1037 1194 1105 qui
1225 1037 1283 1087 ab
1311 1037 1415 1106 ipso
1453 1037 1716 1106 processit3
1756 1054 1861 1087 cum
1890 1037 1937 1087 in
1971 1056 2068 1089 una

157 1134 206 1176 et
241 1125 457 1176 increata
497 1123 828 1191 singularitate
871 1121 1063 1173 trinitas
1099 1122 1200 1190 ipsa
1242 1121 1504 1185 consistat,
1561 1129 1725 1171 cetera
1754 1137 1873 1172 vero
1909 1123 2069 1172 omnia

158 1209 216 1260 ab
244 1209 412 1260 eadem
443 1208 523 1259 illa
550 1208 764 1258 trinitate
791 1224 816 1257 e
846 1206 992 1257 nihilo
1022 1214 1278 1275 procreata
1308 1205 1422 1256 sint.
1499 1203 1580 1255 Ex
1613 1222 1707 1272 quo
1733 1205 1784 1255 fit
1813 1214 1865 1255 ut
1903 1206 2068 1274 singu-

158 1293 273 1344 laris
309 1292 390 1343 illa
431 1293 622 1343 trinitas
661 1309 785 1343 unus
821 1291 883 1342 sit
922 1291 1068 1354 deuS,
1123 1299 1260 1359 pater
1302 1298 1351 1340 et
1378 1290 1502 1340 filius
1545 1298 1590 1338 et
1620 1288 1817 1357 spiritus
1847 1299 2062 1341 sanctus⁸

158 1374 298 1444 Quae
337 1395 432 1428 non
475 1377 608 1428 velut
650 1376 856 1428 alienum
898 1376 1022 1443 qnod
1062 1392 1199 1426 suum
1235 1383 1310 1425 est
1349 1374 1396 1424 in
1427 1373 1687 1442 semetipsa
1729 1373 1941 1437 obtinet,
1994 1375 2068 1424 in-

157 1470 349 1524 creata,
390 1461 632 1529 ingenita,
675 1478 769 1511 non
809 1460 1069 1523 fabricata,
1111 1458 1331 1521 trinitas,
1385 1458 1608 1526 inquam,
1652 1476 1748 1508 non
1784 1459 1938 1521 facta,
1979 1459 2064 1508 sed

160 1545 371 1610 facienS,
427 1563 522 1595 non
551 1554 803 1596 creaturae
833 1561 1008 1594 nomen
1038 1545 1086 1594 in
1116 1560 1226 1595 sese
1256 1543 1611 1611 complentem,
1667 1543 1751 1593 sed
1778 1559 2063 1611 procreans,

153 1647 281 1692 una,
324 1647 418 1680 non
446 1629 626 1698 plureS.
702 1631 751 1679 A
789 1646 880 1696 qua
924 1629 1139 1697 profecta
1174 1636 1285 1678 sunt
1312 1627 1500 1691 omnia,
1557 1643 1679 1695 quae
1711 1635 1760 1677 et
1790 1627 2068 1695 multiplicia

154 1721 296 1776 sunt,
353 1729 508 1780 neque
548 1731 653 1763 cum
689 1730 744 1763 ea
776 1722 1110 1763 numerantur.
1190 1710 1355 1779 Quare
1389 1728 1544 1779 neque
1575 1728 1877 1762 communem
1916 1728 2066 1779 quan-

155 1799 261 1848 dam
292 1806 510 1849 naturam
543 1815 648 1847 cum
675 1796 1037 1865 incomparabili
1066 1796 1278 1847 essentia
1312 1797 1599 1865 participare
1643 1796 1885 1847 dicuntur.
1959 1794 2066 1846 Ne-

153 1899 244 1950 que
272 1891 434 1933 creata
461 1881 709 1950 quaepiam
737 1889 905 1931 natura
932 1881 980 1931 in
1007 1881 1166 1932 divina
1195 1882 1276 1931 illa
1299 1880 1740 1950 comprehenditur.
1819 1877 1918 1931 Sed
1943 1881 2063 1930 haec

156 1966 369 2017 omnium
406 1966 572 2034 opifex
597 1975 698 2030 est,
754 1982 875 2033 quae
906 1983 1011 2016 cum
1046 1965 1407 2034 incomparabili
1444 1983 1499 2016 ac
1528 1964 1761 2033 singulari
1790 1964 1968 2033 patriS,
2010 1965 2063 2014 fi-

152 2050 232 2113 lii,
281 2049 573 2119 spiritusque
612 2050 766 2102 sancti
800 2058 972 2100 natura
998 2050 1046 2100 in
1079 2050 1293 2101 eiusdem
1338 2049 1638 2100 substantiae
1676 2050 2064 2100 communionem

152 2134 320 2186 venire
363 2143 627 2203 nequeunt.
705 2132 1123 2201 Quemadmodum
1158 2134 1203 2185 ei
1242 2133 1460 2202 quidem,
1520 2133 1595 2184 cui
1626 2134 1689 2184 sit
1721 2133 1942 2186 veritatis
1978 2133 2063 2183 ob-

151 2218 248 2270 lata
278 2218 516 2287 cognitio,
572 2219 822 2287 perspicue
861 2217 964 2286 ipsa
1008 2219 1238 2270 declarat.
1311 2217 1555 2269 Nimirum
1582 2219 1732 2269 solam
1762 2218 1915 2287 ipsam
1948 2218 2062 2268 ado-

150 2303 347 2354 randam
378 2320 516 2367 esse,
558 2321 654 2354 non
683 2312 955 2354 ceterarum
991 2320 1151 2354 rerum
1181 2303 1448 2371 quicpiam,
1491 2320 1596 2353 cum
1628 2303 1806 2372 etipsa
1836 2302 1941 2354 sola
1971 2319 2060 2353 suo

151 2386 198 2436 in
239 2387 434 2437 nomine
473 2387 714 2456 baptizet,
756 2396 1030 2438 ceterorum
1071 2396 1231 2437 autem
1270 2388 1314 2438 id
1354 2387 1532 2438 nullum
1574 2386 1734 2438 faciat.

290 2471 424 2522 Aetii
451 2468 608 2539 Caput
634 2474 852 2522 XXXlV.
930 2469 984 2522 Si
1027 2471 1296 2523 substantia
1335 2472 1489 2522 omnis
1533 2471 1749 2539 ingenita
1787 2480 1889 2535 est,
1946 2470 2064 2520 nihil

153 2572 179 2605 a
212 2554 498 2605 seinvicem
539 2555 626 2605 hac
658 2573 723 2606 ex
751 2565 885 2624 parte
925 2556 1177 2620 different,
1232 2557 1355 2624 quod
1390 2565 1561 2607 neutra
1599 2555 1913 2607 dominationi
1948 2554 2060 2605 sub-

152 2638 276 2689 iecta
325 2638 387 2688 sit
431 2638 647 2689 alteriuS.
739 2637 904 2706 Quare
940 2640 1131 2707 quinam
1170 2640 1394 2691 affirmari
1437 2650 1622 2709 potest,
1680 2641 1854 2691 mutari
1896 2657 2057 2701 unam,

152 2723 351 2773 alteram
385 2731 600 2786 mutare,
654 2740 759 2772 cum
789 2725 877 2773 deo
913 2723 1106 2775 minime
1145 2725 1449 2793 permittant,
1507 2734 1556 2775 ut
1590 2743 1655 2776 ex
1683 2725 1813 2776 nulla
1844 2723 2062 2776 subiecta

152 2807 421 2857 substantia
462 2808 786 2875 producatur?

292 2887 493 2941 Confut.
547 2893 764 2941 XXXIV.
854 2890 1085 2959 Quisquis
1134 2892 1388 2943 veritatem
1441 2893 1736 2962 oppugnavit
1780 2892 2055 2960 aliquando,

154 2975 338 3027 voculis
381 2975 660 3043 quibusdam
695 2976 751 3024 ad
782 2974 1086 3025 iniiciendam
1129 2976 1492 3027 admirationem
1534 2977 1776 3039 collectiS,
1835 2977 1892 3026 ad
1920 2992 2060 3027 ever-

154 3060 294 3110 tenda
335 3077 475 3110 sacra
517 3061 735 3127 dogmata
772 3060 1137 3126 impressionem
1181 3062 1340 3111 facere
1371 3062 1505 3112 visus
1538 3070 1637 3123 est,
1691 3070 1833 3127 atque
1871 3077 1898 3110 a
1931 3059 2058 3110 vitae

151 3143 344 3194 tramite
381 3145 650 3206 deducere,
710 3161 763 3193 ac
794 3142 1052 3211 perniciem
1088 3144 1297 3194 adferre.
1376 3143 1516 3211 Quod
1552 3145 1726 3196 Ae'tius
1755 3144 1895 3194 modo
1924 3142 2056 3205 facit,

155 3227 364 3295 quicum
395 3227 484 3278 hoc
517 3228 566 3278 in
599 3227 752 3296 capite
788 3227 900 3277 nihil
943 3226 1137 3276 omnino
1179 3228 1329 3291 dicat,
1387 3229 1659 3280 rudioribus
1701 3237 1859 3278 tamen
1900 3229 2057 3278 fucum

156 3312 347 3370 facere,
391 3329 446 3361 ac
474 3320 659 3363 terrere
690 3312 909 3374 videtur,
953 3311 1120 3361 eadem
1155 3312 1211 3361 ad
1243 3313 1480 3363 fastidium
1513 3330 1665 3379 usque
1693 3318 1947 3379 repetens,
2002 3329 2059 3362 ac

152 3394 437 3445 vocabulum
472 3396 613 3459 illud,
656 3397 779 3464 quod
807 3394 1066 3446 identidem
1096 3413 1475 3446 commemorare
1507 3397 1658 3458 solet,
1702 3395 1792 3445 hoc
1817 3395 1924 3445 loco
1950 3412 2059 3464 per-

153 3496 315 3547 peram
357 3496 613 3547 usurpans.
710 3478 862 3548 lgitur
908 3496 1002 3528 non
1053 3478 1320 3529 substantia
1369 3480 1524 3529 omnis
1568 3479 1835 3547 sapientum
1881 3479 2056 3531 iudicio

155 3571 381 3613 censetur
405 3563 646 3630 ingenita,
703 3563 876 3631 alioqui
918 3562 1045 3613 nulla
1077 3580 1170 3612 non
1202 3562 1362 3614 divina
1392 3571 1704 3614 statueretur.
1784 3560 1905 3615 Cum
1938 3581 2056 3631 ergo

209 3703 248 3742 2.
279 3698 457 3755 ιῖφιστᾶν
486 3717 618 3754 supra.
1135 3701 1320 3756 λογοίτο,
1363 3705 1447 3745 cod.
1486 3706 1563 3749 len.
1599 3709 1633 3745 ct
1661 3706 1719 3746 ed,
1754 3708 1879 3756 princ.
1920 3705 2057 3749 θεολο-

210 3758 248 3799 3.
279 3760 344 3800 Sie
367 3760 485 3798 edidit
508 3765 636 3802 Petav,
682 3762 775 3801 Cod.
805 3761 962 3814 Rhediy.
988 3759 1078 3801 ᾓεο-
1134 3764 1256 3813 γεῖτο.
