2508 4134
490 268 590 321 636
1057 277 1329 320 ADDENDA
1358 278 1433 321 ET
1465 278 1838 321 conmeENnA.

484 376 675 431 ἐκλήῦη,
707 390 788 418 om.
818 378 921 419 Ven.
954 400 1005 408 —
1066 377 1095 418 1.
1115 377 1154 421 7.
1184 375 1225 420 ἐν
1250 372 1403 436 κόσμῳ
1431 373 1803 435 ἀναστρεφομένων
1829 372 2054 431 ἐπιστύῴει
2074 379 2178 421 Ven.
2207 403 2263 412 —
2288 376 2408 422 11.8.

483 449 656 502 Repone
687 445 735 491 τὸ
767 449 901 491 λεῖπον
939 446 1296 503 ἐπιδιορθώσηται
1336 465 1386 490 ex
1425 451 1603 491 Veneto.
1660 450 1769 491 Nam
1804 447 1941 492 λοιπὸν
1984 450 2176 491 mendum
2205 458 2270 491 est
2295 449 2410 506 quod

481 518 649 574 irrepsit
685 518 725 559 in
755 518 819 558 ed.
846 519 986 558 Petav.
1029 518 1175 560 Colon.
1205 543 1256 551 —-
1318 520 1346 564 l.
1365 520 1406 564 9.
1443 519 1497 564 τὰ
1528 518 1722 575 στόματα
1758 521 1842 563 τῶν
1873 517 1982 562 κατὰ
2010 519 2083 562 τοῦ
2107 517 2238 575 νόμου
2264 519 2409 574 κυρίου

482 591 587 630 Ven.
617 613 671 620 —
731 588 833 629 lbid.
877 583 1007 637 αύτός
1047 586 1149 638 θεός
1173 588 1263 634 ἐστι
1290 605 1328 634 σ.
1354 606 1396 634 π.
1424 590 1497 634 καὶ
1524 588 1634 646 οἷγίῳ
1658 605 1720 633 πν.
1750 587 1878 633 αύτοῦ
1907 589 2011 631 Ven.
2041 613 2098 623 —--
2152 591 2179 631 1.
2209 591 2272 633 12.
2305 589 2410 634 οἶνον

484 659 545 710 εἰς
568 656 800 716 εύφρασίαν
824 661 930 701 Ven.
955 683 1005 690 -
1068 659 1096 700 l.
1121 661 1182 702 13.
1213 659 1518 717 διηγησάμεθα
1535 663 1639 702 Ven.
1662 685 1718 692 --
1746 660 1774 701 l.
1796 658 1859 702 14.
1906 661 2113 716 διέδραμα
2136 661 2240 703 Ven.
2284 661 2413 703 Paulo

482 739 580 786 post
606 731 648 771 in
678 730 822 771 eadem
855 729 965 771 linea
998 730 1157 785 corrige
1199 730 1306 786 μετὰ
1344 730 1421 786 τὴν
1446 729 1596 789 ἀρχὴν.
1655 730 1814 772 Eodem
1853 729 1956 772 vitio
1984 731 2147 773 laborat
2176 731 2241 773 ed.
2267 734 2410 773 Petav.

486 801 630 842 Colon.
660 824 717 832 —
773 801 800 842 l.
831 801 895 844 17.
927 800 1000 844 καὶ
1027 800 1288 859 πανταχόὲεν
1315 802 1484 846 διέπεσε
1506 800 1662 846 τούτων
1687 800 2001 856 πεπλανημένος
2023 799 2193 858 δ’λόγος
2221 804 2325 846 Ven.
2359 826 2412 835 —

483 871 510 912 l.
535 871 600 914 19.
634 868 736 926 μηδ’
761 867 960 926 ὁποτέρου
981 873 1064 915 τῶν
1092 868 1399 928 εύαγγελιστῶν
1427 868 1624 917 άντίῦετα
1646 869 1753 926 πρὸς
1780 869 1852 915 τὸν
1879 871 2016 927 ἔτερον
2043 871 2206 930 ἔχοντος
2229 874 2333 915 Ven.
2360 897 2413 905 -

483 942 592 985 l.20.
622 939 671 995 ἆ,
702 950 800 983 ante
823 943 1016 993 Λουκᾶς,
1061 957 1142 983 om.
1175 945 1278 984 Ven.
1309 967 1362 974 ——
1420 943 1447 984 l.
1471 943 1539 985 23.
1569 939 1648 986 ύπὸ
1681 943 1755 985 τοῦ
1781 942 1922 997 κυρίου
1949 944 2053 984 ven.
2084 967 2138 975 -
2194 943 2224 985 1.
2248 944 2316 986 25.
2345 943 2413 988 νό-

485 1029 564 1069 μου
591 1010 854 1068 αἱρισάμενον
879 1015 982 1055 Ven.
1015 1038 1066 1044 -
1125 1014 1152 1055 1.
1171 1013 1238 1056 23.
1267 1011 1406 1070 Δήῴῃ
1439 1013 1576 1070 ἑαυτῷ
1600 1015 1704 1054 Ven.
1738 1038 1787 1044 —
1849 1013 1876 1054 l.
1898 1012 1938 1055 9.
1966 1013 2017 1054 ab
2045 1012 2122 1057 inf.
2151 1015 2206 1071 τῇ
2234 1011 2274 1059 δ’
2298 1011 2413 1069 ήμέ-

485 1099 538 1141 ρᾳ
565 1086 665 1125 Ven.
699 1109 747 1115 -
810 1084 836 1125 l.
856 1086 895 1127 8.
924 1085 976 1126 ab
1002 1084 1079 1126 inf.
1109 1083 1184 1128 καὶ
1206 1081 1394 1142 ἑβδόμην
1415 1081 1579 1140 ἡμέραν
1602 1077 1786 1140 ποιήσῃς
1814 1080 1936 1138 οἱγίαν
1964 1083 2133 1139 (desunt
2157 1084 2283 1127 verba
2308 1082 2413 1142 00?ss-

488 1158 610 1211 βατον
651 1151 815 1210 ἡμέραν
854 1152 995 1211 οἱγίαν)
1035 1157 1139 1196 Ven.
1171 1180 1224 1187 -
1282 1155 1311 1198 l.
1330 1155 1369 1199 7.
1397 1163 1440 1195 et
1465 1154 1506 1197 6.
1537 1154 1588 1195 ab
1619 1154 1695 1195 inf.
1739 1152 1845 1209 μετοὶ
1876 1152 1924 1198 τὸ
1953 1155 2116 1210 πρῶτον
2151 1153 2359 1214 σάββατον
2383 1153 2416 1213 ή

483 1223 655 1280 τοιαύτη
684 1222 786 1281 οἱγία
811 1226 884 1269 τοῦ
912 1220 1129 1281 προφήτου
1159 1224 1237 1282 ήμ.
1270 1227 1373 1266 Ven.
1407 1249 1459 1256 -
1519 1226 1609 1267 1.5.
1638 1226 1811 1280 Repone
1839 1240 1886 1268 τε
1915 1224 2161 1280 particulam
2193 1235 2289 1268 ante
2314 1230 2414 1272 δευ-

484 1296 599 1354 τέρᾳ.
633 1321 689 1329 -
746 1297 852 1338 lbid.
885 1292 963 1340 κᾶν
987 1312 1034 1340 τε
1057 1296 1177 1353 τρίτῃ
1206 1295 1432 1354 σαββάτων
1459 1294 1706 1353 καταντήσῃ
1734 1298 1838 1337 Ven.
1870 1319 1923 1327 —-
1980 1296 2011 1337 l.
2030 1296 2069 1338 3.
2093 1297 2144 1338 ab
2172 1297 2248 1339 inf.
2276 1297 2418 1354 περιό-

486 1371 559 1412 δου
599 1366 746 1424 χρόνου
786 1366 981 1410 ἐνιαυτῶν
1005 1369 1110 1408 Ven.
1142 1392 1196 1399 —-
1254 1367 1282 1409 1.
1312 1368 1389 1409 ult.
1432 1364 1481 1421 ὅ,
1523 1375 1618 1409 ante
1647 1367 1841 1422 Λουκᾶς,
1883 1381 1964 1408 om.
1994 1367 2129 1418 ven„
2169 1368 2239 1424 qui
2254 1368 2418 1410 (ibidem

486 1438 612 1480 etiam
643 1433 796 1487 Οὕτως
828 1453 903 1493 pro
936 1433 1077 1481 Οὕτω.

598 1511 732 1567 Pag.
758 1509 885 1553 104.
942 1509 968 1549 l.
994 1511 1028 1550 1.
1072 1506 1322 1566 oiptfim-‹icmg
1348 1509 1486 1567 ἑαυτῷ
1516 1510 1618 1551 Ven.
1650 1534 1698 1540 -
1761 1509 1788 1550 l.
1808 1510 1848 1551 2.
1890 1507 2082 1563 ποιήσεις
2104 1509 2232 1552 habet
2254 1518 2420 1566 praeter

487 1580 663 1635 Rhedig.
706 1580 830 1620 etiam
870 1581 962 1620 Bas.
1020 1581 1166 1621 Scribo
1206 1595 1316 1621 nunc
1351 1576 1631 1636 Ἀριῦμήσεις
1670 1605 1713 1611 -
1760 1577 1964 1635 ποιήσεις.
1999 1605 2047 1612 -
2118 1581 2222 1622 lbid.
2262 1581 2418 1637 κυρίου,

489 1649 593 1706 σήμ.
618 1653 720 1691 Ven.
753 1675 806 1681 —
867 1650 893 1691 l.
917 1650 956 1692 8.
994 1649 1073 1700 τὰς
1106 1649 1148 1706 μ’
1177 1649 1343 1707 ήμέρας
1378 1653 1480 1693 Ven.
1512 1675 1570 1683 —-
1626 1652 1654 1692 l.
1684 1652 1746 1693 10.
1791 1648 1964 1708 δράχμα
1992 1652 2109 1702 Bas„
2153 1651 2216 1693 uti
2239 1651 2321 1693 iam
2345 1660 2418 1693 οἰκ-

486 1737 575 1777 pra.
606 1745 661 1752 —-
718 1721 831 1762 1.11.
862 1718 893 1776 ή
920 1717 1089 1779 ἀγκάλῃ
1117 1718 1428 1777 οἷγκαλισὲεῖσα
1468 1724 1571 1764 ven.
1608 1746 1664 1753 —
1721 1721 1749 1762 l.
1777 1721 1839 1763 13.
1883 1719 1963 1777 γὰρ
1991 1719 2132 1777 κύριος
2159 1718 2421 1778 ἀποθνήσκει

486 1794 590 1834 Ven.
621 1816 675 1824 --
732 1794 760 1834 l.
786 1796 848 1836 15.
880 1792 902 1839 ὁ
929 1792 1055 1850 νόμος
1082 1793 1218 1834 firmat
1244 1808 1353 1834 nune
1378 1794 1482 1835 Ven.
1507 1817 1562 1824 —
1618 1793 1647 1834 l.
1671 1792 1733 1835 16.
1768 1790 2026 1849 σαφήνειαν,
2057 1792 2179 1838 δέδια
2208 1793 2321 1849 (cod.
2353 1793 2422 1838 δέ·

487 1863 601 1919 δεῐα)
630 1861 679 1907 δὲ
708 1863 756 1908 τὸ
789 1864 865 1921 μὴ.
925 1866 1048 1906 Unde
1081 1864 1349 1919 corrigendus
1387 1873 1450 1905 est
1484 1863 1552 1906 hic
1589 1864 1714 1921 locus.
1774 1866 1820 1905 In
1848 1866 1938 1906 Bas.
1965 1873 2062 1905 ante
2097 1862 2169 1909 διὰ
2202 1864 2420 1906 asteriscus

487 1935 751 1991 conspicitur.
783 1960 831 1967 -
894 1936 922 1977 l.
945 1936 1009 1980 17.
1041 1934 1112 1980 Διὸ
1143 1951 1224 1978 om.
1251 1938 1353 1977 Ven-
1389 1960 1439 1966 —
1508 1935 1534 1975 l.
1563 1935 1626 1979 18.
1671 1934 1769 1988 καὶ,
1809 1944 1906 1990 post
1945 1932 2160 1992 σταχύων,
2206 1949 2289 1976 om.
2311 1936 2417 1977 Ven.

488 2030 541 2037 -—
570 2006 598 2047 l.
625 2006 688 2049 19.
722 2008 892 2062 Repone
918 2022 968 2048 ex
996 2009 1102 2049 ven.
1127 2005 1235 2062 μετὰ
1258 2005 1329 2051 τὸν
1355 2007 1452 2050 τῶν.
1478 2031 1533 2037 -
1590 2007 1618 2047 l.
1636 2006 1702 2048 22.
1735 2003 1794 2061 μή
1822 2006 1883 2061 πῆ
1913 2008 2015 2048 Ven.
2048 2030 2103 2038 —-
2161 2005 2188 2046 l.
2205 2003 2272 2048 24.
2304 2005 2418 2060 εἴπερ

487 2092 564 2133 pro
588 2072 698 2133 ἥπερ
720 2078 848 2119 habet
878 2080 967 2120 Bas.
997 2103 1054 2110 —
1111 2079 1139 2119 l.
1157 2079 1224 2120 25.
1269 2076 1542 2134 χλευάζοντες
1569 2073 1725 2126 οὕτως,
1770 2075 1827 2119 Τί
1851 2077 1955 2118 ven.
1990 2100 2041 2107 —-
2098 2076 2126 2118 1.
2146 2076 2212 2120 27.
2244 2077 2418 2132 Repone

489 2145 683 2204 ὠφέλιμα
716 2146 770 2192 τοὶ
807 2151 981 2194 τοιαῦτα
1011 2165 1061 2191 ex
1087 2152 1190 2193 Ven.
1208 2180 1219 2200 ‚
1262 2149 1306 2190 in
1334 2163 1416 2204 quo
1442 2146 1662 2204 ὠφέλειμα
1689 2163 1727 2190 τ.
1757 2162 1822 2199 τ.,
1867 2156 1910 2187 et
1932 2161 1982 2187 ex
2010 2148 2097 2188 Bas.
2128 2147 2196 2188 ubi
2226 2155 2419 2203 corrupte

488 2215 754 2275 ὠφελήματα
780 2223 965 2264 τοιαῦτα.
1007 2245 1060 2252 -
1129 2220 1156 2262 l.
1182 2219 1222 2264 3.
1252 2220 1407 2261 abins.
1458 2217 1794 2275 οἷπεκδεχομένην
1835 2215 1911 2273 τήν
1952 2216 2198 2273 τελειότητα
2233 2215 2310 2274 τὴν
2349 2232 2416 2261 σκ.

487 2293 592 2333 Ven.
621 2314 677 2323 -—-
734 2291 761 2333 l.
794 2293 952 2347 penult.
996 2289 1055 2340 ὠς
1084 2291 1276 2346 σκίασμα
1319 2288 1516 2346 σώματος
1545 2292 1646 2332 ven.
1676 2312 1732 2320 -
1789 2289 1815 2330 l.
1848 2289 1922 2330 ult.
1965 2287 2073 2344 γὰρ,
2117 2296 2213 2344 post
2254 2286 2418 2342 ἐπειδὴ,

492 2380 572 2408 om.
603 2367 706 2406 Ven.

601 2437 734 2494 Pag.
763 2436 892 2480 106.
947 2434 975 2475 l.
1005 2434 1040 2476 l.
1074 2431 1123 2486 ὁ,
1155 2440 1252 2474 ante
1282 2431 1408 2487 ἓεός,
1452 2446 1532 2473 om.
1567 2433 1671 2472 Ven.
1701 2455 1755 2462 —
1813 2431 1842 2472 l.
1867 2432 1892 2472 5
1924 2438 1966 2471 et
1992 2430 2034 2474 6.
2066 2428 2228 2487 χαλκάς
2255 2454 2311 2462 -
2338 2426 2420 2484 α’ρ-

488 2505 620 2562 γυράς
643 2509 747 2548 Ven.
775 2514 818 2546 et
849 2507 937 2545 Bas.
967 2528 1022 2537 —
1079 2504 1108 2545 1.
1138 2503 1177 2546 6.
1212 2500 1498 2559 πνευματικὰς
1519 2501 1740 2560 νοήσωμεν
1766 2499 1837 2546 ἀπ’
1869 2496 2043 2556 ούρανοῦ
2076 2503 2180 2542 ven.
2211 2525 2266 2533 —-
2322 2501 2349 2542 1.
2377 2501 2416 2543 7.

492 2578 660 2632 Corrige
682 2573 779 2625 εΩς.
814 2600 864 2607 -
922 2576 949 2616 l.
981 2576 1021 2617 8.
1053 2576 1294 2618 σαλπιοῦσιν
1318 2577 1426 2617 Ven.
1462 2599 1517 2606 —
1574 2575 1602 2615 l.
1634 2575 1695 2616 12.
1730 2565 1766 2616 ὦ
1794 2564 1907 2616 οὗτοι
1929 2586 2010 2613 om.
2040 2575 2144 2614 Ven.
2205 2572 2319 2613 Idem
2343 2586 2420 2628 pro

490 2647 679 2704 άγγέλων
702 2648 829 2688 habet
853 2643 1120 2701 εὐαγγελίων.
1153 2670 1205 2676 -
1264 2646 1291 2687 l.
1322 2644 1388 2688 14.
1419 2644 1725 2702 Καταβήσεται
1749 2642 1830 2699 γὰρ
1870 2643 2046 2700 (omisso
2083 2644 2231 2700 φησὶν)
2278 2641 2422 2699 κύριος

490 2715 561 2763 ἀπ’
602 2715 775 2773 ούρανοῦ
818 2720 921 2759 ven.
956 2742 1008 2747 ——
1080 2717 1108 2757 l.
1143 2717 1206 2760 16.
1250 2716 1382 2760 τοίνυν
1422 2717 1495 2760 τοῦ
1529 2715 1703 2760 Παύλου
1745 2718 1844 2756 Ven.
1880 2741 1928 2747 —
1989 2716 2017 2757 l.
2049 2715 2111 2759 17.
2155 2712 2422 2759 ἀπολείπεται

490 2786 693 2845 ἀπολογία
716 2792 820 2830 Ven.
849 2813 903 2820 —
932 2788 959 2829 1.
987 2789 1054 2829 20.
1087 2787 1127 2831 ἐν
1154 2785 1265 2845 αύτῇ
1290 2790 1344 2846 τῇ
1366 2785 1656 2841 Ἀποκαλύψει
1678 2789 1783 2829 Ven.
1811 2811 1865 2819 —
1922 2787 1951 2828 l.
1978 2787 2046 2829 23.
2077 2789 2138 2844 τῷ
2163 2785 2205 2830 ἐν
2233 2785 2420 2840 Θυατίρι.

489 2862 600 2910 Πῶς
625 2852 694 2904 οὖν
721 2860 900 2916 ἔγραφον
929 2860 985 2917 τῇ
1015 2857 1073 2914 μή
1103 2855 1209 2915 οὔσῃ
1230 2891 1240 2910 ,
1273 2855 1369 2903 Ούκ
1399 2858 1457 2902 ἔνι
1479 2861 1549 2902 νῦν
1575 2857 1689 2901 ἐκκλ.
1719 2857 1780 2907 εἰς
1803 2855 2025 2913 Θυάτιραν,
2058 2854 2294 2902 δεικνύουσι
2317 2870 2420 2911 προ-

489 2931 792 2989 πεφυτευκέναι
820 2934 925 2973 Ven.
955 2953 1010 2962 --
1039 2931 1065 2971 l.
1093 2931 1160 2973 27.
1191 2931 1364 2985 Repone
1388 2930 1461 2973 καὶ
1490 2929 1734 2985 particulam
1764 2938 1860 2970 ante
1890 2929 2012 2984 δίκην
2039 2927 2187 2972 λύκων.
2221 2951 2277 2959 -
2305 2927 2333 2967 l.
2350 2925 2420 2968 29.

490 3001 774 3056 Ἀποκάλυῲιν
815 3000 923 3047 κατὰ
950 3003 1021 3045 τοῦ
1059 3000 1182 3056 λόγου
1206 3017 1242 3044 τ.
1272 3001 1332 3051 εἰς
1367 2998 1508 3056 οἷνατρ.
1537 2996 1630 3044 κατ’
1659 2999 1792 3043 έκεῖνο
1820 3000 1901 3055 (sic
1927 2998 2248 3052 restituendum)
2275 2999 2418 3051 καιροῦ

492 3078 597 3116 Ven.
630 3098 686 3106 -
743 3074 772 3115 l.
803 3075 871 3117 31.
918 3071 989 3117 διὰ
1025 3071 1095 3116 τὸν
1128 3070 1313 3127 Χριστὸν
1358 3074 1462 3112 Ven.
1502 3094 1558 3103 --
1628 3071 1731 3112 lbid.
1771 3069 1878 3127 μετὰ
1917 3070 2062 3127 χρόνον
2102 3067 2180 3126 ριβ’
2221 3070 2337 3109 Ven„
2365 3091 2423 3099 —

492 3146 520 3187 l.
549 3143 588 3188 4.
620 3146 672 3187 ab
696 3146 773 3187 inf.
799 3139 961 3199 ἤμελλε
987 3146 1092 3184 Ven.
1123 3167 1175 3174 —
1234 3144 1262 3183 l.
1287 3143 1446 3198 penult.
1479 3144 1652 3197 Repone
1682 3157 1732 3182 ex
1759 3143 1860 3185 Ven.
1885 3139 1991 3196 μετά
2014 3139 2089 3195 τὴν
2113 3139 2186 3183 τοῦ
2214 3139 2421 3194 σωτῆρος.

605 3218 737 3274 Pag.
758 3216 887 3261 108,
943 3215 968 3255 l.
994 3215 1034 3256 2.
1068 3215 1229 3255 Plenius
1269 3216 1372 3255 ven.
1404 3211 1545 3269 κύριος
1582 3212 1623 3257 ἐν
1663 3214 1719 3270 τῇ
1757 3209 2047 3265 Ἀποκαλύῲει
2076 3210 2232 3265 λέγων,
2275 3209 2354 3264 Γρ.
2383 3224 2421 3252 τ.

492 3284 661 3345 άγγέλῳ
687 3288 749 3343 τῷ
775 3288 867 3341 τῆς.
901 3310 951 3317 -
1010 3286 1035 3326 l.
1059 3286 1097 3328 3.
1131 3282 1378 3341 ὀφθαλμούς
1409 3279 1537 3328 αὐτοῦ
1562 3282 1623 3334 οἷς
1645 3285 1750 3325 Ven.
1785 3308 1835 3315 --
1894 3284 1920 3327 l.
1949 3281 1989 3326 4.
2020 3278 2114 3325 οἶδά
2142 3294 2214 3323 σου
2238 3278 2292 3324 τὰ
2319 3279 2423 3336 ἔργα

494 3358 567 3402 καὶ
603 3356 682 3412 τήν
723 3358 859 3401 πίστιν
898 3359 1001 3398 ven.
1035 3380 1090 3387 —
1146 3357 1174 3397 l.
1200 3359 1239 3399 ὅ.
1272 3357 1407 3397 Verba
1448 3355 1521 3399 καὶ
1559 3352 1606 3399 ού
1646 3355 1761 3399 ἓέλει
1801 3354 2056 3410 μετανοῆσαι
2094 3366 2175 3392 om.
2215 3354 2320 3393 Ven.
2369 3375 2423 3383 —

495 3430 522 3471 l.
554 3431 616 3472 10.
647 3425 896 3473 άπατουσῶν
919 3431 1010 3470 Bas.
1040 3425 1287 3472 άπατουσων
1313 3430 1419 3468 Ven.
1453 3452 1504 3458 —
1564 3427 1591 3467 l.
1624 3428 1685 3469 11.
1721 3426 1794 3469 καὶ
1818 3423 2083 3478 Μαξιμίλλας
2107 3423 2225 3463 deest
2247 3422 2290 3463 in
2313 3425 2420 3465 Ven.

498 3500 609 3540 Idem
643 3500 743 3541 ibid.
778 3500 917 3555 pergit
946 3500 1070 3555 paulo
1098 3508 1195 3555 post
1225 3491 1282 3542 ὦν
1311 3495 1342 3552 τί
1369 3495 1511 3552 ἀπάτη
1541 3493 1589 3541 ού
1620 3497 1773 3552 λέληθε
1795 3494 1841 3539 τὸ
1871 3509 1934 3538 πν.
1962 3492 2008 3537 τὸ
2042 3488 2171 3548 ἅγιον.
2205 3518 2255 3524 -
2300 3495 2330 3535 l.
2354 3493 2418 3537 13.

496 3571 538 3614 ἐν
562 3572 626 3628 τῷ
658 3569 837 3626 στόματι
861 3572 933 3614 τοῦ
968 3570 1090 3626 οἱγίου
1127 3567 1321 3613 Ἰωάννου
1349 3567 1427 3624 πρὸ
1461 3568 1705 3624 κοιμήσεως
1733 3564 1860 3610 αὐτοῦ
1895 3563 2262 3619 προφητεύσαντος
2291 3563 2333 3609 ἐν
2355 3579 2420 3622 χρ.

496 3643 601 3683 Ven.
629 3665 687 3672 —
742 3643 770 3682 l.
812 3644 868 3683 15.
900 3642 1118 3696 Καίσαρος
1155 3640 1228 3684 καὶ
1264 3638 1466 3684 ἀνωτάτω
1494 3643 1597 3680 Ven.
1627 3663 1682 3671 —
1727 3636 1830 3678 lbid.
1857 3631 2040 3690 ὑπῆρχεν
2067 3637 2171 3677 Ven.
2204 3659 2254 3668 -
2296 3636 2326 3677 1.
2360 3636 2419 3679 16.

499 3712 718 3766 Θυατίροις
755 3715 858 3756 Ven.
892 3737 944 3743 -
1002 3713 1030 3753 l.
1068 3713 1132 3755 17.
1166 3708 1249 3766 ἄρα
1287 3703 1356 3755 οὖν
1397 3713 1499 3751 Ven.
1533 3735 1583 3742 -
1642 3707 1745 3750 lbid.
1788 3702 1880 3749 κατ’
1922 3704 2053 3748 ἐκεῖνο
2092 3707 2237 3761 καιροῦ
2277 3708 2420 3750 πεπολ.

499 3783 604 3822 Ven.
634 3807 683 3812 -—
716 3783 741 3822 l.
774 3785 835 3825 18.
869 3782 1038 3837 ἔμελλεν
1062 3785 1163 3824 ven.
1192 3807 1239 3813 —
1272 3783 1299 3823 l.
1325 3782 1393 3823 22.
1426 3781 1477 3829 οἱ,
1509 3789 1607 3821 ante
1635 3774 1768 3830 αὐτοὶ,
1800 3791 1882 3817 om.
1912 3777 2015 3816 Ven.
2050 3800 2097 3807 --
2160 3777 2188 3817 1.
2210 3777 2278 3820 23.
2307 3776 2419 3832 φημὶ

500 3850 548 3896 δὲ
570 3852 642 3896 τοῦ
672 3849 800 3896 αὐτοῦ
822 3848 1019 3897 Ἰωάννου
1045 3855 1146 3894 Veu.
1198 3878 1232 3885 -
1289 3853 1317 3894 l.
1349 3848 1418 3893 24.
1449 3848 1558 3909 τάχα
1585 3847 1664 3904 γὰρ
1692 3847 1766 3890 καὶ
1790 3849 1891 3889 ven.
1922 3871 1976 3878 —
2033 3847 2060 3888 l.
2088 3848 2155 3890 25.
2189 3847 2325 3890 Verba
2349 3847 2423 3891 καὶ
