2508 4134
825 279 1357 321 ANACEPHALAEosm.
1936 271 2035 321 565

141 376 312 428 infusis
353 376 401 426 in
445 377 646 428 salutem
691 386 942 439 asserunt,
1002 395 1189 445 unaque
1239 395 1384 429 voces
1426 378 1652 446 quasdam
1689 376 1959 428 Hebraicas
1987 378 2037 429 in

141 459 244 510 eius
279 459 356 526 qui
395 461 617 528 expiatur
653 471 793 529 caput
829 461 1154 512 insusurrant.

278 539 503 611 Ophitae.
583 543 645 594 Hi
669 553 940 612 serpentem
968 553 1263 595 venerantur
1286 562 1340 594 ae
1365 546 1661 614 praedicant,
1693 562 1896 613 eumque
1924 562 2034 598 esse

138 623 383 678 Christum
422 637 664 680 asserunt.
742 626 817 680 Ob
854 629 898 678 id
938 628 985 678 in
1025 627 1143 678 cista
1184 638 1460 695 serpentem
1499 640 1775 680 asservant.

275 707 465 761 Caiani.
545 711 772 763 Veterem
802 712 985 780 legem,
1029 720 1077 761 et
1106 729 1211 761 eum
1244 711 1321 779 qui
1352 705 1479 763 illius
1511 713 1632 780 legis
1665 722 1880 781 tempore
1903 714 2038 766 locu-

137 804 212 846 tus
242 804 315 846 est
339 796 607 863 repudiant.
684 795 1111 847 Resurrectionem
1144 796 1303 846 carnis
1334 795 1592 862 abnegant.
1667 793 1870 847 Cai‘num
1906 814 2037 848 com-

136 880 388 943 mendant,
441 899 578 948 quem
625 879 991 949 praestantioris
1037 879 1282 929 cuiusdam
1317 879 1508 928 virtutis
1549 880 1694 930 fuisse
1736 881 2032 948 praedicant.

135 961 232 1015 Sed
261 972 308 1012 et
338 961 500 1014 ludam
533 964 707 1015 divinis
741 963 1000 1015 honoribus
1030 962 1267 1027 afficiunt,
1309 980 1398 1013 nec
1428 981 1521 1013 non
1556 972 1604 1013 et
1632 961 1790 1027 Core,
1845 963 2034 1016 Dathan

141 1056 191 1096 et
229 1047 444 1110 Abiron,
486 1066 539 1099 ac
580 1046 876 1100 Sodomitas.

273 1129 511 1182 Sethiani.
589 1131 651 1182 Hi
685 1130 884 1183 Sethum
918 1130 1135 1182 laudibus
1181 1130 1404 1181 efferunt.
1484 1128 1638 1197 Quem
1681 1148 1745 1182 ex
1782 1149 2035 1201 supremae

135 1215 346 1282 parentis
375 1216 668 1284 poenitentia
702 1225 1003 1285 procreatum
1047 1223 1238 1284 putant,
1298 1233 1402 1265 cum
1424 1254 1436 1278 ,
1494 1212 1652 1266 Caino
1680 1214 1931 1283 Abeloque
1963 1218 2035 1267 in-

134 1300 380 1364 terfectis,
423 1318 687 1368 congressa
717 1301 955 1351 sinceram
987 1300 1213 1368 stirpem,
1270 1299 1494 1349 videlicet
1528 1298 1758 1362 Sethnm,
1818 1301 2031 1368 protulit,

134 1401 160 1434 a
189 1402 281 1451 quo
319 1384 596 1435 universum
642 1402 793 1452 genus
836 1384 1075 1435 hominum
1121 1383 1348 1433 manavit.
1425 1381 1682 1435 Postremo
1722 1384 1952 1453 principia
1987 1394 2036 1436 et

134 1477 424 1535 potestateS‚
468 1478 724 1536 ceteraque
762 1478 813 1518 ut
849 1469 927 1520 alii
966 1468 1124 1519 omnia
1163 1476 1398 1519 statuunt.

271 1635 572 1688 Archontici.
650 1635 819 1688 Plures
844 1636 922 1687 isti
950 1637 1004 1686 ad
1031 1635 1272 1704 principes
1300 1636 1524 1687 universa
1554 1636 1844 1698 referentes,
1888 1653 2033 1703 quae-

137 1738 340 1788 cumque
381 1722 508 1772 facta
549 1730 661 1771 sunt
697 1721 753 1771 ab
796 1721 888 1771 illis
928 1729 1032 1771 orta
1075 1721 1323 1770 definiunt.
1399 1719 1594 1770 Habent
1637 1728 1683 1770 et
1725 1720 2032 1772 foedissimae

133 1805 366 1872 quoddam
406 1805 614 1856 libidinis
647 1822 816 1872 genus.
896 1802 1072 1857 Carnis
1104 1804 1509 1855 resurrectionem
1550 1813 1799 1872 respuunt.
1877 1803 2032 1856 Vetus

133 1897 466 1940 testamentum
498 1889 791 1940 calumniose
824 1890 1063 1940 reiiciunt.
1143 1886 1445 1957 Quamquam
1472 1898 1521 1939 et
1553 1889 1669 1952 hoc,
1723 1898 1771 1938 et
1799 1907 1924 1939 novo
1958 1888 2033 1939 in-

131 1989 275 2039 super
311 1991 647 2041 nonnunquam
690 1982 913 2035 utantur,
968 1990 1031 2023 ex
1073 1973 1244 2040 quibus
1288 1973 1504 2041 singulas
1544 1974 1740 2023 voculas
1773 1973 1941 2023 callide
1971 1973 2031 2024 ad

127 2065 332 2107 mentem
371 2074 506 2107 suam
545 2057 927 2107 accommodant..

266 2138 589 2203 Cerdoniani,
630 2158 655 2190 a
685 2138 940 2204 Cerdone,
984 2141 1060 2208 qui
1090 2158 1228 2208 quem
1256 2140 1313 2191 ab
1341 2139 1645 2192 Heracleone
1669 2158 1885 2191 errorem
1914 2141 2029 2192 hau-

126 2234 286 2289 serat,
342 2225 480 2277 novis
524 2225 732 2277 inventis
771 2226 988 2275 adauxit.
1065 2224 1140 2275 Ac
1175 2242 1280 2275 cum
1309 2223 1513 2275 Romam
1548 2243 1573 2275 e
1606 2223 1751 2294 Syria
1782 2227 2026 2294 profectus

125 2319 281 2374 esset,
335 2309 515 2378 Hygini
556 2327 706 2378 papae
751 2309 1045 2378 temporibus
1089 2326 1173 2360 sua
1213 2310 1435 2376 dogmata
1479 2309 1828 2360 disseminavit.
1914 2308 2026 2361 Duo

125 2413 267 2462 porro
316 2393 545 2462 principia
587 2394 829 2445 contraria
878 2393 1083 2444 invicem
1127 2395 1345 2444 affirmat.
1420 2392 1585 2461 Negat
1627 2391 1872 2445 Christum
1915 2411 2027 2446 esse

123 2479 354 2547 genitum.
431 2475 733 2528 Mortuorum
778 2478 1121 2528 excitationem
1162 2495 1265 2527 cum
1305 2486 1472 2528 vetere
1515 2485 1804 2528 testamento
1843 2478 2021 2530 reiicit.

260 2644 628 2697 Marcionistae.
705 2644 893 2696 Marcio
919 2646 1147 2696 oriundus
1179 2663 1242 2696 ex
1269 2644 1428 2696 Ponto
1458 2645 1681 2712 episcopo
1718 2655 1853 2714 patre
1882 2656 2022 2698 natus

125 2740 218 2781 est.
295 2731 339 2780 A
369 2747 462 2796 quo
491 2730 550 2779 ob
576 2729 776 2797 virginis
801 2739 1013 2798 stuprum
1047 2731 1229 2781 eiectus
1258 2748 1319 2780 ex
1350 2730 1554 2780 ecclesia
1582 2729 1785 2781 Romam
1817 2732 2021 2799 aufugit.

125 2812 216 2865 Ubi
249 2831 354 2863 cum
383 2814 440 2863 ab
470 2813 530 2864 iis
559 2814 636 2881 qui
667 2822 762 2863 tum
794 2814 1026 2864 ecclesiae
1070 2822 1325 2882 praeerant
1351 2814 1692 2883 poenitentiam
1733 2815 1908 2865 frustra
1940 2833 2024 2883 po-

124 2898 377 2960 stulasset,
434 2898 714 2947 catholicam
761 2898 898 2947 fidem
941 2915 1215 2966 oppugnare
1253 2898 1478 2949 instituit.
1570 2897 1893 2964 Quamobrem
1932 2898 2024 2949 tria

125 3000 233 3034 esse
270 2981 499 3051 principia
536 2982 686 3043 dixit,
728 2982 933 3043 bonum,
987 2982 1161 3032 iustum
1201 2991 1247 3031 et
1273 2982 1464 3033 malum.
1541 2981 1734 3032 Novum
1765 2990 2025 3032 testamen-

124 3076 220 3117 tum
254 3084 279 3116 a
313 3074 481 3117 vetere
511 3065 819 3132 eiusdemque
856 3074 1052 3115 auctore
1094 3066 1301 3115 alienum
1344 3083 1453 3117 esse
1488 3066 1664 3116 docuit.
1744 3062 1920 3116 Carnis
1946 3083 2024 3117 re-

124 3150 488 3201 surrectionem⁴
519 3150 728 3200 sustulit.
821 3147 935 3198 Non
978 3167 1121 3200 unum
1164 3149 1399 3217 baptisma
1442 3150 1698 3211 duntaxat,
1753 3150 1835 3198 sed
1879 3150 2021 3200 etiam

124 3234 215 3285 tria
246 3243 352 3303 post
384 3234 606 3284 delictum
647 3233 878 3300 indulget.
954 3230 1052 3282 Pro
1086 3234 1286 3283 mortuis
1326 3234 1515 3283 illorum
1553 3231 1908 3283 catechumenis
1939 3234 2023 3284 ba-

125 3318 345 3386 ptismum
383 3318 462 3368 alii
504 3316 787 3384 suscipiunt.
864 3314 1151 3366 Mulieribus
1187 3318 1409 3367 conferre
1438 3316 1740 3384 ,baptismum
1781 3316 1886 3367 sine
1927 3318 2021 3369 ullo

125 3401 398 3452 discrimine
435 3400 684 3469 permittit.

262 3483 595 3536 Lucianistae.
672 3482 918 3534 Lucianus
963 3483 1033 3534 his
1067 3484 1337 3551 antiquior,
1391 3502 1485 3534 non
1521 3484 1642 3534 alter
1668 3485 1747 3535 ille
1778 3485 1855 3552 qui
1889 3482 2020 3537 Con-

122 3599 221 3637 vius.
279 3601 397 3646 Atque
419 3600 475 3636 ita
503 3599 638 3647 leyitur
666 3599 706 3635 in
730 3598 938 3636 summario
963 3598 1042 3636 Pa·
1100 3594 1257 3637 ἑαυτῶν
1294 3596 1395 3637 νοῦν.
1481 3599 1598 3646 Vulyo
1637 3599 1736 3636 enim
1778 3599 1912 3648 legitur
1950 3595 2019 3640 τὸν

124 3655 228 3693 narii
255 3664 348 3701 pay.
368 3652 461 3692 230.
1101 3649 1249 3694 ἑαυτόν
1278 3652 1381 3693 νοῦν.

179 3708 246 3747 30.
302 3710 346 3747 In
397 3710 568 3749 Panario
622 3712 724 3747 extat
766 3703 1046 3761 διαβάλλουσι,
1158 3708 1223 3749 31.
1255 3710 1457 3757 Suspicari
1497 3710 1580 3748 licet
1617 3708 1909 3762 διαδεξαμένου
1932 3723 2020 3752 cum

124 3764 225 3813 quod
246 3766 503 3812 reponendum
525 3769 588 3803 est.
631 3766 714 3803 lam
741 3766 948 3803 Cornarius
964 3775 1048 3802 ver·
1102 3766 1271 3805 Petavio.

127 3822 170 3859 tit
200 3818 509 3863 calumniantur.
551 3822 677 3866 ,Paulo
703 3823 790 3870 post
818 3821 954 3870 scripsi
976 3816 1046 3862 τὸν
1158 3818 1224 3862 32.
1253 3821 1359 3862 Libri
1386 3822 1522 3862 habent
1547 3822 1662 3874 vul90
1691 3820 1867 3878 ρηγίνου,
