2508 4134
649 300 788 341 ΤοΜι
817 298 1024 339 Pmoms
1055 299 1190 341 PARS
1221 299 1534 340 PosTEffloR.
1941 288 2037 338 631

146 395 346 451 Ἰωάννην
373 398 611 452 διηγοῦνται
635 393 846 453 ἀκριβῶς,
891 395 1098 450 λέγοντες,
1140 392 1351 445 Ἀκούσας
1372 396 1419 440 δὲ
1451 395 1473 441 ὁ
1497 393 1666 450 Ἰησοῦς
1692 393 1755 440 ὅτι
1778 394 1994 449 παρεδόθη
2021 392 2043 438 ὁ

145 463 368 520 Ἰωάννης,
398 465 656 510 καταλειπών
685 465 782 519 (εἰσ)
805 464 882 519 τήν
910 464 1111 519 Ναζαρὲθ
1139 465 1386 522 κατῴκησεν
1413 466 1472 515 εἰς
1497 464 1786 520 Καφαρναούμ
1813 463 1889 519 τήν
1912 479 2044 518 παρα-

148 534 384 579 θαλάσσιον.
440 535 528 578 Καὶ
557 533 660 593 ὁρᾷς
688 530 753 578 ὅτι
779 532 886 578 κατὰ
911 530 1113 588 άλῆθειαν
1140 533 1193 578 τὰ
1231 533 1365 578 πάντα
1391 541 1478 584 τοῖς
1504 537 1691 590 τέτρασιν
1730 531 2046 589 εύαγγελισταῖς

148 604 384 660 συμφώνως
426 606 595 660 εἴρηται.
652 603 739 647 Καὶ
765 602 844 658 γὰρ
882 603 953 647 καὶ
981 603 1170 658 φαίνεται
1193 603 1269 658 την
1299 602 1543 648 άκολουθίαν
1573 603 1690 648 πάλιν
1721 603 1992 659 διηγούμενος
2021 601 2043 647 ὁ

143 672 366 729 Ἰωάννης,
408 670 473 719 ’ὅτι
506 672 612 728 μετὰ
638 672 684 717 τό
714 675 886 727 ποιῆσαι
912 671 959 717 τὸ
989 675 1147 728 πρῶτον
1185 679 1355 728 σημεῖον
1383 673 1453 717 τὸν
1483 676 1682 728 σωτῆρα,
1722 674 1794 717 καὶ
1823 674 1956 717 ἐλθεῖν
1984 672 2045 723 εἰς

148 742 455 799 Καφαρναοὺμ,
485 744 659 798 ποιῆσαί
682 758 730 787 τε
756 742 849 787 ἐκεῖ
867 758 956 786 τινα
985 748 1142 797 σημεῖα
1158 774 1168 793 ,
1211 741 1414 800 ἀναβῆναί
1440 758 1486 786 τε
1513 743 1572 792 είς
1597 742 1819 797 Ναζαρὲτ,
1846 743 1919 786 καὶ
1945 740 2043 786 άνα-

146 815 296 869 γνῶναι
322 812 369 858 τὸ
403 813 579 870 βιβλίον,
608 812 911 867 παραδοθέντος
934 811 1071 856 λοιπὸν
1100 815 1171 855 τοῦ
1202 813 1425 868 βαπτιστοῦ
1456 805 1584 867 ἦλθεν
1613 812 1684 855 καὶ
1711 810 1958 869 κατῴκησεν
1985 813 2044 862 εἰς

145 881 432 938 Καφαρναοὺμ
465 881 617 931 πολλὰς
658 881 833 937 ἡμέρας.
891 875 1022 925 Αῦται
1048 882 1096 927 δέ
1126 882 1226 925 εἰσιν
1257 883 1300 924 αἱ
1329 880 1433 936 μετὰ
1466 881 1542 936 τήν
1566 879 1728 936 η’μέραν
1755 884 1837 925 τῶν
1861 879 2043 936 Ἐπιφα-

142 954 236 997 νίων
262 952 334 995 καὶ
357 951 434 1007 την
463 952 530 996 ἐπὶ
554 951 845 1007 Καφαρναοὺμ
872 952 944 995 καὶ
973 951 1041 995 ἐπὶ
1065 950 1268 1006 Ναζαρὲθ
1295 951 1451 994 ἔλευσιν
1483 948 1609 995 αὐτοῦ
1625 984 1634 1002 ,
1682 952 1754 994 καὶ
1776 950 1853 1005 την
1880 951 1939 1000 εἰς
1962 948 2043 994 Ἱε-

143 1021 353 1077 ροσόλυμα
381 1020 450 1066 διὰ
472 1021 518 1066 τὸ
549 1020 709 1078 Πάσχα
733 1018 896 1070 ἄνοδον,
927 1021 999 1064 καὶ
1023 1020 1142 1065 πάλιν
1167 1020 1300 1064 ἐλθεῖν
1329 1020 1432 1076 πρὸς
1460 1020 1530 1064 τὸν
1556 1017 1780 1075 Ἰωάννην,
1811 1018 1911 1064 ὅπου
1938 1020 2043 1078 ἐβά-

140 1096 302 1146 πτιζεν,
334 1093 394 1141 εἰς
420 1092 549 1136 Αἰνῶν
577 1093 648 1135 τοῦ
678 1092 823 1145 Σαλίμ
850 1092 963 1146 (sic).
1021 1086 1147 1133 Οῦτω
1174 1089 1254 1145 γὰρ
1285 1091 1419 1146 λέγει,
1450 1089 1572 1134 Μετὰ
1597 1092 1717 1134 τοῦτο
1746 1093 1955 1144 κατῆλθεν
1983 1091 2043 1140 εἰς

142 1160 432 1217 Καφαρναούμ
460 1159 587 1210 αὐτὸς
612 1161 684 1204 καὶ
712 1159 743 1215 τί
772 1158 913 1215 μήτηρ
949 1156 1102 1211 αύτοῦ,
1141 1160 1214 1204 καὶ
1244 1162 1280 1204 οἱ
1306 1159 1483 1215 άδελφοὶ
1512 1156 1662 1208 αύτοῦ,
1707 1160 1781 1203 καὶ
1818 1160 1904 1203 ἔκει
1932 1160 2043 1214 ἔμει-

140 1248 208 1276 ναν
236 1228 283 1275 ού
314 1230 466 1280 πολλὰς
489 1229 666 1285 ἡμέρας.
726 1227 858 1273 Οῦπω
885 1229 963 1285 γὰρ
993 1228 1144 1284 ἐδήλου
1172 1228 1249 1285 τήν
1274 1231 1430 1274 τελείαν
1457 1228 1693 1284 καταμονῆν
1717 1230 1812 1285 περὶ
1840 1223 1895 1284 ’ἧς
1921 1226 2044 1273 ῦστε-

141 1318 207 1356 ρον
245 1300 355 1344 εἶπεν
399 1299 504 1356 μετὰ
531 1299 579 1344 τὸ
611 1301 900 1355 παραδοθῆναι
927 1298 998 1343 τόν
1024 1296 1247 1354 Ἰωάννην,
1291 1297 1457 1344 Ἐλθών
1498 1297 1745 1358 κατῴκησεν
1780 1300 1837 1347 εἰς
1866 1300 2042 1354 Καφαρ-

138 1370 270 1425 ναοὺμ
293 1371 370 1426 την
393 1368 747 1425 παραθαλάσσιον,
779 1370 851 1412 καὶ
876 1368 1000 1425 ἐγγύς
1024 1362 1076 1424 τῖν
1103 1368 1149 1413 τὸ
1182 1368 1343 1426 Πάσχα
1363 1372 1445 1413 τῶν
1469 1368 1707 1414 Ἰουδαίων’
1741 1366 1800 1418 ὥς
1824 1369 2041 1424 λέγεικαὶ,

138 1438 288 1499 Ἀνέβη
321 1442 380 1490 εἰς
404 1438 677 1494 Ἱεροσόλυμα
706 1438 729 1483 ὁ
758 1436 952 1494 Ἰησοῦς,
999 1439 1071 1485 καὶ
1098 1433 1213 1494 εὗρεν
1253 1439 1350 1488 τοῦς
1388 1441 1626 1489 πωλοῦντας
1663 1439 1703 1482 ἐν
1728 1442 1788 1495 τῷ
1819 1440 1917 1496 ἱερῷ
1946 1438 2043 1488 τοὺς

140 1511 243 1569 βόας
287 1511 359 1554 καὶ
396 1509 448 1554 τὰ
488 1509 680 1567 πρόβατα
708 1510 780 1553 καὶ
807 1508 1073 1564 περιστερὰς,
1116 1509 1188 1553 καὶ
1216 1508 1312 1558 τοῦς
1338 1509 1618 1564 κερματιστὰς
1642 1509 1926 1563 καθημένους,
1970 1509 2044 1552 καὶ

139 1580 246 1636 μετὰ
275 1580 321 1624 τὸ
351 1581 541 1637 ἐκβαλεῖν
568 1579 665 1629 τοῦς
692 1577 845 1628 αύτούς
882 1578 1161 1634 κερματιστὰς
1199 1581 1271 1623 καὶ
1307 1578 1403 1628 τοῦς
1438 1581 1659 1628 πολοῦντας
1681 1577 1758 1628 τὰς
1780 1578 2038 1633 περιστερὰς,

137 1651 210 1695 καὶ
237 1649 290 1695 τὰ
315 1646 445 1703 ἄλλα,
486 1650 559 1694 καὶ
584 1650 816 1703 εἰρηκέναι,
853 1644 1012 1704 ’Ἄρατε
1039 1651 1171 1692 ταῦτα
1198 1649 1334 1700 ἔνθεν,
1378 1649 1451 1692 καὶ
1476 1647 1535 1703 μη
1563 1651 1711 1703 ποιῆτε
1736 1647 1806 1692 τὸν
1833 1648 1939 1692 οἶκον
1968 1647 2040 1691 τοῦ

135 1719 292 1776 πατρός
320 1736 396 1775 μου
428 1718 536 1764 οἶκον
562 1719 778 1774 ἐμπορίου,
809 1722 880 1761 καὶ
907 1714 1131 1772 άκηκοέναι
1154 1716 1249 1774 παρ’
1277 1715 1440 1769 αύτῶν,
1472 1719 1528 1761 Τί
1557 1724 1727 1772 σημεῖον
1753 1716 1956 1767 δεικνύεις
1983 1716 2042 1772 τί·-

138 1796 227 1844 μῖν,
260 1788 324 1834 ὅτι
350 1792 483 1833 ταῦτα
510 1795 661 1839 ποιεῖς;
691 1789 763 1833 καὶ
790 1787 899 1832 εἶπεν
929 1786 1094 1843 αύτοῐς,
1125 1788 1297 1832 Λύσατε
1317 1788 1386 1832 τὸν
1412 1787 1507 1832 ναὸν
1532 1786 1698 1839 τούτου,
1742 1788 1814 1832 καὶ
1840 1787 1881 1830 ἐν
1910 1788 2040 1842 τρισὶν

134 1858 315 1914 ’ἁμέραις
351 1860 498 1914 ἐγείρω
532 1856 690 1902 αύτόν·
738 1856 809 1903 ὅτε
842 1857 1089 1913 Νικόδημος
1119 1852 1228 1913 ἦλθε
1263 1857 1367 1913 πρὸς
1406 1855 1557 1912 αὐτὸν,
1599 1858 1671 1901 καὶ
1702 1857 1808 1912 μετὰ
1833 1856 1879 1901 τὸ
1912 1859 2039 1902 εἰπεῖν

133 1926 260 1972 πολλά
296 1943 448 1984 φησιν,
487 1922 647 1971 Ἦλθεν
689 1927 712 1974 ὁ
748 1927 919 1983 Ἰησοῦς
957 1929 1029 1971 καὶ
1069 1930 1105 1972 οἱ
1136 1928 1323 1984 μαθηταὶ
1356 1925 1483 1972 αύτοῦ
1512 1929 1572 1977 εἰς
1608 1926 1685 1982 τὴν
1710 1924 1915 1972 Ἰουδαίαν
1942 1929 2037 1982 γῆν,

133 1998 205 2040 καὶ
233 1997 325 2041 ἐκεῖ
347 1999 546 2054 διέτριβεν
575 1995 662 2052 μετ’
689 1996 825 2043 αύτῶν
850 1997 922 2040 καὶ
946 1997 1184 2054 ἐβάπτιζεν·
1227 1990 1280 2052 ἦν
1307 1997 1355 2042 δὲ
1380 1998 1452 2041 καὶ
1476 1995 1677 2052 Ἰωάννης
1718 1997 1758 2040 ἐν
1791 1998 1919 2041 Αίνῶν
1938 1998 2036 2053 (sic)

133 2065 260 2122 ἐγγύς
286 2068 358 2110 τοῦ
394 2065 580 2121 Σαλήμ,
627 2060 692 2111 ὅτι
723 2060 856 2109 ῦδατα
881 2066 1010 2110 πολλὰ
1037 2060 1090 2122 ἦν
1121 2068 1232 2111 ἐκεῖ·
1275 2064 1388 2111 οῦπω
1416 2066 1495 2124 γὰρ
1522 2059 1574 2121 ’ἦν
1600 2067 1854 2124 βεβλημένος
1877 2067 1936 2116 εἰς
1960 2065 2037 2121 τὴν

133 2135 324 2192 φυλακήν
349 2135 372 2181 ὁ
399 2133 622 2190 Ἰωάννης·
653 2136 725 2178 τοῦ
752 2135 800 2179 δὲ
823 2132 1016 2180 Ἰωάννου
1053 2136 1182 2184 πολλὰ
1214 2136 1421 2188 εἰπόντος,
1466 2134 1551 2188 ὅτι,
1601 2136 1652 2180 Ὁ
1682 2137 1786 2194 ἔχων
1824 2136 1901 2191 τήν
1928 2135 2038 2191 νύμ-

133 2222 217 2262 φην
243 2206 416 2263 νυμφίος
441 2206 576 2258 ἐστὶν,
622 2203 711 2249 εἶτα
736 2206 847 2260 λέγει
874 2205 920 2250 τό
954 2204 1221 2262 εύαγγέλιον,
1250 2206 1333 2256 (Ως
1355 2200 1423 2251 οῦν
1450 2207 1555 2263 ἔγνω
1583 2206 1605 2251 ὁ
1630 2204 1799 2261 Ἰησοῦς
1823 2203 1887 2250 ὅτι
1910 2202 2038 2261 ἥκου·

133 2291 206 2319 σαν
234 2278 270 2319 οἱ
297 2277 519 2331 Φαρισαῖοι
547 2271 612 2320 ’ὅτι
634 2273 804 2330 Ἰησοῦς
830 2277 1018 2326 πλείονας
1042 2275 1237 2331 μαθητὰς
1262 2283 1375 2321 ποιεῖ
1399 2277 1471 2320 καὶ
1494 2278 1682 2332 βαπτίζει
1704 2275 1917 2331 Ἰωάννης,
1948 2293 2038 2320 και-

131 2347 265 2401 τοίγε
294 2343 462 2400 Ἰησοῦς
487 2341 619 2395 αυ’τὸς
646 2343 723 2389 ούκ
751 2344 996 2403 ἐβάπτιζεν,
1046 2343 1134 2390 ἀλλ’
1164 2349 1200 2390 οἱ
1230 2348 1417 2402 μαθηταὶ
1446 2344 1597 2401 αύτοῦ,
1639 2344 1804 2403 άφῆκεν
1829 2345 1906 2401 τὴν
1927 2344 2037 2390 Ἰου-

132 2416 251 2459 δαίαν
291 2417 370 2471 γῆν
396 2416 469 2459 καὶ
495 2412 661 2470 οἷπῆλθε
686 2414 804 2459 πάλιν
829 2417 887 2465 εἰς
913 2415 990 2471 τὴν
1017 2417 1255 2461 Γαλιλαίαν.
1302 2412 1433 2461 ”Εδει
1459 2416 1507 2462 δὲ
1534 2414 1659 2463 αὐτὸν
1695 2418 1936 2473 διέρχεσθαι
1968 2417 2038 2461 διὰ

130 2487 211 2540 τῆς
234 2486 495 2540 Σαμαρείας,
526 2481 596 2529 ὅτε
621 2485 688 2529 ἐπὶ
709 2487 770 2542 τῷ
795 2487 943 2541 φρέατι
970 2486 1185 2541 ἐκαθέσθη
1213 2487 1285 2531 καὶ
1312 2489 1366 2544 τῇ
1391 2488 1670 2541 Σαμαρείτιδι
1693 2488 1905 2543 διελέχθη.
1949 2488 2038 2531 Καὶ

130 2551 372 2610 άνηγγειλεν
397 2554 427 2610 τί
459 2557 717 2610 Σαμαρεῖτις
739 2557 834 2610 περὶ
860 2554 986 2599 αύτοῦ
1016 2558 1057 2600 ἐν
1091 2558 1145 2613 τῇ
1175 2556 1318 2608 πόλει,
1349 2558 1421 2601 καὶ
1446 2550 1575 2612 τῖλθον
1603 2556 1708 2611 πρὸς
1736 2556 1857 2601 ouh-&v
1887 2559 1923 2601 οἱ
1946 2560 2038 2601 Σα-

133 2631 326 2680 μαρεῖται
348 2626 420 2668 καὶ
445 2624 699 2679 παρεκάλουν
723 2624 849 2670 αὐτὸν
878 2633 1014 2680 μεῖναι
1038 2626 1134 2682 παρ’
1158 2623 1299 2677 αύτοῖς
1314 2661 1325 2681 ,
1356 2628 1428 2671 καὶ
1456 2627 1612 2682 ἔμεινεν
1639 2627 1733 2670 ἐκεῖ
1756 2623 1831 2671 δύο
1857 2624 2036 2682 ἡμέρας,

130 2695 204 2738 καὶ
243 2697 379 2751 πολλῷ
411 2695 574 2744 πλείους
611 2695 855 2738 ἐπίστευσαν
897 2695 967 2739 διὰ
1001 2695 1070 2740 τὸν
1098 2696 1217 2752 λόγον
1245 2694 1386 2741 αύτοῦ.
1443 2696 1565 2740 Μετὰ
1592 2697 1638 2741 δὲ
1671 2695 1746 2746 τὰς
1769 2697 1845 2742 δύο
1872 2695 2038 2752 ’ἡμέρας

130 2756 259 2818 ’ἦλθεν
301 2764 360 2813 εἰς
389 2763 465 2818 τὴν
502 2765 740 2807 Γαλιλαίαν.
800 2765 886 2808 Καὶ
914 2758 967 2819 τῖν
995 2781 1057 2815 τις
1088 2766 1303 2822 βασιλικὸς
1332 2761 1380 2810 οὗ
1410 2765 1432 2811 ὁ
1461 2765 1550 2816 υἱὸς
1585 2763 1758 2821 η’σθένει
1785 2767 1825 2810 ἐν
1854 2769 2035 2823 Καφαρ-

130 2833 288 2888 ναοῦμ,
335 2830 407 2878 ’ὅτε
449 2832 557 2877 εἶπεν
586 2831 700 2891 αύτῷ
728 2833 750 2878 ο“
773 2830 965 2888 Ἰησοῦς,
1011 2835 1223 2890 Πορεύου,
1268 2836 1290 2880 ὁ
1314 2836 1404 2886 υἱός
1434 2852 1506 2880 σου
1549 2840 1627 2893 ζῇ,
1671 2837 1743 2880 καὶ
1781 2837 2036 2892 ἐπίστευσεν,

131 2904 203 2948 καὶ
232 2902 333 2958 ἰάθη
364 2902 387 2948 ὁ
412 2909 524 2952 παῖς.
582 2904 668 2947 Καὶ
699 2904 808 2958 λέγει
836 2903 881 2948 τὸ
916 2901 1177 2960 εύαγγέλιον,
1222 2905 1420 2961 Δεύτερον
1448 2907 1568 2952 πάλιν
1599 2913 1769 2961 σημεῖον
1795 2907 1984 2961 ἐποίησεν
2013 2905 2035 2951 ὁ

127 2974 299 3028 Ἰησοῦς
339 2972 470 3017 ἐλθών
502 2974 550 3017 ἐκ
577 2977 658 3028 τῆς
692 2971 899 3022 Ἰουδαίας
937 2975 997 3023 εἰς
1026 2974 1102 3030 τήν
1126 2976 1363 3019 Γαλιλαίαν.
1421 2976 1543 3020 Μετὰ
1570 2979 1689 3020 τοῦτο
1716 2970 1768 3031 ’ἦν
1799 2975 1920 3031 ἑορτή
1953 2979 2035 3020 τῶν

127 3042 365 3095 Ἰουδαίων,
409 3042 525 3098 οἶμαι
551 3043 598 3088 δὲ
625 3041 688 3087 ὅτι
714 3044 808 3097 περὶ
846 3040 978 3098 ἄλλης
1015 3044 1163 3099 ἑορτῆς
1200 3042 1414 3090 Ἰουδαίων
1444 3047 1577 3101 λέγει,
1621 3042 1652 3100 η’
1683 3047 1979 3100 Πεντεκοστῆς
2003 3042 2034 3101 ἦ

130 3117 460 3170 Σκηνοπηγιῶν,
490 3138 543 3147 -
584 3114 656 3157 καὶ
694 3111 823 3169 άνέβη
862 3110 1032 3168 Ἰησοῦς
1063 3115 1123 3163 εἰς
1148 3112 1444 3170 Ἱεροσόλυμα,
1490 3113 1560 3161 ὅτε
1583 3116 1651 3159 ἐπὶ
1675 3117 1755 3170 τῆς
1778 3118 2036 3173 προβατικῆς

133 3182 431 3241 κολυμβήθρας
457 3182 589 3226 ἐλθών
614 3184 653 3227 ἐν
682 3182 882 3241 σαββάτῳ
910 3182 1055 3227 ἰάσατο
1076 3183 1144 3227 τὸν
1167 3185 1494 3239 τριακονταοκτώ
1522 3186 1651 3229 ἔτεσιν
1675 3185 1716 3228 ἐν
1737 3182 1934 3243 άσθενείᾳ
1957 3202 2034 3229 πα-

133 3255 414 3309 ραλελυμένον.
471 3250 740 3297 Ἀπεντεῦθεν
778 3252 913 3297 λοιπὸν
941 3254 1230 3307 πληρωθέντος
1257 3255 1328 3297 τοῦ
1361 3257 1510 3299 δεκτοῦ
1540 3255 1723 3298 ἐνιαυτοῦ
1759 3252 1936 3309 ἤρξαντο
1960 3254 2034 3298 αύ-

131 3323 200 3368 τὸν
227 3322 420 3374 διώκειν,
467 3324 585 3375 ἐξότε
612 3323 680 3367 τὸν
713 3324 781 3367 ἐπὶ
806 3326 888 3377 τῆς
927 3322 1224 3380 κολυμβήθρας
1262 3324 1536 3377 παραλύτικον
1573 3323 1719 3368 ἰάσατο
1746 3325 1786 3369 ἐν
1816 3325 2033 3382 σαββάτῳ.

131 3391 241 3437 Εἶτα
265 3392 383 3438 πάλιν
409 3394 542 3448 λέγει,
587 3391 822 3437 Ἐπιπλεῖον
851 3394 948 3448 (sic)
989 3392 1160 3436 ἐδίωκον
1192 3394 1229 3435 οἱ
1253 3390 1449 3437 Ἰουδαῖοι
1471 3393 1539 3437 τὸν
1561 3392 1751 3448 Ἰησοῦν,
1794 3390 1857 3438 ὅτι
1885 3392 1931 3439 ου’
1957 3395 2034 3451 μό-

131 3480 193 3507 νον
222 3463 313 3506 ἔλυε
338 3462 384 3507 τὸ
417 3464 646 3521 σάββατον,
690 3462 794 3507 ἀλλὰ
827 3463 899 3506 καὶ
934 3463 1091 3515 πατέρα
1126 3463 1227 3506 ἰ’διον
1256 3462 1392 3517 ἔλεγεν
1419 3462 1489 3507 τὸν
1517 3464 1635 3515 θεὸν,
1678 3463 1765 3508 ἶσον
1804 3466 1881 3520 (ita
1909 3467 2033 3508 etiam

131 3535 276 3573 Venet.
317 3535 482 3589 ubique)
527 3532 669 3578 ἑαυτὸν
708 3534 833 3576 ποιῶν
872 3533 932 3588 τῷ
960 3534 1061 3588 θεῷ.
1118 3534 1226 3581 Πῶς
1255 3525 1322 3576 οὖν
1362 3530 1409 3576 ού
1445 3535 1757 3588 καταγνωστέαι
1783 3537 1826 3578 αἱ
1853 3537 2033 3590 αἱρέσεις

132 3602 298 3656 ἐλλειπῆ
339 3607 527 3647 ποιοῦσαι
557 3603 627 3648 τὸν
665 3603 751 3647 υἱὸν
791 3602 895 3656 πρὸς
922 3602 991 3646 τὸν
1020 3604 1203 3657 πατέρα;
1255 3595 1367 3646 Ἴσον
1392 3602 1498 3658 γὰρ,
1539 3604 1691 3658 φασὶν,
1735 3603 1878 3649 ἑαυτὸν
1905 3608 2030 3650 ποιῶν

130 3674 191 3729 τῷ
221 3673 322 3728 θεῷ.
380 3674 508 3728 Λέγει
546 3672 592 3717 τὰ
632 3672 890 3727 εὐαγγέλιον,
930 3672 1052 3716 Μετὰ
1089 3673 1137 3717 δὲ
1164 3676 1297 3716 ταῦτα
1334 3671 1521 3727 ἀπῆλθεν
1551 3671 1571 3718 ὁ
1597 3670 1765 3728 Ἰησοῦς
1797 3675 1922 3730 πέραν
1948 3680 2030 3730 τῆς

131 3740 349 3794 θαλάσσης
384 3744 461 3796 τῆς
486 3743 712 3791 Γαλιλαίας
737 3744 817 3796 τῆς
844 3741 1113 3798 Τιβεριάδος,
1159 3741 1382 3796 η’κολούθει
1409 3742 1456 3787 δὲ
1483 3740 1597 3800 αύτῷ
1634 3740 1754 3801 ὄχλος
1782 3744 1932 3796 πολύς,
1979 3745 2029 3790 ὁ-

133 3812 283 3864 ρῶντες
306 3809 357 3854 τὰ
385 3818 540 3867 σημεῖα
570 3808 597 3856 ὁὶ
625 3812 751 3856 ἐποίει
774 3811 842 3856 ἐπὶ
867 3813 949 3856 τῶν
975 3808 1270 3858 ἀσθενούντων.
1327 3812 1527 3869 Ἀνῆλθεν
1557 3806 1625 3862 οὖν
1654 3813 1677 3860 ὁ
1701 3812 1870 3871 Ἰησοῦς
1896 3817 1956 3869 είς
1979 3818 2025 3863 τὸ
