2508 4134
534 300 756 342 PANARH
786 299 888 339 Lm.
911 299 983 339 111.
1013 299 1218 339 ToM.11.
1251 298 1411 341 HAER.
1445 299 1679 341 Lxxvui.
1959 288 2059 338 403

168 405 402 464 tironem,
466 400 556 450 hoc
599 405 675 449 est
711 397 960 448 collectam
997 414 1023 446 e
1056 396 1273 446 fidelibus
1313 397 1601 459 ecclesiam,
1656 396 1788 448 velut
1827 397 2061 464 quandam

166 485 402 553 virginem
431 481 693 550 acceperit,
734 481 855 530 adeo
880 488 929 530 ut
957 479 1358 547 praestantiorem
1385 480 1548 544 alium,
1591 480 1811 531 nimirum
1841 497 2064 531 consum-

167 579 398 619 matorem
430 565 616 628 Iesum,
658 564 778 631 legis
798 602 810 626 ‚
864 563 932 613 sic
963 571 1186 630 tanquam
1216 563 1506 630 paedagogi,
1560 564 1793 614 beneficio
1824 581 2065 632 cognove-

167 653 346 713 rimus,
400 666 560 701 nonne
602 664 783 700 summa
825 663 890 697 ex
923 646 1104 713 ingenii
1147 645 1306 713 inopia
1344 663 1400 695 ac
1441 647 1642 697 stultitia
1670 650 1933 715 profectum
1971 656 2064 710 est,

168 736 289 804 quod
316 735 373 786 ab
395 734 521 784 illius
546 732 783 799 dogmatis
807 730 1022 798 patronis
1049 729 1303 791 asseritur,
1338 738 1443 796 post
1470 730 1689 781 collatam
1716 732 1841 782 illam
1870 750 1895 782 a
1926 729 2069 783 Chri-

167 829 243 871 sto
271 817 615 887 perfectionem
647 815 922 884 paedagogo
949 814 1121 863 iterum
1156 830 1275 880 opus
1301 829 1427 875 esse,
1470 821 1522 862 ut
1548 814 1604 863 ad
1635 814 1793 881 priora
1822 815 1902 866 illa
1930 819 2063 865 initia
2080 832 2194 868 Hebr.
2212 834 2305 877 5,12.

167 914 216 953 et
237 906 483 960 elementa,
526 898 886 965 doctrinamque
914 915 969 948 ac
998 914 1220 947 manuum
1248 895 1601 964 impositionem
1629 902 1961 950 revertamur?
2016 909 2068 950 ut

2123 881 2162 910 et.
2183 878 2217 920 ti,
2234 883 2266 910 z.

169 986 342 1038 alicubi
370 986 596 1053 scriptum
627 992 728 1045 est,
769 1000 874 1032 cum
902 990 1060 1031 tamen
1093 980 1339 1048 apostolus
1368 981 1547 1030 diserte
1578 998 1665 1031 nos
1692 983 1887 1046 doceat,
1931 987 2195 1046 Quia-neb„
2218 1003 2252 1046 Β,
2271 1003 2321 1037 13,

170 1073 282 1137 quid
315 1073 614 1119 inveteratum
655 1076 748 1126 est,
798 1064 858 1114 ‘ac
879 1069 1006 1114 senio
1031 1066 1287 1129 consectum
1302 1101 1316 1124 ,
1362 1068 1579 1128 prooez'me
1615 1068 1678 1114 ad
1702 1069 1937 1116 interitum
1968 1086 2070 1132 spe-

153 1155 323 1204 'ctarffl
379 1152 501 1219 quod
544 1153 600 1201 de
638 1158 805 1202 vetere
852 1157 1138 1199 testamento
1179 1166 1236 1198 ac
1267 1149 1371 1215 lege
1414 1148 1769 1216 pronuntiavit:
1828 1154 2073 1200 Translata
2095 1172 2326 1216 Hebr.7,]·.'.

170 1242 315 1297 enim,
363 1235 543 1303 inquit,
597 1237 881 1293 sacerdotio,
934 1236 1193 1282 necessario
1222 1234 1293 1297 fic
1321 1242 1369 1280 et
1403 1235 1520 1296 legis
1548 1236 1812 1282 translatio.
1904 1233 2069 1301 Quare

172 1312 277 1372 cum
312 1329 479 1371 vetere
509 1326 796 1369 testamento
826 1317 1059 1367 translato
1093 1334 1268 1366 novum
1301 1316 1618 1367 instauratum
1650 1318 1823 1380 fuerit,
1866 1319 1972 1385 quis
2003 1328 2079 1369 est

171 1405 370 1457 audacia
403 1412 532 1454 tanta
575 1400 816 1471 praeditus
859 1400 937 1468 qui
968 1409 1108 1452 vetus
1150 1400 1205 1450 ad
1240 1417 1375 1450 usum
1412 1401 1569 1451 denuo
1607 1419 1840 1452 revocare
1879 1412 2078 1453 conten-

174 1490 270 1549 dat,
313 1505 490 1539 novum
520 1475 677 1538 autem
703 1486 761 1535 ad
788 1485 928 1535 situm
960 1493 1346 1551 vetustatemque
1375 1486 1662 1549 transferre,
1704 1495 1755 1536 ut
1783 1495 1831 1537 et
1859 1504 2077 1537 caussam

172 1573 311 1624 nobis
341 1571 569 1641 praebeat
596 1586 682 1620 cur
710 1569 988 1619 excidamus
1016 1586 1042 1618 a
1066 1568 1241 1636 gratia,
1282 1577 1331 1619 et
1353 1569 1411 1619 ab
1439 1586 1498 1620 eo
1525 1571 1678 1620 fructu
1711 1572 1787 1638 qui
1819 1589 1903 1640 per
1937 1568 2081 1623 Chri-

174 1666 297 1708 stum
338 1656 477 1706 nobis
516 1662 820 1722 comparatus
859 1662 934 1703 est
971 1661 1194 1703 avertere
1232 1655 1473 1703 conetur?

314 1738 404 1790 His
434 1739 649 1789 breviter
675 1737 732 1788 ad
776 1754 883 1787 eum
915 1737 1105 1787 modum
1138 1737 1422 1805 explicatis»,
1477 1756 1597 1806 quae
1638 1756 1726 1789 nos
1764 1757 1849 1808 pro
1876 1740 2082 1790 instituti

176 1825 336 1894 operis
364 1823 551 1874 ratione
599 1821 717 1872 satis
757 1838 867 1871 esse
908 1821 1174 1884 credimus,
1231 1822 1289 1871 ad
1325 1822 1508 1889 reliqua
1547 1832 1882 1888 transeamus,
1922 1842 1978 1875 ac
2006 1824 2082 1875 dei

173 1907 391 1977 inprimis
422 1923 557 1976 opem
584 1905 913 1973 imploremus,
952 1913 1004 1955 ut
1029 1905 1085 1955 ad
1111 1913 1274 1955 cetera
1306 1908 1573 1970 tractanda,
1609 1909 1900 1973 enarranda,
1942 1926 2084 1961 ever-

181 1992 416 2059 tendaque
456 1989 661 2041 feliciter
699 1990 1001 2039 accedamus.

290 2186 794 2250 ADVERSUS
870 2187 1969 2264 ANTIDIGOMARIANITAS,

448 2306 582 2365 quae
628 2292 712 2346 est
753 2286 998 2346 haeresis
1041 2285 1284 2361 LVIII.,
1329 2287 1446 2348 sive
1489 2286 1812 2348 LXXVIII.

321 2409 452 2462 Idem
498 2411 611 2462 illud
661 2412 832 2480 dogma
882 2413 1044 2478 (euius
1091 2421 1362 2464 assertores
1409 2413 1550 2463 etiam
1591 2410 1890 2463 Dimoeritae
1941 2413 2086 2481 vulgo

185 2501 544 2563 nuncupantur)
571 2498 692 2563 quod
723 2506 976 2565 susceptae
1005 2497 1210 2548 hominis
1250 2515 1275 2548 a
1307 2494 1504 2549 Christo
1539 2507 1740 2548 naturae
1769 2506 1976 2548 mentem
2008 2500 2089 2548 de-

186 2579 358 2642 trahit,
413 2579 533 2630 alias
562 2580 758 2648 iusuper
790 2581 1040 2632 molestias
1070 2599 1126 2631 ac
1155 2583 1346 2649 negotia
1376 2584 1591 2651 peperit,
1651 2591 1794 2650 atque
1827 2582 1874 2633 in
1905 2582 2090 2633 Arabia

186 2664 501 2733 praesertim,
555 2664 612 2713 de
643 2664 813 2731 quibus
842 2682 867 2715 a
894 2666 1136 2733 religiosis
1178 2666 1457 2733 quibusdam
1492 2667 1609 2716 viris
1643 2683 1808 2718 sumus
1838 2667 2087 2717 admoniti.

186 2749 263 2799 Ac
294 2748 406 2798 licet
442 2756 584 2798 antea
615 2748 672 2797 de
702 2748 868 2799 eodem
908 2759 1191 2817 argumento
1224 2751 1473 2818 epistolam
1507 2751 1874 2819 sc1¹ipserimu8‚
1931 2761 2087 2801 tamen

190 2835 314 2901 quod
340 2832 456 2882 haec
484 2831 702 2882 haeresis
732 2832 899 2883 ordine
930 2850 1018 2883 suo
1052 2852 1347 2902 numeroque
1381 2837 1636 2898 succedat,
1678 2836 1800 2886 hanc
1825 2837 1974 2904 ipsam
2005 2853 2092 2885 nos

191 2917 468 2987 epistolam,
524 2915 801 2983 quibusdam
843 2917 1014 2967 merito
1042 2919 1118 2968 vel
1152 2920 1323 2969 additis
1352 2920 1428 2971 vel
1458 2921 1719 2985 detractiS,
1774 2921 2009 2972 adversus
2037 2921 2094 2970 il-

191 3002 284 3053 lam
322 3001 649 3053 subiicienius.

331 3085 524 3136 Etenim
564 3101 627 3134 ex
665 3084 1256 3136 Antidicomarianitaruin
1304 3104 1453 3154 grege
1493 3088 1736 3152 nonnulli,
1789 3089 1925 3156 quasi
1958 3106 2094 3157 prae-

195 3171 334 3239 cipuo
363 3170 566 3238 quodam
602 3169 648 3218 in
683 3169 914 3236 virginem
950 3170 1058 3219 odio
1099 3179 1354 3238 suscepto,
1411 3181 1460 3221 ut
1488 3172 1592 3223 eius
1629 3173 1828 3239 gloriam
1869 3173 2096 3224 obscura-

193 3264 333 3319 rent,
385 3255 488 3305 sive
517 3253 729 3317 invidia,
784 3253 887 3303 sive
918 3254 1098 3303 erroris
1127 3255 1336 3305 tenebris
1370 3256 1643 3319 occaecati,
1701 3274 1793 3323 quo
1825 3258 2094 3308 mortalium

197 3341 382 3390 animos
422 3338 759 3406 inquinarent,
815 3356 873 3388 eo
903 3337 1189 3388 temeritatis
1231 3341 1475 3406 progressi
1514 3349 1624 3390 sunt
1664 3350 1711 3390 ut
1743 3342 2095 3393 sanctissimam

195 3451 356 3493 tertiam
387 3458 565 3504 partem,
611 3451 740 3504 ipsam
766 3459 943 3490 mentem
973 3450 1012 3489 in
1042 3450 1119 3490 ad-
1176 3453 1266 3491 editi
1296 3454 1395 3491 libri.
1455 3455 1574 3493 ταυΤΙ
1603 3455 1685 3493 cod.
1711 3456 1788 3493 len.
1845 3455 1978 3496 ταῦτα
2011 3460 2096 3498 cod.

197 3516 322 3550 ventu
349 3507 497 3547 Christi
525 3507 565 3546 in
594 3521 713 3546 earne
742 3515 863 3560 negat
887 3513 966 3547 cett.
1178 3511 1323 3558 Paris„
1353 3513 1387 3548 et
1411 3511 1570 3559 Rhediy.
1601 3521 1637 3547 α.
1664 3522 1715 3548 m.
1738 3522 1827 3559 pr„
1856 3514 1897 3550 in
1926 3524 1999 3560 quo
2025 3517 2100 3554 cir-

253 3566 292 3606 2.
323 3560 455 3617 ταύτῃ
491 3565 741 3603 emendarunt
773 3562 981 3604 Cornarius
1017 3567 1120 3612 (ver-
1177 3567 1356 3615 cumttexi
1409 3570 1584 3604 accentus
1624 3567 1751 3605 adhuc
1801 3571 1944 3606 restant
1992 3573 2103 3609 vesti-

199 3627 279 3663 tens
308 3633 410 3674 quae
441 3643 494 3652 -
522 3618 600 3672 ipsi
629 3619 769 3659 addita
803 3621 916 3673 sunt)
947 3625 981 3659 et
1006 3623 1120 3661 Peta-
1176 3623 1266 3671 9ia,
1308 3622 1556 3670 superaddito
1589 3625 1722 3670 postea
1753 3627 1865 3661 acuto
1891 3627 1923 3662 et
1952 3628 2102 3675 syllaba

198 3682 308 3726 vius,
350 3687 466 3726 quam
502 3679 756 3726 scripturam,
799 3679 894 3726 siglo
928 3678 979 3715 M.
1011 3681 1120 3715 nota·
1178 3678 1288 3727 finali
1323 3681 1497 3726 mutata,
1540 3679 1605 3715 sed
1648 3679 1703 3715 ita
1741 3684 1781 3717 ut
1818 3681 1910 3728 quid
1942 3684 2103 3721 voluerit

200 3739 306 3784 tam,
344 3734 495 3771 invenio
533 3735 648 3772 etiam
685 3735 725 3772 in
757 3736 932 3782 maryine
960 3734 1122 3782 exempli
1178 3734 1359 3772 librarius
1387 3735 1535 3772 dinosci
1561 3735 1629 3772 vix
1656 3739 1780 3782 queat.

203 3791 428 3839 Schottiani,
457 3790 558 3838 quod
579 3800 693 3838 penes
717 3801 775 3828 me
799 3791 930 3829 habeo.
969 3785 1123 3840 ταύτην
1236 3789 1275 3830 ὅ.
1305 3784 1373 3831 ἀπ’
1405 3783 1537 3841 αὐτῆς
1565 3790 1648 3828 cod.
1672 3791 1829 3840 Rhediy.

1655 3860 1767 3915 26*

2136 2433 2235 2487 Cap.
2266 2436 2293 2473 l.
