<?xml version="1.0" encoding="UTF-8"?>
<!DOCTYPE html PUBLIC "-//W3C//DTD XHTML 1.0 Transitional//EN"
    "http://www.w3.org/TR/xhtml1/DTD/xhtml1-transitional.dtd">
<html xmlns="http://www.w3.org/1999/xhtml" xml:lang="en" lang="en">
 <head>
  <title>
</title>
<meta http-equiv="Content-Type" content="text/html;charset=utf-8" />
  <meta name='ocr-system' content='tesseract 3.04.00' />
  <meta name='ocr-capabilities' content='ocr_page ocr_carea ocr_par ocr_line ocrx_word'/>
</head>
<body>
  <div class='ocr_page' id='page_1' title='image "./pt3corporishaere02epipuoft_0511.png"; bbox 0 0 2508 4134; ppageno 0'>
   <div class='ocr_carea' id='block_1_1' title="bbox 430 276 2027 328">
    <p class='ocr_par' dir='ltr' id='par_1_1' title="bbox 430 276 2027 328">
     <span class='ocr_line' id='line_1_1' title="bbox 430 276 2027 328; baseline -0.001 0"><span class='ocrx_word' id='word_1_1' title='bbox 430 286 655 328; x_wconf 78' lang='lat' dir='ltr'>PANARn</span> <span class='ocrx_word' id='word_1_2' title='bbox 684 286 787 327; x_wconf 78' lang='lat' dir='ltr'>Lm.</span> <span class='ocrx_word' id='word_1_3' title='bbox 808 287 880 326; x_wconf 80' lang='lat'>111.</span> <span class='ocrx_word' id='word_1_4' title='bbox 908 286 1043 327; x_wconf 85' lang='grc' dir='ltr'><strong>ΤοΜ.</strong></span> <span class='ocrx_word' id='word_1_5' title='bbox 1073 287 1122 326; x_wconf 84' lang='lat' dir='ltr'>n.</span> <span class='ocrx_word' id='word_1_6' title='bbox 1155 286 1346 327; x_wconf 84' lang='lat' dir='ltr'>EXPOS.</span> <span class='ocrx_word' id='word_1_7' title='bbox 1374 286 1478 327; x_wconf 69' lang='grc' dir='ltr'>ΕΠ).</span> <span class='ocrx_word' id='word_1_8' title='bbox 1512 285 1745 327; x_wconf 77' lang='lat' dir='ltr'>CATHoL.</span> <span class='ocrx_word' id='word_1_9' title='bbox 1932 276 2027 327; x_wconf 89' lang='lat'>501</span> 
     </span>
    </p>
   </div>
   <div class='ocr_carea' id='block_1_2' title="bbox 113 382 2035 3483">
    <p class='ocr_par' dir='ltr' id='par_1_2' title="bbox 130 382 2035 873">
     <span class='ocr_line' id='line_1_2' title="bbox 137 382 2035 454; baseline -0.001 -18"><span class='ocrx_word' id='word_1_10' title='bbox 137 402 306 454; x_wconf 88' lang='lat' dir='ltr'>aquam</span> <span class='ocrx_word' id='word_1_11' title='bbox 333 393 382 435; x_wconf 86' lang='lat' dir='ltr'>et</span> <span class='ocrx_word' id='word_1_12' title='bbox 408 391 569 436; x_wconf 82' lang='lat' dir='ltr'>ae&#39;rem</span> <span class='ocrx_word' id='word_1_13' title='bbox 603 393 806 453; x_wconf 88' lang='lat' dir='ltr'>quatuor</span> <span class='ocrx_word' id='word_1_14' title='bbox 845 400 955 434; x_wconf 88' lang='lat' dir='ltr'>esse</span> <span class='ocrx_word' id='word_1_15' title='bbox 996 382 1143 451; x_wconf 87' lang='lat' dir='ltr'>prima</span> <span class='ocrx_word' id='word_1_16' title='bbox 1189 384 1310 434; x_wconf 81' lang='lat' dir='ltr'>dixit</span> <span class='ocrx_word' id='word_1_17' title='bbox 1345 384 1608 446; x_wconf 83' lang='lat' dir='ltr'>elementa,</span> <span class='ocrx_word' id='word_1_18' title='bbox 1661 393 1802 451; x_wconf 89' lang='lat' dir='ltr'>atque</span> <span class='ocrx_word' id='word_1_19' title='bbox 1831 383 2035 434; x_wconf 91' lang='lat' dir='ltr'>inimici-</span> 
     </span>
     <span class='ocr_line' id='line_1_3' title="bbox 134 464 2034 536; baseline -0.001 -17"><span class='ocrx_word' id='word_1_20' title='bbox 134 470 244 520; x_wconf 89' lang='lat' dir='ltr'>tiam</span> <span class='ocrx_word' id='word_1_21' title='bbox 283 470 534 521; x_wconf 90' lang='lat' dir='ltr'>elementis</span> <span class='ocrx_word' id='word_1_22' title='bbox 578 468 797 520; x_wconf 88' lang='lat' dir='ltr'>omnibus</span> <span class='ocrx_word' id='word_1_23' title='bbox 843 467 1071 536; x_wconf 80' lang='lat' dir='ltr'><strong>priorem.</strong></span> <span class='ocrx_word' id='word_1_24' title='bbox 1149 464 1396 534; x_wconf 85' lang='lat' dir='ltr'>Siquidem</span> <span class='ocrx_word' id='word_1_25' title='bbox 1436 467 1572 518; x_wconf 89' lang='lat' dir='ltr'>initio</span> <span class='ocrx_word' id='word_1_26' title='bbox 1611 477 1831 536; x_wconf 89' lang='lat' dir='ltr'>separata</span> <span class='ocrx_word' id='word_1_27' title='bbox 1874 485 1930 518; x_wconf 86' lang='lat' dir='ltr'>ac</span> <span class='ocrx_word' id='word_1_28' title='bbox 1965 468 2034 518; x_wconf 93' lang='lat' dir='ltr'>di-</span> 
     </span>
     <span class='ocr_line' id='line_1_4' title="bbox 131 551 2033 621; baseline -0.001 -18"><span class='ocrx_word' id='word_1_29' title='bbox 131 562 310 604; x_wconf 88' lang='lat' dir='ltr'>stracta</span> <span class='ocrx_word' id='word_1_30' title='bbox 341 562 508 616; x_wconf 85' lang='lat' dir='ltr'>erant,</span> <span class='ocrx_word' id='word_1_31' title='bbox 550 553 731 621; x_wconf 89' lang='lat' dir='ltr'>inquit,</span> <span class='ocrx_word' id='word_1_32' title='bbox 785 551 970 614; x_wconf 81' lang='lat' dir='ltr'>omnia3</span> <span class='ocrx_word' id='word_1_33' title='bbox 1028 568 1154 601; x_wconf 90' lang='lat' dir='ltr'>nunc</span> <span class='ocrx_word' id='word_1_34' title='bbox 1186 551 1233 600; x_wconf 91' lang='lat' dir='ltr'>iu</span> <span class='ocrx_word' id='word_1_35' title='bbox 1268 570 1409 602; x_wconf 91' lang='lat' dir='ltr'>unum</span> <span class='ocrx_word' id='word_1_36' title='bbox 1443 552 1694 602; x_wconf 89' lang='lat' dir='ltr'>coniuncta</span> <span class='ocrx_word' id='word_1_37' title='bbox 1726 560 1863 615; x_wconf 89' lang='lat' dir='ltr'>sunt,</span> <span class='ocrx_word' id='word_1_38' title='bbox 1918 569 2033 602; x_wconf 90' lang='lat' dir='ltr'>con-</span> 
     </span>
     <span class='ocr_line' id='line_1_5' title="bbox 130 632 2032 704; baseline -0.001 -17"><span class='ocrx_word' id='word_1_39' title='bbox 130 637 286 687; x_wconf 88' lang='lat' dir='ltr'>ciliata</span> <span class='ocrx_word' id='word_1_40' title='bbox 315 636 518 689; x_wconf 90' lang='lat' dir='ltr'>invicem</span> <span class='ocrx_word' id='word_1_41' title='bbox 549 645 595 686; x_wconf 90' lang='lat' dir='ltr'>et</span> <span class='ocrx_word' id='word_1_42' title='bbox 626 636 778 687; x_wconf 88' lang='lat' dir='ltr'>amica</span> <span class='ocrx_word' id='word_1_43' title='bbox 827 635 1031 686; x_wconf 89' lang='lat' dir='ltr'>reddita.</span> <span class='ocrx_word' id='word_1_44' title='bbox 1111 632 1353 701; x_wconf 77' lang='lat' dir='ltr'><strong>Quocirca</strong></span> <span class='ocrx_word' id='word_1_45' title='bbox 1387 636 1479 685; x_wconf 92' lang='lat' dir='ltr'>duo</span> <span class='ocrx_word' id='word_1_46' title='bbox 1507 644 1618 685; x_wconf 89' lang='lat' dir='ltr'>sunt</span> <span class='ocrx_word' id='word_1_47' title='bbox 1648 636 1774 686; x_wconf 88' lang='lat' dir='ltr'>illius</span> <span class='ocrx_word' id='word_1_48' title='bbox 1805 636 2032 704; x_wconf 89' lang='lat' dir='ltr'>opinione</span> 
     </span>
     <span class='ocr_line' id='line_1_6' title="bbox 130 718 2034 790; baseline -0.001 -19"><span class='ocrx_word' id='word_1_49' title='bbox 130 721 390 790; x_wconf 89' lang='lat' dir='ltr'>principia,</span> <span class='ocrx_word' id='word_1_50' title='bbox 430 723 600 789; x_wconf 87' lang='lat' dir='ltr'>visque</span> <span class='ocrx_word' id='word_1_51' title='bbox 625 720 826 788; x_wconf 82' lang='lat' dir='ltr'>duplex,</span> <span class='ocrx_word' id='word_1_52' title='bbox 884 718 1130 769; x_wconf 78' lang='lat' dir='ltr'>inimicitia</span> <span class='ocrx_word' id='word_1_53' title='bbox 1161 727 1210 768; x_wconf 85' lang='lat' dir='ltr'>et</span> <span class='ocrx_word' id='word_1_54' title='bbox 1237 718 1473 782; x_wconf 81' lang='lat' dir='ltr'>amicitia3</span> <span class='ocrx_word' id='word_1_55' title='bbox 1531 736 1727 786; x_wconf 88' lang='lat' dir='ltr'>quarum</span> <span class='ocrx_word' id='word_1_56' title='bbox 1763 720 1855 769; x_wconf 92' lang='lat' dir='ltr'>ista</span> <span class='ocrx_word' id='word_1_57' title='bbox 1887 737 2034 788; x_wconf 90' lang='lat' dir='ltr'>copu-</span> 
     </span>
     <span class='ocr_line' id='line_1_7' title="bbox 130 803 1251 873; baseline -0.003 -18"><span class='ocrx_word' id='word_1_58' title='bbox 130 805 286 868; x_wconf 90' lang='lat' dir='ltr'>landi,</span> <span class='ocrx_word' id='word_1_59' title='bbox 328 805 406 855; x_wconf 75' lang='lat' dir='ltr'>issa</span> <span class='ocrx_word' id='word_1_60' title='bbox 448 804 704 873; x_wconf 87' lang='lat' dir='ltr'>separandi</span> <span class='ocrx_word' id='word_1_61' title='bbox 742 811 979 871; x_wconf 64' lang='lat' dir='ltr'>potesune</span> <span class='ocrx_word' id='word_1_62' title='bbox 1019 803 1251 871; x_wconf 67' lang='lat' dir='ltr'>praedsta.</span> 
     </span>
    </p>

    <p class='ocr_par' dir='ltr' id='par_1_3' title="bbox 128 885 2030 1039">
     <span class='ocr_line' id='line_1_8' title="bbox 267 885 2030 954; baseline 0 -15"><span class='ocrx_word' id='word_1_63' title='bbox 267 888 570 952; x_wconf 83' lang='lat' dir='ltr'>HeraclituS,</span> <span class='ocrx_word' id='word_1_64' title='bbox 634 886 859 939; x_wconf 91' lang='lat' dir='ltr'>Blesonis</span> <span class='ocrx_word' id='word_1_65' title='bbox 917 886 1067 950; x_wconf 83' lang='lat' dir='ltr'>filius,</span> <span class='ocrx_word' id='word_1_66' title='bbox 1136 885 1379 954; x_wconf 84' lang='lat' dir='ltr'>Ephesius</span> <span class='ocrx_word' id='word_1_67' title='bbox 1430 885 1530 954; x_wconf 83' lang='lat' dir='ltr'>igni</span> <span class='ocrx_word' id='word_1_68' title='bbox 1583 886 1816 953; x_wconf 80' lang='lat' dir='ltr'>originem</span> <span class='ocrx_word' id='word_1_69' title='bbox 1870 906 2030 939; x_wconf 90' lang='lat' dir='ltr'>rerum</span> 
     </span>
     <span class='ocr_line' id='line_1_9' title="bbox 128 970 1804 1039; baseline -0.001 -16"><span class='ocrx_word' id='word_1_70' title='bbox 128 972 334 1024; x_wconf 88' lang='lat' dir='ltr'>omnium</span> <span class='ocrx_word' id='word_1_71' title='bbox 377 973 708 1034; x_wconf 71' lang='lat' dir='ltr'>adscribebat,</span> <span class='ocrx_word' id='word_1_72' title='bbox 749 971 796 1021; x_wconf 90' lang='lat' dir='ltr'>in</span> <span class='ocrx_word' id='word_1_73' title='bbox 836 972 1135 1039; x_wconf 87' lang='lat' dir='ltr'>eundemque</span> <span class='ocrx_word' id='word_1_74' title='bbox 1173 970 1353 1021; x_wconf 91' lang='lat' dir='ltr'>resolvi</span> <span class='ocrx_word' id='word_1_75' title='bbox 1393 970 1590 1038; x_wconf 86' lang='lat' dir='ltr'>putabat</span> <span class='ocrx_word' id='word_1_76' title='bbox 1627 971 1804 1022; x_wconf 86' lang='lat' dir='ltr'>omnia.</span> 
     </span>
    </p>

    <p class='ocr_par' dir='ltr' id='par_1_4' title="bbox 125 1053 2033 1193">
     <span class='ocr_line' id='line_1_10' title="bbox 265 1053 2033 1125; baseline 0 -18"><span class='ocrx_word' id='word_1_77' title='bbox 265 1055 499 1107; x_wconf 90' lang='lat' dir='ltr'>Prodicus</span> <span class='ocrx_word' id='word_1_78' title='bbox 533 1056 721 1125; x_wconf 89' lang='lat' dir='ltr'>quidam</span> <span class='ocrx_word' id='word_1_79' title='bbox 766 1056 1003 1106; x_wconf 90' lang='lat' dir='ltr'>elementa</span> <span class='ocrx_word' id='word_1_80' title='bbox 1044 1053 1115 1105; x_wconf 96' lang='lat' dir='ltr'>lV</span> <span class='ocrx_word' id='word_1_81' title='bbox 1156 1055 1273 1104; x_wconf 88' lang='lat' dir='ltr'>deos</span> <span class='ocrx_word' id='word_1_82' title='bbox 1312 1054 1595 1122; x_wconf 86' lang='lat' dir='ltr'>appellavit,</span> <span class='ocrx_word' id='word_1_83' title='bbox 1656 1053 1766 1105; x_wconf 86' lang='lat' dir='ltr'>inde</span> <span class='ocrx_word' id='word_1_84' title='bbox 1796 1056 1945 1106; x_wconf 89' lang='lat' dir='ltr'>solem</span> <span class='ocrx_word' id='word_1_85' title='bbox 1986 1066 2033 1107; x_wconf 89' lang='lat' dir='ltr'>et</span> 
     </span>
     <span class='ocr_line' id='line_1_11' title="bbox 125 1138 1631 1193; baseline -0.003 -1"><span class='ocrx_word' id='word_1_86' title='bbox 125 1142 304 1193; x_wconf 89' lang='lat' dir='ltr'>lunam.</span> <span class='ocrx_word' id='word_1_87' title='bbox 382 1141 459 1191; x_wconf 90' lang='lat' dir='ltr'>Ab</span> <span class='ocrx_word' id='word_1_88' title='bbox 497 1140 556 1191; x_wconf 88' lang='lat' dir='ltr'>iis</span> <span class='ocrx_word' id='word_1_89' title='bbox 592 1141 717 1190; x_wconf 90' lang='lat' dir='ltr'>enim</span> <span class='ocrx_word' id='word_1_90' title='bbox 759 1139 951 1191; x_wconf 86' lang='lat' dir='ltr'>vitalem</span> <span class='ocrx_word' id='word_1_91' title='bbox 991 1138 1039 1188; x_wconf 89' lang='lat' dir='ltr'>in</span> <span class='ocrx_word' id='word_1_92' title='bbox 1080 1138 1238 1188; x_wconf 89' lang='lat' dir='ltr'>omnia</span> <span class='ocrx_word' id='word_1_93' title='bbox 1278 1138 1373 1188; x_wconf 91' lang='lat' dir='ltr'>vim</span> <span class='ocrx_word' id='word_1_94' title='bbox 1415 1138 1631 1192; x_wconf 83' lang='lat' dir='ltr'>diffundi.</span> 
     </span>
    </p>

    <p class='ocr_par' dir='ltr' id='par_1_5' title="bbox 120 1222 2032 1781">
     <span class='ocr_line' id='line_1_12' title="bbox 263 1222 2026 1275; baseline 0 0"><span class='ocrx_word' id='word_1_95' title='bbox 263 1223 403 1275; x_wconf 93' lang='lat' dir='ltr'>Plato</span> <span class='ocrx_word' id='word_1_96' title='bbox 433 1224 748 1275; x_wconf 79' lang='lat' dir='ltr'>Atheniensis</span> <span class='ocrx_word' id='word_1_97' title='bbox 785 1225 923 1274; x_wconf 88' lang='lat' dir='ltr'>deum</span> <span class='ocrx_word' id='word_1_98' title='bbox 967 1231 1014 1273; x_wconf 89' lang='lat' dir='ltr'>et</span> <span class='ocrx_word' id='word_1_99' title='bbox 1058 1222 1304 1273; x_wconf 82' lang='lat' dir='ltr'>materiam</span> <span class='ocrx_word' id='word_1_100' title='bbox 1347 1240 1401 1272; x_wconf 90' lang='lat' dir='ltr'>ac</span> <span class='ocrx_word' id='word_1_101' title='bbox 1438 1223 1636 1272; x_wconf 90' lang='lat' dir='ltr'>formam</span> <span class='ocrx_word' id='word_1_102' title='bbox 1681 1223 2026 1275; x_wconf 79' lang='lat' dir='ltr'>constituebat.</span> 
     </span>
     <span class='ocr_line' id='line_1_13' title="bbox 124 1306 2031 1378; baseline -0.001 -18"><span class='ocrx_word' id='word_1_103' title='bbox 124 1308 357 1361; x_wconf 87' lang='lat' dir='ltr'>Mundum</span> <span class='ocrx_word' id='word_1_104' title='bbox 391 1309 543 1377; x_wconf 88' lang='lat' dir='ltr'>ipsum</span> <span class='ocrx_word' id='word_1_105' title='bbox 583 1317 631 1359; x_wconf 91' lang='lat' dir='ltr'>et</span> <span class='ocrx_word' id='word_1_106' title='bbox 658 1309 935 1378; x_wconf 89' lang='lat' dir='ltr'>productum</span> <span class='ocrx_word' id='word_1_107' title='bbox 964 1316 1014 1358; x_wconf 86' lang='lat' dir='ltr'>et</span> <span class='ocrx_word' id='word_1_108' title='bbox 1039 1306 1335 1375; x_wconf 88' lang='lat' dir='ltr'>corruptioni</span> <span class='ocrx_word' id='word_1_109' title='bbox 1367 1306 1659 1371; x_wconf 77' lang='lat' dir='ltr'>obnoxium3</span> <span class='ocrx_word' id='word_1_110' title='bbox 1711 1308 1916 1358; x_wconf 90' lang='lat' dir='ltr'>animam</span> <span class='ocrx_word' id='word_1_111' title='bbox 1947 1326 2031 1359; x_wconf 91' lang='lat' dir='ltr'>ne—</span> 
     </span>
     <span class='ocr_line' id='line_1_14' title="bbox 124 1390 2031 1463; baseline -0.001 -19"><span class='ocrx_word' id='word_1_112' title='bbox 124 1412 215 1463; x_wconf 86' lang='lat' dir='ltr'>que</span> <span class='ocrx_word' id='word_1_113' title='bbox 244 1394 553 1463; x_wconf 89' lang='lat' dir='ltr'>productam,</span> <span class='ocrx_word' id='word_1_114' title='bbox 607 1401 652 1443; x_wconf 92' lang='lat' dir='ltr'>et</span> <span class='ocrx_word' id='word_1_115' title='bbox 681 1393 1027 1455; x_wconf 82' lang='lat' dir='ltr'>immortalem,</span> <span class='ocrx_word' id='word_1_116' title='bbox 1081 1392 1297 1458; x_wconf 89' lang='lat' dir='ltr'>adeoque</span> <span class='ocrx_word' id='word_1_117' title='bbox 1336 1390 1545 1442; x_wconf 88' lang='lat' dir='ltr'>divinam</span> <span class='ocrx_word' id='word_1_118' title='bbox 1581 1391 1837 1457; x_wconf 78' lang='lat' dir='ltr'>credebat3</span> <span class='ocrx_word' id='word_1_119' title='bbox 1895 1393 2031 1443; x_wconf 90' lang='lat' dir='ltr'>cuius</span> 
     </span>
     <span class='ocr_line' id='line_1_15' title="bbox 120 1475 2032 1547; baseline -0.001 -19"><span class='ocrx_word' id='word_1_120' title='bbox 120 1479 355 1547; x_wconf 84' lang='lat' dir='ltr'>triplicem</span> <span class='ocrx_word' id='word_1_121' title='bbox 386 1494 496 1529; x_wconf 89' lang='lat' dir='ltr'>esse</span> <span class='ocrx_word' id='word_1_122' title='bbox 525 1485 705 1545; x_wconf 88' lang='lat' dir='ltr'>partem</span> <span class='ocrx_word' id='word_1_123' title='bbox 725 1517 737 1541; x_wconf 91' lang='lat'>,</span> <span class='ocrx_word' id='word_1_124' title='bbox 778 1476 965 1527; x_wconf 91' lang='lat' dir='ltr'>ratione</span> <span class='ocrx_word' id='word_1_125' title='bbox 997 1476 1180 1526; x_wconf 88' lang='lat' dir='ltr'>scilicet</span> <span class='ocrx_word' id='word_1_126' title='bbox 1209 1475 1499 1543; x_wconf 82' lang='lat' dir='ltr'>praeditam,</span> <span class='ocrx_word' id='word_1_127' title='bbox 1541 1476 1862 1538; x_wconf 88' lang='lat' dir='ltr'>irascentem,</span> <span class='ocrx_word' id='word_1_128' title='bbox 1917 1494 2032 1526; x_wconf 92' lang='lat' dir='ltr'>con-</span> 
     </span>
     <span class='ocr_line' id='line_1_16' title="bbox 123 1558 2032 1631; baseline -0.002 -18"><span class='ocrx_word' id='word_1_129' title='bbox 123 1562 468 1631; x_wconf 86' lang='lat' dir='ltr'>cupiscentem.</span> <span class='ocrx_word' id='word_1_130' title='bbox 544 1560 752 1628; x_wconf 87' lang='lat' dir='ltr'>Nuptias</span> <span class='ocrx_word' id='word_1_131' title='bbox 782 1570 829 1611; x_wconf 91' lang='lat' dir='ltr'>et</span> <span class='ocrx_word' id='word_1_132' title='bbox 855 1577 1038 1612; x_wconf 84' lang='lat' dir='ltr'>uxores</span> <span class='ocrx_word' id='word_1_133' title='bbox 1066 1558 1362 1628; x_wconf 87' lang='lat' dir='ltr'>promiscuas</span> <span class='ocrx_word' id='word_1_134' title='bbox 1393 1577 1502 1610; x_wconf 86' lang='lat' dir='ltr'>esse</span> <span class='ocrx_word' id='word_1_135' title='bbox 1535 1559 1776 1623; x_wconf 76' lang='lat' dir='ltr'>omnibus,</span> <span class='ocrx_word' id='word_1_136' title='bbox 1820 1578 1875 1610; x_wconf 92' lang='lat' dir='ltr'>ac</span> <span class='ocrx_word' id='word_1_137' title='bbox 1902 1578 2032 1610; x_wconf 87' lang='lat' dir='ltr'>com-</span> 
     </span>
     <span class='ocr_line' id='line_1_17' title="bbox 123 1643 2032 1714; baseline -0.001 -17"><span class='ocrx_word' id='word_1_138' title='bbox 123 1664 293 1698; x_wconf 90' lang='lat' dir='ltr'>munes</span> <span class='ocrx_word' id='word_1_139' title='bbox 325 1646 545 1710; x_wconf 88' lang='lat' dir='ltr'>volebat,</span> <span class='ocrx_word' id='word_1_140' title='bbox 594 1662 734 1695; x_wconf 92' lang='lat' dir='ltr'>nemo</span> <span class='ocrx_word' id='word_1_141' title='bbox 767 1654 818 1695; x_wconf 92' lang='lat' dir='ltr'>ut</span> <span class='ocrx_word' id='word_1_142' title='bbox 845 1644 1066 1712; x_wconf 86' lang='lat' dir='ltr'>privatim</span> <span class='ocrx_word' id='word_1_143' title='bbox 1097 1643 1349 1712; x_wconf 86' lang='lat' dir='ltr'>coniugem</span> <span class='ocrx_word' id='word_1_144' title='bbox 1380 1661 1514 1694; x_wconf 89' lang='lat' dir='ltr'>suam</span> <span class='ocrx_word' id='word_1_145' title='bbox 1545 1645 1774 1709; x_wconf 87' lang='lat' dir='ltr'>haberet,</span> <span class='ocrx_word' id='word_1_146' title='bbox 1818 1646 1901 1695; x_wconf 90' lang='lat' dir='ltr'>sed</span> <span class='ocrx_word' id='word_1_147' title='bbox 1928 1645 2032 1714; x_wconf 92' lang='lat' dir='ltr'>qui-</span> 
     </span>
     <span class='ocr_line' id='line_1_18' title="bbox 121 1728 1385 1781; baseline -0.002 0"><span class='ocrx_word' id='word_1_148' title='bbox 121 1731 237 1781; x_wconf 86' lang='lat' dir='ltr'>libet</span> <span class='ocrx_word' id='word_1_149' title='bbox 275 1749 381 1781; x_wconf 92' lang='lat' dir='ltr'>cum</span> <span class='ocrx_word' id='word_1_150' title='bbox 419 1730 691 1781; x_wconf 89' lang='lat' dir='ltr'>volentibus</span> <span class='ocrx_word' id='word_1_151' title='bbox 731 1729 1128 1780; x_wconf 88' lang='lat' dir='ltr'>consuetudinem</span> <span class='ocrx_word' id='word_1_152' title='bbox 1170 1728 1385 1779; x_wconf 88' lang='lat' dir='ltr'>haberet.</span> 
     </span>
    </p>

    <p class='ocr_par' dir='ltr' id='par_1_6' title="bbox 120 1811 2031 2119">
     <span class='ocr_line' id='line_1_19' title="bbox 262 1811 2031 1883; baseline -0.001 -18"><span class='ocrx_word' id='word_1_153' title='bbox 262 1815 536 1883; x_wconf 60' lang='lat' dir='ltr'>.Arssfippus</span> <span class='ocrx_word' id='word_1_154' title='bbox 581 1811 866 1883; x_wconf 47' lang='lat' dir='ltr'>[huenaeus</span> <span class='ocrx_word' id='word_1_155' title='bbox 908 1813 1065 1863; x_wconf 68' lang='lat' dir='ltr'>venui</span> <span class='ocrx_word' id='word_1_156' title='bbox 1114 1813 1390 1881; x_wconf 64' lang='lat' dir='ltr'>gustumque</span> <span class='ocrx_word' id='word_1_157' title='bbox 1446 1813 1633 1864; x_wconf 65' lang='lat' dir='ltr'>dedssus</span> <span class='ocrx_word' id='word_1_158' title='bbox 1685 1830 1740 1863; x_wconf 92' lang='lat' dir='ltr'>ac</span> <span class='ocrx_word' id='word_1_159' title='bbox 1780 1813 2031 1881; x_wconf 64' lang='lat' dir='ltr'>vohqnua-</span> 
     </span>
     <span class='ocr_line' id='line_1_20' title="bbox 122 1897 2026 1966; baseline -0.001 -16"><span class='ocrx_word' id='word_1_160' title='bbox 122 1899 222 1950; x_wconf 89' lang='lat' dir='ltr'>rius</span> <span class='ocrx_word' id='word_1_161' title='bbox 262 1900 401 1949; x_wconf 86' lang='lat' dir='ltr'>finem</span> <span class='ocrx_word' id='word_1_162' title='bbox 433 1898 619 1948; x_wconf 87' lang='lat' dir='ltr'>animae</span> <span class='ocrx_word' id='word_1_163' title='bbox 651 1897 774 1948; x_wconf 85' lang='lat' dir='ltr'>dixit</span> <span class='ocrx_word' id='word_1_164' title='bbox 808 1915 918 1947; x_wconf 89' lang='lat' dir='ltr'>esse</span> <span class='ocrx_word' id='word_1_165' title='bbox 955 1898 1276 1966; x_wconf 73' lang='lat' dir='ltr'>voluptatem,</span> <span class='ocrx_word' id='word_1_166' title='bbox 1330 1915 1421 1965; x_wconf 88' lang='lat' dir='ltr'>qua</span> <span class='ocrx_word' id='word_1_167' title='bbox 1453 1897 1531 1964; x_wconf 87' lang='lat' dir='ltr'>qui</span> <span class='ocrx_word' id='word_1_168' title='bbox 1577 1897 1778 1959; x_wconf 82' lang='lat' dir='ltr'>fruitur,</span> <span class='ocrx_word' id='word_1_169' title='bbox 1837 1897 2026 1960; x_wconf 87' lang='lat' dir='ltr'>beatus,</span> 
     </span>
     <span class='ocr_line' id='line_1_21' title="bbox 122 1979 2031 2052; baseline -0.001 -18"><span class='ocrx_word' id='word_1_170' title='bbox 122 1984 199 2052; x_wconf 90' lang='lat' dir='ltr'>qui</span> <span class='ocrx_word' id='word_1_171' title='bbox 238 1983 431 2034; x_wconf 87' lang='lat' dir='ltr'>omnino</span> <span class='ocrx_word' id='word_1_172' title='bbox 471 1991 635 2045; x_wconf 87' lang='lat' dir='ltr'>caret,</span> <span class='ocrx_word' id='word_1_173' title='bbox 676 1981 1037 2032; x_wconf 89' lang='lat' dir='ltr'>infelicissimus</span> <span class='ocrx_word' id='word_1_174' title='bbox 1077 1982 1139 2031; x_wconf 94' lang='lat' dir='ltr'>sit</span> <span class='ocrx_word' id='word_1_175' title='bbox 1168 1999 1224 2031; x_wconf 91' lang='lat' dir='ltr'>ac</span> <span class='ocrx_word' id='word_1_176' title='bbox 1251 1981 1570 2032; x_wconf 79' lang='lat' dir='ltr'>miserrimus.</span> <span class='ocrx_word' id='word_1_177' title='bbox 1648 1979 1721 2031; x_wconf 88' lang='lat' dir='ltr'>Ita</span> <span class='ocrx_word' id='word_1_178' title='bbox 1748 1981 1890 2049; x_wconf 91' lang='lat' dir='ltr'>vulgo</span> <span class='ocrx_word' id='word_1_179' title='bbox 1930 1999 2031 2032; x_wconf 91' lang='lat' dir='ltr'>me-</span> 
     </span>
     <span class='ocr_line' id='line_1_22' title="bbox 120 2077 327 2119; baseline -0.005 0"><span class='ocrx_word' id='word_1_180' title='bbox 120 2077 327 2119; x_wconf 89' lang='lat' dir='ltr'>morant.</span> 
     </span>
    </p>

    <p class='ocr_par' dir='ltr' id='par_1_7' title="bbox 119 2149 2029 2708">
     <span class='ocr_line' id='line_1_23' title="bbox 260 2149 2029 2219; baseline -0.001 -16"><span class='ocrx_word' id='word_1_181' title='bbox 260 2152 550 2203; x_wconf 90' lang='lat' dir='ltr'>Theodorus</span> <span class='ocrx_word' id='word_1_182' title='bbox 589 2159 912 2218; x_wconf 88' lang='lat' dir='ltr'>cognomento</span> <span class='ocrx_word' id='word_1_183' title='bbox 947 2149 1135 2200; x_wconf 87' lang='lat' dir='ltr'>Atheus</span> <span class='ocrx_word' id='word_1_184' title='bbox 1179 2167 1300 2217; x_wconf 88' lang='lat' dir='ltr'>quae</span> <span class='ocrx_word' id='word_1_185' title='bbox 1338 2150 1395 2199; x_wconf 90' lang='lat' dir='ltr'>de</span> <span class='ocrx_word' id='word_1_186' title='bbox 1429 2150 1518 2200; x_wconf 89' lang='lat' dir='ltr'>deo</span> <span class='ocrx_word' id='word_1_187' title='bbox 1561 2150 1838 2200; x_wconf 89' lang='lat' dir='ltr'>dicerentur</span> <span class='ocrx_word' id='word_1_188' title='bbox 1876 2169 2029 2219; x_wconf 91' lang='lat' dir='ltr'>nugas</span> 
     </span>
     <span class='ocr_line' id='line_1_24' title="bbox 122 2231 2025 2303; baseline -0.001 -16"><span class='ocrx_word' id='word_1_189' title='bbox 122 2253 231 2287; x_wconf 91' lang='lat' dir='ltr'>esse</span> <span class='ocrx_word' id='word_1_190' title='bbox 263 2254 420 2288; x_wconf 89' lang='lat' dir='ltr'>meras</span> <span class='ocrx_word' id='word_1_191' title='bbox 453 2236 710 2287; x_wconf 88' lang='lat' dir='ltr'>arbitratus</span> <span class='ocrx_word' id='word_1_192' title='bbox 742 2244 842 2298; x_wconf 65' lang='lat' dir='ltr'>est,</span> <span class='ocrx_word' id='word_1_193' title='bbox 883 2235 1052 2303; x_wconf 90' lang='lat' dir='ltr'>quippe</span> <span class='ocrx_word' id='word_1_194' title='bbox 1088 2235 1225 2285; x_wconf 89' lang='lat' dir='ltr'>deum</span> <span class='ocrx_word' id='word_1_195' title='bbox 1259 2251 1368 2284; x_wconf 90' lang='lat' dir='ltr'>esse</span> <span class='ocrx_word' id='word_1_196' title='bbox 1397 2234 1596 2284; x_wconf 90' lang='lat' dir='ltr'>nullum.</span> <span class='ocrx_word' id='word_1_197' title='bbox 1677 2231 1752 2284; x_wconf 91' lang='lat' dir='ltr'>Ob</span> <span class='ocrx_word' id='word_1_198' title='bbox 1781 2235 1825 2285; x_wconf 91' lang='lat' dir='ltr'>id</span> <span class='ocrx_word' id='word_1_199' title='bbox 1857 2236 2025 2300; x_wconf 85' lang='lat' dir='ltr'>furari,</span> 
     </span>
     <span class='ocr_line' id='line_1_25' title="bbox 121 2318 2028 2389; baseline 0 -18"><span class='ocrx_word' id='word_1_200' title='bbox 121 2321 367 2389; x_wconf 87' lang='lat' dir='ltr'>peierare,</span> <span class='ocrx_word' id='word_1_201' title='bbox 409 2338 581 2389; x_wconf 86' lang='lat' dir='ltr'>rapere</span> <span class='ocrx_word' id='word_1_202' title='bbox 611 2320 842 2371; x_wconf 89' lang='lat' dir='ltr'>suadebat</span> <span class='ocrx_word' id='word_1_203' title='bbox 871 2319 1120 2383; x_wconf 86' lang='lat' dir='ltr'>omnibus,</span> <span class='ocrx_word' id='word_1_204' title='bbox 1176 2335 1331 2386; x_wconf 90' lang='lat' dir='ltr'>neque</span> <span class='ocrx_word' id='word_1_205' title='bbox 1362 2336 1447 2387; x_wconf 90' lang='lat' dir='ltr'>pro</span> <span class='ocrx_word' id='word_1_206' title='bbox 1475 2318 1628 2386; x_wconf 89' lang='lat' dir='ltr'>patria</span> <span class='ocrx_word' id='word_1_207' title='bbox 1655 2327 1854 2369; x_wconf 90' lang='lat' dir='ltr'>mortem</span> <span class='ocrx_word' id='word_1_208' title='bbox 1884 2338 2028 2387; x_wconf 89' lang='lat' dir='ltr'>oppe-</span> 
     </span>
     <span class='ocr_line' id='line_1_26' title="bbox 120 2403 2028 2475; baseline 0.001 -21"><span class='ocrx_word' id='word_1_209' title='bbox 120 2413 255 2468; x_wconf 84' lang='lat' dir='ltr'>tere3</span> <span class='ocrx_word' id='word_1_210' title='bbox 296 2404 485 2455; x_wconf 91' lang='lat' dir='ltr'>unicam</span> <span class='ocrx_word' id='word_1_211' title='bbox 513 2404 640 2454; x_wconf 84' lang='lat' dir='ltr'>enim</span> <span class='ocrx_word' id='word_1_212' title='bbox 669 2405 866 2475; x_wconf 85' lang='lat' dir='ltr'>patriam</span> <span class='ocrx_word' id='word_1_213' title='bbox 896 2421 1005 2454; x_wconf 90' lang='lat' dir='ltr'>esse</span> <span class='ocrx_word' id='word_1_214' title='bbox 1033 2403 1288 2466; x_wconf 86' lang='lat' dir='ltr'>mundum,</span> <span class='ocrx_word' id='word_1_215' title='bbox 1347 2420 1551 2470; x_wconf 88' lang='lat' dir='ltr'>eumque</span> <span class='ocrx_word' id='word_1_216' title='bbox 1585 2405 1912 2454; x_wconf 86' lang='lat' dir='ltr'>tautummodo</span> <span class='ocrx_word' id='word_1_217' title='bbox 1942 2405 2028 2455; x_wconf 94' lang='lat' dir='ltr'>bo-</span> 
     </span>
     <span class='ocr_line' id='line_1_27' title="bbox 120 2487 2029 2556; baseline 0.001 -18"><span class='ocrx_word' id='word_1_218' title='bbox 120 2507 231 2538; x_wconf 91' lang='lat' dir='ltr'>num</span> <span class='ocrx_word' id='word_1_219' title='bbox 266 2506 374 2539; x_wconf 87' lang='lat' dir='ltr'>esse</span> <span class='ocrx_word' id='word_1_220' title='bbox 401 2489 479 2556; x_wconf 89' lang='lat' dir='ltr'>qui</span> <span class='ocrx_word' id='word_1_221' title='bbox 512 2489 574 2539; x_wconf 86' lang='lat' dir='ltr'>sit</span> <span class='ocrx_word' id='word_1_222' title='bbox 601 2489 800 2552; x_wconf 82' lang='lat' dir='ltr'>beatus3</span> <span class='ocrx_word' id='word_1_223' title='bbox 861 2487 1075 2556; x_wconf 88' lang='lat' dir='ltr'>quisquis</span> <span class='ocrx_word' id='word_1_224' title='bbox 1116 2495 1273 2538; x_wconf 91' lang='lat' dir='ltr'>autem</span> <span class='ocrx_word' id='word_1_225' title='bbox 1313 2487 1486 2538; x_wconf 84' lang='lat' dir='ltr'>infelix</span> <span class='ocrx_word' id='word_1_226' title='bbox 1515 2495 1672 2550; x_wconf 83' lang='lat' dir='ltr'>esset,</span> <span class='ocrx_word' id='word_1_227' title='bbox 1728 2490 1916 2539; x_wconf 89' lang='lat' dir='ltr'>tametsi</span> <span class='ocrx_word' id='word_1_228' title='bbox 1950 2507 2029 2540; x_wconf 90' lang='lat' dir='ltr'>sa-</span> 
     </span>
     <span class='ocr_line' id='line_1_28' title="bbox 119 2570 2029 2641; baseline 0.002 -19"><span class='ocrx_word' id='word_1_229' title='bbox 119 2573 255 2641; x_wconf 91' lang='lat' dir='ltr'>piens</span> <span class='ocrx_word' id='word_1_230' title='bbox 286 2574 436 2636; x_wconf 85' lang='lat' dir='ltr'>foret,</span> <span class='ocrx_word' id='word_1_231' title='bbox 494 2590 603 2623; x_wconf 89' lang='lat' dir='ltr'>esse</span> <span class='ocrx_word' id='word_1_232' title='bbox 637 2574 933 2640; x_wconf 86' lang='lat' dir='ltr'>fugiendum.</span> <span class='ocrx_word' id='word_1_233' title='bbox 1013 2570 1236 2639; x_wconf 87' lang='lat' dir='ltr'>Denique</span> <span class='ocrx_word' id='word_1_234' title='bbox 1280 2572 1357 2622; x_wconf 91' lang='lat' dir='ltr'>vel</span> <span class='ocrx_word' id='word_1_235' title='bbox 1396 2571 1703 2641; x_wconf 89' lang='lat' dir='ltr'>insipientem</span> <span class='ocrx_word' id='word_1_236' title='bbox 1739 2581 1881 2640; x_wconf 86' lang='lat' dir='ltr'>atque</span> <span class='ocrx_word' id='word_1_237' title='bbox 1913 2592 2029 2624; x_wconf 91' lang='lat' dir='ltr'>con-</span> 
     </span>
     <span class='ocr_line' id='line_1_29' title="bbox 119 2657 1126 2708; baseline -0.001 -1"><span class='ocrx_word' id='word_1_238' title='bbox 119 2666 351 2707; x_wconf 91' lang='lat' dir='ltr'>tumacem</span> <span class='ocrx_word' id='word_1_239' title='bbox 392 2657 587 2708; x_wconf 90' lang='lat' dir='ltr'>divitem</span> <span class='ocrx_word' id='word_1_240' title='bbox 626 2657 956 2707; x_wconf 86' lang='lat' dir='ltr'>asciscendum</span> <span class='ocrx_word' id='word_1_241' title='bbox 996 2673 1126 2706; x_wconf 91' lang='lat' dir='ltr'>esse.</span> 
     </span>
    </p>

    <p class='ocr_par' dir='ltr' id='par_1_8' title="bbox 114 2738 2028 3147">
     <span class='ocr_line' id='line_1_30' title="bbox 257 2738 2024 2810; baseline 0.001 -19"><span class='ocrx_word' id='word_1_242' title='bbox 257 2740 497 2810; x_wconf 88' lang='lat' dir='ltr'>Hegesias</span> <span class='ocrx_word' id='word_1_243' title='bbox 543 2738 831 2810; x_wconf 86' lang='lat' dir='ltr'>Cyrenaeus</span> <span class='ocrx_word' id='word_1_244' title='bbox 874 2740 1129 2791; x_wconf 84' lang='lat' dir='ltr'>amicitiam</span> <span class='ocrx_word' id='word_1_245' title='bbox 1184 2758 1239 2791; x_wconf 91' lang='lat' dir='ltr'>ac</span> <span class='ocrx_word' id='word_1_246' title='bbox 1290 2741 1492 2807; x_wconf 87' lang='lat' dir='ltr'>gratiam</span> <span class='ocrx_word' id='word_1_247' title='bbox 1537 2741 1750 2792; x_wconf 84' lang='lat' dir='ltr'>funditus</span> <span class='ocrx_word' id='word_1_248' title='bbox 1799 2742 2024 2806; x_wconf 86' lang='lat' dir='ltr'>tollebat3</span> 
     </span>
     <span class='ocr_line' id='line_1_31' title="bbox 119 2823 2028 2894; baseline -0.001 -18"><span class='ocrx_word' id='word_1_249' title='bbox 119 2843 206 2876; x_wconf 89' lang='lat' dir='ltr'>nec</span> <span class='ocrx_word' id='word_1_250' title='bbox 243 2826 362 2876; x_wconf 87' lang='lat' dir='ltr'>ullas</span> <span class='ocrx_word' id='word_1_251' title='bbox 401 2843 510 2875; x_wconf 89' lang='lat' dir='ltr'>esse</span> <span class='ocrx_word' id='word_1_252' title='bbox 551 2824 760 2874; x_wconf 88' lang='lat' dir='ltr'>dicebat.</span> <span class='ocrx_word' id='word_1_253' title='bbox 836 2823 963 2875; x_wconf 90' lang='lat' dir='ltr'>Nam</span> <span class='ocrx_word' id='word_1_254' title='bbox 1004 2834 1084 2875; x_wconf 92' lang='lat' dir='ltr'>aut</span> <span class='ocrx_word' id='word_1_255' title='bbox 1128 2833 1349 2892; x_wconf 88' lang='lat' dir='ltr'>egentem</span> <span class='ocrx_word' id='word_1_256' title='bbox 1394 2824 1593 2876; x_wconf 89' lang='lat' dir='ltr'>alterius</span> <span class='ocrx_word' id='word_1_257' title='bbox 1634 2843 1779 2894; x_wconf 90' lang='lat' dir='ltr'>opera</span> <span class='ocrx_word' id='word_1_258' title='bbox 1820 2825 1943 2876; x_wconf 90' lang='lat' dir='ltr'>inire</span> <span class='ocrx_word' id='word_1_259' title='bbox 1970 2826 2028 2875; x_wconf 90' lang='lat' dir='ltr'>ab</span> 
     </span>
     <span class='ocr_line' id='line_1_32' title="bbox 119 2908 2028 2979; baseline -0.001 -18"><span class='ocrx_word' id='word_1_260' title='bbox 119 2929 177 2961; x_wconf 92' lang='lat' dir='ltr'>eo</span> <span class='ocrx_word' id='word_1_261' title='bbox 206 2911 440 2979; x_wconf 79' lang='lat' dir='ltr'>gratiam3</span> <span class='ocrx_word' id='word_1_262' title='bbox 483 2919 564 2959; x_wconf 90' lang='lat' dir='ltr'>aut</span> <span class='ocrx_word' id='word_1_263' title='bbox 590 2908 771 2959; x_wconf 89' lang='lat' dir='ltr'>maiore</span> <span class='ocrx_word' id='word_1_264' title='bbox 800 2908 1020 2958; x_wconf 83' lang='lat' dir='ltr'>affectum</span> <span class='ocrx_word' id='word_1_265' title='bbox 1050 2908 1285 2958; x_wconf 85' lang='lat' dir='ltr'>beneficio</span> <span class='ocrx_word' id='word_1_266' title='bbox 1314 2909 1527 2959; x_wconf 90' lang='lat' dir='ltr'>vicissim</span> <span class='ocrx_word' id='word_1_267' title='bbox 1559 2911 1847 2978; x_wconf 89' lang='lat' dir='ltr'>rependere.</span> <span class='ocrx_word' id='word_1_268' title='bbox 1925 2908 2028 2959; x_wconf 92' lang='lat' dir='ltr'>Ho-</span> 
     </span>
     <span class='ocr_line' id='line_1_33' title="bbox 116 2992 2028 3062; baseline -0.001 -17"><span class='ocrx_word' id='word_1_269' title='bbox 116 2995 231 3045; x_wconf 90' lang='lat' dir='ltr'>mini</span> <span class='ocrx_word' id='word_1_270' title='bbox 271 2995 394 3045; x_wconf 91' lang='lat' dir='ltr'>malo</span> <span class='ocrx_word' id='word_1_271' title='bbox 439 2994 584 3043; x_wconf 89' lang='lat' dir='ltr'>vitam</span> <span class='ocrx_word' id='word_1_272' title='bbox 629 2992 894 3060; x_wconf 79' lang='lat' dir='ltr'>expedire3</span> <span class='ocrx_word' id='word_1_273' title='bbox 946 2992 1148 3060; x_wconf 89' lang='lat' dir='ltr'>sapienti</span> <span class='ocrx_word' id='word_1_274' title='bbox 1196 3001 1398 3043; x_wconf 89' lang='lat' dir='ltr'>mortem</span> <span class='ocrx_word' id='word_1_275' title='bbox 1435 2993 1614 3044; x_wconf 89' lang='lat' dir='ltr'>aiebat.</span> <span class='ocrx_word' id='word_1_276' title='bbox 1692 2993 1830 3045; x_wconf 89' lang='lat' dir='ltr'>Unde</span> <span class='ocrx_word' id='word_1_277' title='bbox 1871 3011 1896 3043; x_wconf 93' lang='lat' dir='ltr'>a</span> <span class='ocrx_word' id='word_1_278' title='bbox 1927 2994 2028 3062; x_wconf 90' lang='lat' dir='ltr'>ple-</span> 
     </span>
     <span class='ocr_line' id='line_1_34' title="bbox 114 3073 1746 3147; baseline -0.001 -17"><span class='ocrx_word' id='word_1_279' title='bbox 114 3080 278 3147; x_wconf 88' lang='lat' dir='ltr'>risque</span> <span class='ocrx_word' id='word_1_280' title='bbox 316 3073 687 3137; x_wconf 80' lang='grc' dir='ltr'><em>πεισιθάνατος,</em></span> <span class='ocrx_word' id='word_1_281' title='bbox 728 3077 771 3126; x_wconf 93' lang='lat' dir='ltr'>id</span> <span class='ocrx_word' id='word_1_282' title='bbox 812 3086 885 3126; x_wconf 90' lang='lat' dir='ltr'>est</span> <span class='ocrx_word' id='word_1_283' title='bbox 923 3077 1092 3126; x_wconf 90' lang='lat' dir='ltr'>mortis</span> <span class='ocrx_word' id='word_1_284' title='bbox 1132 3094 1307 3126; x_wconf 89' lang='lat' dir='ltr'>suasor</span> <span class='ocrx_word' id='word_1_285' title='bbox 1343 3078 1610 3145; x_wconf 89' lang='lat' dir='ltr'>appellatus</span> <span class='ocrx_word' id='word_1_286' title='bbox 1652 3087 1746 3128; x_wconf 90' lang='lat' dir='ltr'>est.</span> 
     </span>
    </p>

    <p class='ocr_par' dir='ltr' id='par_1_9' title="bbox 113 3159 2025 3483">
     <span class='ocr_line' id='line_1_35' title="bbox 254 3159 2020 3230; baseline -0.001 -17"><span class='ocrx_word' id='word_1_287' title='bbox 254 3163 573 3213; x_wconf 89' lang='lat' dir='ltr'>Antisthenes</span> <span class='ocrx_word' id='word_1_288' title='bbox 605 3178 630 3211; x_wconf 90' lang='lat' dir='ltr'>e</span> <span class='ocrx_word' id='word_1_289' title='bbox 657 3160 865 3211; x_wconf 87' lang='lat' dir='ltr'>Thracia</span> <span class='ocrx_word' id='word_1_290' title='bbox 898 3169 1047 3210; x_wconf 89' lang='lat' dir='ltr'>matre</span> <span class='ocrx_word' id='word_1_291' title='bbox 1077 3160 1284 3211; x_wconf 87' lang='lat' dir='ltr'>Athenis</span> <span class='ocrx_word' id='word_1_292' title='bbox 1316 3170 1456 3211; x_wconf 91' lang='lat' dir='ltr'>natus</span> <span class='ocrx_word' id='word_1_293' title='bbox 1486 3162 1685 3230; x_wconf 89' lang='lat' dir='ltr'>primum</span> <span class='ocrx_word' id='word_1_294' title='bbox 1716 3159 2020 3224; x_wconf 89' lang='lat' dir='ltr'>Socraticus,</span> 
     </span>
     <span class='ocr_line' id='line_1_36' title="bbox 116 3243 2025 3316; baseline -0.001 -19"><span class='ocrx_word' id='word_1_295' title='bbox 116 3247 284 3297; x_wconf 87' lang='lat' dir='ltr'>deinde</span> <span class='ocrx_word' id='word_1_296' title='bbox 316 3244 532 3316; x_wconf 88' lang='lat' dir='ltr'>Cynicus</span> <span class='ocrx_word' id='word_1_297' title='bbox 575 3245 754 3295; x_wconf 85' lang='lat' dir='ltr'>extitit.</span> <span class='ocrx_word' id='word_1_298' title='bbox 832 3243 925 3294; x_wconf 89' lang='lat' dir='ltr'>Hic</span> <span class='ocrx_word' id='word_1_299' title='bbox 955 3245 1156 3294; x_wconf 83' lang='lat' dir='ltr'>aliorum</span> <span class='ocrx_word' id='word_1_300' title='bbox 1190 3245 1375 3295; x_wconf 87' lang='lat' dir='ltr'>scelera</span> <span class='ocrx_word' id='word_1_301' title='bbox 1418 3263 1473 3296; x_wconf 90' lang='lat' dir='ltr'>ac</span> <span class='ocrx_word' id='word_1_302' title='bbox 1504 3246 1821 3314; x_wconf 88' lang='lat' dir='ltr'>turpitudines</span> <span class='ocrx_word' id='word_1_303' title='bbox 1861 3263 2025 3295; x_wconf 89' lang='lat' dir='ltr'>aemu-</span> 
     </span>
     <span class='ocr_line' id='line_1_37' title="bbox 113 3326 2022 3398; baseline -0.001 -17"><span class='ocrx_word' id='word_1_304' title='bbox 113 3331 199 3381; x_wconf 88' lang='lat' dir='ltr'>lari</span> <span class='ocrx_word' id='word_1_305' title='bbox 232 3331 468 3381; x_wconf 86' lang='lat' dir='ltr'>neminem</span> <span class='ocrx_word' id='word_1_306' title='bbox 499 3339 724 3398; x_wconf 87' lang='lat' dir='ltr'>oportere</span> <span class='ocrx_word' id='word_1_307' title='bbox 760 3329 939 3378; x_wconf 89' lang='lat' dir='ltr'>docuit.</span> <span class='ocrx_word' id='word_1_308' title='bbox 1017 3326 1218 3378; x_wconf 86' lang='lat' dir='ltr'>Urbium</span> <span class='ocrx_word' id='word_1_309' title='bbox 1252 3329 1440 3379; x_wconf 89' lang='lat' dir='ltr'>moenia</span> <span class='ocrx_word' id='word_1_310' title='bbox 1475 3331 1709 3380; x_wconf 90' lang='lat' dir='ltr'>adversus</span> <span class='ocrx_word' id='word_1_311' title='bbox 1741 3330 2022 3380; x_wconf 89' lang='lat' dir='ltr'>intestinum</span> 
     </span>
     <span class='ocr_line' id='line_1_38' title="bbox 115 3413 2023 3483; baseline -0.001 -18"><span class='ocrx_word' id='word_1_312' title='bbox 115 3415 406 3483; x_wconf 88' lang='lat' dir='ltr'>proditorem</span> <span class='ocrx_word' id='word_1_313' title='bbox 444 3414 713 3477; x_wconf 82' lang='lat' dir='ltr'>imbecilla,</span> <span class='ocrx_word' id='word_1_314' title='bbox 770 3413 957 3462; x_wconf 88' lang='lat' dir='ltr'>animae</span> <span class='ocrx_word' id='word_1_315' title='bbox 989 3429 1108 3462; x_wconf 82' lang='lat' dir='ltr'>vero</span> <span class='ocrx_word' id='word_1_316' title='bbox 1147 3413 1280 3462; x_wconf 83' lang='lat' dir='ltr'>firma</span> <span class='ocrx_word' id='word_1_317' title='bbox 1319 3423 1367 3462; x_wconf 91' lang='lat' dir='ltr'>et</span> <span class='ocrx_word' id='word_1_318' title='bbox 1400 3414 1686 3465; x_wconf 87' lang='lat' dir='ltr'>inconcussa</span> <span class='ocrx_word' id='word_1_319' title='bbox 1727 3414 1916 3464; x_wconf 88' lang='lat' dir='ltr'>moenia</span> <span class='ocrx_word' id='word_1_320' title='bbox 1953 3414 2023 3464; x_wconf 89' lang='lat' dir='ltr'>di-</span> 
     </span>
    </p>
   </div>
   <div class='ocr_carea' id='block_1_3' title="bbox 115 3499 271 3549">
    <p class='ocr_par' dir='ltr' id='par_1_10' title="bbox 115 3499 271 3549">
     <span class='ocr_line' id='line_1_39' title="bbox 115 3499 271 3549; baseline -0.006 0"><span class='ocrx_word' id='word_1_321' title='bbox 115 3499 271 3549; x_wconf 89' lang='lat' dir='ltr'>cebat.</span> 
     </span>
    </p>
   </div>
   <div class='ocr_carea' id='block_1_4' title="bbox 111 3664 2027 3829">
    <p class='ocr_par' dir='ltr' id='par_1_11' title="bbox 111 3664 2027 3829">
     <span class='ocr_line' id='line_1_40' title="bbox 168 3664 2027 3718; baseline 0.001 -12"><span class='ocrx_word' id='word_1_322' title='bbox 168 3664 209 3706; x_wconf 80' lang='lat'>9.</span> <span class='ocrx_word' id='word_1_323' title='bbox 242 3664 376 3718; x_wconf 77' lang='grc' dir='ltr'>ἕτερον</span> <span class='ocrx_word' id='word_1_324' title='bbox 400 3679 474 3706; x_wconf 79' lang='lat' dir='ltr'>non</span> <span class='ocrx_word' id='word_1_325' title='bbox 501 3668 612 3706; x_wconf 80' lang='lat' dir='ltr'>habet</span> <span class='ocrx_word' id='word_1_326' title='bbox 633 3668 715 3708; x_wconf 84' lang='lat' dir='ltr'>cod.</span> <span class='ocrx_word' id='word_1_327' title='bbox 742 3666 900 3715; x_wconf 68' lang='lat' dir='ltr'>Rhedigl.</span> <span class='ocrx_word' id='word_1_328' title='bbox 943 3667 1037 3703; x_wconf 77' lang='lat' dir='ltr'>For·</span> <span class='ocrx_word' id='word_1_329' title='bbox 1095 3667 1180 3703; x_wconf 75' lang='lat' dir='ltr'>tulit</span> <span class='ocrx_word' id='word_1_330' title='bbox 1207 3664 1302 3703; x_wconf 89' lang='lat' dir='ltr'>Non</span> <span class='ocrx_word' id='word_1_331' title='bbox 1338 3664 1556 3704; x_wconf 85' lang='lat' dir='ltr'>convenire</span> <span class='ocrx_word' id='word_1_332' title='bbox 1575 3665 1766 3705; x_wconf 87' lang='lat' dir='ltr'>aemulari</span> <span class='ocrx_word' id='word_1_333' title='bbox 1793 3666 1901 3707; x_wconf 86' lang='lat' dir='ltr'>mala</span> <span class='ocrx_word' id='word_1_334' title='bbox 1925 3666 2027 3708; x_wconf 84' lang='lat' dir='ltr'>alio-</span> 
     </span>
     <span class='ocr_line' id='line_1_41' title="bbox 113 3720 1781 3775; baseline 0.002 -16"><span class='ocrx_word' id='word_1_335' title='bbox 113 3726 212 3761; x_wconf 79' lang='lat' dir='ltr'>tasse</span> <span class='ocrx_word' id='word_1_336' title='bbox 249 3724 491 3762; x_wconf 82' lang='lat' dir='ltr'>scribendum</span> <span class='ocrx_word' id='word_1_337' title='bbox 530 3720 706 3774; x_wconf 78' lang='grc' dir='ltr'><strong>ἑτέρων,</strong></span> <span class='ocrx_word' id='word_1_338' title='bbox 748 3724 849 3771; x_wconf 81' lang='lat' dir='ltr'>quod</span> <span class='ocrx_word' id='word_1_339' title='bbox 892 3723 1040 3759; x_wconf 84' lang='lat' dir='ltr'>Corna-</span> <span class='ocrx_word' id='word_1_340' title='bbox 1098 3735 1186 3759; x_wconf 89' lang='lat' dir='ltr'>rum</span> <span class='ocrx_word' id='word_1_341' title='bbox 1217 3728 1286 3759; x_wconf 86' lang='lat' dir='ltr'>aut</span> <span class='ocrx_word' id='word_1_342' title='bbox 1316 3720 1465 3760; x_wconf 87' lang='lat' dir='ltr'>alienas</span> <span class='ocrx_word' id='word_1_343' title='bbox 1497 3721 1781 3775; x_wconf 58' lang='lat' dir='ltr'>turpitudine&amp;</span> 
     </span>
     <span class='ocr_line' id='line_1_42' title="bbox 111 3779 1046 3829; baseline -0.003 -11"><span class='ocrx_word' id='word_1_344' title='bbox 111 3780 192 3818; x_wconf 81' lang='lat' dir='ltr'>rius</span> <span class='ocrx_word' id='word_1_345' title='bbox 206 3790 350 3829; x_wconf 81' lang='lat' dir='ltr'>quoque</span> <span class='ocrx_word' id='word_1_346' title='bbox 375 3780 560 3818; x_wconf 78' lang='lat' dir='ltr'>censuisse</span> <span class='ocrx_word' id='word_1_347' title='bbox 582 3780 746 3828; x_wconf 82' lang='lat' dir='ltr'>videtur,</span> <span class='ocrx_word' id='word_1_348' title='bbox 770 3782 812 3817; x_wconf 82' lang='lat' dir='ltr'>ut</span> <span class='ocrx_word' id='word_1_349' title='bbox 834 3779 899 3829; x_wconf 77' lang='lat' dir='ltr'>qui</span> <span class='ocrx_word' id='word_1_350' title='bbox 918 3781 1046 3816; x_wconf 82' lang='lat' dir='ltr'>trans-</span> 
     </span>
    </p>
   </div>
  </div>
 </body>
</html>
