2508 4134
661 286 800 331 τοΜῐ
830 288 1040 330 emonis
1071 289 1204 330 PARS
1234 289 1546 330 Pos‘rssmon.
1950 278 2049 329 645

159 377 217 429 ὦν
245 382 270 430 ὅ
294 384 384 435 υἱὸς
413 385 459 431 τὸ
488 385 723 431 κατά-Ὑση.
754 409 807 418 -
862 385 888 426 l.
905 385 944 428 3.
973 387 1025 426 ab
1049 386 1125 428 inf.
1153 382 1278 430 Οῧτω
1305 384 1384 441 γάρ
1411 386 1484 430 καὶ
1506 388 1607 427 Ven.
1656 386 1769 426 Idem
1796 385 1895 427 ibid.
1928 385 2051 440 paulo

157 463 253 510 post
286 451 310 499 ὃ
335 452 577 510 ἠκούσαμεν
604 455 687 500 καὶ.
717 480 770 488 -
826 456 854 498 l.
882 455 951 496 uIt.
977 451 1015 505 ὅ,
1046 464 1142 496 ante
1169 453 1416 511 ἐρχόμενος,
1447 470 1524 496 om.
1556 458 1659 497 Ven-

267 527 397 583 Pag.
419 527 544 571 164.
600 526 628 567 l.
655 526 694 568 3.
724 517 793 570 οὖν
820 522 1028 574 ὦςὸεός,
1059 524 1163 581 ἔχων
1190 524 1236 569 δὲ
1265 521 1396 569 ἀΐδιον
1426 522 1550 569 αὐτοῦ
1575 527 1675 566 Ven.
1732 526 1760 566 1.
1791 526 1828 567 5.
1859 517 1941 579 ἀρα
1966 539 2050 567 πα-

158 595 257 648 τέρα
286 590 456 649 ἄπεισι,
487 595 581 651 λέγε
610 610 700 651 μοι,
731 587 766 638 ὦ
794 591 970 650 ἀνόητε,
999 589 1029 648 ἦ
1055 592 1176 637 πάλιν
1204 592 1283 648 γὰρ
1310 594 1439 649 λέγειν
1469 596 1566 649 (sic)
1595 597 1694 635 Ven.
1725 619 1778 626 —
1837 595 1863 634 I.
1889 597 1928 636 8.
1959 596 2049 638 νοῦν

158 663 343 719 συλλέγει
371 663 438 707 ἐπὶ
466 667 566 706 Ven.
625 665 737 706 Idem
765 665 791 707 Ι.
821 666 884 706 10.
917 665 986 707 τοῦ
1014 662 1172 716 πατρὸς
1198 662 1268 706 τὸν
1295 663 1382 706 υἱὸν
1409 673 1449 704 et
1476 665 1626 704 deinde
1654 662 1713 713 ῶς
1741 662 1763 708 0‘
1787 660 1968 718 ”Αρειος.
1997 688 2048 695 -

154 734 181 775 1.
210 735 273 776 11.
311 734 548 788 νομίζοντας
585 733 654 778 τὸν
692 731 816 779 αύτὲν
853 731 955 778 εἶναι
986 733 1143 787 πατέρα
1182 735 1284 774 ven.
1343 734 1454 773 Idem
1490 734 1517 774 I.
1552 734 1615 775 12.
1657 732 1801 783 καὶῐώς
1832 730 1964 789 κάγώ.
1994 758 2051 766 -

153 801 276 848 1.’,1-’1.
307 803 366 851 εἰς
395 803 519 856 μέσον
548 804 657 858 (sine
677 802 747 851 τὸ)
772 806 875 846 Ven.
908 826 957 835 ——
1029 803 1057 843 I.
1091 805 1150 844 15.
1183 801 1431 858 συναλειφῆν
1468 805 1569 844 Ven.
1602 826 1650 834 —
1709 804 1736 843 l.
1770 806 1829 845 18.
1873 804 2048 858 φάσκων

154 868 231 926 ὅτι,
261 872 399 923 Δεῖξον
427 875 528 913 Ven.
563 897 619 904 —
673 874 700 915 I.
727 875 781 915 ‘20
807 882 849 914 et
872 875 936 915 21.
982 872 1234 927 σημαίνοντα
1275 870 1419 915 ἑαυτὸν
1456 874 1558 913 Ven.
1616 873 1728 912 Idem
1765 873 1792 912 I.
1821 873 1889 914 22.
1918 868 2049 917 ’Ἄλλο

153 939 232 997 γάρ
270 940 332 986 Τὸ
378 940 448 985 τὸν
486 943 644 997 πατέρα
672 943 744 986 καὶ
768 939 865 987 ἄλλο
891 939 1002 997 Ἐμὲ
1027 943 1131 997 (sine
1156 939 1239 995 τὸ).
1270 965 1323 973 —-
1380 942 1408 982 I.
1434 941 1500 983 26.
1530 939 1581 983 ‘O
1610 941 1685 996 ἐμὲ
1714 940 1912 995 ἑωρακώς
1946 941 2042 997 ἓιόρ.

150 1013 252 1053 Ven.
313 1012 423 1052 Idem
449 1012 476 1053 l.
497 1013 563 1054 28.
593 1009 937 1067 ἀπαλλοτριοῦσαν
973 1013 1074 1053 ven.
1134 1012 1248 1052 Idem
1272 1011 1297 1051 I.
1325 1011 1391 1053 30.
1435 1007 1592 1054 ύποτιῇ.
1630 1011 1814 1067 νῆ-ψομεν
1850 1012 1921 1055 καὶ
1948 1013 2047 1056 τοῦ-

150 1096 230 1124 τον.
264 1105 313 1112 ——
370 1082 396 1122 l.
424 1080 462 1124 4.
497 1084 548 1123 ab
574 1083 649 1124 inf.
694 1080 886 1137 εύώνυμα
924 1081 995 1125 καὶ
1033 1081 1241 1129 κλίναντες
1277 1078 1357 1124 ἀπὸ
1385 1076 1619 1135 τῆςαύτοῦ
1647 1096 1693 1123 τε
1720 1081 1894 1136 καὶτῆς
1920 1079 2045 1126 αύτοῦ

151 1151 308 1207 σχολῆς
340 1153 557 1207 μοχθηροῖς
586 1156 684 1194 Ven.
745 1153 857 1193 Idem
880 1153 907 1192 1.
934 1153 1006 1192 ult.
1040 1150 1283 1202 ξενολεξίων.

260 1222 390 1279 Pag.
411 1224 535 1268 166.
590 1224 616 1263 l.
637 1225 674 1264 2.
706 1221 770 1277 λη’
796 1216 828 1276 ἧ
856 1221 927 1264 καὶ
950 1216 1018 1275 νη’.
1042 1222 1143 1261 Ven.
1174 1244 1224 1251 -—
1267 1221 1292 1260 l.
1318 1222 1343 1262 2
1371 1229 1412 1262 et
1434 1221 1474 1262 3.
1506 1221 1689 1261 Restitue
1718 1217 1890 1275 Ούάλης
1913 1213 2043 1271 οὗτος.

147 1289 234 1332 Καὶ
256 1288 303 1334 τὸ
335 1291 418 1343 μὲν.
480 1295 522 1332 In
555 1294 673 1341 Ven„
703 1300 809 1332 teste
838 1292 918 1332 alio
947 1291 1014 1346 qui
1039 1304 1129 1331 eum
1154 1290 1353 1344 inspexit,
1398 1290 1546 1344 legitur
1573 1286 1746 1344 Ου’άλης
1782 1291 1854 1334 καὶ
1880 1289 1926 1335 τὸ
1955 1290 2044 1346 μὲν,

146 1360 234 1400 sine
276 1353 404 1410 οὗτος.
463 1362 662 1404 particula
700 1361 787 1404 Καὶ
813 1361 964 1401 excidit
1003 1360 1125 1401 etiam
1159 1361 1200 1400 in
1231 1360 1294 1400 ed.
1320 1361 1457 1402 PetaV.
1491 1361 1634 1400 Colon.
1669 1385 1719 1391 -
1777 1360 1803 1399 l.
1829 1360 1868 1402 6.
1901 1361 1961 1409 εἰς
1987 1360 2046 1404 ἔτι

146 1431 248 1470 Ven.
285 1454 331 1460 -—
390 1431 417 1470 1.
449 1434 487 1474 8.
521 1430 832 1486 Φιλαδελφινῆς
864 1433 948 1472 Bas.
979 1439 1041 1482 (et
1069 1430 1242 1477 Ven.?).
1273 1453 1328 1461 -—-
1385 1430 1411 1470 l.
1444 1429 1505 1471 14.
1535 1430 1671 1471 Verba
1710 1430 1910 1480 Nicetae,
1942 1445 2044 1485 quae

145 1500 270 1540 latine
299 1500 520 1556 adscripsi,
564 1516 671 1542 nunc
692 1516 837 1556 graece
861 1515 1018 1555 repono
1046 1515 1094 1541 ex
1118 1501 1275 1541 duobus
1297 1500 1431 1540 codd.
1462 1515 1555 1540 mss,
1587 1497 1760 1554 Ούάλης
1779 1514 1865 1547 τις,
1897 1500 2043 1555 inquit,

145 1569 308 1624 γέγονεν
341 1565 488 1625 ’Ἄραψ
520 1569 566 1614 τὸ
596 1570 735 1626 γένος·
783 1566 878 1614 ὅὲεν
920 1570 992 1613 καὶ
1020 1567 1263 1614 ἐπλεόνασεν
1302 1567 1333 1624 ἦ
1362 1566 1507 1613 τούτου
1549 1570 1706 1623 αἵρεσις
1747 1569 1787 1612 ἐν
1816 1568 2042 1619 Βακοὶῗΰοις.

136 1634 268 1682 ’Έστι
311 1639 358 1684 δὲ
397 1639 450 1684 τοὶ
480 1638 661 1683 Βάκαὲα
704 1641 977 1695 μητροκωμία
1006 1640 1312 1694 Φιλαδελφείας
1350 1641 1430 1693 τῆς
1466 1635 1657 1696 Ἀράβων
1696 1640 1778 1682 τῶν
1806 1640 1931 1693 πέραν
1972 1642 2043 1683 τοῦ

144 1706 364 1763 Ἰορδάνου.
425 1709 654 1761 Δοξάζουσι
695 1709 767 1765 μἐν
794 1702 862 1754 οὖν
893 1710 963 1753 καὶ
993 1711 1030 1753 οἱ
1071 1707 1303 1765 Ούαλήσιοι
1332 1702 1444 1752 οὗτοι
1471 1709 1565 1763 περὶ
1601 1705 1760 1765 Ἀρχῶν
1790 1708 1862 1751 καὶ
1898 1705 2045 1760 ’Egon-

148 1780 245 1822 σιῶν
276 1777 430 1834 ὁμοίως
457 1785 543 1829 τοῖς
579 1776 852 1836 Ἀρχοντικοῐς
883 1780 955 1823 καὶ
982 1785 1068 1829 τοῖς
1099 1781 1350 1834 Σηὲῖιανοῖς,
1390 1779 1570 1828 καὶτοῖς
1599 1778 1806 1830 τοιούτοις.
1865 1781 1968 1824 Εἰσὶ
1995 1780 2042 1826 δὲ

143 1844 293 1898 πάντες
320 1846 532 1893 ἀπόκσποι.
592 1847 773 1905 Σφόδρα
801 1849 879 1905 γὰρ
911 1847 1049 1899 αύτοῖς
1079 1850 1194 1905 μέλει
1222 1851 1302 1905 τῆς
1331 1845 1564 1905 εύνουχίας,
1609 1849 1681 1892 καὶ
1708 1848 1778 1893 τὸν
1810 1850 1869 1900 εἰς
1899 1853 2042 1906 μαὲῒη-

143 1919 253 1962 τείαν
291 1916 386 1973 παρ’
427 1917 563 1962 αὐτῶν
604 1917 910 1976 λαμβανόμενον
944 1915 1165 1975 -ἅνέῖρωπον
1210 1917 1399 1975 ἐμψύχου
1443 1922 1687 1976 μεταλαβεῖν
1729 1916 1897 1968 ου’δενός
1939 1920 2043 1964 ἐῶσι

142 1988 286 2044 μέχρις
313 1984 362 2031 &iv
393 1987 469 2045 ἔχῃ
499 1987 551 2033 τά
581 1987 719 2044 μόρια.
778 1986 912 2033 Ἐπάν
943 1989 990 2034 δὲ
1018 1993 1151 2033 ταῦτα
1185 1987 1398 2045 ἀφέλωσι,
1441 1989 1656 2037 πείσαντες
1684 1989 1752 2033 τὸν
1785 1989 1980 2045 μαθητὴν
2009 1985 2041 2045 ἦ

140 2055 472 2113 ἀναγκάσαντες,
500 2057 653 2107 παντὸς
682 2055 905 2108 ούτινοςοῦν
934 2057 1073 2109 ἀδεῶς
1104 2058 1436 2117 μεταλαμβάνει,
1482 2056 1542 2107 ῶς
1571 2055 1684 2114 ἤδη,
1715 2060 1847 2115 φασὶ,
1879 2076 2041 2103 πεπαυ-

142 2129 261 2183 μένος
291 2124 473 2183 ἀγῶνος,
504 2128 577 2172 καὶ
607 2128 757 2184 μηκέτι
785 2129 889 2183 πρὸς
916 2128 1069 2184 τῖδονήν
1099 2130 1271 2184 ἐμπαὸῆ
1305 2129 1613 2184 κινηθήσεσῧαι
1643 2128 1713 2174 διά
1741 2132 1822 2173 τῶν
1854 2128 2040 2186 ἐδεσμά-

137 2214 218 2242 των
249 2197 500 2243 ύποπτεύων.
560 2194 623 2241 Ού
666 2198 786 2253 μόνον
817 2197 863 2243 δὲ
903 2199 998 2252 περὶ
1025 2198 1120 2249 τοὺς
1152 2200 1278 2248 ἰδίους
1306 2202 1438 2242 ταῦτα
1466 2200 1646 2254 δρῶσιν,
1678 2196 1781 2243 ἀλλὰ
1812 2200 1883 2243 καὶ
1914 2202 2041 2250 εἴτις

138 2270 219 2313 τῶν
246 2268 473 2323 παριόντων
500 2265 595 2324 παρ’
625 2266 764 2318 αύτοῖς
793 2268 1016 2323 ξενωῇείη,
1063 2267 1314 2323 ἁρπάζοντες
1343 2267 1466 2313 αύτὸν
1499 2270 1607 2314 ἔνδον
1639 2268 1711 2313 σὺν
1742 2271 1923 2322 ῴελλίοις
1962 2271 2041 2326 (εἰσ

138 2348 308 2394 uterque
337 2339 479 2392 codd.)
509 2333 679 2382 ὅπισὲεν
710 2340 936 2393 δεσμοῦσι,
982 2339 1055 2382 καὶ
1084 2337 1308 2395 ἀφαιροῦσι
1337 2338 1443 2395 μετὰ
1473 2336 1659 2395 ἀνάγκης
1688 2339 1739 2383 τὰ
1769 2339 1925 2384 ἐκείνου
1957 2339 2039 2395 μό-

139 2424 217 2463 ρια.
252 2431 303 2440 -—
359 2409 386 2449 1.
413 2409 479 2451 23.
510 2407 820 2463 ἐπισυμψελίοις
848 2410 973 2450 habet
1003 2413 1090 2451 Bas.
1121 2425 1293 2465 quoque.

248 2481 378 2536 Pag.
402 2479 528 2523 168.
582 2480 609 2519 I.
637 2480 677 2521 3.
710 2479 908 2522 εἰσελθεῖν
934 2495 1033 2520 unus
1074 2483 1215 2521 Venet.
1249 2489 1397 2522 tuetur.
1432 2505 1482 2511 —
1540 2481 1565 2521 l.
1592 2482 1629 2522 5.
1660 2480 1749 2524 τινὰ
1775 2476 2038 2536 εἶναιῆκρω-

137 2549 406 2604 τηριασμένον
435 2551 541 2590 ven.
571 2573 618 2580 -
680 2549 708 2590 l.
734 2551 773 2592 7.
819 2545 906 2593 οὐδ’
937 2548 1132 2605 ὁπότερον
1170 2553 1274 2591 Ven.
1310 2575 1358 2581 —
1418 2551 1444 2591 1.
1479 2550 1518 2593 9.
1560 2546 1658 2595 ούδὲ
1696 2550 1742 2595 τὸ
1787 2554 1867 2595 πᾶν
1899 2553 2035 2606 σῶμα.

139 2623 240 2661 Ven.
300 2619 411 2659 Idem
449 2619 570 2674 paulo
611 2628 703 2674 post
741 2617 787 2661 τὸ
831 2618 875 2662 ἓν
911 2618 956 2663 τό
999 2621 1267 2671 σκανδαλίζον
1307 2617 1430 2664 αύτόν
1473 2618 1593 2675 μόνον
1635 2621 1774 2675 (μέλος
1803 2622 1955 2673 deest).
1983 2644 2039 2652 —-

137 2691 163 2732 l.
191 2692 257 2732 10.
290 2686 388 2733 ούδὲ
416 2685 526 2738 ’ὅλως
555 2714 605 2720 —-
638 2683 724 2732 οόδ’
757 2684 948 2743 ὁπότερον
979 2693 1080 2730 Ven.
1113 2715 1165 2722 -
1222 2691 1247 2731 l.
1277 2692 1340 2733 12.
1381 2691 1552 2745 καρδίαν
1590 2690 1664 2745 τὴν
1694 2689 1826 2734 πάντα
1855 2694 1952 2731 Ven.
1986 2714 2038 2722 -ο

134 2761 162 2801 l.
194 2760 257 2802 13.
287 2759 366 2808 Τίς
397 2751 464 2802 οὖν
492 2757 671 2813 τηρήσει
699 2757 775 2812 τήν
808 2757 952 2801 ἑαυτοῦ
986 2762 1088 2800 Ven.
1146 2762 1257 2802 Idem
1281 2761 1308 2801 l.
1342 2764 1402 2803 15.
1434 2763 1524 2810 πῶς
1553 2753 1620 2804 οὖν
1651 2753 1732 2814 οἷρα
1760 2760 1854 2814 περὶ
1882 2759 2038 2804 τούτων

137 2829 181 2885 (ὁ
209 2830 356 2882 deest).
386 2854 439 2861 —
497 2830 523 2872 l.
559 2830 616 2871 16.
649 2829 746 2871 Τῶν
775 2826 853 2882 γὰρ
886 2824 989 2871 ὅλων
1021 2830 1154 2884 μέλων
1183 2827 1373 2874 ἁπάντων
1403 2834 1505 2874 ven.
1567 2832 1677 2872 Idem
1707 2833 1733 2871 I.
1767 2833 1829 2875 17.
1862 2831 1924 2878 τίς
1950 2830 2038 2872 ἐστι

134 2905 265 2958 χρεῖα.
299 2925 347 2931 -
407 2900 433 2940 I.
466 2901 525 2941 18.
556 2898 759 2953 ἐγείρεται
780 2897 825 2942 δὲ
854 2900 944 2947 πῶς
973 2901 1071 2939 Ven.
1134 2900 1244 2940 Idem
1273 2901 1300 2942 l.
1328 2901 1392 2944 19.
1423 2898 1603 2954 ούρανῶν
1634 2900 1674 2943 ἐν
1707 2900 1871 2953 σώματι
1896 2898 2031 2957 λώβη-

136 2985 211 3019 σις.
241 2994 297 3002 --
366 2970 392 3010 I.
417 2970 484 3012 20.
530 2966 633 3022 πρὸς
663 2965 785 3018 δόξαν
828 2961 934 3011 οὖσα
974 2968 1055 3011 τῶν
1099 2969 1139 3012 έν
1179 2968 1312 3027 αὐτῆς
1369 2971 1427 3014 Εἰ
1454 2970 1501 3015 δὲ
1531 2973 1630 3011 Vcn.
1692 2971 1801 3010 Idem
1836 2970 1862 3010 l.
1889 2971 1955 3010 21.
1986 2968 2033 3012 τὸ

135 3041 260 3096 μέρος
285 3039 331 3084 τὸ
366 3041 558 3083 ωιανδαλ.
591 3061 642 3070 ——
701 3039 726 3079 l.
754 3039 820 3080 22.
848 3036 1094 3093 οἱμαρτῆσαν
1124 3036 1249 3083 αὐτοῦ
1282 3040 1366 3084 ἔδει
1395 3043 1496 3082 Ven.
1526 3065 1578 3072 —-
1638 3042 1662 3080 I.
1686 3042 1751 3081 2⁴1).
1801 3041 1854 3081 Οἱ
1891 3038 1939 3083 δὲ
1978 3039 2037 3088 εἰς

133 3110 180 3155 τὸ
204 3126 271 3165 πρ.
294 3126 330 3153 τ.
362 3109 477 3164 ἐργον
508 3104 696 3162 εὕτολμοι
723 3110 824 3147 Ven.
884 3108 984 3147 Inde
1012 3109 1179 3149 restitue
1201 3109 1243 3149 in
1271 3119 1411 3151 nostra
1443 3094 1539 3152 edit.
1572 3106 1773 3163 εὕτολμοι.
1805 3134 1853 3140 —-
1914 3111 1941 3150 l.
1968 3111 2035 3152 26.

133 3177 349 3235 τῖῖτέτησάν
377 3194 423 3222 τε
451 3178 523 3221 καὶ
555 3180 657 3219 Ven.
714 3177 826 3218 Idem
862 3178 984 3231 paulo
1022 3188 1118 3232 post
1147 3180 1280 3233 pergit
1308 3175 1420 3222 Οὔτε
1446 3179 1524 3235 γάρ
1552 3180 1611 3223 ἔτι
1635 3177 1792 3234 ἅνδρες.
1816 3206 1868 3211 -
1914 3181 1939 3221 1.
1967 3182 2033 3223 28.

132 3246 377 3306 Προύλαβεν
404 3248 452 3294 δὲ
473 3251 574 3289 Ven.
635 3248 745 3288 Idem
768 3248 793 3287 l.
813 3247 878 3288 29.
910 3261 986 3287 om.
1012 3246 1090 3302 γὰρ
1114 3257 1208 3289 ante
1229 3247 1495 3304 φανήσονται.
1531 3274 1579 3280 -
1624 3251 1650 3291 l.
1672 3249 1712 3292 4.
1742 3251 1791 3291 ab
1817 3250 1892 3289 inf.
1927 3246 2035 3294 οὕτω

134 3335 221 3375 γεγ.
246 3322 347 3360 Ven.
404 3320 516 3359 Idem
542 3318 569 3358 l.
598 3319 635 3359 3.
663 3318 713 3358 ab
739 3317 812 3357 inf.
841 3315 959 3359 πάλιν
986 3316 1142 3361 ἔπαινον
1168 3313 1232 3362 ὅτι
1270 3317 1484 3371 δυνάμενοι
1504 3317 1692 3374 πράττειν
1715 3319 1790 3375 τήν
1817 3317 1885 3363 διὰ
1909 3317 2037 3375 ἀφρο-

134 3390 277 3433 δισίων
298 3393 399 3431 Ven.
429 3414 482 3421 --
538 3389 565 3428 l.
594 3388 746 3442 penult.
775 3387 935 3441 πέφυκε
964 3389 1050 3428 Bas.

245 3461 374 3517 Pag.
394 3460 516 3504 1¹?0.
576 3459 602 3498 l.
632 3461 666 3499 1.
710 3455 769 3511 μή
801 3467 895 3497 ante
925 3457 1168 3511 μεμυῆσῖῖαι
1204 3473 1283 3499 om.
1315 3460 1414 3498 Ven.
1452 3483 1498 3490 -
1556 3460 1582 3499 l.
1608 3460 1647 3502 6.
1678 3460 1767 3501 Alia
1805 3476 1945 3502 manus
1985 3477 2034 3503 ex

134 3531 292 3571 Veneto
321 3529 534 3569 annotavit
562 3527 804 3581 scripturam
835 3525 882 3570 ού
913 3525 1113 3570 δύνωνται
1141 3520 1251 3571 οὗτοι
1290 3525 1484 3584 ὑπάρχειν
1526 3530 1617 3584 (sic)
1647 3529 1716 3574 διὰ
1743 3529 1790 3574 τὸ
1821 3530 2033 3587 χειρότευ-

134 3614 243 3641 κτον.
299 3598 402 3642 Εἰσὶ
429 3600 527 3654 (εἰσ)
570 3598 642 3641 καὶ
672 3593 859 3653 εὐνοῦχοι
899 3593 975 3640 ύπό
1019 3612 1056 3639 τ.
1088 3594 1201 3651 ἀνὸρ.
1242 3593 1597 3654 εύνουχισὲτέντες,
1628 3600 1768 3655 φησὶν.
1803 3626 1846 3632 -
1907 3602 1935 3642 1.
1970 3603 2031 3645 13.

135 3663 392 3722 ἀδρυνὸέντα
443 3668 753 3712 ἐπιστεύεσὲαι
790 3669 893 3707 Ven.
923 3690 977 3697 —
1048 3669 1072 3707 1.
1101 3668 1162 3709 19.
1207 3669 1341 3708 Verba
1382 3665 1474 3724 ούχὶ
1515 3668 1585 3713 διοὶ
1611 3685 1647 3712 τ.
1673 3674 1710 3727 β.
1739 3674 1821 3715 τῶν
1851 3667 2032 3726 ούρανῶν

136 3752 220 3779 mn.
246 3740 349 3778 ven.
387 3763 429 3768 ——
490 3739 517 3782 l.
544 3738 609 3780 23.
639 3737 860 3795 παρθενείᾳ
895 3739 978 3780 BaS.
1011 3762 1062 3771 —-
1120 3738 1146 3780 l.
1172 3739 1237 3780 28.
1266 3736 1410 3782 τούτου
1450 3740 1521 3782 τοῦ
1564 3737 1722 3795 ἀγῶνος
1761 3743 1860 3782 Ven.
1920 3742 2033 3783 Idem
