2508 4134
447 267 672 309 PANARn
700 267 805 308 Lm.
824 268 895 308 111.
926 266 1061 307 ΤοΜ.
1081 269 1132 308 11.
1160 268 1348 308 expos.
1378 267 1482 307 Ρη).
1515 266 1749 308 cATHoL.
1944 256 2043 307 513

151 366 347 418 rannice
373 374 566 435 praeter
589 365 839 417 veritatem
866 364 1132 416 insolenter
1157 366 1441 417 efferuntur.
1483 364 1733 417 Eiusmodi
1762 362 2047 415 Zacchaeus

148 450 228 501 ille
270 448 385 514 fuit,
442 449 519 517 qui
562 465 714 518 nuper
751 450 800 499 in
842 457 1069 499 montana
1103 450 1302 516 regione
1344 451 1401 500 ad
1445 449 1786 518 Hierosolyma
1830 456 2045 500 mortuus

150 542 252 597 est,
293 534 370 602 qui
401 550 506 584 cum
539 533 728 584 nemine
756 550 961 601 unquam
991 532 1215 601 precandi
1247 535 1581 585 communione
1609 533 1833 600 coniungi
1861 550 1914 583 se
1939 549 2047 601 pas-

149 634 233 669 sus
269 626 360 668 est.
437 614 540 667 lmo
572 633 690 668 vero
723 634 785 668 ex
816 617 984 667 eodem
1013 616 1231 667 instituto
1262 618 1710 693 divina-mysteria,
1763 636 1866 668 eum
1896 616 2046 668 laicus

150 709 311 766 esset,
363 701 603 769 attingere
638 719 693 751 ac
735 700 968 752 sacrificia
1009 700 1256 752 celebrare
1300 701 1484 751 nefario
1528 719 1647 752 ausu
1686 719 1743 751 ac
1787 701 2047 752 temerario

149 793 224 836 est
256 796 536 853 aggressus,
612 782 844 838 Inventus
887 793 961 836 est
998 793 1046 835 et
1077 785 1231 848 aliuS,
1285 784 1570 853 quicumque
1598 786 1678 836 ille
1712 786 1901 836 tandem
1937 785 2043 847 fuit,

149 870 409 921 excellenti
434 871 635 938 quodam
664 869 791 922 vitae
825 886 1035 938 genere,
1090 869 1169 937 qui
1203 869 1251 919 in
1281 870 1491 938 Aegypti
1523 869 1779 920 solitudine
1807 869 1855 919 in
1882 886 2048 919 mona-

149 953 299 1005 sterio
328 954 551 1022 degebat.
627 952 748 1005 Item
782 953 904 1005 alius
936 954 992 1004 ad
1025 950 1192 1004 Sinam
1221 963 1435 1004 montem·
1462 953 1699 1004 habitans.
1777 951 1873 1020 Qui
1910 953 2048 1004 ambo

149 1037 314 1089 nescio
360 1038 530 1106 quibus
570 1037 770 1091 somniis
811 1055 870 1089 eo
911 1037 1199 1088 temeritatis
1238 1038 1426 1088 adducti
1472 1046 1585 1089 sunt
1632 1047 1682 1088 ut
1725 1046 1949 1106 suscepta
1992 1037 2048 1087 ad

148 1122 679 1191 episcopi-functionem
723 1139 945 1172 manuum
974 1121 1279 1191 impositione
1310 1123 1481 1172 sedere
1511 1131 1558 1173 et
1585 1125 1918 1191 episcoporum
1948 1139 2050 1171 mu-

150 1224 239 1258 nus
266 1206 401 1258 obire
432 1225 527 1258 non
560 1206 837 1258 dubitarint.
914 1205 1043 1269 Alii,
1099 1215 1147 1257 et
1171 1205 1218 1256 hi
1254 1207 1440 1274 quidem
1484 1225 1577 1257 non
1610 1206 1780 1274 pauci,
1834 1215 2049 1256 castrare

149 1291 434 1360 semetipsos
460 1300 626 1342 contra
654 1292 787 1357 leges
812 1290 1011 1340 iuvenili
1038 1291 1236 1358 quadam
1265 1290 1448 1341 ferocia
1472 1291 1576 1341 ausi
1604 1300 1732 1341 sunt.
1811 1289 1929 1353 Alii,
1971 1290 2049 1358 qui

150 1376 434 1427 audaciores
464 1375 714 1439 videntur,
756 1392 821 1426 ex
846 1374 1185 1425 catholicorum
1215 1375 1458 1443 partibus,
1513 1375 1698 1444 privata
1726 1374 1814 1424 sibi
1846 1374 2051 1424 factione

149 1460 352 1511 conflata
386 1468 579 1528 praeter
609 1459 846 1510 ecclesiae
886 1460 1310 1523 consuetudinem,
1366 1477 1421 1510 ac
1462 1460 1584 1511 citra
1619 1459 1861 1527 generalis
1891 1457 2052 1509 conci-

148 1543 198 1595 lii
238 1544 514 1607 decretum,
573 1561 657 1595 eos
695 1544 773 1612 qui
814 1543 872 1594 ab
905 1542 1104 1594 Arianis
1141 1544 1199 1594 ad
1233 1561 1344 1595 suas
1388 1552 1550 1612 partes
1589 1552 1844 1595 transeunt
1878 1543 2051 1594 iterum

147 1612 543 1697 baptizare'nihil
570 1637 829 1693 verentur,
871 1646 976 1678 cum
1008 1629 1215 1679 nondum
1245 1645 1302 1679 ea
1329 1645 1436 1693 reS,
1492 1638 1543 1679 ut
1574 1627 1706 1692 dixi,
1763 1627 2052 1679 universalis

148 1713 322 1781 synodi
349 1711 526 1763 iudicio
562 1713 722 1764 decisa
755 1714 844 1776 sit,
900 1713 1022 1780 quod
1056 1713 1208 1763 adhuc
1251 1713 1411 1782 populi
1454 1713 1725 1781 promiscue
1770 1713 1826 1762 ad
1861 1711 2052 1762 hodier-

149 1814 260 1847 num
293 1813 443 1864 usque
481 1804 667 1864 tempus
701 1796 996 1860 habeantur3
1048 1797 1175 1847 inter
1217 1815 1335 1865 quos
1369 1797 1500 1848 multi
1531 1797 1717 1865 quidem
1748 1804 1860 1848 sunt
1889 1796 2052 1846 catho-

149 1880 258 1944 lici,
298 1881 384 1932 sed
413 1881 521 1931 ficte
546 1899 601 1931 ac
628 1897 715 1949 per
741 1881 1116 1932 simultationem
1144 1883 1447 1933 sacerdotum
1479 1881 1812 1932 auctoritatem
1843 1898 2052 1949 sequun-

150 1974 258 2028 tur,
315 1966 468 2015 donec
509 1965 784 2015 execranda
815 1965 893 2015 illa
925 1974 1058 2016 secta
1090 1965 1149 2016 ab
1186 1966 1423 2017 ecclesiae
1455 1967 1703 2017 consortio
1744 1974 2049 2034 segregetur,

148 2057 202 2099 ut
234 2057 346 2099 tunc
376 2048 551 2117 aliquid
583 2049 640 2100 de
667 2049 747 2100 illa
789 2057 1044 2100 statuatur.
1125 2048 1204 2100 Ex
1241 2050 1300 2101 iis
1331 2051 1408 2118 qui
1441 2060 1607 2119 suapte
1639 2051 1924 2102 auctoritate
1964 2050 2053 2100 ite-

149 2150 253 2183 rum
282 2121 379 2183 hoc=
403 2134 544 2184 modo
576 2133 826 2203 baptizant
856 2134 996 2185 audio
1030 2136 1263 2202 quendam
1291 2134 1339 2184 in
1368 2133 1523 2204 Lycia
1551 2128 1885 2205 pr'esbyterum
1919 2153 2049 2187 esse.

150 2215 248 2270 Sed
280 2228 327 2269 et
356 2218 462 2269 aliis
488 2217 537 2268 in
565 2218 683 2269 locis
712 2218 1016 2288 reperiuntur
1045 2218 1122 2269 alii
1153 2220 1230 2287 qui
1256 2218 1534 2286 singillatim
1564 2238 1619 2270 ac
1647 2222 1856 2289 separati
1885 2237 2053 2289 preces

150 2302 352 2366 obeunt,
409 2311 455 2353 et
492 2302 783 2370 reliquorum
826 2303 1208 2354 communionem
1250 2322 1438 2355 omnem
1473 2313 1722 2373 respuunt.
1803 2304 1900 2356 Alii
1931 2305 2054 2355 collo

149 2387 342 2438 vincula
382 2396 576 2455 praeter
611 2387 846 2438 ecclesiae
886 2387 1019 2455 leges
1057 2388 1327 2439 innectunt.
1406 2386 1562 2455 Quam
1609 2390 1668 2440 ob
1700 2407 1919 2441 caussam
1959 2390 2055 2440 dis-

152 2469 445 2539 putationem
473 2488 660 2521 omnem
694 2471 782 2522 hac
812 2473 1053 2523 sententia
1083 2472 1325 2536 conclusi,
1381 2476 1770 2523 Adolescentulas
1800 2494 1898 2524 esse
1925 2477 2055 2524 nullo

149 2573 339 2605 numero
366 2558 740 2620 comprehensas3
799 2574 919 2624 quae
956 2557 1142 2625 privato
1171 2556 1375 2608 consilio
1422 2559 1650 2608 audacter
1691 2559 2053 2626 insolenterque

152 2656 205 2690 se
236 2648 438 2707 gerunt,
479 2657 573 2689 non
607 2648 659 2689 ut
685 2640 797 2690 boni
825 2639 1000 2708 aliquid
1030 2650 1418 2710 consequantur,
1462 2651 1543 2693 aut
1570 2643 1836 2711 sapientiae
1866 2644 1914 2694 in
1944 2660 2055 2695 sese

152 2741 305 2791 genus
345 2723 536 2791 aliquod
577 2723 853 2791 expoliant,
906 2734 1017 2794 puta
1047 2726 1357 2794 prudentiae,
1411 2727 1731 2790 fortitudinis,
1785 2737 2057 2797 temperan-

153 2808 282 2872 tiae,
337 2806 569 2857 iustitiae.
648 2806 759 2874 Quo
802 2825 864 2858 ex
897 2827 1096 2860 numero
1132 2811 1385 2880 tyrannico
1421 2828 1553 2862 more
1583 2813 1814 2879 quaedam
1844 2813 2055 2862 efferun-

154 2900 261 2955 tur,
304 2892 447 2959 atque
481 2909 506 2942 a
531 2891 738 2942 veritate
772 2893 1060 2957 deflectunt,
1101 2896 1230 2945 nullo
1255 2904 1306 2945 ut
1333 2913 1533 2946 numero
1572 2896 1809 2947 contineri
1850 2896 2052 2964 possint.

292 2975 362 3027 At
388 2979 647 3040 singulares
689 2979 772 3026 illa
810 2979 1045 3038 columba,
1101 2987 1358 3047 sanctaque
1403 2980 1543 3048 virgo
1585 2981 1724 3031 deum
1777 2981 2051 3043 confitetur,
2079 2993 2176 3047 Cap.
2193 2994 2309 3034 XIV.

156 3068 335 3129 patrem
362 3070 411 3112 et
436 3062 581 3112 filium
611 3071 659 3112 et
689 3061 908 3129 spiritum
935 3070 1183 3126 sanctum,
1227 3072 1409 3132 patrem
1441 3065 1733 3132 perfectum,
1778 3064 1920 3114 filium
1948 3081 2057 3132 per-

156 3145 362 3208 fectum,
421 3147 684 3214 perfectum
720 3145 936 3214 spiritum
975 3155 1221 3209 sanctum,
1278 3148 1737 3198 consubstantialem
1770 3150 2052 3214 trinitatem,

156 3246 251 3279 non
280 3230 662 3293 coalescentem,
704 3238 786 3281 aut
810 3230 1078 3281 confusam.
1156 3229 1253 3283 Sed
1285 3232 1429 3283 filium
1460 3249 1577 3284 vere
1607 3251 1633 3283 a
1659 3241 1791 3301 patre
1819 3234 2053 3302 genitum,

215 3368 277 3410 11.
326 3372 538 3411 Carnarius
577 3373 688 3411 vertit
737 3371 1001 3423 Quapropter
1039 3369 1081 3409 in
1141 3371 1355 3422 excedunt,
1388 3379 1429 3412 et
1451 3387 1473 3412 a
1496 3372 1670 3412 veritate
1695 3372 1846 3427 seipsas
1870 3382 2058 3414 evertunt

157 3424 238 3465 fine
264 3425 390 3465 totius
418 3426 550 3480 operis
575 3426 807 3466 iuvenculas
833 3425 915 3465 dixi
942 3439 1080 3466 nume·
1138 3433 1221 3467 cett.

157 3495 246 3520 rum
272 3495 355 3522 non
384 3481 557 3528 habere,
588 3497 690 3536 quae
717 3497 765 3522 ex
792 3481 960 3536 propria
986 3496 1079 3521 sen·
1194 3483 1290 3523 CAP.
1324 3484 1437 3523 XIV.
1470 3507 1523 3514 —
1598 3484 1631 3523 1.
1681 3483 1904 3538 συναλιφήν
1944 3488 2056 3527 codd.

157 3536 285 3576 tentia
315 3537 391 3577 sibi
417 3537 513 3591 ipsis
543 3537 774 3578 iuveniliter
808 3538 1080 3591 praestituunt
1136 3551 1223 3579 mss.
1252 3544 1285 3579 et
1319 3542 1407 3579 edit.
1433 3542 1584 3590 princ„
1619 3543 1943 3590 quemadmodum
1968 3556 2058 3583 con-

158 3592 211 3631 ad
241 3593 394 3633 bonum
424 3593 611 3647 quidem,
654 3602 699 3634 ut
728 3593 950 3648 sapientiae
981 3608 1077 3647 spe·
1134 3599 1277 3635 stanter
1317 3600 1350 3635 et
1376 3598 1538 3646 ubique,
1578 3599 1654 3635 nist
1683 3610 1803 3636 unum
1832 3602 1865 3637 et
1889 3600 2053 3638 alterum

160 3647 239 3688 cies
264 3648 504 3701 perficiant,
551 3650 872 3704 prudentiaeque
906 3665 953 3690 ac
986 3649 1079 3690 for-
1133 3654 1324 3700 exceperis
1345 3653 1480 3691 locum.
1539 3650 1782 3706 συναλοιφὴν
1811 3656 1899 3694 edit.
1919 3656 2052 3695 Petav.

158 3703 359 3756 titudinis,
390 3712 431 3744 et
458 3705 683 3746 modestiae
709 3721 757 3746 ac
781 3706 973 3755 iustitiae,
1003 3720 1078 3745 ve—
1190 3706 1229 3746 2.
1257 3703 1455 3758 οἷληῇινός
1483 3709 1571 3747 edit.
1601 3711 1758 3758 Pelav.‚
1789 3715 1822 3749 et
1850 3713 1906 3749 ita
1935 3712 2049 3751 habe-

160 3774 248 3800 rum
283 3759 516 3800 iuveniliter
550 3770 714 3815 agentes
742 3762 791 3802 ad
819 3761 1078 3816 tyrannidem
1135 3765 1199 3802 bat
1228 3764 1309 3802 cod.
1340 3765 1417 3803 len.
1447 3775 1473 3802 a
1500 3775 1553 3803 m.
1581 3776 1642 3814 pr.
1658 3793 1670 3814 ,
1697 3767 1841 3806 vitiose.

250 3827 395 3872 corpus
417 3827 638 3865 Haereseol.
659 3828 707 3864 ΙΙ.
729 3829 761 3863 3.
1658 3837 1722 3888 33
