2508 4134
833 308 1366 350 ANACEPHALAEosis.
1953 293 2055 344 589

150 422 404 478 ruptionem
443 414 585 471 vidit,-
638 426 778 478 quam
817 406 1071 471 divinitaS,
1128 424 1251 474 quae
1303 424 1407 456 cum
1448 405 1527 456 illa
1567 404 1819 455 coniuncta
1861 419 2054 471 semper

152 505 285 559 erat,
327 495 584 559 excitavit,
626 502 723 544 tum
750 510 856 543 cum
887 491 1105 542 dominus
1135 491 1236 559 ipse
1263 491 1379 541 deus
1407 506 1464 540 ac
1493 489 1690 539 verbum
1730 488 1899 555 deique
1931 487 2053 537 lilius

151 597 257 630 cum
288 577 445 630 anima
472 586 522 627 et
548 594 749 646 corpore
771 585 967 643 totoque
994 575 1115 625 adeo
1142 575 1463 624 instrumento
1491 572 1725 634 surrexit,
1767 573 1890 639 quod
1919 571 2054 622 ‹lein-

150 680 261 732 ceps
290 662 498 713 velutin
530 662 745 730 spiritum
780 660 1062 721 conflatum,
1117 675 1320 727 corpus,
1361 658 1584 724 inquam,
1626 655 1839 724 spiritale
1876 656 2050 706 factum

149 756 254 809 est,
308 747 430 814 quod
474 745 585 796 olim
629 744 918 795 contrectari
958 751 1172 812 poterat,
1227 750 1275 791 et
1317 742 1440 808 quod
1483 739 1709 790 divinitas
1746 740 1847 808 ipsa
1882 748 2052 807 sponte

148 830 252 881 fieri
295 830 611 899 permiserat,
670 829 832 896 flagris
879 827 1151 897 expositum
1196 826 1382 887 fuerat,
1442 834 1489 874 et
1527 822 1736 875 Satanae
1776 823 2052 874 tentationi-

146 913 234 964 bus
271 914 562 983 appetitum,
615 931 671 964 ac
717 912 858 976 sami,
911 928 1111 974 somno,
1154 908 1337 972 labori,
1381 907 1602 959 tristitiae
1634 926 1689 958 ac
1720 893 1929 959 moerori
1968 908 2051 958 ob-

150 997 369 1049 noxium.

285 1081 404 1134 Illud
447 1083 599 1152 ipsum
639 1089 1001 1133 sacrosanctum
1047 1096 1222 1147 corpus
1257 1077 1484 1146 deinceps
1516 1095 1621 1128 cum
1656 1077 1902 1127 divinitate
1934 1095 2048 1128 con-

144 1167 357 1218 iunctum
392 1166 507 1230 fuit,
563 1183 685 1234 quae
716 1174 946 1234 perpetuo
985 1182 1090 1214 cum
1120 1163 1229 1227 illo,
1283 1162 1392 1212 dum
1433 1165 1526 1212 ista
1568 1169 1839 1229 pateretur,
1893 1162 2051 1212 fuerat

145 1251 420 1302 coniuncta.
499 1248 730 1301 Surrexit
772 1248 926 1311 enim,
978 1248 1227 1316 ipsumque
1267 1263 1441 1314 corpus
1468 1245 1515 1294 in
1546 1263 1689 1295 unum
1718 1263 1880 1295 secum
1909 1246 2048 1314 spiri·

144 1345 274 1400 tum,
327 1352 565 1403 unamque
603 1333 983 1402 singularitatem
1026 1349 1083 1382 ac
1122 1330 1322 1399 gloriam
1357 1329 1752 1397 divinitatemque
1786 1330 2044 1398 copulavit.

143 1417 337 1470 Etenim
367 1437 540 1470 revera
570 1427 678 1488 post
701 1426 903 1468 mortem
934 1416 1176 1485 apparuit,
1219 1424 1266 1465 et
1303 1433 1330 1464 a
1368 1413 1560 1464 Thoma
1592 1422 1918 1464 contrectatus
1953 1424 2045 1476 est,

143 1513 192 1555 et
219 1522 326 1555 cum
354 1504 585 1573 apostolis
615 1511 837 1553 versatus
868 1510 969 1565 est,
1010 1518 1067 1551 ac
1097 1499 1242 1562 bibit,
1285 1516 1340 1549 ac
1374 1498 1578 1566 denique
1608 1498 1921 1567 quadraginta
1948 1499 2049 1549 dies

141 1587 436 1656 totidemque
470 1596 636 1639 noctes
675 1604 780 1637 cum
811 1585 905 1636 illis
935 1584 1183 1636 habitavit.
1262 1584 1337 1634 Ad
1370 1584 1487 1633 haec
1520 1582 1726 1633 occlusis
1765 1583 1947 1634 foribus
1978 1581 2049 1633 in-

141 1690 340 1740 gressus
379 1690 558 1723 nervos
600 1681 647 1722 et
687 1688 797 1722 ossa
828 1670 1169 1736 clavorumque
1202 1685 1257 1718 ac
1283 1668 1481 1718 lanceae
1508 1667 1713 1734 vestigia
1743 1668 2046 1734 monstravit,

142 1766 191 1808 et
230 1774 397 1808 verum
443 1773 554 1807 esse
597 1772 770 1823 corpus
816 1753 1025 1804 edocuit.
1103 1750 1245 1819 Quod
1287 1761 1445 1802 autem
1482 1752 1531 1802 in
1571 1770 1708 1802 unam
1750 1752 2046 1804 divinitatem

142 1841 447 1892 coniunctum
491 1839 668 1889 nullum
714 1838 916 1906 amplius
955 1838 1249 1899 cruciatum,
1302 1836 1382 1886 vel
1410 1845 1612 1886 mortem
1650 1845 1931 1905 exspectet,
1976 1837 2047 1887 his

140 1925 303 1976 verbis
327 1925 539 1975 declarat
563 1922 838 1991 apostolus:
880 1925 1109 1971 Surreoeit
1136 1924 1382 1981 Christus-,-
1421 1939 1512 1970 non
1541 1925 1630 1970 iam
1655 1925 1853 1971 moritur
1869 1959 1882 1981 ‚
1925 1939 2048 1971 mors
2073 1926 2180 1963 Rom·
2197 1930 2230 1974 6,
2247 1930 2278 1963 9-

137 2012 215 2058 illi
245 2012 372 2058 ultra
407 2027 499 2058 non
537 2008 865 2056 dominabitur.
943 2004 1075 2056 Idem
1111 2022 1229 2073 ergo
1266 2005 1390 2072 quod
1440 2005 1532 2073 pati
1574 2013 1765 2074 poterat
1806 2006 2046 2074 passionis

141 2109 319 2161 expers
347 2091 541 2155 mansit,
584 2090 808 2142 divinitas
837 2090 1019 2140 scilicet
1053 2107 1156 2139 cum
1184 2106 1387 2157 corpore
1419 2098 1467 2139 et
1495 2089 1652 2139 anima
1678 2107 1733 2140 ac
1763 2098 1860 2140 tota
1886 2090 2048 2140 huma-

140 2177 289 2228 nitate
329 2177 614 2240 coniuncta,
669 2176 786 2226 deus
814 2174 917 2243 ipse
961 2191 1046 2242 per
1085 2190 1214 2223 sese.
1293 2171 1387 2240 Qui
1428 2177 1678 2223 ascendens
1709 2178 1755 2223 in
1787 2178 1961 2224 coelum
1987 2178 2049 2224 ad
2070 2183 2221 2228 nome,
2246 2184 2276 2217 1·

139 2264 375 2310 dexteram
401 2264 556 2326 patris
585 2263 790 2309 consedit
815 2263 862 2308 in
885 2261 1072 2323 glorta,
1128 2275 1222 2307 non
1252 2266 1302 2307 ut
1329 2275 1503 2325 corpus
1534 2259 1826 2325 deponeret,
1881 2260 1965 2310 sed
1998 2269 2047 2310 ut

139 2345 188 2394 in
218 2345 361 2395 unius
403 2344 699 2413 perfectione
742 2342 1005 2395 divinitatis
1044 2342 1091 2392 in
1132 2341 1348 2410 spiritale
1390 2343 1641 2392 conflaret.
1721 2341 2046 2410 Quemadmo-

142 2429 249 2479 dum
278 2419 525 2497 haec'ipsa
558 2445 761 2496 corpora
789 2436 972 2490 nostra,
1014 2445 1132 2493 quae
1161 2445 1284 2476 nunc
1313 2430 1534 2475 animalia
1562 2431 1865 2488 seminantur,
1907 2432 2046 2494 spiri·
2096 2436 2236 2514 [15ῦοῦ

142 2516 231 2562 tali
262 2516 457 2578 quadam
498 2515 760 2561 conditione
798 2521 1084 2576 resurgunt3
1139 2529 1282 2576 quae,
1339 2511 1528 2579 inquam
1546 2550 1558 2574 ,
1611 2530 1711 2560 eum
1750 2517 2047 2578 corruptione
2163 2506 2173 2523 ’
2237 2506 2245 2514 ’

141 2606 390 2656 seruntur,
433 2614 533 2645 cum
563 2599 909 2661 incorruptione
939 2606 1171 2660 surgunt5
1213 2614 1329 2662 quae
1356 2600 1403 2645 in
1433 2606 1579 2645 morte
1598 2600 1901 2658 seminantur,
1944 2617 2046 2647 cum

141 2683 486 2730 immortalitate
527 2690 798 2745 resurgunt.
879 2677 1020 2745 Quod
1066 2680 1105 2730 si
1151 2680 1385 2731 eiusmodi
1429 2698 1634 2749 corpora
1679 2690 1845 2732 nostra
1888 2683 2046 2732 futura

63 2807 70 2811 .
141 2773 283 2828 sunt,
340 2773 517 2832 quanto
559 2764 709 2831 magis
751 2763 1102 2814 sanctissimum
1134 2764 1246 2815 illud
1278 2761 1462 2815 Christi
1494 2783 1698 2833 eorpus,
1741 2767 1864 2833 quod
1905 2767 2044 2817 nullis

142 2848 304 2900 verbis
332 2848 584 2917 explicari,
626 2864 781 2915 neque
809 2865 913 2898 cum
942 2848 1034 2898 ulla
1063 2865 1115 2898 re
1145 2850 1410 2918 comparari
1436 2858 1613 2918 potest,
1655 2851 1788 2913 illud,
1828 2850 2039 2918 inquam,

140 2932 520 2984 sincerissimum
563 2949 619 2983 ac
652 2950 755 2982 cum
799 2933 888 2982 deo
930 2932 1268 2996 coniunctum,
1324 2934 1568 3000 singulare
1600 2934 1824 3002 deinceps
1857 2943 1906 2985 et
1939 2935 2042 2985 uni-

140 3018 324 3068 forme?
396 3014 536 3083 Quod
579 3015 766 3083 quidem
806 3016 1050 3083 apostolus
1083 3016 1170 3066 hac
1193 3017 1432 3068 sententia
1464 3026 1697 3068 testatur:
1752 3022 1818 3067 Et
1842 3023 1889 3068 si
1910 3022 2038 3068 novi·
2060 3028 2171 3069 Rom.
2195 3032 2227 3076 1,
2243 3033 2274 3068 4.

139 3121 268 3162 mus,
308 3102 488 3169 inquit,
529 3104 776 3150 secundum
805 3118 988 3149 carnem
1014 3103 1273 3162 Christum,
1315 3121 1406 3151 non
1438 3107 1528 3151 iam
1558 3106 1904 3166 cognoscimus3
1947 3122 2043 3154 non

141 3186 266 3254 quod
294 3203 488 3236 carnem
517 3202 544 3235 a
572 3184 819 3235 divinitate
846 3183 1136 3247 seiunxerit,
1177 3185 1259 3235 sed
1296 3186 1420 3253 qnod
1450 3185 1630 3237 existat
1667 3187 1745 3236 illa
1771 3187 1959 3254 quidem
1988 3206 2043 3238 ac

195 3298 261 3340 71.
295 3300 416 3338 Verba
450 3293 734 3349 οἱποὲνῆσκει,
778 3293 952 3343 Seiva-roc
981 3291 1060 3338 αὖ·
1174 3295 1240 3337 75.
1271 3294 1319 3339 δὲ
1346 3295 1404 3344 εἰς
1432 3300 1519 3338 edit.
1550 3300 1711 3349 Petav.‚
1750 3304 1904 3350 praeter
1928 3302 2039 3341 codd.

138 3352 210 3396 τοῦ
233 3349 399 3402 οὐκέτι,
428 3366 526 3404 quae
556 3356 692 3393 absunt
718 3365 743 3391 a
771 3354 881 3392 codd.
908 3364 999 3392 mss,
1029 3356 1063 3391 et
1117 3355 1393 3393 auctoritatem.

139 3411 226 3449 edit.
258 3413 406 3460 princ„
444 3413 614 3460 primum
655 3411 838 3450 Petavius
873 3410 1062 3458 supplevit
1174 3407 1241 3449 76.
1267 3406 1312 3450 τὸ
1345 3412 1470 3449 omiss.
1499 3412 1540 3449 in
1569 3412 1657 3449 edit.
1686 3411 1820 3452 Petav.

139 3477 187 3506 ex
215 3468 388 3507 Panario
416 3478 509 3516 pay.
540 3465 654 3505 1100.
1174 3463 1239 3505 77.
1271 3463 1410 3517 μέλλει
1433 3468 1578 3505 restitui
1603 3478 1651 3505 ex
1680 3468 1847 3507 Panarii
1872 3471 1951 3509 loco
1976 3482 2040 3520 ye-

195 3521 260 3563 72.
288 3524 407 3561 Verba
430 3522 501 3562 τοῦ
526 3517 728 3569 ἅπαξ-οῦς,
749 3518 821 3562 καὶ
844 3518 889 3562 τὸ
918 3522 1060 3560 omissa
1117 3522 1228 3561 mello
1264 3533 1359 3571 pay.
1389 3522 1503 3561 1100.
1548 3524 1656 3561 Libri
1700 3526 1875 3564 mendose
1926 3528 2041 3576 vulyo

139 3581 227 3617 sunt
254 3579 294 3616 in
324 3579 410 3615 edit.
444 3579 578 3618 Petav.
1119 3577 1239 3630 μέλη.

195 3631 261 3674 73.
292 3631 475 3685 διαμένει
496 3635 606 3673 codd.
636 3645 725 3673 mss.
763 3637 796 3672 et
822 3634 909 3673 edit.
934 3635 1058 3682 princ.
1172 3633 1237 3674 78.
1259 3645 1308 3685 γε
1332 3632 1481 3685 μᾶλλον
1505 3635 1594 3674 edit.
1610 3636 1757 3686 Petav„
1785 3637 1915 3676 invitis
1935 3638 2040 3677 libris

144 3687 260 3742 μένον
291 3689 378 3727 edit.
409 3691 537 3728 Petav.
1115 3693 1203 3729 vett.

195 3743 261 3785 74.
289 3741 600 3797 ἐνανῧρωπῆσει
627 3747 714 3786 edit.
742 3746 904 3795 Petav„
934 3747 1063 3785 invitis
1172 3743 1238 3786 79.
1272 3743 1343 3796 μὲν
1375 3736 1499 3788 οὖσαν
1531 3748 1667 3797 legitur
1707 3750 1747 3788 in
1777 3751 1921 3799 Eposit.
1951 3751 2035 3790 Fid.

139 3801 245 3841 libris
272 3804 360 3840 vett.
1112 3814 1206 3853 pay.
1240 3801 1355 3842 1100.
