2508 4134
462 265 564 318 634
1040 277 1308 320 ADDENDA
1338 280 1412 322 ET
1443 278 1814 323 mmmmm.

459 399 510 406 -
537 375 638 417 lbid.
671 372 881 430 ληξάντων
906 376 989 420 τῶν
1015 372 1097 422 οἷπό
1114 373 1260 423 Ἰούδα
1282 378 1355 422 καὶ
1373 374 1538 434 Ἀαρῶν
1553 380 1750 436 Χριστῶν
1765 379 2011 438 ἡγουμένων
2026 382 2129 424 Veu.
2159 405 2213 414 —
2269 381 2298 423 1.
2320 381 2386 425 11.

456 443 731 501 Ἀλεξάνδρου
760 447 948 502 Χριστοῦ
989 445 1224 503 ἡγουμένου
1252 448 1325 493 καὶ
1351 450 1563 500 Σαλλίνας
1599 450 1673 494 καὶ
1696 447 1985 506 Ἀλεξάνδρας.
2041 448 2144 508 Ἐφ’
2172 449 2235 502 οἷς
2257 451 2385 507 ἐπλη-

459 512 578 571 ρώθη
608 514 639 572 ἠ
664 518 900 572 προφητεία
923 518 997 561 τοῦ
1024 515 1185 576 Ἰακώβ
1209 517 1282 570 τό,
1315 516 1410 564 Ούκ
1434 519 1625 574 ἐκλείψει
1647 516 1788 578 ἅρχων
1822 521 1868 573 ἐξ
1894 517 2066 576 Ἰούδα,
2095 522 2169 566 καὶ
2192 518 2387 579 ἡγούμε-

455 602 522 636 νος
561 586 610 630 ἐκ
648 589 731 631 τῶν
774 589 920 643 μηρῶν
964 584 1118 641 αύτοῦ,
1169 588 1250 639 ἕως
1285 584 1335 634 ἄν
1369 589 1474 647 ἔλθῃ
1518 584 1563 648 ᾧ
1583 587 1830 643 ἀπόκειται,
1877 592 1950 636 καὶ
1984 588 2121 642 αὐτὸς
2158 592 2386 648 προςδοκία

453 657 611 712 ἐθνῶν,
645 654 670 703 ὅ
696 658 805 702 ἐστιν
835 657 858 703 0‘
883 659 1101 715 γεννηθεὶς
1125 658 1279 715 κύριος.
1338 661 1488 706 Ταῦτα
1515 659 1651 706 πάντα
1678 660 1930 707 ἐτελειοῦντο
1951 658 2176 718 ἀρξάμενα»
2193 659 2274 708 άπὸ
2303 664 2385 719 τῆς

452 726 691 785 γεννήσεως
716 729 795 783 τῆς
818 729 859 773 ἐν
887 730 1113 786 Βηθλεὲμ,
1143 724 1178 788 ᾗ
1204 730 1367 787 ἐγένετο
1390 731 1431 776 ἐν
1454 745 1570 775 τεσσ.
1597 734 1700 774 Ven.
1734 758 1784 765 —
1844 733 1872 774 l.
1897 731 1961 776 14.
1994 729 2044 783 ὃς
2067 726 2122 790 ἦν
2140 732 2256 789 μμετοὶ
2278 733 2386 789 πέμ-

453 814 550 843 πτον
596 800 686 849 ἔτος
724 801 805 854 τῆς
843 799 1071 857 ἐπιτροπῆς
1106 804 1209 843 Ven.
1240 826 1298 834 —
1353 802 1464 845 l.15.
1508 802 1627 858 φιλία
1653 800 1761 858 μόνη
1788 795 1842 858 ἦν
1864 805 1973 845 ven.
2007 829 2057 836 --
2115 804 2232 854 1,.16.
2275 804 2383 861 μέρη

455 869 672 926 δομάτων,
716 870 789 915 καὶ
821 870 928 926 μετὰ
965 870 1041 927 τήν
1074 871 1297 928 ἐπιτροπήν
1326 869 1596 928 Ἀντιπάτρου
1637 871 1713 928 τήν
1746 870 1828 918 άπὸ
1870 874 1991 919 ἕκτου
2023 872 2265 931 Αὐγούστου
2304 874 2386 924 ἕως

455 940 619 986 ἐννάτου
661 937 813 993 αὐτοῦ,
858 940 1056 998 “Ηρώδου
1097 958 1144 987 τε
1171 943 1510 992 κατασταθέντος
1536 941 1618 987 ἀπὸ
1654 945 1728 988 τοῦ
1767 944 1946 989 δεκάτου
1983 945 2101 996 ἔτους
2133 945 2207 990 κού.
2235 946 2388 1002 μέρους

454 1012 597 1067 φόρων
640 1013 867 1068 διδομένων
910 1012 992 1063 ἕως
1023 1013 1365 1068 τριςκαιδεκάτου
1407 1013 1546 1065 ἔτους,
1590 1009 1614 1057 ὃ
1643 1006 1697 1069 ἦν
1724 1015 1916 1071 τέταρτον
1945 1015 2035 1065 ἔτος
2062 1018 2143 1072 τῆς
2172 1017 2388 1074 βασιλείας

454 1080 654 1138 “Ηρῶδου
684 1084 1021 1134 κατασταθέντος
1046 1082 1126 1134 ὑπὸ
1161 1081 1404 1140 Αύγούστου
1420 1116 1430 1133 ,
1465 1083 1572 1139 μετὰ
1598 1084 1647 1129 δὲ
1671 1083 1718 1129 τὸ
1743 1087 1936 1141 τέταρτον
1964 1086 2055 1136 ἔτος
2079 1083 2277 1142 Ἡρώδου
2305 1089 2387 1131 λοιὲ

453 1153 529 1198 πόν
555 1154 727 1204 τελείως
752 1155 1072 1210 παραδοθείσης
1097 1156 1211 1207 (cod.
1235 1155 1564 1210 παραδοθέντος)
1590 1156 1670 1210 τῆς
1693 1152 1903 1207 Ἰουδαίας
1929 1156 2011 1207 ἕως
2033 1159 2278 1213 τριακοστοῦ
2300 1157 2389 1213 τρί-

454 1241 524 1269 του
554 1225 671 1275 ἔτους
691 1223 916 1282 Ἡρώδου,
952 1222 1192 1281 Αὐγούστου
1218 1226 1265 1270 δὲ
1290 1226 1682 1280 τεσσαρακονταδύο
1710 1226 1784 1283 ἔτη
1808 1227 2133 1283 πληρῶσαντος,
2161 1228 2389 1284 κρατηθεί-

456 1311 538 1351 σης
566 1298 669 1338 Ven.
702 1321 753 1328 —-
811 1297 923 1341 1.21.
971 1294 1105 1353 αύτήν
1146 1295 1263 1340 ἐννέα
1304 1295 1378 1350 ἔτη
1411 1293 1620 1353 ύπόφορον
1650 1299 1754 1340 Ven.
1783 1323 1838 1331 —
1896 1299 1924 1341 1.
1940 1299 2008 1342 23.
2051 1299 2236 1354 πατέρα,
2281 1297 2388 1354 μετὰ

455 1367 504 1412 δὲ
539 1365 610 1412 τόν
641 1364 845 1422 εΗρώδην
875 1368 1052 1425 βασιλέα
1091 1367 1411 1423 κατασταθῆναι
1445 1363 1528 1412 οἷπό
1568 1365 1813 1424 Αύγούστου
1842 1368 1911 1413 ἐπὶ
1945 1370 2026 1425 τῆς
2048 1367 2261 1420 Ἰουδαίας
2284 1371 2390 1412 ven.

455 1463 503 1472 -
539 1439 653 1481 125.
685 1437 839 1496 ύπατίᾳ
865 1441 952 1479 Bas.
984 1463 1041 1470 -
1101 1438 1201 1479 mid.
1233 1436 1309 1492 τὸ,
1340 1448 1437 1479 ante
1466 1439 1828 1494 τριςκαιδέκατον,
1875 1455 1955 1482 om.
1987 1440 2118 1491 editi,
2158 1442 2270 1483 solus
2290 1450 2389 1483 tue-

454 1519 522 1551 tur
552 1512 658 1552 ven.
689 1534 741 1542 —-
800 1511 827 1552 l.
853 1510 921 1553 26.
968 1507 1028 1559 ῶς
1051 1508 1253 1558 πολλάκις
1280 1508 1442 1565 ἔφημεν
1473 1510 1579 1566 (sic,
1610 1524 1690 1552 non
1721 1509 1852 1566 ἔφην,
1897 1517 1944 1552 ut
1971 1511 2039 1553 alii
2061 1512 2104 1553 in
2132 1513 2225 1554 cod.
2251 1513 2389 1568 legere

454 1582 531 1622 sibi
568 1581 643 1622 visi
679 1582 794 1637 sunt)
836 1576 983 1637 ἥντινα
1012 1582 1116 1622 Ven.
1146 1605 1203 1612 —
1262 1579 1365 1621 Ibid.
1410 1577 1586 1625 ύπατίαν
1618 1607 1667 1613 -
1699 1580 1869 1626 ύπατίαι
1898 1584 1989 1624 Bas.
2015 1605 2072 1614 —
2127 1582 2157 1624 1.
2180 1582 2247 1626 28.
2277 1585 2389 1628 Δεν-

454 1650 625 1697 τούλλου
654 1654 757 1694 Ven.
786 1661 828 1693 et
854 1654 946 1693 Bas.
1004 1651 1235 1696 Λεντούλου
1274 1650 1339 1691 ed.
1370 1653 1513 1693 Petav.
1543 1675 1600 1684 -—
1656 1652 1684 1693 l.
1707 1653 1747 1696 6.
1776 1653 1828 1694 ab
1851 1653 1928 1695 inf.
1972 1652 2175 1709 Σερολίου
2199 1655 2304 1697 Ven.
2334 1675 2396 1687 —-¹

454 1725 483 1766 l.
502 1723 542 1765 5.
569 1724 621 1765 ab
645 1723 719 1764 inf.
768 1719 1020 1778 Ούαλερίνου
1055 1725 1159 1765 Ven.
1194 1748 1245 1754 —
1304 1723 1331 1763 1.
1353 1721 1392 1764 4.
1424 1724 1475 1765 ab
1503 1723 1578 1764 inf.
1608 1719 1853 1779 Ἀρουγκίου
1882 1725 1987 1770 Ven.
2045 1725 2170 1776 Quod
2200 1725 2387 1767 restitue.

455 1818 508 1825 --
539 1794 566 1835 l.
597 1794 753 1849 penult.
782 1793 955 1849 Νεροῦα
986 1796 1087 1835 Ven.
1122 1796 1208 1836 Bas.
1241 1803 1284 1835 et
1314 1794 1381 1836 ed.
1413 1796 1554 1836 Petav.
1585 1818 1638 1825 -—
1697 1795 1723 1835 1.
1754 1795 1825 1836 ult.
1857 1794 2076 1850 Καμίρλου
2105 1797 2213 1838 Ven.

568 1866 807 1923 Pag.88.
862 1865 890 1905 l.
915 1867 955 1906 2.
989 1866 1244 1922 Δωλαβελλα
1289 1867 1378 1906 Bas.
1439 1863 1679 1923 Δολαβελλοὶ
1705 1867 1807 1907 Ven.
1845 1876 1893 1898 -·-
1952 1865 1980 1906 1.
2005 1868 2043 1908 5.
2085 1864 2287 1923 Φλάγκου
2315 1866 2391 1911 καὶ

455 1936 637 1980 Σιλανοῦ
665 1936 748 1979 τῶν
774 1932 865 1979 δύω
889 1935 1061 1987 Σέξτων
1091 1939 1194 1979 Ven.
1225 1960 1281 1969 —
1338 1936 1366 1978 1.
1391 1937 1429 1980 7.
1473 1933 1686 1991 Βρούττου
1712 1939 1816 1980 Ven.
1848 1939 1938 1977 Bas.
1973 1960 2024 1968 —-
2084 1937 2111 1978 l.
2131 1936 2173 1979 9.
2217 1937 2389 1992 Cor-rige

455 2005 659 2062 Κράσσου
689 2005 763 2049 καὶ
786 2003 985 2062 Ῥούφου.
1015 2031 1072 2039 —
1129 2007 1156 2048 l.
1185 2008 1246 2051 17.
1291 2006 1557 2057 Πουλλίωνος
1590 2009 1676 2049 Bas.
1709 2032 1765 2039 —
1821 2008 1848 2050 l.
1872 2009 1935 2050 18.
1979 2004 2188 2063 Κιαθτῖγου
2219 2009 2311 2049 Bas.
2341 2016 2386 2049 et

457 2078 549 2120 cod.
581 2078 755 2133 Rhedig.
785 2102 841 2110 --
899 2079 926 2121 1.
944 2080 1012 2120 21.
1063 2079 1235 2134 Repone
1261 2078 1460 2127 Πίσωνος
1489 2093 1539 2118 ex
1566 2079 1669 2119 Ven.
1700 2102 1753 2110 -
1810 2078 1840 2120 l.
1857 2078 1923 2120 22.
1969 2078 2154 2122 Σιλανου
2195 2078 2284 2122 καὶ
2295 2078 2387 2123 Νε-

457 2150 560 2204 ροῦα
589 2149 666 2203 (ita
693 2150 817 2190 etiam
850 2149 939 2191 Bas.
970 2157 1013 2190 et
1040 2149 1106 2191 ed.
1136 2151 1305 2204 Petam,
1337 2149 1411 2190 sed
1439 2147 1955 2205 cod.Rhedig.Nepo150t)
1981 2149 2064 2193 τῶν
2094 2147 2169 2194 δύο
2194 2149 2389 2205 γεμηνῶν

455 2222 556 2261 Ven.
588 2244 645 2252 —
702 2221 729 2261 1.
751 2221 817 2264 23.
846 2219 959 2264 ἐστὶν
987 2217 1134 2277 χρόνος
1162 2223 1267 2262 Ven.
1300 2244 1350 2251 —
1409 2220 1435 2260 1.
1457 2219 1527 2263 24.
1559 2217 1736 2269 ύπατίας
1767 2222 1857 2260 Bas.
2413 2221 2416 2224 ’

568 2293 702 2349 Pag.
724 2293 814 2338 89.
871 2292 897 2333 l.
925 2291 996 2332 ult.
1027 2291 1068 2332 in
1100 2291 1196 2332 adn.
1226 2292 1267 2334 3.
1301 2290 1462 2347 corrige
1493 2287 1777 2334 Ούαλεντῖνον.
1836 2291 1905 2332 Sic
1934 2290 2043 2331 enim
2071 2291 2198 2332 habet
2227 2292 2330 2333 Ven.
2380 2315 2385 2317 >

568 2364 702 2420 Γᾶς.
725 2364 815 2407 90.
871 2363 898 2404 l.
922 2365 961 2404 2.
1004 2362 1088 2406 τῶν
1113 2357 1209 2417 παρ’
1239 2358 1383 2410 αύτοῖς
1411 2360 1561 2415 legitur
1590 2361 1715 2402 etiam
1738 2361 1780 2402 iu
1809 2363 1935 2412 Ven.,
1966 2376 2050 2402 non
2077 2366 2167 2411 τοῖς
2187 2358 2283 2417 παρ’
2313 2355 2390 2405 αύ-

455 2438 566 2487 τοῖς,
610 2443 655 2474 ut
682 2448 834 2488 operae
860 2448 1078 2489 perperam
1104 2432 1408 2487 exscripserunt
1434 2432 1476 2473 in
1506 2431 1651 2473 adnot.
1679 2457 1735 2464 --
1791 2432 1818 2473 l.
1841 2433 1879 2476 7.
1911 2431 2073 2487 ἐκείνην
2103 2431 2151 2477 δὲ
2177 2431 2255 2488 τὴν
2280 2434 2388 2475 Ven-

457 2506 559 2547 Mox
604 2502 780 2548 ύπατίαν
814 2506 925 2554 Bas.‚
972 2504 1029 2544 uti
1058 2504 1180 2545 solet.
1210 2527 1264 2535 —
1325 2503 1431 2545 ibid.
1473 2504 1645 2558 Repone
1681 2500 1925 2559 Αύγούστου
1955 2518 2005 2544 ex
2028 2505 2133 2545 Ven.
2161 2528 2218 2536 -
2273 2503 2303 2545 l.
2325 2503 2389 2546 11.

458 2572 706 2621 Ουίννικάου
737 2575 863 2616 habet
892 2577 1022 2625 Ven„
1068 2590 1152 2616 non
1182 2572 1463 2628 Ούεννικάου,
1510 2583 1555 2614 ut
1583 2589 1657 2629 per
1694 2589 1876 2616 errorem
1914 2574 1957 2616 in
1986 2584 2128 2617 annot.
2163 2574 2390 2616 indicatum

457 2656 534 2688 est.
567 2671 620 2677 —
677 2646 703 2686 1.
736 2647 796 2688 12.
842 2646 1072 2700 δεκατριῶν
1113 2643 1329 2690 καλάνδων
1357 2646 1459 2686 ven.
1492 2669 1547 2677 —
1605 2645 1634 2685 l.
1658 2644 1720 2688 19.
1769 2642 2001 2690 Αύδυναίου
2028 2647 2130 2687 ven.
2162 2670 2212 2678 --
2271 2645 2298 2686 1.
2320 2646 2393 2688 20.

459 2702 599 2762 ἰουναῦ
635 2718 687 2758 ab
715 2717 793 2757 alia
821 2731 942 2757 manu
981 2716 1081 2757 mihi
1109 2725 1352 2757 annotatum
1384 2730 1434 2756 ex
1459 2717 1563 2757 Ven.
1599 2740 1648 2746 —-
1709 2716 1737 2758 l.
1753 2717 1822 2758 21
1864 2712 2006 2760 άλσῶν
2035 2733 2078 2772 μ.
2105 2732 2144 2760 κ.
2175 2713 2319 2766 είκάς,

457 2790 512 2833 Κ.
539 2785 755 2846 α’ταρτοιβά
795 2785 1141 2843 τριςκαιδεκάτη,
1187 2803 1227 2830 κ.
1258 2783 1351 2830 Ἀ.θ
1380 2787 1577 2841 Μεμακτ
1618 2787 1763 2842 πέμπη
1800 2787 1870 2829 alii
1898 2795 2094 2828 notarunt
2123 2802 2174 2828 ex
2197 2788 2304 2829 Ven.
2334 2809 2391 2819 —-

459 2862 483 2902 1.
507 2862 547 2904 3.
579 2861 630 2901 ab
661 2860 736 2900 inf.
768 2858 984 2914 πεμπέτην
1013 2858 1094 2899 alla
1118 2873 1262 2899 manus
1293 2873 1342 2898 ex
1373 2860 1476 2898 Ven.
1508 2858 1683 2899 notavit.

570 2933 704 2990 Pag.
734 2933 823 2975 92.
880 2930 909 2973 l.
929 2931 966 2972 1.
994 2931 1208 2985 παρῆλθεν
1235 2931 1365 2980 Ven.,
1411 2938 1520 2970 teste
1548 2929 1627 2970 alia
1656 2944 1791 2970 manu.
1822 2954 1878 2961 —
1932 2929 1964 2970 l.
1985 2929 2025 2970 2.
2059 2926 2236 2977 ύπατίας
2262 2950 2309 2959 -
2339 2942 2389 2971 υ·-

456 3002 606 3046 πατίαυ
636 3005 722 3043 Bas.
786 3004 845 3042 lta
871 3000 1034 3056 ubique.
1066 3025 1117 3032 ——
1177 3001 1203 3041 l.
1228 3002 1267 3042 5.
1310 3003 1355 3041 In
1382 3015 1509 3055 marg.
1542 3000 1692 3042 Veneti
1716 3000 1868 3054 legitur
1891 3000 2142 3056 adscriptum
2165 2999 2222 3055 τῇ
2242 2996 2288 3052 η’
2317 2997 2391 3040 τοῦ

458 3074 712 3130 Νοεμβρίου.
743 3098 791 3104 -
855 3072 881 3115 l.
902 3071 943 3115 6.
979 3066 1340 3126 Οοττ.““Έλληνας.
1374 3096 1425 3103 -
1484 3071 1587 3112 Ibid.
1619 3071 1716 3114 Δίου
1743 3067 1878 3128 ὀγδόῃ
1907 3073 2011 3112 ven.
2043 3095 2092 3102 —
2155 3070 2183 3112 1.
2203 3070 2242 3113 7.
2269 3068 2391 3112 Κων-

461 3144 701 3198 σταντιέας,
731 3159 793 3199 τρ.
823 3143 879 3186 Χ.
907 3142 1010 3199 ἕκτη
1040 3145 1142 3184 Ven.
1178 3167 1229 3174 —-
1287 3143 1316 3183 l.
1339 3144 1377 3185 8.
1407 3138 1554 3197 Ἀπογ.
1583 3140 1893 3197 ἑκκαιδεκάτη,
1935 3158 1961 3185 κ
1995 3136 2092 3195 ”Αρ.
2120 3136 2392 3197 Ἀγγαθαβα-

460 3215 528 3259 εὶθ
554 3215 731 3270 δευτέρα
755 3214 828 3258 καὶ
854 3211 972 3263 εἰκάς
994 3216 1098 3255 ven.
1115 3247 1127 3268 ‚
1156 3222 1264 3255 teste
1290 3213 1369 3254 alia
1395 3228 1529 3254 manu.
1561 3237 1616 3245 --
1673 3214 1699 3253 l.
1720 3212 1760 3254 9.
1787 3209 2000 3266 Ἀρατατοὶ
2031 3209 2389 3265 πεντεκαιδεκάτη

461 3289 563 3327 Ven.
599 3303 648 3317 —
708 3287 734 3326 l.
760 3288 824 3328 12.
857 3285 1025 3340 Con-rige
1060 3284 1203 3340 λέγων.
1239 3310 1286 3316 -
1353 3284 1457 3325 lbid.
1500 3285 1604 3324 Ven.
1638 3281 1660 3327 ὁ
1687 3279 1873 3338 Ἰησοῦς.
1907 3307 1960 3315 -
2017 3282 2045 3323 l.
2074 3279 2134 3323 14.
2165 3278 2393 3337 δωδεκάτη

459 3358 587 3399 habet
617 3358 740 3398 etiam
767 3359 869 3398 Ven.
892 3381 944 3388 —
1005 3357 1031 3397 1.
1051 3354 1091 3398 4.
1125 3356 1176 3396 ab
1206 3356 1281 3398 inf.
1309 3353 1600 3410 Ἱηρουσαλῆμ
1626 3356 1732 3396 ven.
1757 3378 1808 3385 --
1869 3353 1970 3395 ibid.
1999 3352 2148 3396 πιᾶσαι
2172 3353 2275 3393 Ven.
2300 3354 2390 3393 Bas.
2443 3366 2450 3371 “

573 3429 814 3487 Pag.94.
871 3428 898 3469 1.
926 3429 959 3469 1.
1007 3426 1103 3481 καὶ,
1147 3435 1245 3468 ante
1275 3424 1392 3481 ἰδού,
1435 3440 1515 3467 om.
1547 3429 1679 3477 Ven.,
1722 3433 1831 3466 teste
1847 3424 1986 3464 'altera
2014 3436 2148 3462 manu.
2182 3445 2232 3452 -—
2290 3423 2318 3463 1.
2349 3420 2390 3465 4.

462 3502 637 3555 εἴδησαν
667 3502 768 3540 Ven.
800 3524 851 3530 -—
910 3498 938 3538 l.
958 3499 1020 3540 10.
1063 3497 1291 3552 ἰανουαρίου
1325 3500 1411 3538 Bas.
1443 3522 1495 3529 —-
1555 3498 1582 3539 1.
1611 3496 1671 3539 19.
1716 3498 1762 3536 In
1803 3508 1929 3548 marg.
1971 3492 2063 3534 cod.
2095 3494 2200 3534 Ven.
2230 3493 2392 3535 adscri-

462 3580 579 3626 ptum
610 3571 761 3625 legitur
789 3572 842 3627 τῇ
883 3566 920 3613 κ’
948 3571 1021 3612 τοῦ
1062 3568 1265 3623 Μαρτίου.
1299 3591 1348 3598 --
1408 3568 1434 3608 l.
1454 3569 1522 3609 20.
1569 3562 2075 3620 τεσσαρεςκαιδεκαταίας
2115 3563 2300 3619 σελήνης
2323 3580 2392 3607 νυ-

464 3640 627 3696 κτερινή
657 3641 768 3696 μέση
794 3643 897 3682 Ven.
919 3665 973 3672 -
1031 3640 1058 3680 1.
1080 3640 1147 3683 26.
1177 3636 1409 3683 Καλάνδων
1437 3640 1563 3687 Ven.;
1604 3638 1662 3678 ita
1688 3636 1849 3690 ubique.
1883 3657 1936 3665 —-
1993 3633 2020 3674 l.
2038 3634 2078 3676 7.
2103 3635 2154 3675 ab
2179 3635 2254 3678 inf.
2286 3633 2392 3690 πρὸς

467 3710 673 3768 σάββατον
703 3715 809 3754 Ven.
839 3736 895 3743 —
951 3711 978 3752 l.
1002 3712 1042 3753 3.
1068 3710 1119 3752 ab
1144 3710 1221 3751 inf.
1251 3710 1332 3764 τῆς
1361 3708 1543 3765 σελήνης
1568 3707 1641 3752 καὶ
1668 3707 1743 3751 τοῦ
1770 3703 1890 3759 ἡλίου
1917 3701 1988 3748 τὸν
2024 3702 2177 3759 δρόμον
2203 3707 2305 3746 Vcn.
2339 3729 2390 3736 --

461 3781 488 3821 1.
520 3782 591 3820 ult.
622 3779 852 3837 ύπέρβατον
885 3785 971 3823 Bas.

577 3852 709 3909 Pag.
727 3855 816 3899 96,
873 3853 900 3892 1.
923 3854 962 3893 2.
995 3850 1066 3897 διὰ
1094 3853 1177 3897 τῶν
1207 3852 1331 3908 τριῶν
1358 3853 1460 3895 Ven.
1491 3874 1545 3882 —
1602 3849 1630 3890 1.
1648 3848 1686 3890 3.
1733 3844 1809 3896 τὰς
1837 3845 2115 3896 πεντακοσίας
2135 3843 2392 3903 πεντήκοντα
