2508 4134
503 307 726 349 PANARH
754 308 857 348 Lm.
882 308 953 349 111.
982 308 1115 349 ΤοΜ.
1139 309 1190 348 ιι.
1219 305 1638 348 HAER.LXXV1H.
1917 292 2010 341 441

127 406 477 478 praetermisit,
533 423 592 457 ne
631 406 718 456 hoc
757 406 813 455 ad
853 404 1117 472 aliquorum
1165 405 1498 456 contumeliam
1538 404 1710 456 iecisse
1750 402 2013 454 videretur.

126 491 221 544 Sed
252 492 309 542 ad
342 490 597 541 nonnullos
639 489 1027 540 condemnandos
1065 496 1140 539 est
1177 487 1349 538 dictum
1390 489 1466 556 qui
1501 506 1670 539 vacare
1697 488 1787 538 deo
1818 485 2013 548 nolunt3

125 576 191 626 ita
219 583 269 626 ut
291 576 481 625 interim
510 573 655 626 vitam
683 590 748 624 ex
776 572 898 640 legis
924 572 1221 640 praescripto
1254 581 1557 638 comparent,
1599 581 1646 623 et
1672 572 1873 622 honeste
1901 585 2019 622 vase

125 676 212 710 suo
242 659 298 708 ad
329 658 509 727 prolem
539 656 889 726 suscipiendam
927 665 1153 719 utantur3
1207 656 1599 723 quemadmodum
1640 665 1797 724 patres
1827 662 2019 705 nostros

125 759 238 793 usos
265 742 375 793 olim
407 758 516 792 esse
547 740 823 802 didicimus,
875 740 997 807 quod
1029 738 1201 789 alicubi
1241 738 1476 808 scriptura
1502 740 1737 803 declarat,
1792 740 2009 798 Rebecca,
2033 747 2140 787 Rom·
2164 746 2198 789 ⁹,
2220 744 2271 781 1⁰-

125 826 306 894 inquit,
364 845 424 875 car
453 842 542 874 uno
572 828 846 890 concipiens.
924 822 1006 873 Ex
1032 841 1127 873 uno
1164 821 1315 884 dixit,
1368 831 1412 872 et
1449 830 1500 872 ut
1530 822 1766 873 honestati
1799 823 2021 874 consule-

125 919 227 974 ret,
277 909 400 960 aliud
434 909 548 960 nibil
577 907 783 972 addidit3
831 908 915 958 sed
943 906 1303 975 generationem
1330 906 1456 956 illam
1486 907 1655 956 iustam
1683 925 1737 957 ae
1762 906 2021 974 legitimam

128 993 274 1044 fuisse
315 993 623 1061 significavit.
701 990 865 1059 Quare
909 1000 1017 1060 post
1044 999 1295 1058 susceptos
1325 990 1502 1040 liberos
1541 990 1716 1040 nullam
1746 992 1944 1059 amplius
1977 990 2018 1040 ei

125 1095 231 1128 cum
274 1077 353 1128 illa
393 1076 785 1128 consuetudinem
827 1076 976 1127 fuisse
1018 1075 1333 1125 demonstrat.
1422 1072 1488 1124 Et
1518 1075 1738 1141 quoniam
1786 1075 1921 1125 facile
1964 1091 2021 1124 ac

124 1161 335 1231 proclive
382 1161 519 1212 nobis
559 1169 634 1212 est
674 1169 878 1210 mentem
920 1159 975 1209 ad
1011 1159 1252 1209 deteriora
1295 1157 1450 1226 potius
1486 1176 1623 1225 quam
1657 1158 1712 1208 ad
1743 1158 2022 1209 necessaria

124 1245 405 1308 deflectere,
460 1261 662 1312 cumque
690 1243 903 1294 lubricus
927 1243 988 1294 sit
1017 1242 1220 1293 hominis
1247 1241 1464 1304 animuS,
1520 1259 1608 1292 nec
1639 1243 1694 1292 ad
1727 1251 1905 1292 rectam
1938 1242 2022 1292 do-

124 1329 254 1380 mino
295 1329 420 1380 viam
463 1329 689 1397 impetum
730 1327 887 1379 statim
937 1344 1072 1378 suum
1113 1327 1567 1394 contentionemque
1597 1326 1797 1394 dirigat,
1851 1327 1935 1376 sed
1964 1326 2020 1375 ad

125 1414 342 1464 dextram
373 1412 682 1464 sinistramve
708 1410 944 1474 declinet,
986 1420 1128 1479 atque
1157 1428 1301 1478 aegre
1331 1410 1579 1460 admodum
1609 1410 1716 1461 huic
1747 1408 2021 1462 Salomonis

124 1505 380 1566 praecepto
419 1504 614 1565 pareat,
670 1498 743 1545 Ne
766 1498 965 1545 declines
995 1499 1058 1544 ad
1081 1499 1342 1554 deoeteram,
1396 1513 1480 1544 nec
1505 1498 1568 1544 ad
1592 1499 1856 1555 sinistram,
1910 1512 2014 1545 cum
2040 1509 2147 1545 Prov.
2164 1509 2196 1553 4,
2220 1506 2273 1541 21.

124 1582 327 1649 denique
371 1580 498 1631 circa
536 1580 727 1631 easdem
761 1579 1077 1647 cogitationes
1119 1595 1228 1629 sese
1268 1588 1486 1646 torqueat
1518 1596 1572 1629 ac
1606 1588 1768 1629 verset
1798 1579 2024 1648 improbi-

125 1674 227 1728 ωε,
282 1674 331 1716 ει
364 1666 422 1715 ad
461 1664 553 1716 alia
586 1663 761 1714 itinera
795 1663 1090 1732 capessenda
1119 1663 1495 1713 moderationem
1540 1672 1750 1714 nostram
1791 1664 2020 1732 impellat,

123 1749 389 1800 cavendum
417 1747 529 1799 illud
561 1747 699 1800 nobis
727 1756 830 1812 est,
873 1764 932 1798 ne
966 1747 1195 1798 effusiora
1224 1747 1303 1798 illa
1333 1747 1501 1798 beatae
1533 1748 1735 1815 virginis
1766 1748 2024 1816 praeconia

124 1831 325 1883 alterius
354 1832 535 1884 erroris
567 1840 616 1882 et
642 1831 926 1882 offensionis
958 1832 1207 1882 materiam
1237 1831 1378 1882 alicui
1412 1833 1619 1882 fortasse
1650 1832 1929 1900 praebeant.

260 1915 454 1967 Etenim
483 1915 562 1985 qui
590 1916 638 1966 in
666 1916 808 1966 filium
842 1915 1174 1967 contumeliosi
1210 1933 1318 1966 esse
1348 1916 1634 1979 voluerunt,
1692 1926 1742 1967 ut
1769 1926 1909 1967 antea
1942 1917 2024 1967 ‹le-
2104 1933 2201 1987 Cap.

125 2002 357 2052 claretum
386 2009 492 2064 est,
548 2000 822 2051 abalienare
852 2000 1003 2068 ipsum
1035 2017 1059 2050 a
1090 1999 1238 2068 patris
1270 1999 1517 2050 divinitate
1547 2001 1849 2051 studuerunt.
1928 2000 2027 2052 Alii
2070 1978 2233 2031 XXffl·

126 2102 151 2136 e
180 2084 425 2136 contrario
462 2085 702 2136 diversam
745 2085 793 2134 in
834 2093 1013 2152 partem
1057 2085 1322 2148 abeuntes,
1379 2103 1471 2153 quo
1512 2085 1844 2137 vehementius
1893 2086 2026 2136 illum

124 2170 444 2232 honorarent,
486 2169 686 2219 eundem
721 2185 830 2218 esse
861 2176 1043 2237 patrem
1071 2178 1118 2218 et
1147 2169 1289 2219 filium
1328 2178 1375 2219 et
1402 2168 1618 2238 spiritum
1645 2179 1862 2221 sanctum
1892 2188 2026 2221 asse-

124 2271 234 2305 rere
278 2254 383 2304 ausi
430 2262 558 2305 sunt.
633 2251 899 2320 Utrobique
939 2269 1055 2303 vcro
1087 2253 1368 2303 insanabilis
1401 2262 1473 2304 est
1501 2271 1557 2303 ac
1586 2254 1835 2305 mortifera
1865 2255 2021 2323 plaga.

125 2336 199 2388 lta
225 2338 348 2405 quod
379 2338 434 2388 ad
467 2345 682 2387 sanctam
711 2354 765 2387 ac
789 2337 977 2387 beatam
1008 2336 1133 2387 illam
1165 2336 1398 2405 virginem
1428 2339 1653 2406 pertinet,
1697 2339 1883 2406 qnidam
1913 2358 2027 2390 con-

124 2421 423 2472 tumeliosius
451 2421 496 2471 in
536 2420 660 2471 illam
689 2420 866 2471 invecti
895 2428 1036 2483 sunt,
1092 2430 1142 2472 ut
1172 2430 1277 2490 post
1306 2439 1538 2473 summum
1569 2423 1681 2473 illud
1711 2432 1757 2473 et
1787 2423 2024 2491 integrum

123 2505 468 2556 incarnationis
512 2504 688 2555 domini
727 2504 1036 2573 mysterium,
1091 2507 1307 2574 eorporis
1347 2523 1451 2556 eam
1495 2507 1839 2558 commixtione
1876 2508 2026 2576 pollu-

123 2599 219 2640 tam
263 2589 509 2652 dicerent3
565 2589 609 2639 id
644 2589 766 2656 quod
796 2606 983 2639 omnem
1010 2590 1360 2658 improbitatem
1394 2591 1777 2660 impietatemque
1809 2601 2022 2661 superat.

125 2671 353 2726 Ceterum
397 2672 462 2724 uti
495 2673 750 2723 nonnullos
792 2681 973 2723 tantum
1017 2691 1069 2724 se
1116 2675 1162 2724 in
1209 2675 1367 2725 scelus
1413 2676 1712 2726 commisisse
1755 2676 2024 2739 didicimuS,

125 2758 193 2809 sic
224 2776 318 2809 non
345 2758 450 2809 sine
477 2757 659 2825 ingenti
688 2756 1003 2806 admiratione
1033 2757 1158 2808 aliud
1188 2757 1406 2826 quiddam
1438 2761 1729 2828 aceepimuS.
1805 2760 2028 2811 Nonnul-

124 2843 197 2893 los
224 2842 452 2893 videlicet
477 2842 523 2891 in
554 2841 612 2891 iis
644 2858 761 2908 quae
796 2842 853 2890 ad
882 2841 1229 2892 sanctissimam
1261 2843 1496 2910 virginem
1527 2854 1745 2913 spectant
1775 2862 1832 2895 eo
1865 2863 2028 2895 amen-

124 2927 218 2978 tiae
256 2943 542 2995 progressos
587 2934 638 2976 nt
680 2942 765 2992 pro
803 2925 891 2974 deo
935 2925 1072 2975 nobis
1097 2926 1222 2976 illam
1256 2927 1514 2977 obtrudere
1543 2929 1749 2992 vellent,
1803 2947 1859 2978 ac
1885 2929 1941 2979 de
1970 2946 2027 2980 ea

125 3011 256 3062 velut
285 3020 444 3062 mente
485 3010 608 3079 capti
649 3019 695 3059 et
728 3009 894 3059 furiosi
930 3009 1260 3076 loquerentur.
1337 3009 1525 3062 Ferunt
1555 3013 1680 3062 enim
1721 3012 2025 3064 mulierculas

125 3095 354 3163 quasdam
395 3094 443 3145 in
470 3094 684 3157 Arabia,
739 3111 833 3161 quo
872 3110 898 3143 e
933 3092 1144 3143 Thracia
1186 3096 1431 3162 profectae
1471 3106 1639 3158 erant,
1694 3114 1869 3146 novum
1914 3097 2026 3147 illud

126 3180 293 3245 dogma
337 3188 631 3229 commentas
671 3178 847 3240 fuisse,
907 3178 1027 3227 adeo
1068 3186 1117 3227 ut
1155 3178 1203 3228 in
1248 3179 1450 3246 virginis
1495 3197 1669 3230 nomen
1707 3188 1756 3229 et
1795 3181 2022 3230 honorem

125 3262 431 3332 collyridem,
484 3264 587 3314 sive
627 3271 800 3312 tortam
843 3261 978 3329 panis
1019 3262 1346 3313 sacrificantes
1387 3264 1620 3325 offerant,
1680 3273 1728 3313 et
1760 3273 2024 3315 conventus

125 3345 357 3411 habeant,
398 3347 446 3397 in
475 3345 838 3407 sanctissimae,
894 3345 1117 3412 inquam,
1177 3345 1380 3413 virginis
1411 3365 1584 3397 nomen
1616 3348 1805 3398 modum
1836 3366 2023 3398 omnem

125 3440 514 3499 praetergressos
554 3431 785 3481 nefariam
833 3447 932 3480 rem
973 3438 1020 3478 et
1048 3447 1154 3479 eum
1184 3430 1258 3479 dei
1289 3424 1577 3481 contumelia
1612 3432 1911 3482 coniunctam
1944 3449 2026 3499 ag-

125 3515 277 3581 gredi,
318 3515 407 3566 hoc
439 3524 512 3566 est
544 3515 590 3565 in
623 3515 750 3566 illius
782 3531 956 3565 nomen
993 3530 1077 3581 per
1103 3514 1329 3564 mulieres
1360 3514 1591 3564 sacrificia
1625 3516 1803 3564 facere.
1882 3513 2023 3582 Quod

181 3680 222 3722 3.
254 3681 342 3723 ἔστι
369 3684 476 3723 codd.
509 3696 596 3724 mss.
656 3682 724 3725 ἐπὶ
756 3685 848 3723 editi
878 3686 975 3722 libri.
1165 3685 1203 3724 5.
1232 3685 1406 3722 Fortasse
1438 3681 1510 3724 καὶ
1541 3679 1717 3737 ρᾄτως.

128 3734 548 3849 εᾱίιὶὶέζῖεβέστατον
577 3742 687 3781 codd.
712 3752 800 3780 mss.
838 3744 991 3791 uterque
1018 3743 1051 3778 et
1163 3738 1200 3781 6.
1230 3735 1499 3792 αἐιπαρζῑένου
1528 3739 1693 3792 Μαρίας
1722 3741 1802 3780 cod.
1833 3741 1992 3791 Rhediq.
