2508 4134
178 1677 264 1713 pag.
289 1667 385 1703 10⁰2.

193 2600 304 2656 Κεφ.
329 2597 386 2655 η’.

419 256 520 308 346
1130 267 1333 309 εΑΝοΤι
1357 269 1639 313 EPJPHANH

416 364 594 428 θένον,
647 359 766 416 ἀλλά
797 362 922 433 πρὸς
959 365 1214 435 παρθένον
1254 367 1678 435 μεμνηστευμένην
1717 365 1884 438 ἀνδρὶ·
1930 366 1994 421 ἵν’
2026 370 2081 422 ἐκ
2108 375 2198 424 τοῦ
2225 393 2348 439 μνη-

416 453 596 516 στῆρος
622 450 755 522 δείξῃ
782 447 872 516 τὴν
901 453 1108 520 Μαρίαν
1137 448 1342 518 ἀληθῶς
1372 449 1646 522 ἅνθρωπον
1674 446 1843 506 οὖσαν.
1919 455 2018 506 Καὶ
2049 461 2141 508 τοῦ
2167 458 2346 510 τίκτειν

416 533 707 601 μνημονεύει
733 531 766 601 ἦ
798 533 968 605 γραφὴ
996 539 1082 588 καί
1112 553 1262 604 φησι,
1310 534 1710 607 Ἐσπαργοὶνωσε,
1761 540 1846 592 καὶ
1875 541 2220 609 ἐμακαρίζοντο
2252 563 2341 609 μα-

416 619 523 670 στοὶ
550 617 640 680 οὓς
668 618 904 687 ἐθήλασε,
941 623 1026 674 καὶ
1052 623 1365 692 προςηνέχθη
1390 626 1547 675 θυσία
1574 621 1642 686 ὥς
1669 626 2007 687 διανοίξαντος
2036 629 2126 678 τοῦ
2150 627 2344 694 τεχθέν-

415 724 501 764 τος
528 701 616 770 τήν
641 703 842 774 μήτραν.
925 712 1090 759 Ταῦτα
1127 708 1180 761 δὲ
1206 707 1366 761 πάντα
1402 707 1662 775 τικτούσης
1698 702 1763 776 ἦν
1787 711 2046 778 παρθένου
2071 714 2347 781 γνωρίσμα-

415 810 487 841 τα.
562 790 662 842 Καὶ
695 787 724 843 6
756 789 974 862 Γαβριὴλ
1001 792 1053 846 δὲ
1082 792 1318 859 ἀσφαλῶς
1348 792 1670 863 εὐηγγελίζετο
1711 792 1834 868 αὐτῇ
1861 796 2016 865 λέγων
2042 796 2134 864 οὐχ
2161 793 2344 861 ἅπλῶς,

424 872 489 928 Td
519 873 823 944 γεννώμενον
853 878 906 930 ἐν
935 880 1038 942 σοὶ,
1077 881 1160 931 ’ἵνα
1185 876 1254 946 μὴ
1281 881 1468 942 ἔξωθεν
1499 877 1874 949 ἐπειςαγόμενον
1901 879 2026 954 αὐτῇ
2053 888 2194 949 σῶμα
2227 888 2350 936 2νο·

415 964 639 1027 μισθείη,
691 959 814 1026 ἀλλ’,
863 961 947 1016 Ἐκ
989 969 1112 1028 σοῦ,
1171 966 1292 1017 3ἵνα
1333 963 1481 1029 φύσει
1515 962 1569 1016 τὸ
1605 962 1910 1034 γεννώμενον
1948 968 1998 1030 ἐξ
2036 967 2191 1036 αὐτῆς
2223 965 2350 1022 εἶναι

418 1049 770 1115 4πιστευθείη·
823 1055 1054 1118 φανερῶς
1089 1051 1175 1102 καὶ
1215 1055 1360 1102 τοῦτο
1391 1054 1478 1117 τῆς
1505 1048 1702 1116 φύσεως
1733 1050 2078 1120 δεικνυούσης,
2133 1051 2202 1116 ὥς
2226 1051 2346 1107 ἀδύ-

415 1152 563 1184 νατον
590 1136 614 1168 ⁵
632 1138 772 1200 σῶμα
803 1135 1063 1204 παρθένου
1089 1136 1259 1205 φέρειν
1286 1133 1410 1204 γάλα
1433 1133 1501 1202 μὴ
1532 1135 1785 1203 τεκούσης,
1822 1138 1907 1189 καὶ
1933 1135 2180 1192 ἀδύνατον
2204 1137 2350 1210 γάλα-

414 1238 491 1269 κτι
529 1223 781 1287 τραφῆναι
821 1225 962 1287 σῶμα
1001 1222 1087 1272 καὶ
1126 1227 1554 1290 σπαργανωθῆναι
1597 1219 1666 1290 μὴ
1703 1220 1944 1291 πρότερον
1976 1222 2123 1289 φύσει
2162 1225 2347 1292 τεχθέν.

421 1302 581 1357 Τοῦτό
625 1306 722 1358 ἐστι
767 1302 821 1358 τὸ
860 1307 1164 1375 περιτμηθὲν
1201 1305 1537 1376 ὀκταήμερον,
1584 1312 1729 1361 τοῦτο
1771 1306 1982 1375 Συμεών
2023 1310 2092 1371 εἰς
2129 1306 2350 1378 ἀγκάλας

415 1389 637 1455 ἐδέξατο,
674 1396 820 1443 τοῦτο
849 1391 1015 1460 γέγονε
1043 1394 1272 1456 παιδίον,
1311 1394 1393 1445 καὶ
1423 1389 1628 1460 ἠύξησε,
1670 1394 1787 1446 6καὶ
1811 1394 2045 1462 δεκαέτης
2070 1392 2349 1464 γενόμενος,

412 1475 497 1527 καὶ
524 1477 593 1537 εἷς
619 1474 703 1529 τόν
731 1474 1022 1545 τριακοστόν
1046 1475 1273 1531 ἐνιαυτόν
1299 1471 1465 1545 ἦλθεν.
1545 1478 1620 1531 Οὐ
1649 1476 1769 1549 γάρ,
1809 1477 1876 1540 ὥς
1903 1499 2028 1542 τινες
2049 1477 2350 1549 ὑπενόησαν,

412 1557 446 1627 ἦ
474 1558 618 1613 ούσία
647 1568 671 1598 ⁷
690 1560 816 1630 αὐτή
844 1567 934 1615 τοῦ
960 1560 1109 1632 λόγου
1137 1570 1374 1631 τραπεῖσα
1401 1562 1725 1634 περιετμήθη,
1763 1563 2088 1627 ἀναλλοίωτος
2113 1559 2238 1619 οὖσα
2264 1568 2350 1621 καὶ

417 1644 677 1714 ἄτρεπτος·
727 1649 952 1718 λέγοντος
980 1649 1068 1716 μὲν
1098 1648 1255 1702 αὐτοῦ
1280 1655 1370 1703 τοῦ
1403 1655 1651 1720 σωτῆρος,
1696 1648 1875 1704 θ’Ίδετέ
1905 1670 1964 1718 με
1992 1648 2071 1704 ,ὅτι
2103 1652 2201 1722 ἐγώ
2233 1654 2349 1721 εἰμι,

412 1733 494 1784 καὶ
525 1729 617 1785 ούκ
643 1732 932 1800 ἠλλοίωμαι·
973 1740 1061 1787 τοῦ
1090 1735 1142 1787 δὲ
1172 1736 1378 1787 Παύλου
1404 1734 1717 1805 γράφοντος,
1762 1735 1960 1804 Ἰησοῦς
1991 1735 2205 1806 Χριστός
2229 1739 2351 1806 χθὲς

410 1818 494 1870 καὶ
525 1817 763 1889 σήμερον,
804 1817 834 1872 6
860 1817 1015 1882 αὐτὸς
1045 1822 1130 1873 καὶ
1159 1822 1228 1882 εἰς
1254 1819 1372 1882 τούς
1395 1823 1592 1884 αἰῶνας.
1665 1819 1804 1875 Ἀλλοὶ
1832 1823 1883 1875 ἐν
1907 1827 1977 1895 τῷ
2001 1825 2351 1892 περιτμηθέντι

411 1901 623 1970 σώματι,
673 1906 759 1958 καὶ
791 1907 1144 1974 βασταχθέντι,
1182 1908 1267 1960 καὶ
1302 1905 1578 1976 9φαγόντι,
1628 1908 1713 1960 καὶ
1738 1908 1973 1974 καμόντι,
2022 1909 2107 1961 καὶ
2141 1909 2192 1962 ἐν
2220 1908 2349 1982 ξύλῳ

409 1991 758 2057 καθηλωθέντι
793 1993 877 2044 καὶ
912 1991 1155 2057 παθόντι,
1207 1986 1271 2059 ἧν
1299 1990 1327 2046 6
1356 1990 1564 2061 ἀπαθὴς
1594 1994 1675 2046 καὶ
1709 1992 1967 2061 ἀσώματος
1995 2000 2087 2048 τοῦ
2113 1999 2239 2048 θεοῦ
2263 1993 2345 2048 λό-

409 2096 507 2144 γος.
590 2081 747 2129 Τοῦτο
785 2070 850 2144 ἧν
879 2079 1004 2131 Ῑθέν
1037 2083 1104 2150 τῷ
1150 2081 1370 2151 μνημείῳ
1406 2078 1647 2143 ιιτεθὲν,
1703 2077 1783 2131 ὅτε
1823 2076 1971 2140 αύτὸς
2018 2079 2347 2151 1Ἇέπορεύθη

409 2158 620 2232 κηρύξαι
656 2162 743 2215 καὶ
778 2169 881 2225 τοῖς
918 2164 970 2216 ἐν
1007 2169 1205 2237 φυλακῇ
1243 2163 1542 2232 πνεύμασιν,
1583 2160 1651 2226 ώς
1687 2161 1821 2218 εἶπεν
1859 2161 1889 2217 6
1929 2164 2132 2235 Πέτρος.

542 2588 610 2641 uO
636 2587 840 2656 μάλιστα
872 2591 1086 2644 δείκνυσι
1112 2612 1204 2659 την
1233 2588 1403 2645 ἄνοιαν
1430 2614 1528 2645 των
1548 2591 1789 2663 λεγόντων
1817 2593 1927 2656 εἰς’
1905 2594 2050 2647 οστέα
2077 2615 2160 2646 και
2184 2591 2346 2664 σάρκα

407 2672 685 2744 τετράφθαι
731 2673 818 2727 τὸν
853 2674 1012 2746 λόγον.
1102 2679 1174 2730 Εἰ
1207 2675 1299 2783 γάρ
1342 2683 1487 2731 τοῦτο
1530 2681 1618 2746 ἠν,
1674 2676 1767 2732 ούκ
1810 2701 1876 2746 ην
1914 2682 2047 2749 χρεία
2088 2683 2344 2747 μνημείου.

409 2759 549 2814 Αὗτο
580 2783 673 2830 γαρ
716 2760 778 2813 ἂν
813 2760 1068 2831 ἐπορεύθη
1105 2761 1166 2815 δι’
1201 2764 1382 2816 ἑαυτοῦ
1424 2762 1479 2816 τὸ
1516 2770 1656 2831 σῶμα
1695 2763 1906 2834 κηρύξαι
1935 2771 2039 2826 τοῖς
2067 2766 2120 2818 ἐν
2144 2770 2216 2837 τῷ
2246 2764 2345 2837 αδη

411 2845 669 2914 πνεύμασι.
745 2852 860 2899 Νῦν
897 2847 950 2899 δὲ
976 2846 1128 2909 αὐτὸς
1162 2853 1180 2884 ¹
1201 2849 1287 2915 μὲν
1317 2848 1569 2919 ἐπορεύθη
1603 2850 1839 2921 κυρύξαι,
1891 2846 1946 2903 τό
1979 2849 2032 2902 δὲ
2059 2855 2201 2918 σῶμα
2230 2853 2343 2904 εἱλί-

412 2936 496 2995 ξας
522 2930 703 2999 Ἰωσὴφ
732 2929 920 2985 σινδόνι
959 2930 1173 2986 ἀπέθετο
1214 2936 1266 2987 ἐν
1291 2939 1357 3006 τῷ
1391 2940 1653 3008 Γολγοθᾷ,
1704 2937 1787 2988 καὶ
1818 2935 2057 2987 δέδεικται
2082 2940 2237 2989 πᾶσιν
2267 2934 2344 2990 ὅτι

411 3016 479 3085 μὴ
510 3016 565 3071 τό
601 3023 742 3085 σῶμα
768 3010 830 3085 ἧν
858 3014 886 3070 6
908 3016 1080 3087 λόγος,
1135 3016 1252 3071 ἀλλά
1285 3025 1428 3087 σῶμα
1459 3013 1524 3087 ’ἧν
1560 3027 1648 3074 τοῦ
1685 3019 1848 3091 λόγου.
1925 3021 2025 3072 Καὶ
2056 3026 2201 3073 τοῦτο
2234 3024 2344 3075 Θω-

408 3109 503 3171 μᾶς
545 3100 760 3157 ἀναστάν
800 3105 854 3156 ἐκ
882 3109 1070 3174 νεκρῶν
1101 3103 1416 3172 ἐψηλάφησε,
1465 3108 1547 3159 καὶ
1587 3104 1713 3159 εἶδεν
1744 3108 1795 3159 ἐν
1826 3101 1959 3176 αὐτῷ
1996 3102 2116 3167 τούς
2152 3104 2343 3169 τύπους

408 3194 505 3242 τῶν
531 3188 689 3256 ἥλων,
745 3188 834 3251 οὓς
869 3186 1128 3256 ὑπέμεινεν
1170 3188 1321 3252 αὐτὸς
1351 3188 1379 3243 6
1404 3189 1547 3261 λόγος
1586 3189 1721 3261 ὁρῶν
1761 3195 2166 3260 καθηλουμένους
2195 3194 2247 3246 ἐν
2274 3197 2343 3265 τῷ

413 3273 601 3342 σώματι
624 3280 690 3346 τῷ
721 3276 858 3348 ἰδίῳ,
897 3275 982 3327 καὶ
1011 3273 1287 3343 δυνάμενος
1313 3275 1519 3330 κωλύειν
1546 3275 1637 3330 οὐκ
1664 3276 1930 3342 ἐκώλυσεν,
1969 3277 2088 3331 ἀλλά
2113 3279 2197 3331 καὶ
2221 3281 2340 3332 ἰδιο-

410 3367 596 3414 ποιεῖτο
622 3359 680 3412 τοὶ
709 3367 799 3414 τοῦ
824 3358 1050 3428 σώματος
1071 3363 1200 3426 ἰ’δια,
1241 3359 1308 3423 ὥς
1338 3363 1517 3415 ἑαυτοῦ
1534 3404 1547 3426 ,
1600 3360 1673 3415 ²6
1698 3361 1972 3430 ἀσώματος.
2046 3362 2226 3432 Ἀμέλει
2251 3369 2343 3418 τοῦ

463 3475 503 3516 2.
533 3477 743 3545 νομισῖνῇ
747 3478 792 3517 Β.
1459 3478 1497 3520 7.
1529 3473 1638 3533 αὕτη
1667 3481 1740 3529 Β.,
1782 3482 1886 3530 quod
1915 3483 2056 3521 vitium
2083 3493 2161 3522 esse
2189 3481 2342 3521 videtur

464 3532 505 3575 3.
535 3529 585 3574 ἵν’
616 3531 661 3583 ἐξ
691 3528 827 3586 αυτ-ῆς
855 3528 984 3588 φύσει
1010 3531 1058 3576 τὸ
1095 3547 1200 3588 γενν.
1229 3537 1274 3575 Β.
1401 3537 1648 3587 typoyraphi.

463 3585 501 3628 4.
544 3591 751 3645 πιστευὲἲῇ
783 3593 827 3631 Β.
899 3593 944 3631 In
986 3593 1202 3641 Epiphanii
1238 3594 1346 3632 libris
1460 3592 1500 3633 8.
1522 3587 1691 3641 Ἴδετε,
1720 3591 1860 3641 ἴδετε,
1895 3587 1960 3636 ὅτι
1987 3596 2033 3635 Β.

405 3646 521 3695 vulyo
543 3649 765 3687 distinctum
790 3652 844 3687 est
868 3646 1114 3701 πιστευὲῐείη
1139 3648 1346 3702 φανερῶς.
1459 3646 1500 3688 9.
1531 3643 1729 3701 φαγόντι,
1761 3648 1834 3690 καὶ
1869 3647 2027 3700 πιόντι,
2059 3648 2132 3693 καὶ
2160 3664 2262 3704 καμ.
2294 3652 2337 3691 Β.

407 3700 495 3742 Καὶ
523 3701 656 3744 τοῦτο
1464 3703 1525 3744 10.
1558 3706 1714 3755 Οοννίςο
1742 3717 1790 3745 ex
1819 3704 1939 3749 Β.τό
1973 3705 2014 3749 ἐν
2046 3706 2252 3761 μνημείῳ

464 3760 503 3799 5.
532 3758 732 3810 παρθένον
751 3757 891 3813 φέρειν
916 3773 954 3813 γ.
981 3757 1039 3813 μή
1060 3761 1264 3804 τεκοῦσαν
1299 3763 1345 3803 Β.
1463 3761 1526 3800 11.
1556 3759 1700 3802 τευὲτὲν
1731 3763 1790 3801 ed.
1822 3765 1946 3812 princ.
2007 3766 2105 3804 Vera
2144 3767 2341 3814 scriptura

463 3813 502 3857 6·
539 3816 694 3866 Corriye
723 3814 997 3871 δωδεκαετῆς
1025 3829 1072 3858 ex
1104 3819 1147 3859 Β.
1314 3822 1322 3834 ’
1403 3819 1444 3857 in
1482 3819 1658 3871 maryine
1691 3821 1856 3871 exempli
1896 3822 2111 3863 schottiam‘
2150 3824 2339 3862 annotata
