<?xml version="1.0" encoding="UTF-8"?>
<!DOCTYPE html PUBLIC "-//W3C//DTD XHTML 1.0 Transitional//EN"
    "http://www.w3.org/TR/xhtml1/DTD/xhtml1-transitional.dtd">
<html xmlns="http://www.w3.org/1999/xhtml" xml:lang="en" lang="en">
 <head>
  <title>
</title>
<meta http-equiv="Content-Type" content="text/html;charset=utf-8" />
  <meta name='ocr-system' content='tesseract 3.04.00' />
  <meta name='ocr-capabilities' content='ocr_page ocr_carea ocr_par ocr_line ocrx_word'/>
</head>
<body>
  <div class='ocr_page' id='page_1' title='image "./pt3corporishaere02epipuoft/pt3corporishaere02epipuoft_0271.png"; bbox 0 0 2508 4134; ppageno 0'>
   <div class='ocr_carea' id='block_1_1' title="bbox 561 253 2043 310">
    <p class='ocr_par' dir='ltr' id='par_1_1' title="bbox 561 253 2043 310">
     <span class='ocr_line' id='line_1_1' title="bbox 561 253 2043 310; baseline -0.005 0"><span class='ocrx_word' id='word_1_1' title='bbox 561 268 783 310; x_wconf 80' lang='lat' dir='ltr'><strong>PANARH</strong></span> <span class='ocrx_word' id='word_1_2' title='bbox 812 268 913 307; x_wconf 77' lang='lat' dir='ltr'><strong>Lm.</strong></span> <span class='ocrx_word' id='word_1_3' title='bbox 935 267 1006 306; x_wconf 76' lang='grc' dir='ltr'><strong>ΠΙ.</strong></span> <span class='ocrx_word' id='word_1_4' title='bbox 1037 266 1170 306; x_wconf 88' lang='grc' dir='ltr'><strong>ΤοΜ.</strong></span> <span class='ocrx_word' id='word_1_5' title='bbox 1187 267 1217 306; x_wconf 86' lang='lat'><strong>1.</strong></span> <span class='ocrx_word' id='word_1_6' title='bbox 1249 266 1626 306; x_wconf 80' lang='lat' dir='ltr'>HAER.LXXV1.</span> <span class='ocrx_word' id='word_1_7' title='bbox 1945 253 2043 303; x_wconf 82' lang='lat'><strong>261</strong></span> 
     </span>
    </p>
   </div>
   <div class='ocr_carea' id='block_1_2' title="bbox 139 360 2050 1105">
    <p class='ocr_par' dir='ltr' id='par_1_2' title="bbox 139 360 2050 922">
     <span class='ocr_line' id='line_1_2' title="bbox 143 360 2049 438; baseline -0.005 -18"><span class='ocrx_word' id='word_1_8' title='bbox 143 369 355 438; x_wconf 90' lang='lat' dir='ltr'><strong>genitum</strong></span> <span class='ocrx_word' id='word_1_9' title='bbox 385 375 479 419; x_wconf 89' lang='lat' dir='ltr'><strong>est.</strong></span> <span class='ocrx_word' id='word_1_10' title='bbox 555 364 883 433; x_wconf 82' lang='lat' dir='ltr'><strong>Quamobrem</strong></span> <span class='ocrx_word' id='word_1_11' title='bbox 926 380 1042 414; x_wconf 84' lang='lat' dir='ltr'><strong>vera</strong></span> <span class='ocrx_word' id='word_1_12' title='bbox 1082 380 1137 412; x_wconf 87' lang='lat' dir='ltr'><strong>ac</strong></span> <span class='ocrx_word' id='word_1_13' title='bbox 1169 363 1392 428; x_wconf 89' lang='lat' dir='ltr'><strong>sincera,</strong></span> <span class='ocrx_word' id='word_1_14' title='bbox 1446 380 1584 430; x_wconf 91' lang='lat' dir='ltr'><strong>quam</strong></span> <span class='ocrx_word' id='word_1_15' title='bbox 1629 362 1745 413; x_wconf 86' lang='lat' dir='ltr'><strong>deus</strong></span> <span class='ocrx_word' id='word_1_16' title='bbox 1778 360 2049 412; x_wconf 89' lang='lat' dir='ltr'><strong>hominibus</strong></span> 
     </span>
     <span class='ocr_line' id='line_1_3' title="bbox 141 445 2046 521; baseline -0.004 -19"><span class='ocrx_word' id='word_1_17' title='bbox 141 451 440 521; x_wconf 72' lang='lat' dir='ltr'><strong>impertitur,</strong></span> <span class='ocrx_word' id='word_1_18' title='bbox 481 449 797 516; x_wconf 77' lang='lat' dir='ltr'><strong>intelligentia</strong></span> <span class='ocrx_word' id='word_1_19' title='bbox 827 446 1285 498; x_wconf 78' lang='lat' dir='ltr'><strong>consubstantialem</strong></span> <span class='ocrx_word' id='word_1_20' title='bbox 1313 464 1423 497; x_wconf 89' lang='lat' dir='ltr'><strong>esse</strong></span> <span class='ocrx_word' id='word_1_21' title='bbox 1452 447 1573 515; x_wconf 90' lang='lat' dir='ltr'><strong>patri</strong></span> <span class='ocrx_word' id='word_1_22' title='bbox 1603 446 1745 496; x_wconf 87' lang='lat' dir='ltr'><strong>filium</strong></span> <span class='ocrx_word' id='word_1_23' title='bbox 1777 445 2046 514; x_wconf 83' lang='lat' dir='ltr'><strong>profitetur,</strong></span> 
     </span>
     <span class='ocr_line' id='line_1_4' title="bbox 144 529 2050 590; baseline -0.004 -4"><span class='ocrx_word' id='word_1_24' title='bbox 144 553 203 586; x_wconf 91' lang='lat' dir='ltr'><strong>ne</strong></span> <span class='ocrx_word' id='word_1_25' title='bbox 231 536 271 586; x_wconf 93' lang='lat' dir='ltr'><strong>si</strong></span> <span class='ocrx_word' id='word_1_26' title='bbox 301 534 545 586; x_wconf 90' lang='lat' dir='ltr'><strong>dissimilis</strong></span> <span class='ocrx_word' id='word_1_27' title='bbox 586 534 694 585; x_wconf 89' lang='lat' dir='ltr'><strong>illos</strong></span> <span class='ocrx_word' id='word_1_28' title='bbox 724 532 965 583; x_wconf 81' lang='lat' dir='ltr'><strong>essentiae</strong></span> <span class='ocrx_word' id='word_1_29' title='bbox 997 530 1287 590; x_wconf 91' lang='lat' dir='ltr'><strong>constituat,</strong></span> <span class='ocrx_word' id='word_1_30' title='bbox 1342 530 1678 580; x_wconf 81' lang='lat' dir='ltr'><strong>excellentiori</strong></span> <span class='ocrx_word' id='word_1_31' title='bbox 1710 530 1776 580; x_wconf 93' lang='lat' dir='ltr'><strong>illi</strong></span> <span class='ocrx_word' id='word_1_32' title='bbox 1808 546 1862 580; x_wconf 90' lang='lat' dir='ltr'><strong>ac</strong></span> <span class='ocrx_word' id='word_1_33' title='bbox 1891 529 2050 579; x_wconf 91' lang='lat' dir='ltr'><strong>since-</strong></span> 
     </span>
     <span class='ocr_line' id='line_1_5' title="bbox 142 612 2050 687; baseline -0.003 -18"><span class='ocrx_word' id='word_1_34' title='bbox 142 619 361 670; x_wconf 91' lang='lat' dir='ltr'><strong>rissimae</strong></span> <span class='ocrx_word' id='word_1_35' title='bbox 393 618 675 687; x_wconf 87' lang='lat' dir='ltr'><strong>perfectioni</strong></span> <span class='ocrx_word' id='word_1_36' title='bbox 704 615 954 668; x_wconf 89' lang='lat' dir='ltr'><strong>divisionis</strong></span> <span class='ocrx_word' id='word_1_37' title='bbox 987 614 1163 682; x_wconf 88' lang='lat' dir='ltr'><strong>aliquid</strong></span> <span class='ocrx_word' id='word_1_38' title='bbox 1194 614 1407 664; x_wconf 89' lang='lat' dir='ltr'><strong>inducat.</strong></span> <span class='ocrx_word' id='word_1_39' title='bbox 1486 612 1609 664; x_wconf 86' lang='lat' dir='ltr'><strong>Cum</strong></span> <span class='ocrx_word' id='word_1_40' title='bbox 1637 614 1715 664; x_wconf 90' lang='lat' dir='ltr'><strong>ille</strong></span> <span class='ocrx_word' id='word_1_41' title='bbox 1748 614 1869 681; x_wconf 90' lang='lat' dir='ltr'><strong>ipse,</strong></span> <span class='ocrx_word' id='word_1_42' title='bbox 1913 613 2050 664; x_wconf 91' lang='lat' dir='ltr'><strong>cuius</strong></span> 
     </span>
     <span class='ocr_line' id='line_1_6' title="bbox 141 696 2050 770; baseline -0.004 -17"><span class='ocrx_word' id='word_1_43' title='bbox 141 703 233 753; x_wconf 88' lang='lat' dir='ltr'><strong>ista</strong></span> <span class='ocrx_word' id='word_1_44' title='bbox 270 702 504 753; x_wconf 82' lang='lat' dir='ltr'><strong>beneficio</strong></span> <span class='ocrx_word' id='word_1_45' title='bbox 546 700 774 770; x_wconf 86' lang='lat' dir='ltr'><strong>percipit,</strong></span> <span class='ocrx_word' id='word_1_46' title='bbox 834 717 860 749; x_wconf 91' lang='lat' dir='ltr'><strong>a</strong></span> <span class='ocrx_word' id='word_1_47' title='bbox 901 699 1122 767; x_wconf 89' lang='lat' dir='ltr'><strong>genitore</strong></span> <span class='ocrx_word' id='word_1_48' title='bbox 1164 714 1217 748; x_wconf 86' lang='lat' dir='ltr'><strong>re</strong></span> <span class='ocrx_word' id='word_1_49' title='bbox 1261 714 1378 747; x_wconf 89' lang='lat' dir='ltr'><strong>vera</strong></span> <span class='ocrx_word' id='word_1_50' title='bbox 1417 696 1478 748; x_wconf 90' lang='lat' dir='ltr'><strong>sit</strong></span> <span class='ocrx_word' id='word_1_51' title='bbox 1518 698 1736 765; x_wconf 81' lang='lat' dir='ltr'><strong>genituS,</strong></span> <span class='ocrx_word' id='word_1_52' title='bbox 1792 706 1839 749; x_wconf 91' lang='lat' dir='ltr'><strong>ct</strong></span> <span class='ocrx_word' id='word_1_53' title='bbox 1876 697 2050 748; x_wconf 89' lang='lat' dir='ltr'><strong>intelli-</strong></span> 
     </span>
     <span class='ocr_line' id='line_1_7' title="bbox 139 781 2049 855; baseline -0.003 -18"><span class='ocrx_word' id='word_1_54' title='bbox 139 787 347 855; x_wconf 81' lang='lat' dir='ltr'><strong>gentiam</strong></span> <span class='ocrx_word' id='word_1_55' title='bbox 376 803 564 838; x_wconf 87' lang='lat' dir='ltr'><strong>omnem</strong></span> <span class='ocrx_word' id='word_1_56' title='bbox 584 826 596 850; x_wconf 92' lang='lat'><strong>,</strong></span> <span class='ocrx_word' id='word_1_57' title='bbox 638 802 752 854; x_wconf 91' lang='lat' dir='ltr'><strong>prae</strong></span> <span class='ocrx_word' id='word_1_58' title='bbox 790 783 1081 835; x_wconf 85' lang='lat' dir='ltr'><strong>excellentia</strong></span> <span class='ocrx_word' id='word_1_59' title='bbox 1109 799 1195 833; x_wconf 90' lang='lat' dir='ltr'><strong>sua</strong></span> <span class='ocrx_word' id='word_1_60' title='bbox 1214 820 1227 845; x_wconf 94' lang='lat'><strong>,</strong></span> <span class='ocrx_word' id='word_1_61' title='bbox 1269 781 1375 831; x_wconf 89' lang='lat' dir='ltr'><strong>sine</strong></span> <span class='ocrx_word' id='word_1_62' title='bbox 1405 781 1499 831; x_wconf 91' lang='lat' dir='ltr'><strong>ulla</strong></span> <span class='ocrx_word' id='word_1_63' title='bbox 1530 781 1890 849; x_wconf 89' lang='lat' dir='ltr'><strong>comparatione</strong></span> <span class='ocrx_word' id='word_1_64' title='bbox 1919 790 2049 832; x_wconf 89' lang='lat' dir='ltr'><strong>tran-</strong></span> 
     </span>
     <span class='ocr_line' id='line_1_8' title="bbox 145 872 362 922; baseline -0.009 0"><span class='ocrx_word' id='word_1_65' title='bbox 145 872 362 922; x_wconf 84' lang='lat' dir='ltr'><strong>scendat.</strong></span> 
     </span>
    </p>

    <p class='ocr_par' dir='ltr' id='par_1_3' title="bbox 141 948 2049 1105">
     <span class='ocr_line' id='line_1_9' title="bbox 280 948 2049 1022; baseline -0.003 -17"><span class='ocrx_word' id='word_1_66' title='bbox 280 954 410 1005; x_wconf 90' lang='lat' dir='ltr'><strong>Aetii</strong></span> <span class='ocrx_word' id='word_1_67' title='bbox 442 950 600 1022; x_wconf 89' lang='lat' dir='ltr'><strong>Caput</strong></span> <span class='ocrx_word' id='word_1_68' title='bbox 623 950 770 1004; x_wconf 89' lang='lat' dir='ltr'><strong>XlV.</strong></span> <span class='ocrx_word' id='word_1_69' title='bbox 849 949 902 1002; x_wconf 87' lang='lat' dir='ltr'><strong>Si</strong></span> <span class='ocrx_word' id='word_1_70' title='bbox 943 951 1158 1019; x_wconf 89' lang='lat' dir='ltr'><strong>ingenita</strong></span> <span class='ocrx_word' id='word_1_71' title='bbox 1188 958 1358 1000; x_wconf 89' lang='lat' dir='ltr'><strong>natura</strong></span> <span class='ocrx_word' id='word_1_72' title='bbox 1399 948 1701 1017; x_wconf 88' lang='lat' dir='ltr'><strong>generationi</strong></span> <span class='ocrx_word' id='word_1_73' title='bbox 1744 948 1937 999; x_wconf 89' lang='lat' dir='ltr'><strong>minime</strong></span> <span class='ocrx_word' id='word_1_74' title='bbox 1969 966 2049 999; x_wconf 88' lang='lat' dir='ltr'><strong>ce·-</strong></span> 
     </span>
     <span class='ocr_line' id='line_1_10' title="bbox 141 1032 2047 1105; baseline -0.004 -15"><span class='ocrx_word' id='word_1_75' title='bbox 141 1040 248 1103; x_wconf 89' lang='lat' dir='ltr'><strong>dat,</strong></span> <span class='ocrx_word' id='word_1_76' title='bbox 302 1038 531 1089; x_wconf 90' lang='lat' dir='ltr'><strong>habemus</strong></span> <span class='ocrx_word' id='word_1_77' title='bbox 566 1038 688 1105; x_wconf 91' lang='lat' dir='ltr'><strong>quod</strong></span> <span class='ocrx_word' id='word_1_78' title='bbox 721 1036 959 1087; x_wconf 79' lang='lat' dir='ltr'><strong>volumus,</strong></span> <span class='ocrx_word' id='word_1_79' title='bbox 1039 1033 1127 1086; x_wconf 90' lang='lat' dir='ltr'><strong>Sin</strong></span> <span class='ocrx_word' id='word_1_80' title='bbox 1163 1032 1463 1101; x_wconf 88' lang='lat' dir='ltr'><strong>generationi</strong></span> <span class='ocrx_word' id='word_1_81' title='bbox 1495 1033 1662 1096; x_wconf 89' lang='lat' dir='ltr'><strong>cedat,</strong></span> <span class='ocrx_word' id='word_1_82' title='bbox 1717 1033 2047 1100; x_wconf 86' lang='lat' dir='ltr'><strong>generationis</strong></span> 
     </span>
    </p>
   </div>
   <div class='ocr_carea' id='block_1_3' title="bbox 137 1106 2052 3716">
    <p class='ocr_par' dir='ltr' id='par_1_4' title="bbox 141 1106 1546 1188">
     <span class='ocr_line' id='line_1_11' title="bbox 141 1106 1546 1188; baseline -0.006 -14"><span class='ocrx_word' id='word_1_83' title='bbox 141 1122 424 1174; x_wconf 87' lang='lat' dir='ltr'><strong>affectiones</strong></span> <span class='ocrx_word' id='word_1_84' title='bbox 463 1122 621 1172; x_wconf 89' lang='lat' dir='ltr'><strong>divina</strong></span> <span class='ocrx_word' id='word_1_85' title='bbox 660 1121 927 1171; x_wconf 86' lang='lat' dir='ltr'><strong>substantia</strong></span> <span class='ocrx_word' id='word_1_86' title='bbox 967 1118 1347 1188; x_wconf 86' lang='lat' dir='ltr'><strong>praestantiores</strong></span> <span class='ocrx_word' id='word_1_87' title='bbox 1386 1106 1546 1168; x_wconf 83' lang='lat' dir='ltr'><strong>erunt.</strong></span> 
     </span>
    </p>

    <p class='ocr_par' dir='ltr' id='par_1_5' title="bbox 137 1200 2052 2939">
     <span class='ocr_line' id='line_1_12' title="bbox 283 1200 2049 1271; baseline -0.004 -14"><span class='ocrx_word' id='word_1_88' title='bbox 283 1203 484 1258; x_wconf 87' lang='lat' dir='ltr'><strong>Confut.</strong></span> <span class='ocrx_word' id='word_1_89' title='bbox 515 1203 663 1256; x_wconf 83' lang='lat' dir='ltr'><strong>XIV.</strong></span> <span class='ocrx_word' id='word_1_90' title='bbox 706 1202 747 1255; x_wconf 90' lang='lat' dir='ltr'><strong>l.</strong></span> <span class='ocrx_word' id='word_1_91' title='bbox 774 1202 898 1255; x_wconf 88' lang='lat' dir='ltr'><strong>Esse</strong></span> <span class='ocrx_word' id='word_1_92' title='bbox 927 1204 1112 1271; x_wconf 91' lang='lat' dir='ltr'><strong>aliquas</strong></span> <span class='ocrx_word' id='word_1_93' title='bbox 1137 1203 1184 1253; x_wconf 89' lang='lat' dir='ltr'><strong>in</strong></span> <span class='ocrx_word' id='word_1_94' title='bbox 1215 1202 1303 1252; x_wconf 91' lang='lat' dir='ltr'><strong>deo</strong></span> <span class='ocrx_word' id='word_1_95' title='bbox 1330 1201 1612 1252; x_wconf 86' lang='lat' dir='ltr'><strong>affectiones</strong></span> <span class='ocrx_word' id='word_1_96' title='bbox 1641 1200 1822 1263; x_wconf 84' lang='lat' dir='ltr'><strong>dicere,</strong></span> <span class='ocrx_word' id='word_1_97' title='bbox 1851 1200 2049 1251; x_wconf 87' lang='lat' dir='ltr'><strong>sacrile-</strong></span> 
     </span>
     <span class='ocr_line' id='line_1_13' title="bbox 142 1285 2049 1358; baseline -0.004 -17"><span class='ocrx_word' id='word_1_98' title='bbox 142 1309 252 1358; x_wconf 89' lang='lat' dir='ltr'><strong>gum</strong></span> <span class='ocrx_word' id='word_1_99' title='bbox 285 1299 434 1341; x_wconf 88' lang='lat' dir='ltr'><strong>estet</strong></span> <span class='ocrx_word' id='word_1_100' title='bbox 463 1289 677 1358; x_wconf 90' lang='lat' dir='ltr'><strong>impium.</strong></span> <span class='ocrx_word' id='word_1_101' title='bbox 756 1287 983 1339; x_wconf 86' lang='lat' dir='ltr'><strong>Divinum</strong></span> <span class='ocrx_word' id='word_1_102' title='bbox 1023 1287 1194 1355; x_wconf 91' lang='lat' dir='ltr'><strong>quippe</strong></span> <span class='ocrx_word' id='word_1_103' title='bbox 1228 1304 1403 1336; x_wconf 91' lang='lat' dir='ltr'><strong>numen</strong></span> <span class='ocrx_word' id='word_1_104' title='bbox 1439 1286 1578 1336; x_wconf 93' lang='lat' dir='ltr'><strong>nullis</strong></span> <span class='ocrx_word' id='word_1_105' title='bbox 1612 1294 1686 1336; x_wconf 91' lang='lat' dir='ltr'><strong>est</strong></span> <span class='ocrx_word' id='word_1_106' title='bbox 1718 1285 2049 1335; x_wconf 85' lang='lat' dir='ltr'><strong>affectionibus</strong></span> 
     </span>
     <span class='ocr_line' id='line_1_14' title="bbox 144 1369 2052 1440; baseline -0.004 -14"><span class='ocrx_word' id='word_1_107' title='bbox 144 1374 435 1439; x_wconf 87' lang='lat' dir='ltr'><strong>obnoxium,</strong></span> <span class='ocrx_word' id='word_1_108' title='bbox 491 1382 540 1424; x_wconf 93' lang='lat' dir='ltr'><strong>et</strong></span> <span class='ocrx_word' id='word_1_109' title='bbox 585 1373 656 1425; x_wconf 87' lang='lat' dir='ltr'><strong>his</strong></span> <span class='ocrx_word' id='word_1_110' title='bbox 695 1372 915 1423; x_wconf 90' lang='lat' dir='ltr'><strong>omnibus</strong></span> <span class='ocrx_word' id='word_1_111' title='bbox 958 1371 1179 1440; x_wconf 90' lang='lat' dir='ltr'><strong>superius</strong></span> <span class='ocrx_word' id='word_1_112' title='bbox 1224 1380 1299 1421; x_wconf 94' lang='lat' dir='ltr'><strong>est</strong></span> <span class='ocrx_word' id='word_1_113' title='bbox 1340 1388 1462 1438; x_wconf 90' lang='lat' dir='ltr'><strong>quae</strong></span> <span class='ocrx_word' id='word_1_114' title='bbox 1506 1370 1736 1439; x_wconf 91' lang='lat' dir='ltr'><strong>peculiari</strong></span> <span class='ocrx_word' id='word_1_115' title='bbox 1776 1369 2052 1436; x_wconf 87' lang='lat' dir='ltr'><strong>cognitione</strong></span> 
     </span>
     <span class='ocr_line' id='line_1_15' title="bbox 145 1454 2048 1526; baseline -0.003 -17"><span class='ocrx_word' id='word_1_116' title='bbox 145 1476 201 1509; x_wconf 91' lang='lat' dir='ltr'><strong>ac</strong></span> <span class='ocrx_word' id='word_1_117' title='bbox 232 1458 526 1526; x_wconf 86' lang='lat' dir='ltr'><strong>cogitat-ioue</strong></span> <span class='ocrx_word' id='word_1_118' title='bbox 564 1456 1031 1526; x_wconf 76' lang='lat' dir='ltr'><strong>comprehendimus·</strong></span> <span class='ocrx_word' id='word_1_119' title='bbox 1111 1454 1277 1523; x_wconf 84' lang='lat' dir='ltr'><strong>Quare</strong></span> <span class='ocrx_word' id='word_1_120' title='bbox 1318 1455 1441 1523; x_wconf 91' lang='lat' dir='ltr'><strong>quod</strong></span> <span class='ocrx_word' id='word_1_121' title='bbox 1482 1455 1539 1505; x_wconf 91' lang='lat' dir='ltr'><strong>ab</strong></span> <span class='ocrx_word' id='word_1_122' title='bbox 1570 1454 1716 1505; x_wconf 79' lang='lat' dir='ltr'><strong>Ae&#39;tio</strong></span> <span class='ocrx_word' id='word_1_123' title='bbox 1755 1454 2048 1522; x_wconf 86' lang='lat' dir='ltr'><strong>propositum</strong></span> 
     </span>
     <span class='ocr_line' id='line_1_16' title="bbox 141 1538 2051 1607; baseline -0.003 -14"><span class='ocrx_word' id='word_1_124' title='bbox 141 1552 246 1606; x_wconf 90' lang='lat' dir='ltr'><strong>est,</strong></span> <span class='ocrx_word' id='word_1_125' title='bbox 306 1543 517 1593; x_wconf 85' lang='lat' dir='ltr'><strong>funditus</strong></span> <span class='ocrx_word' id='word_1_126' title='bbox 563 1549 830 1592; x_wconf 90' lang='lat' dir='ltr'><strong>evertetur.</strong></span> <span class='ocrx_word' id='word_1_127' title='bbox 923 1539 1050 1590; x_wconf 90' lang='lat' dir='ltr'><strong>Nam</strong></span> <span class='ocrx_word' id='word_1_128' title='bbox 1095 1557 1216 1607; x_wconf 90' lang='lat' dir='ltr'><strong>quae</strong></span> <span class='ocrx_word' id='word_1_129' title='bbox 1259 1539 1396 1589; x_wconf 89' lang='lat' dir='ltr'><strong>nobis</strong></span> <span class='ocrx_word' id='word_1_130' title='bbox 1444 1557 1549 1590; x_wconf 92' lang='lat' dir='ltr'><strong>cum</strong></span> <span class='ocrx_word' id='word_1_131' title='bbox 1590 1538 1848 1588; x_wconf 85' lang='lat' dir='ltr'><strong>affectione</strong></span> <span class='ocrx_word' id='word_1_132' title='bbox 1893 1538 2051 1605; x_wconf 91' lang='lat' dir='ltr'><strong>aliqua</strong></span> 
     </span>
     <span class='ocr_line' id='line_1_17' title="bbox 141 1620 2050 1693; baseline -0.003 -16"><span class='ocrx_word' id='word_1_133' title='bbox 141 1626 443 1693; x_wconf 88' lang='lat' dir='ltr'><strong>contingunt,</strong></span> <span class='ocrx_word' id='word_1_134' title='bbox 485 1627 574 1676; x_wconf 91' lang='lat' dir='ltr'><strong>deo</strong></span> <span class='ocrx_word' id='word_1_135' title='bbox 605 1625 711 1676; x_wconf 91' lang='lat' dir='ltr'><strong>sine</strong></span> <span class='ocrx_word' id='word_1_136' title='bbox 745 1625 835 1675; x_wconf 91' lang='lat' dir='ltr'><strong>ulla</strong></span> <span class='ocrx_word' id='word_1_137' title='bbox 857 1623 1127 1675; x_wconf 76' lang='lat' dir='ltr'><strong>affectione</strong></span> <span class='ocrx_word' id='word_1_138' title='bbox 1159 1623 1473 1675; x_wconf 87' lang='lat' dir='ltr'><strong>conveniunt.</strong></span> <span class='ocrx_word' id='word_1_139' title='bbox 1551 1620 1798 1690; x_wconf 90' lang='lat' dir='ltr'><strong>Siquidem</strong></span> <span class='ocrx_word' id='word_1_140' title='bbox 1831 1622 1881 1672; x_wconf 91' lang='lat' dir='ltr'><strong>in</strong></span> <span class='ocrx_word' id='word_1_141' title='bbox 1911 1621 2050 1672; x_wconf 91' lang='lat' dir='ltr'><strong>nobis</strong></span> 
     </span>
     <span class='ocr_line' id='line_1_18' title="bbox 143 1706 2050 1779; baseline -0.003 -18"><span class='ocrx_word' id='word_1_142' title='bbox 143 1710 265 1762; x_wconf 89' lang='lat' dir='ltr'><strong>velle</strong></span> <span class='ocrx_word' id='word_1_143' title='bbox 304 1710 458 1778; x_wconf 91' lang='lat' dir='ltr'><strong>ipsum</strong></span> <span class='ocrx_word' id='word_1_144' title='bbox 501 1711 670 1779; x_wconf 87' lang='lat' dir='ltr'><strong>partim</strong></span> <span class='ocrx_word' id='word_1_145' title='bbox 714 1708 907 1759; x_wconf 87' lang='lat' dir='ltr'><strong>affectio</strong></span> <span class='ocrx_word' id='word_1_146' title='bbox 939 1709 1168 1775; x_wconf 89' lang='lat' dir='ltr'><strong>quaedam</strong></span> <span class='ocrx_word' id='word_1_147' title='bbox 1196 1716 1300 1771; x_wconf 90' lang='lat' dir='ltr'><strong>est,</strong></span> <span class='ocrx_word' id='word_1_148' title='bbox 1359 1726 1452 1758; x_wconf 90' lang='lat' dir='ltr'><strong>uon</strong></span> <span class='ocrx_word' id='word_1_149' title='bbox 1481 1706 1693 1775; x_wconf 90' lang='lat' dir='ltr'><strong>exempli</strong></span> <span class='ocrx_word' id='word_1_150' title='bbox 1719 1723 1893 1757; x_wconf 87' lang='lat' dir='ltr'><strong>caussa</strong></span> <span class='ocrx_word' id='word_1_151' title='bbox 1924 1706 2050 1757; x_wconf 91' lang='lat' dir='ltr'><strong>velle</strong></span> 
     </span>
     <span class='ocr_line' id='line_1_19' title="bbox 141 1792 2049 1864; baseline -0.002 -20"><span class='ocrx_word' id='word_1_152' title='bbox 141 1794 268 1864; x_wconf 87' lang='lat' dir='ltr'><strong>pium</strong></span> <span class='ocrx_word' id='word_1_153' title='bbox 297 1811 405 1845; x_wconf 89' lang='lat' dir='ltr'><strong>esse</strong></span> <span class='ocrx_word' id='word_1_154' title='bbox 436 1794 543 1845; x_wconf 87' lang='lat' dir='ltr'><strong>dico</strong></span> <span class='ocrx_word' id='word_1_155' title='bbox 563 1833 576 1858; x_wconf 91' lang='lat'><strong>,</strong></span> <span class='ocrx_word' id='word_1_156' title='bbox 633 1794 716 1845; x_wconf 90' lang='lat' dir='ltr'><strong>sed</strong></span> <span class='ocrx_word' id='word_1_157' title='bbox 749 1793 925 1860; x_wconf 89' lang='lat' dir='ltr'><strong>aliquid</strong></span> <span class='ocrx_word' id='word_1_158' title='bbox 954 1793 1186 1844; x_wconf 89' lang='lat' dir='ltr'><strong>eiusmodi</strong></span> <span class='ocrx_word' id='word_1_159' title='bbox 1218 1792 1341 1842; x_wconf 91' lang='lat' dir='ltr'><strong>velle</strong></span> <span class='ocrx_word' id='word_1_160' title='bbox 1375 1793 1536 1843; x_wconf 88' lang='lat' dir='ltr'><strong>facere</strong></span> <span class='ocrx_word' id='word_1_161' title='bbox 1571 1792 1693 1859; x_wconf 91' lang='lat' dir='ltr'><strong>quod</strong></span> <span class='ocrx_word' id='word_1_162' title='bbox 1728 1800 1930 1842; x_wconf 89' lang='lat' dir='ltr'><strong>naturae</strong></span> <span class='ocrx_word' id='word_1_163' title='bbox 1971 1808 2049 1842; x_wconf 93' lang='lat' dir='ltr'><strong>ca-</strong></span> 
     </span>
     <span class='ocr_line' id='line_1_20' title="bbox 141 1875 2049 1947; baseline -0.002 -18"><span class='ocrx_word' id='word_1_164' title='bbox 141 1887 268 1947; x_wconf 87' lang='lat' dir='ltr'><strong>ptum</strong></span> <span class='ocrx_word' id='word_1_165' title='bbox 299 1886 520 1947; x_wconf 88' lang='lat' dir='ltr'><strong>superat,</strong></span> <span class='ocrx_word' id='word_1_166' title='bbox 564 1895 622 1929; x_wconf 90' lang='lat' dir='ltr'><strong>eo</strong></span> <span class='ocrx_word' id='word_1_167' title='bbox 654 1878 777 1946; x_wconf 91' lang='lat' dir='ltr'><strong>quod</strong></span> <span class='ocrx_word' id='word_1_168' title='bbox 812 1877 1043 1927; x_wconf 89' lang='lat' dir='ltr'><strong>voluntati</strong></span> <span class='ocrx_word' id='word_1_169' title='bbox 1073 1876 1271 1944; x_wconf 90' lang='lat' dir='ltr'><strong>obsequi</strong></span> <span class='ocrx_word' id='word_1_170' title='bbox 1299 1876 1492 1926; x_wconf 90' lang='lat' dir='ltr'><strong>minime</strong></span> <span class='ocrx_word' id='word_1_171' title='bbox 1534 1875 1798 1944; x_wconf 91' lang='lat' dir='ltr'><strong>possimus,</strong></span> <span class='ocrx_word' id='word_1_172' title='bbox 1840 1875 1973 1926; x_wconf 88' lang='lat' dir='ltr'><strong>velut</strong></span> <span class='ocrx_word' id='word_1_173' title='bbox 2001 1876 2049 1925; x_wconf 92' lang='lat' dir='ltr'><strong>in</strong></span> 
     </span>
     <span class='ocr_line' id='line_1_21' title="bbox 139 1960 2045 2029; baseline -0.002 -15"><span class='ocrx_word' id='word_1_174' title='bbox 139 1963 331 2014; x_wconf 87' lang='lat' dir='ltr'><strong>homine</strong></span> <span class='ocrx_word' id='word_1_175' title='bbox 365 1963 561 2026; x_wconf 91' lang='lat' dir='ltr'><strong>volare,</strong></span> <span class='ocrx_word' id='word_1_176' title='bbox 614 1972 696 2013; x_wconf 91' lang='lat' dir='ltr'><strong>aut</strong></span> <span class='ocrx_word' id='word_1_177' title='bbox 734 1961 781 2011; x_wconf 87' lang='lat' dir='ltr'><strong>in</strong></span> <span class='ocrx_word' id='word_1_178' title='bbox 825 1967 985 2012; x_wconf 82' lang='lat' dir='ltr'><strong>ae‘rem</strong></span> <span class='ocrx_word' id='word_1_179' title='bbox 1029 1962 1171 2024; x_wconf 85' lang='lat' dir='ltr'><strong>ferri,</strong></span> <span class='ocrx_word' id='word_1_180' title='bbox 1230 1969 1312 2011; x_wconf 92' lang='lat' dir='ltr'><strong>aut</strong></span> <span class='ocrx_word' id='word_1_181' title='bbox 1353 1961 1572 2029; x_wconf 87' lang='lat' dir='ltr'><strong>profundi</strong></span> <span class='ocrx_word' id='word_1_182' title='bbox 1603 1977 1753 2011; x_wconf 88' lang='lat' dir='ltr'><strong>venas</strong></span> <span class='ocrx_word' id='word_1_183' title='bbox 1794 1960 2045 2027; x_wconf 86' lang='lat' dir='ltr'><strong>indagare,</strong></span> 
     </span>
     <span class='ocr_line' id='line_1_22' title="bbox 139 2042 2046 2114; baseline -0.002 -16"><span class='ocrx_word' id='word_1_184' title='bbox 139 2057 299 2098; x_wconf 88' lang='lat' dir='ltr'><strong>terrae</strong></span> <span class='ocrx_word' id='word_1_185' title='bbox 340 2048 533 2098; x_wconf 91' lang='lat' dir='ltr'><strong>fundum</strong></span> <span class='ocrx_word' id='word_1_186' title='bbox 572 2046 898 2114; x_wconf 86' lang='lat' dir='ltr'><strong>investigare,</strong></span> <span class='ocrx_word' id='word_1_187' title='bbox 954 2054 1001 2095; x_wconf 87' lang='lat' dir='ltr'><strong>et</strong></span> <span class='ocrx_word' id='word_1_188' title='bbox 1030 2046 1074 2095; x_wconf 94' lang='lat' dir='ltr'><strong>id</strong></span> <span class='ocrx_word' id='word_1_189' title='bbox 1108 2063 1261 2112; x_wconf 90' lang='lat' dir='ltr'><strong>genus</strong></span> <span class='ocrx_word' id='word_1_190' title='bbox 1300 2045 1408 2096; x_wconf 88' lang='lat' dir='ltr'><strong>alia.</strong></span> <span class='ocrx_word' id='word_1_191' title='bbox 1488 2042 1725 2112; x_wconf 81' lang='lat' dir='ltr'><strong>Quicquid</strong></span> <span class='ocrx_word' id='word_1_192' title='bbox 1752 2053 1911 2095; x_wconf 86' lang='lat' dir='ltr'><strong>autem</strong></span> <span class='ocrx_word' id='word_1_193' title='bbox 1942 2062 2046 2095; x_wconf 90' lang='lat' dir='ltr'><strong>cum</strong></span> 
     </span>
     <span class='ocr_line' id='line_1_23' title="bbox 139 2129 2048 2199; baseline -0.001 -17"><span class='ocrx_word' id='word_1_194' title='bbox 139 2131 295 2199; x_wconf 89' lang='lat' dir='ltr'><strong>aliqua</strong></span> <span class='ocrx_word' id='word_1_195' title='bbox 321 2131 575 2182; x_wconf 87' lang='lat' dir='ltr'><strong>affectione</strong></span> <span class='ocrx_word' id='word_1_196' title='bbox 602 2139 801 2182; x_wconf 88' lang='lat' dir='ltr'><strong>naturae</strong></span> <span class='ocrx_word' id='word_1_197' title='bbox 831 2147 966 2180; x_wconf 90' lang='lat' dir='ltr'><strong>meae</strong></span> <span class='ocrx_word' id='word_1_198' title='bbox 996 2129 1190 2180; x_wconf 90' lang='lat' dir='ltr'><strong>insitum</strong></span> <span class='ocrx_word' id='word_1_199' title='bbox 1228 2139 1329 2192; x_wconf 90' lang='lat' dir='ltr'><strong>est,</strong></span> <span class='ocrx_word' id='word_1_200' title='bbox 1407 2129 1518 2180; x_wconf 90' lang='lat' dir='ltr'><strong>illud</strong></span> <span class='ocrx_word' id='word_1_201' title='bbox 1548 2146 1688 2179; x_wconf 92' lang='lat' dir='ltr'><strong>omne</strong></span> <span class='ocrx_word' id='word_1_202' title='bbox 1716 2129 1833 2179; x_wconf 88' lang='lat' dir='ltr'><strong>citra</strong></span> <span class='ocrx_word' id='word_1_203' title='bbox 1863 2129 2048 2197; x_wconf 89' lang='lat' dir='ltr'><strong>passio-</strong></span> 
     </span>
     <span class='ocr_line' id='line_1_24' title="bbox 141 2213 2044 2282; baseline -0.003 -14"><span class='ocrx_word' id='word_1_204' title='bbox 141 2234 248 2268; x_wconf 89' lang='lat' dir='ltr'><strong>nem</strong></span> <span class='ocrx_word' id='word_1_205' title='bbox 280 2217 409 2268; x_wconf 89' lang='lat' dir='ltr'><strong>inest</strong></span> <span class='ocrx_word' id='word_1_206' title='bbox 439 2216 487 2266; x_wconf 91' lang='lat' dir='ltr'><strong>in</strong></span> <span class='ocrx_word' id='word_1_207' title='bbox 520 2217 629 2266; x_wconf 84' lang='lat' dir='ltr'><strong>dec.</strong></span> <span class='ocrx_word' id='word_1_208' title='bbox 690 2214 818 2266; x_wconf 91' lang='lat' dir='ltr'><strong>Hinc</strong></span> <span class='ocrx_word' id='word_1_209' title='bbox 851 2223 925 2265; x_wconf 88' lang='lat' dir='ltr'><strong>est</strong></span> <span class='ocrx_word' id='word_1_210' title='bbox 955 2215 1076 2282; x_wconf 94' lang='lat' dir='ltr'><strong>quod</strong></span> <span class='ocrx_word' id='word_1_211' title='bbox 1111 2231 1437 2282; x_wconf 90' lang='lat' dir='ltr'><strong>quaecumque</strong></span> <span class='ocrx_word' id='word_1_212' title='bbox 1472 2214 1575 2264; x_wconf 91' lang='lat' dir='ltr'><strong>vult</strong></span> <span class='ocrx_word' id='word_1_213' title='bbox 1605 2213 1838 2281; x_wconf 84' lang='lat' dir='ltr'><strong>perlicere</strong></span> <span class='ocrx_word' id='word_1_214' title='bbox 1867 2222 2044 2281; x_wconf 90' lang='lat' dir='ltr'><strong>potest,</strong></span> 
     </span>
     <span class='ocr_line' id='line_1_25' title="bbox 142 2298 2046 2368; baseline -0.002 -18"><span class='ocrx_word' id='word_1_215' title='bbox 142 2301 365 2368; x_wconf 90' lang='lat' dir='ltr'><strong>quoniam</strong></span> <span class='ocrx_word' id='word_1_216' title='bbox 399 2309 568 2351; x_wconf 87' lang='lat' dir='ltr'><strong>natura</strong></span> <span class='ocrx_word' id='word_1_217' title='bbox 597 2300 701 2350; x_wconf 90' lang='lat' dir='ltr'><strong>eius</strong></span> <span class='ocrx_word' id='word_1_218' title='bbox 729 2299 963 2351; x_wconf 84' lang='lat' dir='ltr'><strong>voluntati</strong></span> <span class='ocrx_word' id='word_1_219' title='bbox 993 2316 1087 2349; x_wconf 91' lang='lat' dir='ltr'><strong>non</strong></span> <span class='ocrx_word' id='word_1_220' title='bbox 1117 2299 1411 2362; x_wconf 86' lang='lat' dir='ltr'><strong>reluctatur,</strong></span> <span class='ocrx_word' id='word_1_221' title='bbox 1468 2308 1631 2349; x_wconf 89' lang='lat' dir='ltr'><strong>nostra</strong></span> <span class='ocrx_word' id='word_1_222' title='bbox 1670 2316 1788 2350; x_wconf 90' lang='lat' dir='ltr'><strong>vero</strong></span> <span class='ocrx_word' id='word_1_223' title='bbox 1827 2298 1876 2348; x_wconf 90' lang='lat' dir='ltr'><strong>in</strong></span> <span class='ocrx_word' id='word_1_224' title='bbox 1910 2298 2046 2348; x_wconf 89' lang='lat' dir='ltr'><strong>nobis</strong></span> 
     </span>
     <span class='ocr_line' id='line_1_26' title="bbox 138 2382 2047 2452; baseline -0.001 -18"><span class='ocrx_word' id='word_1_225' title='bbox 138 2384 255 2452; x_wconf 91' lang='lat' dir='ltr'><strong>ipsis</strong></span> <span class='ocrx_word' id='word_1_226' title='bbox 284 2393 545 2452; x_wconf 85' lang='lat' dir='ltr'><strong>repugnat,</strong></span> <span class='ocrx_word' id='word_1_227' title='bbox 600 2384 788 2451; x_wconf 89' lang='lat' dir='ltr'><strong>quoties</strong></span> <span class='ocrx_word' id='word_1_228' title='bbox 818 2384 1065 2434; x_wconf 90' lang='lat' dir='ltr'><strong>voluntate</strong></span> <span class='ocrx_word' id='word_1_229' title='bbox 1094 2384 1152 2433; x_wconf 91' lang='lat' dir='ltr'><strong>ad</strong></span> <span class='ocrx_word' id='word_1_230' title='bbox 1181 2383 1226 2433; x_wconf 93' lang='lat' dir='ltr'><strong>id</strong></span> <span class='ocrx_word' id='word_1_231' title='bbox 1255 2383 1547 2433; x_wconf 86' lang='lat' dir='ltr'><strong>intendimur</strong></span> <span class='ocrx_word' id='word_1_232' title='bbox 1575 2383 1696 2450; x_wconf 94' lang='lat' dir='ltr'><strong>quod</strong></span> <span class='ocrx_word' id='word_1_233' title='bbox 1724 2383 1825 2433; x_wconf 88' lang='lat' dir='ltr'><strong>fieri</strong></span> <span class='ocrx_word' id='word_1_234' title='bbox 1853 2382 2047 2433; x_wconf 91' lang='lat' dir='ltr'><strong>omnino</strong></span> 
     </span>
     <span class='ocr_line' id='line_1_27' title="bbox 139 2466 2045 2536; baseline -0.001 -18"><span class='ocrx_word' id='word_1_235' title='bbox 139 2486 235 2518; x_wconf 91' lang='lat' dir='ltr'><strong>non</strong></span> <span class='ocrx_word' id='word_1_236' title='bbox 268 2476 444 2536; x_wconf 89' lang='lat' dir='ltr'><strong>potest.</strong></span> <span class='ocrx_word' id='word_1_237' title='bbox 523 2466 706 2518; x_wconf 92' lang='lat' dir='ltr'><strong>Verum</strong></span> <span class='ocrx_word' id='word_1_238' title='bbox 741 2469 862 2535; x_wconf 94' lang='lat' dir='ltr'><strong>quod</strong></span> <span class='ocrx_word' id='word_1_239' title='bbox 898 2468 1035 2518; x_wconf 86' lang='lat' dir='ltr'><strong>deum</strong></span> <span class='ocrx_word' id='word_1_240' title='bbox 1067 2467 1276 2519; x_wconf 85' lang='lat' dir='ltr'><strong>diximus</strong></span> <span class='ocrx_word' id='word_1_241' title='bbox 1307 2485 1428 2535; x_wconf 88' lang='lat' dir='ltr'><strong>quae</strong></span> <span class='ocrx_word' id='word_1_242' title='bbox 1460 2468 1577 2517; x_wconf 88' lang='lat' dir='ltr'><strong>velit</strong></span> <span class='ocrx_word' id='word_1_243' title='bbox 1603 2466 1760 2517; x_wconf 90' lang='lat' dir='ltr'><strong>omnia</strong></span> <span class='ocrx_word' id='word_1_244' title='bbox 1794 2467 2045 2536; x_wconf 87' lang='lat' dir='ltr'><strong>perlicere,</strong></span> 
     </span>
     <span class='ocr_line' id='line_1_28' title="bbox 140 2551 2044 2619; baseline -0.001 -16"><span class='ocrx_word' id='word_1_245' title='bbox 140 2570 234 2603; x_wconf 88' lang='lat' dir='ltr'><strong>non</strong></span> <span class='ocrx_word' id='word_1_246' title='bbox 263 2560 338 2602; x_wconf 89' lang='lat' dir='ltr'><strong>est</strong></span> <span class='ocrx_word' id='word_1_247' title='bbox 369 2551 490 2618; x_wconf 92' lang='lat' dir='ltr'><strong>quod</strong></span> <span class='ocrx_word' id='word_1_248' title='bbox 520 2551 691 2619; x_wconf 89' lang='lat' dir='ltr'><strong>aliquis</strong></span> <span class='ocrx_word' id='word_1_249' title='bbox 730 2551 925 2601; x_wconf 88' lang='lat' dir='ltr'><strong>obiiciat</strong></span> <span class='ocrx_word' id='word_1_250' title='bbox 959 2553 1119 2602; x_wconf 83' lang='lat' dir='ltr'><strong>facere</strong></span> <span class='ocrx_word' id='word_1_251' title='bbox 1147 2552 1276 2602; x_wconf 92' lang='lat' dir='ltr'><strong>illum</strong></span> <span class='ocrx_word' id='word_1_252' title='bbox 1314 2552 1455 2602; x_wconf 91' lang='lat' dir='ltr'><strong>etiam</strong></span> <span class='ocrx_word' id='word_1_253' title='bbox 1489 2569 1608 2619; x_wconf 90' lang='lat' dir='ltr'><strong>quae</strong></span> <span class='ocrx_word' id='word_1_254' title='bbox 1638 2553 1793 2602; x_wconf 89' lang='lat' dir='ltr'><strong>minus</strong></span> <span class='ocrx_word' id='word_1_255' title='bbox 1824 2552 2044 2602; x_wconf 84' lang='lat' dir='ltr'><strong>deceant.</strong></span> 
     </span>
     <span class='ocr_line' id='line_1_29' title="bbox 137 2634 2046 2704; baseline -0.001 -17"><span class='ocrx_word' id='word_1_256' title='bbox 137 2635 455 2704; x_wconf 87' lang='lat' dir='ltr'><strong>Nequaquam</strong></span> <span class='ocrx_word' id='word_1_257' title='bbox 486 2653 622 2686; x_wconf 92' lang='lat' dir='ltr'><strong>vero.</strong></span> <span class='ocrx_word' id='word_1_258' title='bbox 698 2634 823 2685; x_wconf 88' lang='lat' dir='ltr'><strong>Nam</strong></span> <span class='ocrx_word' id='word_1_259' title='bbox 867 2635 945 2685; x_wconf 91' lang='lat' dir='ltr'><strong>illa</strong></span> <span class='ocrx_word' id='word_1_260' title='bbox 983 2636 1086 2687; x_wconf 90' lang='lat' dir='ltr'><strong>vult</strong></span> <span class='ocrx_word' id='word_1_261' title='bbox 1127 2654 1247 2703; x_wconf 89' lang='lat' dir='ltr'><strong>quae</strong></span> <span class='ocrx_word' id='word_1_262' title='bbox 1290 2637 1471 2702; x_wconf 88' lang='lat' dir='ltr'><strong>reipsa</strong></span> <span class='ocrx_word' id='word_1_263' title='bbox 1513 2636 1656 2699; x_wconf 82' lang='lat' dir='ltr'><strong>facit,</strong></span> <span class='ocrx_word' id='word_1_264' title='bbox 1713 2636 1901 2687; x_wconf 89' lang='lat' dir='ltr'><strong>ratione</strong></span> <span class='ocrx_word' id='word_1_265' title='bbox 1929 2652 2046 2686; x_wconf 90' lang='lat' dir='ltr'><strong>suae</strong></span> 
     </span>
     <span class='ocr_line' id='line_1_30' title="bbox 138 2719 2045 2788; baseline -0.001 -18"><span class='ocrx_word' id='word_1_266' title='bbox 138 2720 384 2788; x_wconf 91' lang='lat' dir='ltr'><strong>dignitatis</strong></span> <span class='ocrx_word' id='word_1_267' title='bbox 427 2719 617 2782; x_wconf 84' lang='lat' dir='ltr'><strong>habita,</strong></span> <span class='ocrx_word' id='word_1_268' title='bbox 673 2719 792 2768; x_wconf 86' lang='lat' dir='ltr'><strong>adeo</strong></span> <span class='ocrx_word' id='word_1_269' title='bbox 833 2727 885 2769; x_wconf 93' lang='lat' dir='ltr'><strong>ut</strong></span> <span class='ocrx_word' id='word_1_270' title='bbox 926 2736 1082 2786; x_wconf 92' lang='lat' dir='ltr'><strong>neque</strong></span> <span class='ocrx_word' id='word_1_271' title='bbox 1122 2721 1347 2788; x_wconf 87' lang='lat' dir='ltr'><strong>potestati</strong></span> <span class='ocrx_word' id='word_1_272' title='bbox 1385 2722 1638 2785; x_wconf 88' lang='lat' dir='ltr'><strong>voluntas,</strong></span> <span class='ocrx_word' id='word_1_273' title='bbox 1681 2738 1837 2788; x_wconf 91' lang='lat' dir='ltr'><strong>neque</strong></span> <span class='ocrx_word' id='word_1_274' title='bbox 1875 2721 2045 2770; x_wconf 93' lang='lat' dir='ltr'><strong>volun-</strong></span> 
     </span>
     <span class='ocr_line' id='line_1_31' title="bbox 138 2803 2045 2873; baseline -0.001 -19"><span class='ocrx_word' id='word_1_275' title='bbox 138 2805 222 2855; x_wconf 90' lang='lat' dir='ltr'><strong>tati</strong></span> <span class='ocrx_word' id='word_1_276' title='bbox 269 2805 332 2855; x_wconf 92' lang='lat' dir='ltr'><strong>sit</strong></span> <span class='ocrx_word' id='word_1_277' title='bbox 378 2804 622 2855; x_wconf 81' lang='lat' dir='ltr'><strong>contraria</strong></span> <span class='ocrx_word' id='word_1_278' title='bbox 671 2811 914 2871; x_wconf 78' lang='lat' dir='ltr'><strong>potestas3</strong></span> <span class='ocrx_word' id='word_1_279' title='bbox 972 2821 1067 2853; x_wconf 92' lang='lat' dir='ltr'><strong>non</strong></span> <span class='ocrx_word' id='word_1_280' title='bbox 1107 2805 1230 2871; x_wconf 92' lang='lat' dir='ltr'><strong>quod</strong></span> <span class='ocrx_word' id='word_1_281' title='bbox 1284 2806 1443 2856; x_wconf 87' lang='lat' dir='ltr'><strong>facere</strong></span> <span class='ocrx_word' id='word_1_282' title='bbox 1495 2815 1730 2873; x_wconf 88' lang='lat' dir='ltr'><strong>nequeat,</strong></span> <span class='ocrx_word' id='word_1_283' title='bbox 1786 2805 1871 2855; x_wconf 91' lang='lat' dir='ltr'><strong>sed</strong></span> <span class='ocrx_word' id='word_1_284' title='bbox 1920 2803 2045 2871; x_wconf 86' lang='lat' dir='ltr'><strong>quod</strong></span> 
     </span>
     <span class='ocr_line' id='line_1_32' title="bbox 138 2889 435 2939; baseline 0 0"><span class='ocrx_word' id='word_1_285' title='bbox 138 2907 233 2939; x_wconf 92' lang='lat' dir='ltr'><strong>non</strong></span> <span class='ocrx_word' id='word_1_286' title='bbox 271 2889 435 2939; x_wconf 86' lang='lat' dir='ltr'><strong>libeat.</strong></span> 
     </span>
    </p>

    <p class='ocr_par' dir='ltr' id='par_1_6' title="bbox 137 2970 2047 3716">
     <span class='ocr_line' id='line_1_33' title="bbox 280 2970 2047 3038; baseline -0.002 -15"><span class='ocrx_word' id='word_1_287' title='bbox 280 2970 346 3023; x_wconf 84' lang='lat' dir='ltr'><strong>ll.</strong></span> <span class='ocrx_word' id='word_1_288' title='bbox 408 2970 668 3022; x_wconf 85' lang='lat' dir='ltr'><strong>Praeterea</strong></span> <span class='ocrx_word' id='word_1_289' title='bbox 698 2979 945 3038; x_wconf 89' lang='lat' dir='ltr'><strong>postquam</strong></span> <span class='ocrx_word' id='word_1_290' title='bbox 980 2970 1087 3021; x_wconf 88' lang='lat' dir='ltr'><strong>talis</strong></span> <span class='ocrx_word' id='word_1_291' title='bbox 1130 2981 1203 3022; x_wconf 89' lang='lat' dir='ltr'><strong>est</strong></span> <span class='ocrx_word' id='word_1_292' title='bbox 1231 2973 1535 3024; x_wconf 87' lang='lat' dir='ltr'><strong>affectionum</strong></span> <span class='ocrx_word' id='word_1_293' title='bbox 1577 2973 1623 3023; x_wconf 88' lang='lat' dir='ltr'><strong>in</strong></span> <span class='ocrx_word' id='word_1_294' title='bbox 1665 2974 1754 3023; x_wconf 90' lang='lat' dir='ltr'><strong>deo</strong></span> <span class='ocrx_word' id='word_1_295' title='bbox 1786 2970 2047 3022; x_wconf 88' lang='lat' dir='ltr'><strong>constituta</strong></span> 
     </span>
     <span class='ocr_line' id='line_1_34' title="bbox 139 3055 2044 3121; baseline -0.004 -12"><span class='ocrx_word' id='word_1_296' title='bbox 139 3058 388 3121; x_wconf 88' lang='lat' dir='ltr'><strong>vacuitas,</strong></span> <span class='ocrx_word' id='word_1_297' title='bbox 440 3075 544 3108; x_wconf 88' lang='lat' dir='ltr'><strong>cum</strong></span> <span class='ocrx_word' id='word_1_298' title='bbox 592 3058 638 3106; x_wconf 88' lang='lat' dir='ltr'><strong>in</strong></span> <span class='ocrx_word' id='word_1_299' title='bbox 683 3055 821 3105; x_wconf 89' lang='lat' dir='ltr'><strong>nobis</strong></span> <span class='ocrx_word' id='word_1_300' title='bbox 852 3055 1123 3121; x_wconf 89' lang='lat' dir='ltr'><strong>ceterisque</strong></span> <span class='ocrx_word' id='word_1_301' title='bbox 1153 3058 1329 3107; x_wconf 90' lang='lat' dir='ltr'><strong>creatis</strong></span> <span class='ocrx_word' id='word_1_302' title='bbox 1363 3058 1507 3108; x_wconf 89' lang='lat' dir='ltr'><strong>rebus</strong></span> <span class='ocrx_word' id='word_1_303' title='bbox 1535 3059 1699 3108; x_wconf 89' lang='lat' dir='ltr'><strong>eadem</strong></span> <span class='ocrx_word' id='word_1_304' title='bbox 1729 3057 1807 3106; x_wconf 89' lang='lat' dir='ltr'><strong>illa</strong></span> <span class='ocrx_word' id='word_1_305' title='bbox 1836 3072 1941 3104; x_wconf 89' lang='lat' dir='ltr'><strong>cum</strong></span> <span class='ocrx_word' id='word_1_306' title='bbox 1973 3055 2044 3103; x_wconf 88' lang='lat' dir='ltr'><strong>af-</strong></span> 
     </span>
     <span class='ocr_line' id='line_1_35' title="bbox 138 3138 2044 3210; baseline -0.003 -18"><span class='ocrx_word' id='word_1_307' title='bbox 138 3142 425 3193; x_wconf 86' lang='lat' dir='ltr'><strong>fectionibus</strong></span> <span class='ocrx_word' id='word_1_308' title='bbox 465 3142 718 3192; x_wconf 89' lang='lat' dir='ltr'><strong>coniuncta</strong></span> <span class='ocrx_word' id='word_1_309' title='bbox 760 3140 884 3200; x_wconf 86' lang='lat' dir='ltr'><strong>sint,</strong></span> <span class='ocrx_word' id='word_1_310' title='bbox 939 3138 977 3187; x_wconf 92' lang='lat' dir='ltr'><strong>si</strong></span> <span class='ocrx_word' id='word_1_311' title='bbox 1008 3139 1063 3188; x_wconf 92' lang='lat' dir='ltr'><strong>ad</strong></span> <span class='ocrx_word' id='word_1_312' title='bbox 1090 3139 1219 3190; x_wconf 88' lang='lat' dir='ltr'><strong>illum</strong></span> <span class='ocrx_word' id='word_1_313' title='bbox 1254 3142 1441 3191; x_wconf 89' lang='lat' dir='ltr'><strong>modum</strong></span> <span class='ocrx_word' id='word_1_314' title='bbox 1476 3141 1710 3210; x_wconf 87' lang='lat' dir='ltr'><strong>quippiam</strong></span> <span class='ocrx_word' id='word_1_315' title='bbox 1740 3139 1898 3189; x_wconf 90' lang='lat' dir='ltr'><strong>auimo</strong></span> <span class='ocrx_word' id='word_1_316' title='bbox 1930 3155 2044 3188; x_wconf 91' lang='lat' dir='ltr'><strong>con-</strong></span> 
     </span>
     <span class='ocr_line' id='line_1_36' title="bbox 137 3222 2045 3295; baseline -0.002 -18"><span class='ocrx_word' id='word_1_317' title='bbox 137 3226 369 3295; x_wconf 89' lang='lat' dir='ltr'><strong>cipiatur,</strong></span> <span class='ocrx_word' id='word_1_318' title='bbox 423 3225 513 3276; x_wconf 90' lang='lat' dir='ltr'><strong>alia</strong></span> <span class='ocrx_word' id='word_1_319' title='bbox 556 3242 724 3275; x_wconf 89' lang='lat' dir='ltr'><strong>rursus</strong></span> <span class='ocrx_word' id='word_1_320' title='bbox 765 3223 957 3273; x_wconf 82' lang='lat' dir='ltr'><strong>affectio</strong></span> <span class='ocrx_word' id='word_1_321' title='bbox 1005 3240 1067 3272; x_wconf 91' lang='lat' dir='ltr'><strong>ex</strong></span> <span class='ocrx_word' id='word_1_322' title='bbox 1107 3224 1177 3273; x_wconf 85' lang='lat' dir='ltr'><strong>rei</strong></span> <span class='ocrx_word' id='word_1_323' title='bbox 1218 3226 1419 3275; x_wconf 89' lang='lat' dir='ltr'><strong>veritate</strong></span> <span class='ocrx_word' id='word_1_324' title='bbox 1460 3226 1728 3275; x_wconf 84' lang='lat' dir='ltr'><strong>confitenda</strong></span> <span class='ocrx_word' id='word_1_325' title='bbox 1769 3222 1940 3284; x_wconf 88' lang='lat' dir='ltr'><strong>suerit,</strong></span> <span class='ocrx_word' id='word_1_326' title='bbox 1997 3231 2045 3273; x_wconf 91' lang='lat' dir='ltr'><strong>et</strong></span> 
     </span>
     <span class='ocr_line' id='line_1_37' title="bbox 139 3306 2043 3378; baseline 0 -18"><span class='ocrx_word' id='word_1_327' title='bbox 139 3320 246 3378; x_wconf 87' lang='lat' dir='ltr'><strong>post</strong></span> <span class='ocrx_word' id='word_1_328' title='bbox 289 3310 410 3361; x_wconf 90' lang='lat' dir='ltr'><strong>hanc</strong></span> <span class='ocrx_word' id='word_1_329' title='bbox 448 3311 598 3378; x_wconf 89' lang='lat' dir='ltr'><strong>ipsam</strong></span> <span class='ocrx_word' id='word_1_330' title='bbox 632 3309 812 3370; x_wconf 89' lang='lat' dir='ltr'><strong>altera,</strong></span> <span class='ocrx_word' id='word_1_331' title='bbox 870 3306 1102 3373; x_wconf 88' lang='lat' dir='ltr'><strong>tertiaque</strong></span> <span class='ocrx_word' id='word_1_332' title='bbox 1140 3307 1379 3359; x_wconf 86' lang='lat' dir='ltr'><strong>similiter.</strong></span> <span class='ocrx_word' id='word_1_333' title='bbox 1455 3308 1563 3359; x_wconf 92' lang='lat' dir='ltr'><strong>Nos</strong></span> <span class='ocrx_word' id='word_1_334' title='bbox 1592 3308 1776 3375; x_wconf 90' lang='lat' dir='ltr'><strong>quidem</strong></span> <span class='ocrx_word' id='word_1_335' title='bbox 1812 3327 1907 3360; x_wconf 91' lang='lat' dir='ltr'><strong>non</strong></span> <span class='ocrx_word' id='word_1_336' title='bbox 1938 3310 2043 3360; x_wconf 91' lang='lat' dir='ltr'><strong>sinc</strong></span> 
     </span>
     <span class='ocr_line' id='line_1_38' title="bbox 140 3391 2044 3462; baseline 0 -18"><span class='ocrx_word' id='word_1_337' title='bbox 140 3394 395 3444; x_wconf 84' lang='lat' dir='ltr'><strong>affectione</strong></span> <span class='ocrx_word' id='word_1_338' title='bbox 425 3410 713 3462; x_wconf 88' lang='lat' dir='ltr'><strong>generamus</strong></span> <span class='ocrx_word' id='word_1_339' title='bbox 750 3400 830 3442; x_wconf 89' lang='lat' dir='ltr'><strong>aut</strong></span> <span class='ocrx_word' id='word_1_340' title='bbox 870 3391 1139 3459; x_wconf 85' lang='lat' dir='ltr'><strong>gignimur,</strong></span> <span class='ocrx_word' id='word_1_341' title='bbox 1199 3401 1452 3459; x_wconf 89' lang='lat' dir='ltr'><strong>propterea</strong></span> <span class='ocrx_word' id='word_1_342' title='bbox 1494 3393 1617 3459; x_wconf 90' lang='lat' dir='ltr'><strong>quod</strong></span> <span class='ocrx_word' id='word_1_343' title='bbox 1661 3400 1831 3442; x_wconf 88' lang='lat' dir='ltr'><strong>natura</strong></span> <span class='ocrx_word' id='word_1_344' title='bbox 1877 3402 2044 3444; x_wconf 88' lang='lat' dir='ltr'><strong>nostra</strong></span> 
     </span>
     <span class='ocr_line' id='line_1_39' title="bbox 140 3475 2041 3545; baseline 0 -17"><span class='ocrx_word' id='word_1_345' title='bbox 140 3487 504 3545; x_wconf 86' lang='lat' dir='ltr'><strong>ceterarumque</strong></span> <span class='ocrx_word' id='word_1_346' title='bbox 534 3495 692 3528; x_wconf 87' lang='lat' dir='ltr'><strong>rerum</strong></span> <span class='ocrx_word' id='word_1_347' title='bbox 726 3494 846 3544; x_wconf 89' lang='lat' dir='ltr'><strong>quae</strong></span> <span class='ocrx_word' id='word_1_348' title='bbox 875 3475 1077 3543; x_wconf 87' lang='lat' dir='ltr'><strong>gignunt</strong></span> <span class='ocrx_word' id='word_1_349' title='bbox 1108 3484 1188 3525; x_wconf 92' lang='lat' dir='ltr'><strong>aut</strong></span> <span class='ocrx_word' id='word_1_350' title='bbox 1222 3475 1278 3525; x_wconf 93' lang='lat' dir='ltr'><strong>ab</strong></span> <span class='ocrx_word' id='word_1_351' title='bbox 1310 3475 1414 3525; x_wconf 90' lang='lat' dir='ltr'><strong>aliis</strong></span> <span class='ocrx_word' id='word_1_352' title='bbox 1445 3477 1705 3543; x_wconf 85' lang='lat' dir='ltr'><strong>gignuntur</strong></span> <span class='ocrx_word' id='word_1_353' title='bbox 1738 3477 2041 3545; x_wconf 86' lang='lat' dir='ltr'><strong>partitionem</strong></span> 
     </span>
     <span class='ocr_line' id='line_1_40' title="bbox 140 3559 2040 3629; baseline 0.001 -17"><span class='ocrx_word' id='word_1_354' title='bbox 140 3562 370 3620; x_wconf 84' lang='lat' dir='ltr'><strong>admittit,</strong></span> <span class='ocrx_word' id='word_1_355' title='bbox 410 3580 465 3612; x_wconf 90' lang='lat' dir='ltr'><strong>ac</strong></span> <span class='ocrx_word' id='word_1_356' title='bbox 496 3563 738 3629; x_wconf 86' lang='lat' dir='ltr'><strong>profluens</strong></span> <span class='ocrx_word' id='word_1_357' title='bbox 767 3570 867 3622; x_wconf 87' lang='lat' dir='ltr'><strong>est,</strong></span> <span class='ocrx_word' id='word_1_358' title='bbox 923 3569 970 3608; x_wconf 91' lang='lat' dir='ltr'><strong>et</strong></span> <span class='ocrx_word' id='word_1_359' title='bbox 1000 3559 1281 3620; x_wconf 88' lang='lat' dir='ltr'><strong>collatatur,</strong></span> <span class='ocrx_word' id='word_1_360' title='bbox 1339 3568 1421 3609; x_wconf 91' lang='lat' dir='ltr'><strong>aut</strong></span> <span class='ocrx_word' id='word_1_361' title='bbox 1447 3560 1771 3624; x_wconf 88' lang='lat' dir='ltr'><strong>contrahitur,</strong></span> <span class='ocrx_word' id='word_1_362' title='bbox 1824 3570 1872 3612; x_wconf 91' lang='lat' dir='ltr'><strong>et</strong></span> <span class='ocrx_word' id='word_1_363' title='bbox 1903 3563 2040 3614; x_wconf 91' lang='lat' dir='ltr'><strong>molis</strong></span> 
     </span>
     <span class='ocr_line' id='line_1_41' title="bbox 138 3641 2039 3716; baseline 0.002 -20"><span class='ocrx_word' id='word_1_364' title='bbox 138 3646 484 3697; x_wconf 82' lang='lat' dir='ltr'><strong>incrementum</strong></span> <span class='ocrx_word' id='word_1_365' title='bbox 514 3647 590 3696; x_wconf 90' lang='lat' dir='ltr'><strong>vel</strong></span> <span class='ocrx_word' id='word_1_366' title='bbox 622 3644 981 3695; x_wconf 89' lang='lat' dir='ltr'><strong>diminutionem</strong></span> <span class='ocrx_word' id='word_1_367' title='bbox 1018 3641 1210 3712; x_wconf 85' lang='lat' dir='ltr'><strong>patitur,</strong></span> <span class='ocrx_word' id='word_1_368' title='bbox 1251 3660 1307 3692; x_wconf 90' lang='lat' dir='ltr'><strong>ac</strong></span> <span class='ocrx_word' id='word_1_369' title='bbox 1337 3652 1500 3694; x_wconf 88' lang='lat' dir='ltr'><strong>cetera</strong></span> <span class='ocrx_word' id='word_1_370' title='bbox 1528 3644 1573 3694; x_wconf 88' lang='lat' dir='ltr'><strong>id</strong></span> <span class='ocrx_word' id='word_1_371' title='bbox 1599 3661 1750 3712; x_wconf 84' lang='lat' dir='ltr'><strong>genus</strong></span> <span class='ocrx_word' id='word_1_372' title='bbox 1779 3664 1899 3716; x_wconf 91' lang='lat' dir='ltr'><strong>quae</strong></span> <span class='ocrx_word' id='word_1_373' title='bbox 1933 3666 2039 3700; x_wconf 87' lang='lat' dir='ltr'><strong>cum</strong></span> 
     </span>
    </p>
   </div>
  </div>
 </body>
</html>
