2508 4134
421 204 523 257 774

477 313 557 354 tuit
585 314 686 355 ibid.
715 337 771 345 —
829 329 853 355 a
892 316 1134 368 Simoniacis
1163 315 1353 359 Gnostici

479 384 560 426 orti
582 384 684 426 ibid.
716 408 765 416 —
823 384 936 428 idem
961 386 1104 430 Simon
1128 389 1353 444 prophetas

475 469 499 495 a
530 453 651 496 variis
678 454 961 511 intelligentiis
999 458 1190 514 spiritum
1227 474 1353 501 acce-

475 524 584 580 pisse
622 525 779 569 censuit
806 526 908 568 ibid.
938 551 995 560 —
1051 529 1183 571 veteri
1218 538 1352 572 testa-

475 603 620 638 mento
659 594 785 638 fidem
822 597 1039 654 abrogavit
1071 603 1140 641 59.
1176 625 1225 633 --
1284 601 1354 643 in-

477 666 680 721 eptiarum
703 668 788 710 eius
815 669 1016 712 refutatio
1043 670 1141 713 ibid.
1158 696 1211 704 —
1241 672 1353 713 eius-

475 737 571 778 dem
590 737 781 780 interitus
796 739 954 781 Romae
975 740 1076 782 ibid.
1098 766 1147 791 ,—
1179 751 1353 783 senten-

474 808 533 848 tia
549 809 659 850 Petri
684 810 726 851 in
748 810 924 852 eundem
945 811 1046 853 ibid.
1069 837 1123 846 —-
1151 813 1352 855 refutatio

476 878 562 920 eius
588 880 817 935 impietatis
848 882 956 924 circa
991 883 1156 939 nuptias
1194 892 1237 925 et
1265 884 1351 926 vir-

475 949 694 1005 ginitatem
732 951 832 994 ibid.
864 977 917 985 -
975 953 1077 996 item
1119 954 1352 997 confutatio

474 1020 696 1076 impiorum
714 1022 799 1064 eius
821 1023 1078 1079 dogmatum,
1106 1026 1213 1068 circa
1233 1042 1351 1069 crea·-

471 1091 633 1133 tionem
660 1093 804 1134 mundi
833 1097 898 1135 60.

419 1161 627 1204 Simonem
673 1164 927 1220 Cyrenaeum
975 1181 1053 1223 pro
1102 1167 1265 1210 Christo
1309 1168 1351 1209 in

476 1248 594 1275 cruce
624 1250 790 1292 passum
819 1250 901 1279 non
933 1252 1022 1279 esse
1055 1241 1122 1280 75.

419 1304 643 1348 simulacra
677 1307 843 1363 quando
881 1308 1058 1364 primum
1081 1309 1283 1352 fabricata
1312 1314 1349 1351 8.

418 1378 575 1418 Somno
617 1377 845 1434 obrepente
871 1393 987 1421 mens
1027 1387 1167 1422 tamen
1206 1381 1352 1437 vigilat

471 1451 568 1489 407.

418 1519 560 1560 Somni
600 1519 687 1562 sive
720 1521 903 1577 stuporis
940 1521 1093 1564 affecta
1124 1522 1165 1564 in
1195 1537 1349 1579 corpo·-

472 1591 552 1631 reis
583 1591 768 1633 sensibus
797 1595 898 1634 407.

417 1663 622 1703 Somoron
678 1677 797 1705 mons
845 1664 1195 1706 Samaritanorum
1242 1665 1351 1707 unde

412 1724 419 1732 l
473 1732 607 1774 dictus
638 1728 705 1774 24.

417 1805 588 1845 Sorores
617 1805 734 1846 nefas
774 1805 855 1847 fuit
883 1820 1033 1848 uxores
1068 1807 1219 1849 ducere
1245 1822 1349 1864 pro-

473 1884 627 1932 pagato
657 1876 872 1918 hominum
901 1893 1053 1934 genere
1084 1882 1179 1919 288.

415 1947 614 2002 Spiritum
640 1956 827 1990 sanctum
855 1963 943 1990 esse
973 1949 1121 2000 deum,
1167 1949 1260 2006 quia
1289 1960 1352 1992 est

471 2033 552 2059 una
581 2018 744 2062 trinitas
776 2023 870 2062 756.

416 2090 592 2146 Spiritus
633 2099 799 2133 sanctus
843 2106 915 2134 cur
955 2091 1094 2148 specie
1137 2091 1350 2134 columbae

472 2161 582 2203 visus
611 2165 707 2204 517.

416 2232 591 2288 Spiritus
618 2241 782 2277 sanctus
811 2249 835 2275 a
863 2234 1060 2276 creaturis
1086 2234 1229 2275 differt
1254 2238 1349 2276 896.

474 2329 526 2337 -——
557 2305 694 2361 plures
709 2304 751 2345 in
767 2304 891 2346 sacris
913 2305 1044 2346 literis
1065 2305 1233 2360 spiritus
1253 2309 1349 2347 897.

417 2375 592 2431 Spiritus
623 2384 788 2417 sanctus
814 2391 839 2417 a
866 2384 984 2431 patre
1010 2385 1053 2417 et
1082 2376 1168 2418 filio
1197 2391 1351 2432 proce-

472 2446 535 2487 dit
564 2449 660 2488 899.
694 2471 742 2478 --
803 2446 887 2487 eius
923 2447 1136 2502 praeclara
1164 2448 1351 2502 epitheta

472 2517 574 2557 ibid.

417 2587 593 2644 Spiritus
617 2596 783 2629 sanctus
810 2588 998 2629 omnibus
1022 2596 1206 2644 praestat
1231 2603 1351 2630 crea-

473 2658 574 2699 turis
603 2661 697 2699 900.
731 2682 783 2689 —-
843 2658 896 2699 de
924 2659 1055 2700 sancti
1084 2659 1251 2714 spiritus
1282 2659 1350 2701 di·-

472 2729 647 2771 vinitate
675 2729 914 2771 testimonia
944 2733 1039 2770 986.

418 2800 594 2856 Spiritus
628 2815 748 2841 verus
773 2815 822 2841 ac
848 2808 1014 2842 sanctus
1041 2800 1186 2856 quibus
1212 2801 1351 2842 nomi-

473 2871 591 2912 nibus
613 2871 891 2926 distinguatur
910 2879 951 2913 et
971 2868 1096 2927 signis
1121 2886 1352 2927 cognosca-

473 2951 542 2984 tur
575 2946 673 2984 414.

418 3014 593 3069 Spiritus
618 3022 783 3055 sanctus
810 3012 991 3069 aequalis
1025 3012 1192 3063 Christi,
1223 3021 1265 3054 et
1289 3023 1351 3055 at-

473 3085 629 3126 tributa
659 3085 776 3127 unius
803 3084 924 3126 alteri
945 3084 1070 3126 etiam
1100 3084 1353 3126 conveniunt

478 3159 574 3197 892.

418 3227 594 3283 Spiritus
623 3234 791 3269 sanctus
822 3227 922 3269 deus
953 3235 1017 3268 est
1048 3230 1143 3268 894.

419 3298 594 3355 Spiritus
624 3308 788 3339 sanctus
829 3298 1061 3340 adorandus
1094 3301 1188 3340 895.
1221 3322 1268 3329 -
1329 3313 1354 3339 a

475 3377 593 3424 patre
615 3369 746 3410 oritur
771 3377 814 3410 et
829 3369 915 3411 filio
942 3368 1043 3409 ibid.
1071 3393 1126 3400 —
1184 3368 1237 3409 de
1262 3368 1353 3424 spi-

476 3440 557 3482 ritu
584 3448 754 3489 sancto,
797 3455 868 3481 cur
898 3440 941 3480 in
970 3440 1154 3480 Nicaena
1192 3439 1353 3494 synodo

478 3510 580 3552 nihil
614 3510 767 3552 diserte
797 3511 851 3551 sit
882 3511 1115 3566 expositum
1146 3513 1240 3550 904.

422 3581 596 3635 Spiritus
626 3590 790 3622 sanctus
823 3596 940 3622 verus
973 3590 1037 3622 est
1067 3581 1166 3622 deus
1199 3584 1296 3621 741.

422 3651 551 3691 Stoici
587 3661 629 3692 et
658 3667 799 3693 eorum
834 3652 1015 3693 haeresis
1051 3652 1175 3697 tertia
1213 3651 1353 3709 genti-

478 3719 601 3770 lium,
634 3722 778 3763 ordine
807 3726 848 3764 5.
879 3726 946 3765 12.

1175 216 1356 260 INDEX
1379 217 1596 260 RERUM.

1412 316 1642 359 Stoicorum
1666 316 1867 359 refutatio
1898 320 1966 359 12.

1411 388 1598 443 Stuporis
1616 402 1766 429 nomen
1789 388 1907 443 plura
1929 386 2147 443 siguificat,
2174 395 2218 429 et
2236 401 2342 444 quae

1468 458 1648 512 stuporis
1679 458 1939 499 differentiae
1966 461 2064 502 406.
2098 511 2100 514 y
2188 451 2189 455 Ἰ

1412 531 1570 584 Stupor
1600 528 1745 570 Adami
1776 528 1905 583 qualis
1935 528 2070 579 fuerit,
2088 532 2184 572 406.
2275 579 2277 583 f

1413 599 1676 640 Substantiae
1709 614 1856 641 vocem
1885 594 2096 656 quomodo
2126 601 2336 662 syrmien-

1466 669 1520 710 sis
1547 670 1730 726 synodus
1752 678 1901 712 conata
1928 670 2054 712 fuerit
2071 670 2222 714 tollere
2242 676 2339 714 861.

1411 741 1759 795 superstitionum
1790 741 2089 797 Aegyptiorum
2115 741 2232 798 origo
2262 747 2300 786 8.

1413 813 1625 866 Synaxeos
1655 811 1742 852 dies
1777 820 1819 852 et
1847 820 2100 862 conventus,
2129 814 2340 870 quomodo

1466 881 1517 922 ab
1540 881 1780 939 apostolicis
1799 882 1978 923 instituti
1997 885 2120 926 1104.
2146 908 2197 916 .-.
2241 884 2343 928 item

1464 951 1659 993 ieiunium
1687 961 1833 1008 quarta
1862 961 1905 994 et
1932 962 2048 996 sexta
2077 954 2182 997 feria
2210 955 2308 1013 ibid.

1847 1081 1899 1124 Τ.

1409 1164 1739 1206 Tabernaculum
1764 1165 1963 1208 ecclesiae
1987 1166 2341 1224 accommodatur,

1468 1236 1580 1276 cuius
1621 1236 1703 1278 iam
1744 1237 1787 1278 in
1833 1237 1987 1281 virtute
2031 1237 2343 1281 fundamentum

1467 1306 1657 1348 consistit
1688 1311 1781 1349 512.

1408 1377 1566 1434 Talpae
1584 1378 1860 1435 quadrupedis
1877 1379 2064 1421 animalis
2082 1387 2229 1421 natura
2243 1381 2341 1424 458.

1466 1473 1519 1480 -
1549 1449 1638 1490 visu
1667 1458 1792 1501 caret,
1818 1458 1860 1491 et
1878 1450 1952 1491 sub
1979 1458 2091 1492 terra
2114 1440 2218 1492 latet
2239 1451 2341 1493 ibid.

1465 1543 1520 1551 —
1549 1528 1673 1561 nocet
1690 1521 1841 1577 plantis
1859 1530 1902 1562 et
1916 1521 2138 1563 seminibus
2162 1520 2262 1565 ibid.
2287 1546 2341 1555 --

1465 1593 1526 1634 illi
1567 1592 1749 1634 haeresis
1787 1600 2051 1648 comparatur
2088 1591 2342 1635 Adamiano-

1466 1679 1558 1705 rum
1586 1664 1689 1705 ibid.

1408 1735 1805 1791 Tascodrugitarum
1827 1734 2024 1785 haeresis,
2056 1733 2166 1775 unde
2189 1748 2342 1777 nomeu

1466 1807 1678 1863 acceperit
1705 1809 1804 1847 416.
1829 1829 1878 1837 —
1937 1805 2038 1847 dicti
2064 1807 2179 1862 quasi
2202 1807 2340 1849 Paxil-

1465 1879 1686 1920 lonasones
1712 1876 1812 1920 ibid.
1845 1900 1898 1908 —
1955 1876 2171 1919 infandum
2196 1893 2340 1920 eorum

1465 1947 1708 1990 sacrificium
1732 1947 1831 1988 ibid.
1855 1971 1907 1978 —
1960 1957 2250 2007 comparantur
2273 1948 2341 1991 vi-

1465 2031 1591 2072 perae
1618 2017 1953 2060 Haemorrhoeae
1980 2022 2077 2060 417.

1408 2088 1680 2132 Tatianorum
1704 2088 1885 2130 haeresis
1914 2092 1981 2130 26.
2012 2098 2108 2145 post
2137 2090 2341 2133 Christia-

1465 2161 1664 2212 nismum,
1696 2159 1782 2200 sive
1808 2163 1876 2201 46.
1905 2175 1928 2202 a
1957 2160 2136 2216 quodam
2159 2161 2339 2204 Tatiano

1465 2230 1565 2272 ibid.
1598 2255 1648 2262 —
1710 2230 1893 2272 eiusdem
1934 2230 2107 2273 historia
2156 2235 2252 2273 391.
2283 2257 2337 2264 -

1467 2302 1584 2357 origo
1605 2300 1771 2343 Tatiani
1793 2300 1894 2346 ibid.
1919 2326 1968 2332 —
2010 2302 2062 2342 ab
2079 2317 2129 2344 eo
2145 2303 2342 2347 Enerati-

1466 2382 1534 2414 tae
1557 2371 1755 2413 haeretici
1782 2371 1983 2427 originem
2012 2382 2262 2429 acceperunt
2287 2374 2343 2416 ib.

1468 2468 1517 2474 --
1551 2443 1635 2483 eius
1653 2442 1849 2498 dogmata
1868 2442 1969 2483 ibid.
1990 2467 2043 2475 —
2073 2443 2237 2500 nuptias
2261 2444 2340 2487 da-

1465 2522 1579 2555 mnat
1607 2513 1706 2554 ibid.
1739 2537 1791 2545 —
1864 2528 1970 2570 aqua
1994 2515 2084 2556 sola
2108 2514 2153 2555 i'n
2179 2523 2340 2571 myste-

1467 2585 1538 2626 riis
1566 2584 1760 2626 utebatur
1787 2588 1882 2627 392.
1916 2609 1967 2617 ——
2027 2585 2229 2627 Adamum
2255 2586 2344 2627 sal-

1468 2671 1564 2698 vum
1586 2670 1675 2697 esse
1697 2665 1841 2698 contra
1863 2656 1948 2697 eius
1977 2655 2218 2712 opinionem
2247 2659 2343 2698 392.

1411 2725 1690 2772 Ταυτοούσιον
1729 2742 1815 2769 non
1852 2727 1963 2768 idem
1993 2726 2034 2768 in
2065 2726 2214 2768 divinis
2241 2742 2341 2783 per-

1468 2799 1578 2841 sonis
1609 2798 1721 2854 quod
1751 2795 1969 2854 ὁμοούσιον
2000 2801 2095 2839 920.

1411 2872 1724 2914 Testamentum
1764 2878 1882 2910 vetus
1908 2884 1999 2910 cum
2025 2883 2135 2910 novo
2164 2883 2342 2911 consen-

1467 2941 1520 2982 tit
1552 2943 1643 2982 705.
1667 2964 1722 2972 -
1780 2940 1893 2996 quod
1917 2939 2095 2995 eleganti
2122 2955 2340 2997 compara-

1468 3012 1584 3053 tione
1615 3011 1788 3052 docetur
1815 3010 1920 3052 ibid.

1410 3084 1572 3126 Tharra
1614 3082 1719 3123 filius
1746 3081 1915 3123 Nachor
1958 3081 2266 3123 simulacrorum
2292 3096 2341 3124 ex

1467 3154 1611 3209 argilla
1653 3152 1878 3209 figlinoque
1914 3166 2040 3209 opere
2069 3160 2260 3209 repertor
2299 3159 2343 3193 et

1467 3225 1619 3266 artifex
1647 3224 1801 3280 primus
1832 3227 1868 3264 8.

1411 3296 1594 3340 Theclae
1623 3294 1794 3336 historia
1829 3298 1950 3335 1048.

1411 3366 1791 3410 Theodotianorum
1808 3365 1986 3407 haeresis
2007 3368 2073 3407 54.
2099 3371 2194 3420 post
2215 3362 2338 3405 Chri—

1468 3438 1722 3479 stianismum
1793 3437 1937 3479 ordine
2007 3434 2337 3491 quinquagesima

1468 3517 1613 3564 quarta
1655 3512 1751 3549 462.
1798 3533 1850 3540 -ι
1924 3506 2065 3548 similis
2113 3504 2338 3559 Alogorum

1467 3579 1626 3620 haeresi
1654 3579 1754 3619 ibid.
1787 3603 1840 3610 --
1896 3576 2004 3618 unde
2032 3573 2131 3615 dicti
2159 3578 2254 3616 463.

1411 3649 1622 3692 Theodoti
1637 3649 1808 3690 historia
1826 3648 1925 3690 ibid.
1944 3670 1995 3678 --
2027 3644 2230 3686 Christum
2257 3647 2336 3688 ab-

1468 3721 1637 3776 negavit
1652 3719 1751 3763 ibid.
1782 3742 1831 3752 -·
1863 3715 2036 3759 eundem
2065 3729 2156 3758 esse
2183 3717 2336 3760 nudum
