2508 4134
494 265 594 318 618
1066 281 1334 322 ADDENDA
1365 283 1437 323 ET
1469 282 1837 324 coRmcENnA.

494 375 640 416 Colon.
679 375 828 418 vitiose
869 385 980 419 extat
1015 377 1063 423 δὲ
1088 394 1166 434 pro
1192 394 1250 422 τε.
1284 405 1332 411 --
1391 380 1506 423 1.10.
1552 377 1775 437 ὁριζόμενα
1803 382 1938 425 firmat
1961 384 2153 425 Venetus.
2183 407 2238 416 -
2294 385 2322 426 l.
2341 384 2403 429 18.

489 441 571 490 οἷπὸ
600 446 673 490 τοῦ
703 441 789 491 ἅνω
816 450 917 491 Ven.
946 473 1003 480 —
1058 449 1085 491 l.
1104 451 1168 492 21.
1201 449 1243 494 ἐν
1269 450 1332 508 τῷ
1358 454 1430 496 τοῦ
1459 453 1637 507 πονηροῦ
1666 450 1786 510 τύπῳ
1815 455 1921 495 Ven.
1955 477 2004 484 —
2062 455 2090 495 l.
2116 456 2179 498 12.
2203 456 2255 497 ab
2277 455 2415 499 infer.-

489 513 598 570 ὁρίον
628 515 805 573 γνώμων
835 521 939 561 Ven.
970 545 1025 551 --
1083 519 1108 561 l.
1132 522 1193 563 11.
1221 521 1272 563 ab
1300 522 1376 564 inf.
1409 523 1481 567 καὶ
1503 521 1583 572 τοὶς
1605 528 1718 578 τρεῖς
1744 525 1845 565 Veu.
1883 548 1928 554 ,-
1990 523 2018 566 1.
2034 524 2075 567 3.
2101 526 2153 568 ab
2177 525 2300 568 inser.
2327 524 2406 582 μό-

491 601 554 630 νον
586 584 608 632 0‘
636 587 786 644 κριτής
815 587 955 645 εὗρεῇ.
987 593 1089 633 Ven.

600 659 732 717 Pag.
758 660 884 706 564.
941 661 969 701 l.
1000 660 1063 704 16.
1094 657 1224 714 ὅλως,
1256 673 1354 706 ante
1379 662 1402 709 ὁ
1426 662 1611 720 ῆλίὲῖιος,
1644 679 1729 705 non
1753 664 1879 706 habet
1906 667 2009 707 Ven.
2040 689 2096 698 ——
2150 666 2178 708 l.
2203 667 2268 710 17.
2303 667 2404 708 Cor-

486 729 574 785 rige
601 729 832 786 γεγένηται.
861 757 916 764 -
973 732 1083 775 l.10.
1112 734 1163 775 ab
1187 734 1262 776 inf.
1307 735 1501 776 Rescribe
1527 750 1576 776 ex
1607 735 1854 776 auctoritate
1888 737 2038 779 Veneti
2074 737 2148 781 καὶ
2177 737 2214 781 εἰ
2238 734 2260 782 ὅ
2287 752 2401 782 κεκτ.

488 800 600 841 Idem
631 801 736 842 liber
765 817 846 845 om.
879 803 1003 844 verba
1033 798 1253 859 οἷπορῆσας
1280 805 1501 861 πέπρακεν.
2263 835 2265 837 -

597 873 730 930 Pag.
754 874 879 919 566.
936 874 964 915 l.
990 876 1056 916 21.
1097 875 1360 926 Κολοσσαεῑς
1401 879 1487 918 Bas.
1526 886 1568 917 et
1598 879 1698 918 Ven.
1759 877 1883 928 Quod
1917 877 2215 921 restituendum
2243 887 2318 921 est.
2351 903 2403 911 —-

485 942 513 983 1.
533 943 602 984 22.
635 943 821 984 Restitue
846 945 1121 995 Λαοδικείας,
1154 955 1194 987 et
1216 947 1310 987 dele
1337 955 1479 987 annot.
1515 949 1550 988 1.
1578 971 1634 978 -
1691 948 1718 989 l.
1737 948 1804 990 23.
1847 949 2019 1003 Repone
2049 950 2292 1004 scripturam
2315 951 2405 992 Ve-

484 1013 571 1054 neti
601 1015 673 1058 τοῦ
699 1011 795 1070 παρ’
821 1011 950 1074 αὐτῷ.
987 1041 1036 1047 —-
1094 1017 1120 1057 1.
1144 1016 1209 1059 27.
1248 1016 1308 1061 ἔτι
1336 1012 1432 1072 παρ’
1463 1013 1600 1061 αὐτῶν
1625 1020 1726 1060 Ven.
1763 1041 1810 1049 —-
1873 1018 1977 1059 Ibid.
2009 1018 2081 1062 καὶ
2107 1020 2190 1063 τῶν
2217 1016 2404 1065 ἀποστό-

486 1085 565 1128 λων
596 1086 696 1125 Ven.
727 1110 780 1118 —
838 1086 866 1129 l.
890 1090 928 1129 5.
959 1087 1011 1128 ab
1039 1089 1116 1129 inf.
1155 1087 1384 1143 ἐκκλησίας
1413 1086 1605 1143 σωτήρια
1634 1088 1707 1132 καὶ
1736 1091 1842 1131 ven.

597 1157 729 1215 Pag.
749 1158 876 1203 568.
932 1158 959 1198 l.
983 1160 1046 1202 11.
1091 1160 1163 1204 τοῦ
1195 1176 1234 1202 κ.
1263 1162 1314 1201 A.
1354 1155 1598 1214 εὐαγγελίου
1637 1168 1777 1201 tuetur
1812 1161 1916 1202 Ven.
1948 1184 2001 1193 --
2058 1161 2087 1202 1.
2115 1163 2176 1203 11.
2202 1161 2254 1203 ab
2280 1161 2405 1207 infer.

486 1226 722 1283 Μαρκίονος
751 1230 837 1270 Bas.
898 1233 961 1271 Ita
993 1229 1142 1271 iterum
1173 1230 1297 1285 paulo
1327 1238 1436 1285 post.

597 1299 728 1357 Peg.
751 1300 877 1347 570,
933 1300 961 1341 l.
983 1300 1051 1343 23.
1086 1297 1183 1357 ὑμῖν
1210 1309 1349 1342 tuetur
1376 1300 1502 1342 etiam
1530 1302 1636 1342 ven.
1671 1327 1719 1332 —-
1780 1302 1807 1343 l.
1828 1301 1896 1345 26.
1941 1301 2026 1358 ἐγώ
2053 1312 2150 1359 post
2174 1299 2289 1348 Ἰδοὺ
2320 1318 2403 1346 non

483 1369 608 1410 habet
636 1371 739 1413 Ven.

593 1441 726 1499 Pag.
748 1443 874 1488 5⁸72.
931 1444 957 1483 l.
989 1443 1051 1485 11.
1096 1443 1280 1484 Restitue
1310 1458 1359 1484 ex
1382 1444 1486 1485 Ven.
1518 1443 1599 1493 ’ἕως
1626 1441 1731 1488 πότε
1771 1440 1981 1500 ἀνέξομαι.
2015 1469 2066 1476 -
2126 1445 2153 1487 1.
2177 1444 2217 1488 9.
2244 1446 2300 1488 ¹ab
2325 1446 2403 1488 inf.

483 1510 786 1569 Παρέρχεσῇαι
816 1514 919 1568 (bis)
950 1516 1053 1555 Ven.
1087 1539 1136 1545 --
1196 1514 1222 1555 1.
1253 1514 1408 1569 penult.
1442 1510 1752 1561 οἷποκτενόντων
1785 1517 1876 1556 Bas.

594 1583 726 1641 Pag.
748 1584 874 1629 5⁷4.
931 1585 958 1629 l.
979 1585 1017 1627 3.
1060 1581 1386 1640 Ὁμολογῆσειεν
1417 1587 1522 1627 Ven.
1557 1610 1606 1618 -
1665 1586 1691 1628 l.
1719 1586 1781 1629 13.
1814 1586 1866 1627 ab
1891 1586 1968 1627 inf.
2002 1581 2108 1630 ’Ὅτι
2132 1585 2289 1638 πάντας
2316 1590 2405 1630 Bas.

481 1675 536 1684 --
564 1652 592 1694 l.
616 1654 655 1695 5.
685 1654 735 1695 ab
766 1655 840 1695 ins.
873 1657 1008 1697 Verba
1039 1668 1143 1712 quae
1173 1671 1221 1696 ex
1252 1656 1344 1696 cod.
1378 1656 1510 1698 Vatie.
1540 1656 1701 1697 restitui
1732 1666 1869 1698 tuetur
1899 1658 2024 1699 etiam
2057 1660 2250 1700 Venetus.

594 1725 727 1782 Pag.
749 1726 873 1771 526.
933 1727 958 1768 l.
981 1726 1021 1769 9.
1063 1727 1203 1768 Placet
1228 1727 1378 1768 Veneti
1414 1727 1617 1783 scriptura
1656 1725 1960 1773 ἀκουσάτωσαν
1997 1726 2148 1774 αὐτῶν.
2177 1753 2235 1761 -
2290 1729 2317 1772 L
2342 1731 2406 1773 10.

480 1794 664 1850 Λέγεται
692 1797 795 1836 ven.
829 1821 876 1827 -
936 1798 962 1838 l.
981 1797 1019 1840 3.
1051 1799 1102 1840 ab
1131 1798 1206 1839 inf.
1243 1798 1300 1841 Τι
1330 1789 1399 1842 οὖν
1430 1812 1512 1839 non
1543 1799 1695 1854 legitur
1723 1800 1766 1840 in
1795 1801 1898 1841 ven.

592 1867 725 1925 Pag.
748 1868 875 1913 578.
931 1868 1043 1912 1.17.
1073 1874 1184 1911 Acue
1208 1864 1376 1924 άπάρτι.
1409 1894 1458 1901 -
1518 1869 1544 1910 l.
1568 1871 1636 1912 22.
1670 1870 1785 1915 λίθου
1811 1868 1936 1928 βολήν
1963 1872 2066 1913 ven.
2103 1894 2150 1903 —
2212 1872 2239 1913 l.
2259 1870 2323 1915 13.
2353 1872 2405 1913 ab

479 1936 555 1979 inf.
586 1937 774 1993 λέγοντες
800 1954 877 1994 pro
908 1939 1048 1996 ἔλεγον
1078 1941 1205 1982 habet
1236 1943 1337 1981 Ven.

591 2010 723 2067 Pag.
739 2009 869 2055 580.
926 2011 951 2051 l.
974 2011 1035 2053 13.
1066 2007 1156 2066 μετ’
1187 2007 1314 2055 αὐτοῦ
1343 2014 1445 2053 Ven.
1470 2036 1517 2043 -
1564 2013 1674 2054 1.12.
1697 2013 1749 2053 ab
1774 2012 1849 2053 inf.
1879 2011 1922 2056 ἐν
1950 2010 2067 2068 νόμῳ
2094 2007 2281 2068 ἥμαρτον
2298 2014 2401 2055 Vcn.

591 2081 722 2139 Pag.
754 2081 882 2127 582.
938 2082 964 2122 l.
996 2080 1057 2124 14.
1080 2077 1282 2138 ’Έγειραι
1312 2085 1414 2124 Ven.

591 2151 724 2209 Pag.
745 2152 872 2197 584.
931 2153 956 2193 l.
977 2152 1017 2195 9.
1053 2153 1222 2208 Coi-rige
1247 2162 1462 2194 accentum
1491 2153 1532 2193 in
1562 2168 1652 2194 voc.
1676 2152 1870 2208 έρίῇειαι.
1904 2178 1954 2185 —-
2014 2154 2040 2194 l.
2063 2153 2124 2196 18.
2155 2154 2292 2196 Verba
2317 2154 2422 2200 τῶν·

481 2222 660 2266 συνετῶν
690 2237 771 2264 om.
802 2226 905 2265 Ven.
939 2248 991 2255 ——
1051 2224 1076 2266 l.
1110 2225 1172 2266 10.
1203 2225 1254 2265 ab
1283 2224 1358 2265 inf.
1407 2223 1632 2273 Μωῦσέως
1657 2224 1792 2267 ταῦτα
1821 2224 1955 2280 λέγει,
1987 2224 2136 2266 omissa
2166 2225 2399 2280 negatione,

477 2294 624 2335 Venet.

590 2367 723 2424 Pag.
750 2367 878 2412 586.
934 2368 959 2408 l.
984 2367 1045 2409 16.
1090 2364 1366 2411 ἐπιστεύσατε
1393 2374 1534 2406 tuetur
1560 2366 1684 2407 etiam
1714 2367 1818 2406 Ven.
1859 2391 1903 2397 -—-
1964 2366 1989 2406 l.
2013 2366 2080 2410 23.
2109 2366 2297 2422 Χριστοῦ
2323 2367 2402 2408 ab·-

478 2444 540 2476 est
563 2451 586 2477 a
614 2438 793 2479 Veneto.

589 2509 718 2565 Pag.
744 2508 873 2553 588.
929 2509 1017 2550 15.
1047 2505 1142 2563 παρ’
1173 2504 1288 2566 αυτῷ
1322 2516 1462 2549 tuetur
1490 2509 1615 2549 etiam
1642 2509 1745 2548 Ven.
1779 2532 1830 2538 —
1889 2508 1915 2548 l.
1939 2508 2003 2548 10.
2031 2507 2190 2565 διανοίᾳ
2215 2509 2318 2551 Ven.
2350 2532 2399 2541 -

476 2578 594 2621 1.11.
625 2579 707 2633 τῆς
734 2576 815 2634 γὰρ
846 2579 1090 2634 φιλοκαλίας
1118 2581 1222 2620 ven.
1257 2603 1308 2611 -
1366 2580 1391 2619 l.
1413 2579 1452 2622 3.
1482 2580 1533 2620 ab
1565 2579 1640 2619 inf.
1671 2576 1901 2632 ἱερωσύνην
1932 2580 2035 2619 Ven.

587 2650 718 2708 Pag.
754 2650 878 2694 590
937 2650 964 2690 l.
981 2649 1018 2691 3.
1038 2650 1088 2690 ab
1108 2649 1185 2691 inf.
1216 2650 1324 2700 Πῶς
1340 2649 1460 2694 πάλιν
1482 2667 1502 2694 ο
1527 2649 1698 2707 ἔλεγχος
1724 2644 1833 2693 ου’τω
1857 2641 1974 2704 εὗρον
1999 2645 2186 2703 ηδύνατο
2209 2649 2274 2705 (?)
2297 2652 2401 2693 ven.

588 2713 1182 2778 Ρας.592.1.8.ηυρον
1211 2723 1314 2761 Ven.
1350 2745 1399 2752 -
1460 2721 1485 2763 l.
1514 2723 1576 2763 10.
1621 2721 1762 2762 Scribe
1800 2717 1963 2764 έλῦόντι
1998 2734 2075 2774 pro
2106 2718 2229 2765 ἐλθόν
2255 2735 2309 2764 τι.
2346 2745 2398 2752 -

475 2792 502 2833 l.
530 2792 592 2836 17.
623 2807 650 2835 α
677 2791 738 2846 μή
771 2800 868 2833 ante
906 2788 1094 2835 οἷκουωσι
1120 2807 1201 2832 om.
1235 2794 1270 2831 V
1275 2807 1336 2833 en.
1397 2794 1555 2833 Tuetur
1580 2793 1757 2833 fortasse
1778 2792 2022 2847 scripturam
2048 2786 2099 2833 ἵν’
2125 2785 2153 2834 ἃ
2179 2789 2239 2847 μὴ
2268 2788 2400 2836 οἴκου·-

477 2877 567 2906 ωσι.
599 2888 651 2894 -
710 2863 736 2903 l.
769 2862 840 2903 ult.
874 2865 1029 2903 Vocem
1060 2863 1149 2905 υἱοῦ
1180 2871 1319 2903 tuetur
1349 2878 1457 2905 nunc
1485 2863 1710 2904 auctoritas
1740 2862 1905 2903 Veneti.

587 2933 867 2992 Pag.594.
922 2933 950 2974 l.
980 2933 1018 2975 3.
1064 2925 1118 2987 ἦν
1161 2930 1276 2990 αὐτῷ
1311 2936 1399 2975 Bas.
1435 2959 1482 2965 -
1544 2933 1571 2976 l.
1602 2934 1669 2976 20.
1714 2933 1901 2974 Restitue
1943 2928 2047 2976 οἶλλᾶ
2076 2930 2174 2982 τοὺς
2215 2948 2265 2974 ex
2296 2935 2398 2975 Vcn.

476 3014 519 3046 et
549 3007 638 3046 Bas.

588 3077 721 3135 Pag.
743 3077 871 3121 596.
927 3076 953 3117 l.
984 3076 1044 3119 19.
1089 3078 1365 3130 μαρτυροῦσιν
1407 3077 1496 3116 Bas.
1530 3099 1579 3106 -—
1640 3075 1666 3116 l.
1692 3075 1729 3118 7.
1759 3076 1810 3116 ab
1834 3075 1908 3116 inf.
1954 3076 2122 3130 Repone
2151 3074 2404 3132 σχηματίσῃ

477 3162 524 3188 ex
555 3149 658 3189 Ven.
692 3156 734 3188 et
765 3150 852 3188 Bas.

588 3221 720 3278 Pag.
749 3218 877 3264 598.
933 3219 960 3259 l.
987 3219 1021 3259 1.
1066 3217 1343 3272 Reponendus
1383 3218 1562 3258 sortasse
1602 3217 1796 3258 articulus
1838 3214 1935 3266 τοὺς
1966 3224 2063 3256 ante
2103 3213 2311 3271 οὔρανοῦς.
2344 3241 2396 3249 -·

476 3290 501 3330 l.
535 3291 596 3332 12.
627 3291 678 3331 ab
708 3290 830 3332 infer.
863 3284 1014 3338 αὐτοὺς
1042 3287 1116 3331 σῦν
1147 3283 1264 3345 αὐτῷ
1296 3290 1398 3329 Ven.

588 3362 708 3418 rag
742 3361 870 3404 600.
927 3359 954 3400 l.
975 3360 1013 3400 2-
1064 3360 1232 3413 Corrige
1259 3356 1401 3407 αὐτὸς.
1462 3360 1541 3400 Pro
1580 3355 1761 3415 φάσκεις
1788 3359 1830 3399 ἰη
1860 3360 1959 3398 Ven.
1988 3356 2140 3412 legitur
2168 3355 2310 3413 φάσει.
2347 3383 2394 3391 -

476 3431 502 3471 l.
525 3432 590 3472 21.
623 3431 760 3472 Verba
785 3429 859 3473 καὶ
883 3425 1119 3485 προφήταις
1146 3430 1294 3470 absunt
1321 3444 1343 3469 a
1371 3431 1471 3470 Ven.
1507 3453 1555 3459 -—
1614 3429 1643 3470 l.
1662 3429 1728 3470 24.
1762 3431 1848 3470 Bas.
1876 3428 2001 3469 habet
2023 3425 2174 3483 πατὴρ.
2205 3453 2257 3460 -
2301 3429 2329 3470 l.
2350 3429 2391 3472 2.

476 3502 529 3542 ab
560 3502 683 3543 infer.
717 3498 831 3550 εἶπες
860 3502 963 3542 Ven.

589 3573 721 3630 Pag.
743 3572 870 3616 602.
927 3572 953 3612 ].
976 3570 1014 3613 6.
1043 3579 1138 3611 ante
1167 3570 1234 3610 fin.
1282 3570 1396 3610 Corr.
1427 3567 1682 3613 α’ναλυὲεῑσα
1729 3593 1780 3601 -
1837 3568 1864 3609 l.
1889 3569 1950 3609 10.
1984 3568 2035 3609 ab
2063 3569 2183 3610 infer.
2214 3570 2287 3613 καὶ
2315 3585 2394 3624 με·-

477 3640 708 3697 ταγγισμόν
735 3645 837 3684 Ven.
869 3667 921 3673 -—-
980 3642 1005 3682 l.
1024 3644 1064 3683 ὅ.
1091 3641 1142 3681 ab
1168 3641 1288 3681 infer.
1321 3637 1439 3685 αὐτοί
1464 3655 1590 3696 φασιν
1615 3638 1873 3694 ἐπιστρέφειν
1902 3637 1993 3689 καὶ,
2028 3640 2185 3681 omissis
2212 3641 2391 3696 reliquis,

478 3714 580 3753 Ven.
614 3737 664 3743 —
722 3714 750 3754 l.
773 3714 811 3756 3.
843 3714 894 3753 ab
925 3713 1001 3753 inf.
1031 3709 1238 3770 πρόβατον
1262 3708 1308 3755 τὸ
1338 3710 1669 3765 πεπλανημένον,
1715 3707 1902 3751 τουτέστι
1932 3710 2037 3749 Ven.
2072 3735 2119 3741 -—
2181 3711 2206 3752 1.
2234 3711 2391 3766 penult.

480 3780 775 3836 ἐπιμελόμενος
806 3785 908 3823 Ven.
