2508 4134
850 320 1027 363 INDEX
1057 320 1266 364 RERUM.

1901 301 1999 355 763

162 420 229 478 qui
251 419 332 462 sint
353 419 683 462 Manichaeorum
711 419 830 460 electi
854 418 954 459 ibid.
971 443 1027 450 -
1054 422 1057 443 ³
1084 420 1264 461 Marcion
1323 419 1506 460 ordinem
1564 416 1826 474 epistolarum
1890 411 2003 457 Pauli

160 490 259 547 quid
307 490 484 531 sentiant
525 488 578 530 de
621 489 761 530 Adami
820 488 1026 529 creatione

159 558 257 601 ibid.
299 583 353 590 ——
420 572 560 600 eorum
599 558 796 599 refutatio
836 561 929 597 648.
971 579 1027 587 --

160 629 355 671 ridiculae
386 628 715 669 Manichaeorum
743 641 873 681 nugae
904 628 996 666 649.

106 694 367 741 Manichacus
397 698 516 738 deum
545 696 819 752 improbitatis
849 702 1022 736 accusat.

162 772 255 808 691.
288 791 337 799 —
390 767 630 823 phrenetico
660 774 918 821 comparatur
943 765 1024 805 ibi—

162 838 267 878 dem.
287 860 343 870 —-
384 845 671 878 testamentum
698 834 798 890 legis
823 843 892 875 aut
917 848 1024 875 mor-

161 908 214 948 tis
238 915 531 949 testamentum
556 905 727 957 asserit,
766 913 809 945 et
838 904 922 945 eius
953 918 1027 945 ex—

162 977 315 1033 positio
355 981 450 1024 693,
492 1000 544 1008 -—-
621 983 667 1016 et
710 974 919 1030 quomodo
963 973 1028 1013 lex

160 1047 269 1088 iusto
298 1061 382 1088 non
409 1047 463 1087 sit
493 1046 626 1101 posita
653 1044 750 1087 ibid.
783 1069 834 1076 —
884 1044 1029 1085 asserit

162 1126 281 1157 vetus
304 1132 353 1158 ae
378 1130 528 1157 novum
557 1123 845 1156 testamentum
870 1115 921 1154 ab
951 1128 1027 1154 eo-

163 1187 257 1227 dem
298 1186 492 1240 magistro
534 1199 615 1226 non
661 1198 748 1224 esse
795 1184 1029 1239 profectum

166 1259 259 1298 694.

112 1326 373 1367 Manichacus
403 1326 533 1380 legem
562 1338 610 1366 ac
638 1323 860 1379 prophetas
889 1322 1030 1378 quibus

164 1396 461 1450 comparaverit
490 1398 582 1437 695.
600 1417 657 1426 -—
685 1403 729 1434 et
756 1394 899 1448 quibus
932 1391 1030 1446 Epi-

162 1465 332 1520 phanius
363 1479 433 1507 eos
463 1473 672 1519 comparat
699 1463 797 1506 ibid.
825 1471 866 1502 et
893 1465 988 1502 696.

108 1535 338 1576 Manichaei
383 1535 562 1576 obiectio
605 1543 748 1575 contra
790 1532 919 1574 carnis
961 1546 1031 1572 re—

167 1605 462 1646 surrectionem
509 1607 600 1645 706.
643 1627 695 1634 —
767 1602 851 1643 eius
879 1601 1032 1643 solutio

166 1674 267 1715 ibid.
302 1699 351 1705 —-
397 1689 523 1729 opera
552 1673 681 1714 carnis
711 1687 814 1728 quae
841 1672 923 1712 sint
950 1671 1030 1711 ibi-

164 1744 272 1785 dem.
302 1768 352 1775 -
396 1744 474 1784 alia
499 1743 582 1784 eius
611 1743 788 1784 obiectio
814 1742 918 1782 circa
940 1756 1032 1782 car—

166 1829 283 1863 nem,
315 1823 356 1854 et
387 1813 539 1854 solutio
572 1816 664 1853 707.

108 1884 339 1924 Manichaei
378 1883 556 1924 haeresis
597 1897 647 1923 ex
676 1881 855 1923 omnium
897 1887 1033 1921 secta-

162 1968 252 1995 rum
275 1954 506 1995 colluvione
528 1948 703 1995 conflata
721 1955 814 1992 708.
834 1976 881 1982 -
918 1965 1031 1992 com—

163 2032 332 2078 paratur
363 2023 612 2064 Cenchritidi
643 2025 736 2063 709.

114 2093 298 2134 Marcelli
333 2093 536 2148 professio
564 2093 659 2133 fidei
690 2095 783 2133 836.
818 2117 867 2123 -·
938 2091 1034 2146 quid

166 2163 218 2204 de
247 2164 444 2204 Marcello
475 2163 717 2204 Athanasius
745 2161 916 2203 senserit
941 2165 1034 2202 837.

112 2233 296 2275 Marcelli
350 2227 489 2288 opinio
530 2242 572 2273 et
632 2233 780 2274 Asterii
838 2231 1034 2272 refutatio

167 2306 264 2343 838.
301 2327 348 2333 —
390 2303 525 2344 Aeacii
552 2304 594 2343 in
627 2302 862 2344 Marcellum
890 2301 1032 2355 dispu-

168 2372 273 2414 tatio
301 2372 399 2414 ibid.

1139 490 1351 544 perturbat
1383 492 1476 529 373.

1085 559 1304 600 Marcionis
1334 559 1424 599 libri
1452 567 1492 599 et
1516 558 1709 613 opuscula
1740 569 1907 613 quorum
1932 569 2003 596 re-

1140 628 1288 668 futatio
1318 628 1527 669 subiicitur
1557 630 1652 668 311.
1686 650 1735 658 --
1777 626 1848 666 ille
1871 626 2006 666 Lucae

1139 698 1393 751 evangelium
1432 698 1613 752 corrupit
1653 700 1746 737 311.
1778 720 1825 727 -—
1901 694 2002 735 scri-

1139 776 1283 822 pturae
1325 767 1414 807 loca
1455 782 1477 808 a
1523 766 1732 807 Marcione
1783 764 2006 820 depravata

1140 852 1213 892 per
1252 837 1406 891 singula
1457 837 1589 892 capita
1641 830 1839 890 evangelii
1872 836 2005 874 Lucae

1141 910 1234 947 312.
1264 909 1356 946 313.
1389 915 1430 946 et
1456 920 1569 961 seqq.

1085 977 1306 1018 Marcionis
1331 969 1560 1018 confutatio
1582 979 1675 1017 376.
1702 1000 1750 1008 —
1780 983 1822 1016 et
1840 974 2004 1028 ineptae

1141 1047 1192 1087 de
1233 1046 1312 1087 deo
1352 1055 1523 1100 parente
1565 1055 1609 1086 et
1640 1045 1804 1087 Christo
1846 1044 2007 1085 fabulae

1141 1116 1368 1157 destructio
1396 1116 1493 1156 ibid.

1087 1186 1438 1227 Marcionistarnm
1480 1186 1661 1227 haeresis
1704 1185 1894 1240 vigesima
1939 1198 2007 1225 se—

1144 1255 1274 1296 cunda
1304 1260 1397 1297 302.
1426 1280 1481 1289 --
1539 1257 1589 1296 ab
1616 1264 1782 1297 auctore
1807 1268 1881 1294 suo
1899 1254 2007 1294 Mar-

1144 1325 1261 1365 cione
1288 1326 1384 1367 ibid.
1413 1351 1467 1358 —
1508 1326 1629 1380 longe
1657 1326 1824 1380 lateque
1854 1337 2006 1377 propa·-

1143 1403 1238 1448 gata
1265 1395 1364 1435 ibid.

1089 1465 1306 1506 Marcionis
1330 1465 1500 1507 historia
1522 1465 1620 1506 ibid.
1645 1488 1692 1495 —-
1735 1465 1787 1505 ob
1811 1464 2008 1504 incestum

1143 1550 1165 1574 a
1217 1543 1334 1589 patre
1388 1535 1758 1577 excommunicatur
1813 1537 1906 1574 302.
1955 1556 2007 1565 --

1145 1604 1252 1645 unde
1284 1613 1377 1646 nata
1409 1606 1493 1646 eius
1521 1604 1701 1646 haeresis
1733 1607 1826 1644 303.

1090 1674 1308 1715 Marcionis
1350 1689 1464 1719 error
1501 1675 1600 1715 ibid.
1629 1699 1685 1705 —-
1741 1689 1841 1730 aqua
1884 1674 2012 1714 utitur

1147 1753 1188 1784 et
1217 1745 1417 1785 sabbatho
1440 1745 1591 1785 ieiunat
1617 1747 1712 1785 304.
1741 1765 1797 1775 -
1852 1743 2009 1784 animae

1145 1822 1301 1854 tantum
1345 1830 1424 1856 non
1468 1815 1589 1856 etiam
1620 1814 1803 1868 corporis
1831 1828 2013 1854 resurre-

1147 1884 1326 1925 ctionem
1361 1885 1490 1926 credit
1529 1885 1627 1926 ibid.
1661 1907 1710 1915 -—-
1767 1883 2013 1938 baptismum

1146 1957 1268 1997 iterat
1315 1956 1474 2010 saepius
1515 1955 1615 1995 ibid.
1659 1978 1708 1985 —-
1791 1954 1924 2008 legem
1965 1968 2013 1992 ac

1147 2027 1367 2082 prophetas
1406 2025 1561 2080 respuit
1596 2027 1688 2064 305.
1722 2048 1771 2055 -
1828 2023 2012 2064 mulieri-

1147 2096 1220 2136 bus
1249 2095 1435 2151 permisit
1461 2095 1668 2149 baptizare
1694 2093 1792 2134 ibid.
1826 2118 1875 2123 -
1935 2091 2013 2132 ad-

1146 2166 1278 2206 mittit·
1298 2164 1683 2220 metempsychosim
1711 2163 1808 2204 ibid.
1840 2189 1893 2196 -—
1934 2161 2014 2202 tri-

1147 2236 1241 2290 plex
1279 2236 1499 2276 Marcionis
1541 2234 1783 2289 principium
1824 2235 1918 2273 306.
1968 2255 2014 2262 -

1147 2306 1232 2346 eius
1271 2306 1466 2346 refutatio
1509 2308 1602 2346 307.
1634 2306 1688 2335 -’-
1746 2318 1846 2359 quos
1890 2302 2015 2343 libros

1146 2376 1338 2417 admittat
1367 2378 1446 2415 309
1478 2383 1519 2415 et
1548 2377 1642 2415 310.

112 2442 299 2484 Marcelli
352 2443 541 2498 superbia
594 2445 645 2485 ab
698 2442 845 2484 Aeficio
895 2448 1036 2481 notata
1092 2446 1309 2487 Marcionis
1346 2446 1435 2486 loca
1479 2445 1702 2500 depravata
1743 2459 1791 2485 ex
1831 2442 2015 2498 epistolis

169 2515 263 2553 839.
291 2536 346 2543 —
387 2513 466 2554 alia
493 2513 696 2568 expositio
726 2513 820 2553 fidei
851 2511 1033 2552 Marcelli

145 2587 262 2624 ’842.
295 2587 389 2624 843.
419 2587 513 2624 844.

117 2653 303 2693 Marcelli
345 2653 522 2694 auctoris
560 2652 913 2699 Marcellianorum
943 2650 1034 2704 epi-

170 2723 275 2763 stola
305 2722 358 2763 ad
390 2723 531 2763 lulium
560 2723 837 2762 Romanorum
872 2721 1034 2775 episco-

170 2807 266 2848 pum
297 2796 391 2834 834.
421 2816 471 2823 —
531 2791 630 2847 quid
667 2792 757 2846 ipse
785 2790 957 2831 senserit
985 2790 1036 2829 de

170 2862 250 2903 fide
288 2863 405 2903 valde
447 2863 651 2903 occultum
689 2861 787 2902 ibid.
820 2883 875 2890 —
930 2861 1038 2900 unde

170 2944 254 2973 tres
284 2933 525 2987 hypostases
548 2933 589 2972 in
617 2932 833 2972 divinitate
857 2931 939 2971 eius
969 2930 1036 2970 di-

171 3002 316 3057 scipuli
345 3002 530 3043 confiteri
558 3003 775 3043 noluerunt
801 3001 902 3042 ibid.

116 3074 468 3114 Marcellianorum
498 3073 676 3113 haeresis
699 3075 763 3112 52.
797 3079 891 3126 post
919 3070 1036 3111 Chri-

169 3143 422 3184 stianismum
447 3142 532 3183 sive
562 3142 706 3183 ordine
742 3141 1038 3196 septuagesima

171 3213 348 3254 secunda
379 3217 473 3254 833.
502 3236 558 3244 -
586 3226 704 3267 aquo
739 3212 837 3252 dicti
869 3211 1039 3251 ibid.—

172 3283 260 3339 quis
299 3283 423 3324 fuerit
462 3283 678 3323 Marcellus
718 3295 856 3322 eorum
897 3290 1039 3321 auctor

174 3362 215 3394 et
238 3355 323 3394 eius
352 3353 524 3395 historia
554 3356 647 3393 834.

119 3425 476 3465 Marcellianorum
506 3437 621 3464 error
648 3422 747 3463 ibid.
779 3445 827 3452 -
899 3435 1039 3462 exem-

175 3494 285 3548 plum
333 3494 531 3549 epistolae
586 3492 771 3533 Marcelli
819 3507 940 3547 quem
986 3492 1038 3532 ob

174 3564 373 3605 haeresim
402 3563 582 3619 synodus
613 3562 801 3616 deposuit
830 3562 927 3602 ibid.

120 3634 336 3675 Marcellus
372 3635 415 3674 in
459 3633 623 3674 Sabellii
672 3646 851 3672 errorem
896 3632 1039 3672 incidit

178 3706 270 3744 834.

123 3774 384 3815 Marcelliana
425 3774 682 3829 Carpocratis
723 3773 914 3813 sectatrix
960 3788 1039 3828 quo

177 3853 362 3899 tempore
391 3845 559 3886 Romam
591 3844 747 3885 venerit
781 3848 872 3884 108.

1147 2517 1284 2557 Pauli:
1341 2530 1388 2556 ac
1434 2516 1603 2570 primuni
1650 2529 1700 2555 ex
1745 2513 1920 2569 epistola
1964 2512 2016 2552 ad

1150 2587 1351 2627 Romanos
1382 2589 1474 2626 318.
1498 2610 1547 2616 —
1591 2585 1643 2625 ad
1671 2583 2018 2626 Thessalonicen-

1147 2672 1210 2697 ses
1242 2661 1279 2697 1.
1311 2665 1351 2696 et
1380 2661 1417 2696 2.
1459 2664 1500 2696 et
1529 2656 1581 2696 ad
1609 2654 1805 2710 Ephesios
1834 2654 1932 2694 ibid.
1964 2676 2018 2684 -—

1149 2727 1200 2767 ad
1246 2727 1506 2768 Colossenses
1548 2730 1641 2765 319.
1676 2749 1724 2756 ——
1783 2725 1835 2764 ad
1877 2723 2015 2764 Phile-

1149 2811 1311 2837 monem
1339 2796 1437 2836 ibid.
1468 2820 1521 2827 --
1561 2796 1614 2836 ad
1645 2796 1811 2835 Galatas
1840 2794 1938 2834 ibid.
1972 2817 2017 2824 —-

1149 2868 1200 2906 ad
1221 2866 1454 2906 Corinthios
1479 2869 1572 2905 320.
1604 2873 1645 2905 et
1671 2868 1762 2905 321.
1789 2888 1837 2894 -
1896 2878 1944 2903 ex
1970 2865 2018 2903 ll.

1151 2936 1203 2976 ad
1236 2936 1468 2976 Corinthios
1497 2935 1594 2975 ibid.

1097 3006 1223 3046 Marci
1251 3005 1430 3045 haeresis
1460 3020 1483 3045 a
1513 3010 1635 3060 po‘c'ta
1669 3003 1798 3044 veteri
1828 3003 2019 3044 damnata

1151 3079 1244 3116 245.
1262 3079 1357 3115 246.
1388 3099 1432 3105 m
1473 3075 1618 3114 misera
1641 3082 1702 3114 est
1726 3074 1890 3114 omnino
1917 3089 2020 3129 quae

1149 3161 1224 3200 per
1251 3146 1373 3198 alpha
1402 3153 1444 3185 et
1472 3145 1567 3184 beta
1611 3144 1867 3184 divinitatem
1895 3144 2019 3184 stulte

1151 3216 1279 3256 violat
1310 3218 1404 3255 247.

1097 3285 1314 3325 Marcionis
1341 3284 1496 3325 scholia
1524 3285 1564 3324 in
1602 3283 1855 3338 evangelium
1884 3284 2019 3324 Lucae

1152 3369 1370 3409 eorumque
1401 3354 1599 3393 refutatio
1619 3357 1713 3393 322.
1734 3362 1775 3392 et
1805 3368 1917 3407 seqq.
1947 3368 2019 3392 us-

1154 3439 1230 3479 que
1260 3424 1311 3464 ad
1343 3427 1433 3464 374.

1098 3494 1289 3536 Marcosii
1330 3494 1506 3534 haeresis
1550 3493 1708 3533 decima
1751 3493 1871 3532 tertia
1925 3501 2020 3546 post

1155 3563 1500 3604 Christianismum
1547 3568 1640 3604 232.
1687 3587 1736 3594 —-
1794 3577 1816 3603 a
1844 3563 2019 3617 quodam

1152 3638 1318 3685 Marco,
1361 3634 1466 3674 unde
1495 3634 1686 3674 Marcosii
1715 3632 1910 3674 haeretici
1936 3633 2020 3674 ibi-

1153 3707 1258 3746 dem.
1294 3730 1342 3736 —-
1402 3704 1469 3745 hic
1498 3704 1653 3758 magiae
1689 3704 1844 3759 peritus
1882 3713 2019 3745 secta-

1153 3785 1263 3816 tores
1319 3790 1411 3816 suos
1456 3775 1496 3814 in
1556 3783 1764 3828 stuporem
1817 3775 2021 3814 convertit

1153 3850 1245 3886 233.
1266 3870 1316 3877 —-
1348 3845 1643 3887 Marcosiorum
1668 3844 1911 3903 praestigiae
1935 3844 2019 3884 ibi-
