<?xml version="1.0" encoding="UTF-8"?>
<!DOCTYPE html PUBLIC "-//W3C//DTD XHTML 1.0 Transitional//EN"
    "http://www.w3.org/TR/xhtml1/DTD/xhtml1-transitional.dtd">
<html xmlns="http://www.w3.org/1999/xhtml" xml:lang="en" lang="en">
 <head>
  <title>
</title>
<meta http-equiv="Content-Type" content="text/html;charset=utf-8" />
  <meta name='ocr-system' content='tesseract 3.04.00' />
  <meta name='ocr-capabilities' content='ocr_page ocr_carea ocr_par ocr_line ocrx_word'/>
</head>
<body>
  <div class='ocr_page' id='page_1' title='image "./pt3corporishaere02epipuoft_0436.png"; bbox 0 0 2508 4134; ppageno 0'>
   <div class='ocr_carea' id='block_1_1' title="bbox 227 567 431 624">
    <p class='ocr_par' dir='ltr' id='par_1_1' title="bbox 227 567 431 624">
     <span class='ocr_line' id='line_1_1' title="bbox 227 567 431 624; baseline 0 -14"><span class='ocrx_word' id='word_1_1' title='bbox 227 567 337 624; x_wconf 87' lang='grc' dir='ltr'><strong><em>Κεφ.</em></strong></span> <span class='ocrx_word' id='word_1_2' title='bbox 365 567 431 613; x_wconf 85' lang='grc' dir='ltr'><strong><em>ιδ’.</em></strong></span> 
     </span>
    </p>
   </div>
   <div class='ocr_carea' id='block_1_2' title="bbox 225 2723 437 2770">
    <p class='ocr_par' dir='ltr' id='par_1_2' title="bbox 225 2723 437 2770">
     <span class='ocr_line' id='line_1_2' title="bbox 225 2723 437 2770; baseline -0.005 -11"><span class='ocrx_word' id='word_1_3' title='bbox 225 2733 311 2770; x_wconf 79' lang='lat' dir='ltr'><strong>pag.</strong></span> <span class='ocrx_word' id='word_1_4' title='bbox 343 2723 437 2759; x_wconf 70' lang='lat'>1017.</span> 
     </span>
    </p>
   </div>
   <div class='ocr_carea' id='block_1_3' title="bbox 227 3139 428 3197">
    <p class='ocr_par' dir='ltr' id='par_1_3' title="bbox 227 3139 428 3197">
     <span class='ocr_line' id='line_1_3' title="bbox 227 3139 428 3197; baseline -0.005 -14"><span class='ocrx_word' id='word_1_5' title='bbox 227 3140 337 3197; x_wconf 86' lang='grc' dir='ltr'><strong>Κεφ.</strong></span> <span class='ocrx_word' id='word_1_6' title='bbox 366 3139 409 3184; x_wconf 81' lang='grc' dir='ltr'><strong><em>ιε’</em></strong></span> <span class='ocrx_word' id='word_1_7' title='bbox 418 3170 428 3182; x_wconf 92' lang='grc'><strong>.</strong></span> 
     </span>
    </p>
   </div>
   <div class='ocr_carea' id='block_1_4' title="bbox 460 291 2392 641">
    <p class='ocr_par' dir='ltr' id='par_1_4' title="bbox 460 291 2390 552">
     <span class='ocr_line' id='line_1_4' title="bbox 463 291 1686 345; baseline 0.002 -3"><span class='ocrx_word' id='word_1_8' title='bbox 463 291 564 342; x_wconf 82' lang='grc'><strong><em>426</em></strong></span> <span class='ocrx_word' id='word_1_9' title='bbox 1165 301 1372 344; x_wconf 70' lang='grc' dir='ltr'><strong><em>εΛΝοΤῙ</em></strong></span> <span class='ocrx_word' id='word_1_10' title='bbox 1398 303 1686 345; x_wconf 74' lang='grc' dir='ltr'><strong>ΕΡῙΡΗΑΝΠ</strong></span> 
     </span>
     <span class='ocr_line' id='line_1_5' title="bbox 460 396 2390 470; baseline 0.003 -19"><span class='ocrx_word' id='word_1_11' title='bbox 460 398 495 467; x_wconf 80' lang='grc' dir='ltr'><em>ἦ</em></span> <span class='ocrx_word' id='word_1_12' title='bbox 521 397 620 453; x_wconf 83' lang='grc' dir='ltr'><strong><em>ἀπό</em></strong></span> <span class='ocrx_word' id='word_1_13' title='bbox 651 404 811 467; x_wconf 84' lang='grc' dir='ltr'><strong><em>φυλῆς</em></strong></span> <span class='ocrx_word' id='word_1_14' title='bbox 846 399 1009 466; x_wconf 77' lang='grc' dir='ltr'><strong><em>Δαβὶδ</em></strong></span> <span class='ocrx_word' id='word_1_15' title='bbox 1050 399 1134 452; x_wconf 86' lang='grc' dir='ltr'><strong><em>καὶ</em></strong></span> <span class='ocrx_word' id='word_1_16' title='bbox 1160 396 1324 452; x_wconf 80' lang='grc' dir='ltr'><em>Ἰούδα</em></span> <span class='ocrx_word' id='word_1_17' title='bbox 1366 398 1568 453; x_wconf 88' lang='grc' dir='ltr'><strong><em>δύναται</em></strong></span> <span class='ocrx_word' id='word_1_18' title='bbox 1606 398 1840 470; x_wconf 76' lang='grc' dir='ltr'><strong><em>συγγενής</em></strong></span> <span class='ocrx_word' id='word_1_19' title='bbox 1882 397 2008 454; x_wconf 88' lang='grc' dir='ltr'><strong><em>εἷναι</em></strong></span> <span class='ocrx_word' id='word_1_20' title='bbox 2032 406 2117 469; x_wconf 83' lang='grc' dir='ltr'><strong><em>τῆς</em></strong></span> <span class='ocrx_word' id='word_1_21' title='bbox 2141 399 2390 470; x_wconf 84' lang='grc' dir='ltr'><strong><em>Ἐλισάβετ</em></strong></span> 
     </span>
     <span class='ocr_line' id='line_1_6' title="bbox 460 483 1088 552; baseline 0.002 -16"><span class='ocrx_word' id='word_1_22' title='bbox 460 487 547 552; x_wconf 81' lang='grc' dir='ltr'><strong><em>τῆς</em></strong></span> <span class='ocrx_word' id='word_1_23' title='bbox 584 483 685 537; x_wconf 83' lang='grc' dir='ltr'><strong><em>ἀπό</em></strong></span> <span class='ocrx_word' id='word_1_24' title='bbox 732 489 895 537; x_wconf 74' lang='grc' dir='ltr'><strong><em>ι0τοῦ</em></strong></span> <span class='ocrx_word' id='word_1_25' title='bbox 931 487 1088 548; x_wconf 68' lang='grc' dir='ltr'><strong><em>Λευίς</em></strong></span> 
     </span>
    </p>

    <p class='ocr_par' dir='ltr' id='par_1_5' title="bbox 608 563 2392 641">
     <span class='ocr_line' id='line_1_7' title="bbox 608 563 2392 641; baseline 0.002 -19"><span class='ocrx_word' id='word_1_26' title='bbox 608 563 767 631; x_wconf 78' lang='grc' dir='ltr'><strong><em>Οὗτος</em></strong></span> <span class='ocrx_word' id='word_1_27' title='bbox 802 566 831 622; x_wconf 81' lang='grc' dir='ltr'><em>ὅ</em></span> <span class='ocrx_word' id='word_1_28' title='bbox 852 567 1100 637; x_wconf 86' lang='grc' dir='ltr'><strong><em>Ἰάκωβος</em></strong></span> <span class='ocrx_word' id='word_1_29' title='bbox 1141 570 1225 622; x_wconf 85' lang='grc' dir='ltr'><strong><em>καὶ</em></strong></span> <span class='ocrx_word' id='word_1_30' title='bbox 1269 570 1477 623; x_wconf 80' lang='grc' dir='ltr'><strong><em>πέταλον</em></strong></span> <span class='ocrx_word' id='word_1_31' title='bbox 1522 572 1603 623; x_wconf 84' lang='grc' dir='ltr'><strong><em>ἐπὶ</em></strong></span> <span class='ocrx_word' id='word_1_32' title='bbox 1639 576 1725 638; x_wconf 86' lang='grc' dir='ltr'><strong><em>τῆς</em></strong></span> <span class='ocrx_word' id='word_1_33' title='bbox 1768 577 1983 638; x_wconf 84' lang='grc' dir='ltr'><strong><em>κεφαλῆς</em></strong></span> <span class='ocrx_word' id='word_1_34' title='bbox 2023 571 2252 641; x_wconf 85' lang='grc' dir='ltr'><strong><em>ἐφόρεσε·</em></strong></span> <span class='ocrx_word' id='word_1_35' title='bbox 2305 573 2392 625; x_wconf 84' lang='grc' dir='ltr'><strong><em>καὶ</em></strong></span> 
     </span>
    </p>
   </div>
   <div class='ocr_carea' id='block_1_5' title="bbox 463 653 2471 729">
    <p class='ocr_par' dir='ltr' id='par_1_6' title="bbox 463 653 2471 729">
     <span class='ocr_line' id='line_1_8' title="bbox 463 653 2471 729; baseline 0.001 -21"><span class='ocrx_word' id='word_1_36' title='bbox 463 655 581 708; x_wconf 85' lang='grc' dir='ltr'><strong><em>ποτὲ</em></strong></span> <span class='ocrx_word' id='word_1_37' title='bbox 618 654 853 725; x_wconf 83' lang='grc' dir='ltr'><strong><em>ἀβροχίας</em></strong></span> <span class='ocrx_word' id='word_1_38' title='bbox 893 656 1181 724; x_wconf 82' lang='grc' dir='ltr'><em>γενομένης,</em></span> <span class='ocrx_word' id='word_1_39' title='bbox 1236 656 1388 729; x_wconf 80' lang='grc' dir='ltr'><strong><em>ἐπῇρε</em></strong></span> <span class='ocrx_word' id='word_1_40' title='bbox 1428 655 1516 718; x_wconf 72' lang='grc' dir='ltr'><strong><em>τάς</em></strong></span> <span class='ocrx_word' id='word_1_41' title='bbox 1553 662 1714 724; x_wconf 89' lang='grc' dir='ltr'><strong><em>χεῖρας</em></strong></span> <span class='ocrx_word' id='word_1_42' title='bbox 1740 657 1808 716; x_wconf 83' lang='grc' dir='ltr'><strong><em>εἰς</em></strong></span> <span class='ocrx_word' id='word_1_43' title='bbox 1836 653 2078 725; x_wconf 78' lang='grc' dir='ltr'><strong><em>οὐρανόν,</em></strong></span> <span class='ocrx_word' id='word_1_44' title='bbox 2127 657 2213 709; x_wconf 81' lang='grc' dir='ltr'><strong><em>καὶ</em></strong></span> <span class='ocrx_word' id='word_1_45' title='bbox 2244 678 2392 727; x_wconf 83' lang='grc' dir='ltr'><strong><em>προς·</em></strong></span> <span class='ocrx_word' id='word_1_46' title='bbox 2460 683 2471 687; x_wconf 90' lang='grc'><strong>-</strong></span> 
     </span>
    </p>
   </div>
   <div class='ocr_carea' id='block_1_6' title="bbox 451 737 2396 2867">
    <p class='ocr_par' dir='ltr' id='par_1_7' title="bbox 451 737 2396 2867">
     <span class='ocr_line' id='line_1_9' title="bbox 459 737 2392 811; baseline 0.002 -19"><span class='ocrx_word' id='word_1_47' title='bbox 459 739 667 808; x_wconf 83' lang='grc' dir='ltr'><strong><em>ηύξατο,</em></strong></span> <span class='ocrx_word' id='word_1_48' title='bbox 716 741 800 792; x_wconf 89' lang='grc' dir='ltr'><strong><em>καὶ</em></strong></span> <span class='ocrx_word' id='word_1_49' title='bbox 842 737 999 802; x_wconf 74' lang='grc' dir='ltr'><strong><em>εὐθύς</em></strong></span> <span class='ocrx_word' id='word_1_50' title='bbox 1034 737 1062 794; x_wconf 81' lang='grc' dir='ltr'>ὁ</span> <span class='ocrx_word' id='word_1_51' title='bbox 1091 739 1303 811; x_wconf 81' lang='grc' dir='ltr'><strong><em>οὐρανός</em></strong></span> <span class='ocrx_word' id='word_1_52' title='bbox 1333 743 1519 794; x_wconf 75' lang='grc' dir='ltr'><strong><em>ἔδωκεν</em></strong></span> <span class='ocrx_word' id='word_1_53' title='bbox 1550 739 1704 793; x_wconf 81' lang='grc' dir='ltr'><strong><em>ὖετόν.</em></strong></span> <span class='ocrx_word' id='word_1_54' title='bbox 1771 739 1979 809; x_wconf 85' lang='grc' dir='ltr'><strong><em>Ἐρεοῢν</em></strong></span> <span class='ocrx_word' id='word_1_55' title='bbox 2004 741 2057 793; x_wconf 82' lang='grc' dir='ltr'><strong><em>δὲ</em></strong></span> <span class='ocrx_word' id='word_1_56' title='bbox 2082 739 2280 808; x_wconf 83' lang='grc' dir='ltr'><strong><em>ἱμάτιον</em></strong></span> <span class='ocrx_word' id='word_1_57' title='bbox 2305 741 2392 795; x_wconf 79' lang='grc' dir='ltr'><strong><em>οὗ·</em></strong></span> 
     </span>
     <span class='ocr_line' id='line_1_10' title="bbox 463 817 2390 896; baseline 0.001 -18"><span class='ocrx_word' id='word_1_58' title='bbox 463 827 636 879; x_wconf 90' lang='grc' dir='ltr'><strong><em>δέποτε</em></strong></span> <span class='ocrx_word' id='word_1_59' title='bbox 664 817 937 879; x_wconf 89' lang='grc' dir='ltr'><strong><em>ἐνεδύσατο.</em></strong></span> <span class='ocrx_word' id='word_1_60' title='bbox 1022 825 1093 878; x_wconf 77' lang='grc' dir='ltr'><strong><em>Τά</em></strong></span> <span class='ocrx_word' id='word_1_61' title='bbox 1123 827 1175 879; x_wconf 82' lang='grc' dir='ltr'><strong><em>δὲ</em></strong></span> <span class='ocrx_word' id='word_1_62' title='bbox 1201 826 1385 896; x_wconf 87' lang='grc' dir='ltr'><strong><em>γόνατα</em></strong></span> <span class='ocrx_word' id='word_1_63' title='bbox 1411 825 1569 879; x_wconf 80' lang='grc' dir='ltr'><strong><em>αὐτοῦ</em></strong></span> <span class='ocrx_word' id='word_1_64' title='bbox 1611 828 1931 893; x_wconf 83' lang='grc' dir='ltr'><strong><em>ἐσκληκίασαν</em></strong></span> <span class='ocrx_word' id='word_1_65' title='bbox 1971 828 2115 892; x_wconf 90' lang='grc' dir='ltr'><strong><em>δίκην</em></strong></span> <span class='ocrx_word' id='word_1_66' title='bbox 2141 826 2390 893; x_wconf 79' lang='grc' dir='ltr'><strong><em>καμήλων,</em></strong></span> 
     </span>
     <span class='ocr_line' id='line_1_11' title="bbox 461 907 2394 980; baseline 0.001 -17"><span class='ocrx_word' id='word_1_67' title='bbox 461 910 562 964; x_wconf 84' lang='grc' dir='ltr'><strong><em>ἀπό</em></strong></span> <span class='ocrx_word' id='word_1_68' title='bbox 595 917 682 965; x_wconf 84' lang='grc' dir='ltr'><strong><em>τοῦ</em></strong></span> <span class='ocrx_word' id='word_1_69' title='bbox 712 910 919 965; x_wconf 88' lang='grc' dir='ltr'><strong><em>πάντοτε</em></strong></span> <span class='ocrx_word' id='word_1_70' title='bbox 963 909 1205 979; x_wconf 75' lang='grc' dir='ltr'><em>κάμπτειν</em></span> <span class='ocrx_word' id='word_1_71' title='bbox 1248 909 1374 964; x_wconf 76' lang='grc' dir='ltr'><strong><em>αὐτοὶ</em></strong></span> <span class='ocrx_word' id='word_1_72' title='bbox 1415 909 1627 964; x_wconf 88' lang='grc' dir='ltr'><strong><em>ἐνώπιον</em></strong></span> <span class='ocrx_word' id='word_1_73' title='bbox 1654 913 1858 980; x_wconf 82' lang='grc' dir='ltr'><strong><em>κυρίου,</em></strong></span> <span class='ocrx_word' id='word_1_74' title='bbox 1912 907 1975 963; x_wconf 79' lang='grc' dir='ltr'><strong><em>δι’</em></strong></span> <span class='ocrx_word' id='word_1_75' title='bbox 2001 907 2278 980; x_wconf 68' lang='grc' dir='ltr'><strong><em>ὑπερβολήν</em></strong></span> <span class='ocrx_word' id='word_1_76' title='bbox 2316 909 2394 964; x_wconf 75' lang='grc' dir='ltr'><strong><em>εὐ.-</em></strong></span> 
     </span>
     <span class='ocr_line' id='line_1_12' title="bbox 459 989 2393 1067; baseline -0.002 -16"><span class='ocrx_word' id='word_1_77' title='bbox 459 1001 669 1067; x_wconf 88' lang='grc' dir='ltr'><strong><em>λαβείας.</em></strong></span> <span class='ocrx_word' id='word_1_78' title='bbox 765 1003 955 1066; x_wconf 83' lang='grc' dir='ltr'><strong><em>Τοῦτον</em></strong></span> <span class='ocrx_word' id='word_1_79' title='bbox 993 990 1083 1050; x_wconf 77' lang='grc' dir='ltr'><strong><em>οὖν</em></strong></span> <span class='ocrx_word' id='word_1_80' title='bbox 1125 995 1330 1065; x_wconf 78' lang='grc' dir='ltr'><strong><em>ὀνόματι</em></strong></span> <span class='ocrx_word' id='word_1_81' title='bbox 1369 996 1535 1049; x_wconf 83' lang='grc' dir='ltr'><strong><em>οὐκέτι</em></strong></span> <span class='ocrx_word' id='word_1_82' title='bbox 1576 993 1809 1061; x_wconf 76' lang='grc' dir='ltr'><strong><em>ἐκάλουν,</em></strong></span> <span class='ocrx_word' id='word_1_83' title='bbox 1867 994 1965 1048; x_wconf 87' lang='grc' dir='ltr'><strong><em>ἀλλ’</em></strong></span> <span class='ocrx_word' id='word_1_84' title='bbox 2003 993 2059 1047; x_wconf 86' lang='lat'><strong><em>‘0</em></strong></span> <span class='ocrx_word' id='word_1_85' title='bbox 2104 998 2294 1058; x_wconf 87' lang='grc' dir='ltr'><strong><em>δίκαιος</em></strong></span> <span class='ocrx_word' id='word_1_86' title='bbox 2332 989 2393 1064; x_wconf 77' lang='grc' dir='ltr'><strong><em>ἦν</em></strong></span> 
     </span>
     <span class='ocr_line' id='line_1_13' title="bbox 459 1074 2393 1155; baseline -0.001 -19"><span class='ocrx_word' id='word_1_87' title='bbox 459 1082 594 1155; x_wconf 76' lang='grc' dir='ltr'><strong><em>αὐτῷ</em></strong></span> <span class='ocrx_word' id='word_1_88' title='bbox 623 1081 796 1150; x_wconf 72' lang='grc' dir='ltr'><strong><em>ὄνομα.</em></strong></span> <span class='ocrx_word' id='word_1_89' title='bbox 877 1076 1035 1145; x_wconf 78' lang='grc' dir='ltr'><strong><em>Οὗτος</em></strong></span> <span class='ocrx_word' id='word_1_90' title='bbox 1063 1080 1300 1136; x_wconf 76' lang='grc' dir='ltr'><strong><em>οὐδέποτε</em></strong></span> <span class='ocrx_word' id='word_1_91' title='bbox 1332 1083 1383 1134; x_wconf 89' lang='grc' dir='ltr'><strong><em>ἐν</em></strong></span> <span class='ocrx_word' id='word_1_92' title='bbox 1414 1083 1653 1153; x_wconf 80' lang='grc' dir='ltr'><strong><em>βαλανείῳ</em></strong></span> <span class='ocrx_word' id='word_1_93' title='bbox 1683 1079 1938 1133; x_wconf 87' lang='grc' dir='ltr'><strong><em>ἐλούσατο·</em></strong></span> <span class='ocrx_word' id='word_1_94' title='bbox 1992 1074 2139 1143; x_wconf 82' lang='grc' dir='ltr'><strong><em>οὗτος</em></strong></span> <span class='ocrx_word' id='word_1_95' title='bbox 2163 1079 2393 1149; x_wconf 79' lang='grc' dir='ltr'><strong><em>ἐμψύχου</em></strong></span> 
     </span>
     <span class='ocr_line' id='line_1_14' title="bbox 460 1159 2393 1238; baseline -0.001 -16"><span class='ocrx_word' id='word_1_96' title='bbox 460 1168 521 1223; x_wconf 79' lang='grc' dir='ltr'><strong><em>οὐ</em></strong></span> <span class='ocrx_word' id='word_1_97' title='bbox 556 1170 774 1238; x_wconf 81' lang='grc' dir='ltr'><strong><em>μετέσχε,</em></strong></span> <span class='ocrx_word' id='word_1_98' title='bbox 811 1166 986 1230; x_wconf 77' lang='grc' dir='ltr'><strong><em>καθώς</em></strong></span> <span class='ocrx_word' id='word_1_99' title='bbox 1016 1165 1123 1221; x_wconf 69' lang='grc' dir='ltr'><strong><em>ἅνω</em></strong></span> <span class='ocrx_word' id='word_1_100' title='bbox 1152 1189 1236 1235; x_wconf 88' lang='grc' dir='ltr'><strong><em>μοι</em></strong></span> <span class='ocrx_word' id='word_1_101' title='bbox 1264 1166 1652 1238; x_wconf 77' lang='grc' dir='ltr'><strong><em>προδεδήλωται·</em></strong></span> <span class='ocrx_word' id='word_1_102' title='bbox 1691 1159 1839 1227; x_wconf 77' lang='grc' dir='ltr'><strong><em>οὗτος</em></strong></span> <span class='ocrx_word' id='word_1_103' title='bbox 1864 1163 2125 1219; x_wconf 88' lang='grc' dir='ltr'><strong><em>σανδάλιον</em></strong></span> <span class='ocrx_word' id='word_1_104' title='bbox 2155 1163 2244 1235; x_wconf 85' lang='grc' dir='ltr'><strong><em>ούχ</em></strong></span> <span class='ocrx_word' id='word_1_105' title='bbox 2272 1163 2393 1220; x_wconf 81' lang='grc' dir='ltr'><strong><em>ύπε-</em></strong></span> 
     </span>
     <span class='ocr_line' id='line_1_15' title="bbox 461 1247 2395 1323; baseline -0.001 -17"><span class='ocrx_word' id='word_1_106' title='bbox 461 1252 657 1322; x_wconf 88' lang='grc' dir='ltr'><strong><em>δήσατο.</em></strong></span> <span class='ocrx_word' id='word_1_107' title='bbox 734 1255 834 1306; x_wconf 89' lang='grc' dir='ltr'><strong><em>Καὶ</em></strong></span> <span class='ocrx_word' id='word_1_108' title='bbox 875 1252 1030 1307; x_wconf 74' lang='grc' dir='ltr'><strong><em>πολλοὶ</em></strong></span> <span class='ocrx_word' id='word_1_109' title='bbox 1066 1247 1130 1321; x_wconf 79' lang='grc' dir='ltr'><strong><em>ἦν</em></strong></span> <span class='ocrx_word' id='word_1_110' title='bbox 1160 1254 1269 1323; x_wconf 83' lang='grc' dir='ltr'><strong><em>περὶ</em></strong></span> <span class='ocrx_word' id='word_1_111' title='bbox 1299 1258 1389 1305; x_wconf 89' lang='grc' dir='ltr'><strong><em>τοῦ</em></strong></span> <span class='ocrx_word' id='word_1_112' title='bbox 1416 1249 1600 1322; x_wconf 85' lang='grc' dir='ltr'><strong><em>ἀνδρός</em></strong></span> <span class='ocrx_word' id='word_1_113' title='bbox 1638 1253 1791 1321; x_wconf 89' lang='grc' dir='ltr'><strong><em>λέγειν</em></strong></span> <span class='ocrx_word' id='word_1_114' title='bbox 1821 1253 1905 1305; x_wconf 84' lang='grc' dir='ltr'><strong><em>καὶ</em></strong></span> <span class='ocrx_word' id='word_1_115' title='bbox 1930 1256 2016 1318; x_wconf 88' lang='grc' dir='ltr'><strong><em>τῆς</em></strong></span> <span class='ocrx_word' id='word_1_116' title='bbox 2047 1253 2276 1321; x_wconf 77' lang='grc' dir='ltr'><strong><em>ἐναρέτου</em></strong></span> <span class='ocrx_word' id='word_1_117' title='bbox 2308 1250 2395 1305; x_wconf 81' lang='grc' dir='ltr'><strong><em>αύ-</em></strong></span> 
     </span>
     <span class='ocr_line' id='line_1_16' title="bbox 459 1330 2392 1412; baseline -0.001 -20"><span class='ocrx_word' id='word_1_118' title='bbox 459 1346 548 1394; x_wconf 87' lang='grc' dir='ltr'><strong><em>τοῦ</em></strong></span> <span class='ocrx_word' id='word_1_119' title='bbox 588 1343 845 1401; x_wconf 88' lang='grc' dir='ltr'><strong><em>πολιτείας.</em></strong></span> <span class='ocrx_word' id='word_1_120' title='bbox 918 1337 1064 1412; x_wconf 74' lang='grc' dir='ltr'><strong><em>Ὁρᾷς</em></strong></span> <span class='ocrx_word' id='word_1_121' title='bbox 1105 1332 1195 1391; x_wconf 72' lang='grc' dir='ltr'><strong><em>οὖν</em></strong></span> <span class='ocrx_word' id='word_1_122' title='bbox 1228 1337 1302 1392; x_wconf 76' lang='grc' dir='ltr'><strong><em>ὅτι</em></strong></span> <span class='ocrx_word' id='word_1_123' title='bbox 1336 1335 1365 1391; x_wconf 80' lang='grc' dir='ltr'><strong><em>ό</em></strong></span> <span class='ocrx_word' id='word_1_124' title='bbox 1395 1335 1532 1399; x_wconf 84' lang='grc' dir='ltr'><strong><em>οἶκος</em></strong></span> <span class='ocrx_word' id='word_1_125' title='bbox 1558 1335 1870 1390; x_wconf 84' lang='grc' dir='ltr'><strong><em>παντάπασιν</em></strong></span> <span class='ocrx_word' id='word_1_126' title='bbox 1895 1336 2279 1406; x_wconf 74' lang='grc' dir='ltr'><strong><em>ἀξιολογώτατος</em></strong></span> <span class='ocrx_word' id='word_1_127' title='bbox 2302 1330 2392 1406; x_wconf 73' lang='grc' dir='ltr'><strong><em>ἦνς</em></strong></span> 
     </span>
     <span class='ocr_line' id='line_1_17' title="bbox 461 1422 2395 1497; baseline -0.002 -18"><span class='ocrx_word' id='word_1_128' title='bbox 461 1429 505 1479; x_wconf 85' lang='grc' dir='ltr'><strong><em>εἰ</em></strong></span> <span class='ocrx_word' id='word_1_129' title='bbox 529 1425 622 1497; x_wconf 73' lang='grc' dir='ltr'><strong><em>γάρ</em></strong></span> <span class='ocrx_word' id='word_1_130' title='bbox 652 1428 699 1479; x_wconf 83' lang='grc' dir='ltr'><strong><em>οἱ</em></strong></span> <span class='ocrx_word' id='word_1_131' title='bbox 724 1428 896 1486; x_wconf 88' lang='grc' dir='ltr'><strong><em>παῖδες</em></strong></span> <span class='ocrx_word' id='word_1_132' title='bbox 921 1430 1010 1477; x_wconf 86' lang='grc' dir='ltr'><strong><em>τοῦ</em></strong></span> <span class='ocrx_word' id='word_1_133' title='bbox 1033 1422 1224 1492; x_wconf 83' lang='grc' dir='ltr'><strong><em>Ἰωσὴφ</em></strong></span> <span class='ocrx_word' id='word_1_134' title='bbox 1270 1422 1469 1497; x_wconf 80' lang='grc' dir='ltr'><strong><em>ᾔδεισαν</em></strong></span> <span class='ocrx_word' id='word_1_135' title='bbox 1510 1426 1787 1493; x_wconf 86' lang='grc' dir='ltr'><strong><em>παρθενίας</em></strong></span> <span class='ocrx_word' id='word_1_136' title='bbox 1814 1423 1950 1485; x_wconf 87' lang='grc' dir='ltr'><strong><em>τάξιν</em></strong></span> <span class='ocrx_word' id='word_1_137' title='bbox 1977 1423 2060 1476; x_wconf 83' lang='grc' dir='ltr'><strong><em>καὶ</em></strong></span> <span class='ocrx_word' id='word_1_138' title='bbox 2090 1426 2395 1493; x_wconf 84' lang='grc' dir='ltr'><strong><em>Ναζωραίων</em></strong></span> 
     </span>
     <span class='ocr_line' id='line_1_18' title="bbox 460 1505 2395 1583; baseline -0.002 -18"><span class='ocrx_word' id='word_1_139' title='bbox 460 1509 514 1565; x_wconf 85' lang='grc' dir='ltr'>τὸ</span> <span class='ocrx_word' id='word_1_140' title='bbox 545 1514 711 1581; x_wconf 73' lang='grc' dir='ltr'><strong><em>ἔργον,</em></strong></span> <span class='ocrx_word' id='word_1_141' title='bbox 748 1510 886 1583; x_wconf 82' lang='grc' dir='ltr'><strong><em>πόσῳ</em></strong></span> <span class='ocrx_word' id='word_1_142' title='bbox 911 1531 960 1581; x_wconf 87' lang='grc' dir='ltr'><strong><em>γε</em></strong></span> <span class='ocrx_word' id='word_1_143' title='bbox 985 1514 1165 1577; x_wconf 80' lang='grc' dir='ltr'><strong><em>μᾶλλον</em></strong></span> <span class='ocrx_word' id='word_1_144' title='bbox 1191 1507 1220 1563; x_wconf 82' lang='grc' dir='ltr'><strong><em>ό</em></strong></span> <span class='ocrx_word' id='word_1_145' title='bbox 1248 1507 1526 1580; x_wconf 80' lang='grc' dir='ltr'><strong><em>πρεσβύτης</em></strong></span> <span class='ocrx_word' id='word_1_146' title='bbox 1549 1510 1634 1562; x_wconf 90' lang='grc' dir='ltr'><strong><em>καὶ</em></strong></span> <span class='ocrx_word' id='word_1_147' title='bbox 1662 1512 1821 1575; x_wconf 87' lang='grc' dir='ltr'><strong><em>τίμιος</em></strong></span> <span class='ocrx_word' id='word_1_148' title='bbox 1847 1505 1971 1578; x_wconf 80' lang='grc' dir='ltr'><strong><em>ἀνὴρ</em></strong></span> <span class='ocrx_word' id='word_1_149' title='bbox 1999 1506 2104 1582; x_wconf 81' lang='grc' dir='ltr'><strong><em>ᾔδει</em></strong></span> <span class='ocrx_word' id='word_1_150' title='bbox 2133 1506 2395 1574; x_wconf 77' lang='grc' dir='ltr'><strong><em>φυλάττειν</em></strong></span> 
     </span>
     <span class='ocr_line' id='line_1_19' title="bbox 461 1590 2395 1666; baseline -0.002 -16"><span class='ocrx_word' id='word_1_151' title='bbox 461 1598 716 1666; x_wconf 82' lang='grc' dir='ltr'><strong><em>παρθένον</em></strong></span> <span class='ocrx_word' id='word_1_152' title='bbox 754 1594 934 1666; x_wconf 70' lang='grc' dir='ltr'><strong><em>ἁγνὴν,</em></strong></span> <span class='ocrx_word' id='word_1_153' title='bbox 990 1597 1074 1648; x_wconf 88' lang='grc' dir='ltr'><strong><em>καὶ</em></strong></span> <span class='ocrx_word' id='word_1_154' title='bbox 1114 1600 1262 1662; x_wconf 80' lang='grc' dir='ltr'><strong><em>τιμᾶν</em></strong></span> <span class='ocrx_word' id='word_1_155' title='bbox 1306 1593 1360 1648; x_wconf 79' lang='grc' dir='ltr'><strong><em>τό</em></strong></span> <span class='ocrx_word' id='word_1_156' title='bbox 1403 1600 1578 1656; x_wconf 83' lang='grc' dir='ltr'><strong><em>σκεῦος</em></strong></span> <span class='ocrx_word' id='word_1_157' title='bbox 1613 1596 1741 1648; x_wconf 75' lang='grc' dir='ltr'><strong><em>ἔνθα</em></strong></span> <span class='ocrx_word' id='word_1_158' title='bbox 1781 1615 1882 1646; x_wconf 90' lang='grc' dir='ltr'><strong><em>που</em></strong></span> <span class='ocrx_word' id='word_1_159' title='bbox 1921 1592 2215 1661; x_wconf 87' lang='grc' dir='ltr'><strong><em>ἐνεδήμησεν</em></strong></span> <span class='ocrx_word' id='word_1_160' title='bbox 2240 1590 2276 1661; x_wconf 81' lang='grc' dir='ltr'><em>ἦ</em></span> <span class='ocrx_word' id='word_1_161' title='bbox 2297 1599 2395 1647; x_wconf 75' lang='grc' dir='ltr'><strong><em>τῶν</em></strong></span> 
     </span>
     <span class='ocr_line' id='line_1_20' title="bbox 462 1676 2392 1752; baseline -0.002 -17"><span class='ocrx_word' id='word_1_162' title='bbox 462 1681 750 1751; x_wconf 86' lang='grc' dir='ltr'><strong><em>ἀνθρώπων</em></strong></span> <span class='ocrx_word' id='word_1_163' title='bbox 792 1684 1030 1752; x_wconf 73' lang='grc' dir='ltr'><strong><em>σωτηρίας</em></strong></span> <span class='ocrx_word' id='word_1_164' title='bbox 1121 1678 1247 1734; x_wconf 74' lang='grc' dir='ltr'><strong><em>Οὔτε</em></strong></span> <span class='ocrx_word' id='word_1_165' title='bbox 1287 1679 1414 1749; x_wconf 80' lang='grc' dir='ltr'><strong><em>αὐτή</em></strong></span> <span class='ocrx_word' id='word_1_166' title='bbox 1460 1678 1495 1748; x_wconf 83' lang='grc' dir='ltr'><strong><em>ή</em></strong></span> <span class='ocrx_word' id='word_1_167' title='bbox 1534 1679 1684 1746; x_wconf 82' lang='grc' dir='ltr'><strong><em>φύσις</em></strong></span> <span class='ocrx_word' id='word_1_168' title='bbox 1722 1677 1944 1732; x_wconf 82' lang='grc' dir='ltr'><strong><em>διδάσκει</em></strong></span> <span class='ocrx_word' id='word_1_169' title='bbox 1981 1676 2112 1747; x_wconf 75' lang='grc' dir='ltr'><strong><em>ἡμᾶς</em></strong></span> <span class='ocrx_word' id='word_1_170' title='bbox 2149 1677 2223 1732; x_wconf 74' lang='grc' dir='ltr'><strong><em>ὅτι</em></strong></span> <span class='ocrx_word' id='word_1_171' title='bbox 2265 1676 2392 1749; x_wconf 80' lang='grc' dir='ltr'><strong><em>ἀνὴρ</em></strong></span> 
     </span>
     <span class='ocr_line' id='line_1_21' title="bbox 461 1761 2395 1839; baseline -0.003 -18"><span class='ocrx_word' id='word_1_172' title='bbox 461 1769 548 1836; x_wconf 82' lang='grc' dir='ltr'><strong><em>μὲν</em></strong></span> <span class='ocrx_word' id='word_1_173' title='bbox 573 1761 637 1835; x_wconf 77' lang='grc' dir='ltr'><strong><em>ἦν</em></strong></span> <span class='ocrx_word' id='word_1_174' title='bbox 663 1766 965 1839; x_wconf 82' lang='grc' dir='ltr'><strong><em>πρεσβύτης,</em></strong></span> <span class='ocrx_word' id='word_1_175' title='bbox 1016 1764 1375 1837; x_wconf 71' lang='grc' dir='ltr'><strong><em>ὑπερβεβηκώς</em></strong></span> <span class='ocrx_word' id='word_1_176' title='bbox 1415 1764 1544 1819; x_wconf 75' lang='grc' dir='ltr'><strong><em>πολύ</em></strong></span> <span class='ocrx_word' id='word_1_177' title='bbox 1575 1771 1634 1839; x_wconf 84' lang='grc' dir='ltr'><strong><em>τῇ</em></strong></span> <span class='ocrx_word' id='word_1_178' title='bbox 1671 1762 1864 1837; x_wconf 73' lang='grc' dir='ltr'><strong><em>ἡλικίᾳ,</em></strong></span> <span class='ocrx_word' id='word_1_179' title='bbox 1915 1766 2064 1835; x_wconf 81' lang='grc' dir='ltr'><strong><em>μέγας</em></strong></span> <span class='ocrx_word' id='word_1_180' title='bbox 2093 1762 2309 1835; x_wconf 76' lang='grc' dir='ltr'><strong><em>γεγονώς</em></strong></span> <span class='ocrx_word' id='word_1_181' title='bbox 2341 1765 2395 1818; x_wconf 81' lang='grc' dir='ltr'><strong><em>ἐν</em></strong></span> 
     </span>
     <span class='ocr_line' id='line_1_22' title="bbox 461 1847 2395 1924; baseline -0.002 -18"><span class='ocrx_word' id='word_1_182' title='bbox 461 1852 696 1924; x_wconf 89' lang='grc' dir='ltr'><strong><em>ἀνδράσι,</em></strong></span> <span class='ocrx_word' id='word_1_183' title='bbox 747 1851 921 1915; x_wconf 85' lang='grc' dir='ltr'><strong><em>πιστός</em></strong></span> <span class='ocrx_word' id='word_1_184' title='bbox 948 1851 1034 1906; x_wconf 82' lang='grc' dir='ltr'><strong><em>τόν</em></strong></span> <span class='ocrx_word' id='word_1_185' title='bbox 1062 1853 1275 1922; x_wconf 88' lang='grc' dir='ltr'><strong><em>τρόπον,</em></strong></span> <span class='ocrx_word' id='word_1_186' title='bbox 1327 1849 1538 1920; x_wconf 76' lang='grc' dir='ltr'><strong><em>εὐλαβὴς</em></strong></span> <span class='ocrx_word' id='word_1_187' title='bbox 1564 1849 1619 1904; x_wconf 82' lang='grc' dir='ltr'><strong><em>τὸ</em></strong></span> <span class='ocrx_word' id='word_1_188' title='bbox 1655 1847 1813 1915; x_wconf 66' lang='grc' dir='ltr'><strong><em>εἶδος,</em></strong></span> <span class='ocrx_word' id='word_1_189' title='bbox 1893 1847 2082 1904; x_wconf 85' lang='grc' dir='ltr'><strong><em>Φάσκει</em></strong></span> <span class='ocrx_word' id='word_1_190' title='bbox 2107 1847 2201 1920; x_wconf 76' lang='grc' dir='ltr'><strong><em>γάρ</em></strong></span> <span class='ocrx_word' id='word_1_191' title='bbox 2228 1848 2283 1903; x_wconf 80' lang='grc' dir='ltr'><strong><em>τό</em></strong></span> <span class='ocrx_word' id='word_1_192' title='bbox 2316 1849 2395 1902; x_wconf 84' lang='grc' dir='ltr'><strong><em>εὗ-</em></strong></span> 
     </span>
     <span class='ocr_line' id='line_1_23' title="bbox 461 1932 2392 2010; baseline -0.002 -18"><span class='ocrx_word' id='word_1_193' title='bbox 461 1941 684 2010; x_wconf 86' lang='grc' dir='ltr'><strong><em>αγγέλιον</em></strong></span> <span class='ocrx_word' id='word_1_194' title='bbox 711 1938 812 2005; x_wconf 77' lang='grc' dir='ltr'><strong><em>ὅτι,</em></strong></span> <span class='ocrx_word' id='word_1_195' title='bbox 856 1937 1010 2008; x_wconf 77' lang='grc' dir='ltr'><strong><em>Ἀνὴρ</em></strong></span> <span class='ocrx_word' id='word_1_196' title='bbox 1051 1936 1364 2005; x_wconf 90' lang='grc' dir='ltr'><strong><em>φοβούμενος</em></strong></span> <span class='ocrx_word' id='word_1_197' title='bbox 1399 1935 1486 1990; x_wconf 83' lang='grc' dir='ltr'><strong><em>τόν</em></strong></span> <span class='ocrx_word' id='word_1_198' title='bbox 1518 1935 1639 1990; x_wconf 82' lang='grc' dir='ltr'><strong><em>θεόν</em></strong></span> <span class='ocrx_word' id='word_1_199' title='bbox 1667 1936 1815 2004; x_wconf 79' lang='grc' dir='ltr'><strong><em>ἐζήτει</em></strong></span> <span class='ocrx_word' id='word_1_200' title='bbox 1843 1935 2008 2004; x_wconf 83' lang='grc' dir='ltr'><strong><em>λάθρα</em></strong></span> <span class='ocrx_word' id='word_1_201' title='bbox 2038 1934 2283 1988; x_wconf 85' lang='grc' dir='ltr'><strong><em>ἀπολῦσαι</em></strong></span> <span class='ocrx_word' id='word_1_202' title='bbox 2307 1932 2392 1989; x_wconf 81' lang='grc' dir='ltr'><strong><em>αύ-</em></strong></span> 
     </span>
     <span class='ocr_line' id='line_1_24' title="bbox 459 2017 2395 2097; baseline -0.002 -19"><span class='ocrx_word' id='word_1_203' title='bbox 459 2024 562 2093; x_wconf 88' lang='grc' dir='ltr'><strong><em>τήν.</em></strong></span> <span class='ocrx_word' id='word_1_204' title='bbox 645 2032 659 2061; x_wconf 89' lang='lat'>¹</span> <span class='ocrx_word' id='word_1_205' title='bbox 691 2030 895 2097; x_wconf 77' lang='grc' dir='ltr'><strong><em>Τελευτᾷ</em></strong></span> <span class='ocrx_word' id='word_1_206' title='bbox 923 2024 975 2076; x_wconf 84' lang='grc' dir='ltr'><strong><em>δὲ</em></strong></span> <span class='ocrx_word' id='word_1_207' title='bbox 1003 2017 1152 2085; x_wconf 77' lang='grc' dir='ltr'><strong><em>οὗτος</em></strong></span> <span class='ocrx_word' id='word_1_208' title='bbox 1178 2021 1207 2076; x_wconf 84' lang='grc' dir='ltr'><strong><em>ό</em></strong></span> <span class='ocrx_word' id='word_1_209' title='bbox 1235 2021 1481 2091; x_wconf 85' lang='grc' dir='ltr'><strong><em>Ἰάκωβος</em></strong></span> <span class='ocrx_word' id='word_1_210' title='bbox 1512 2019 1542 2075; x_wconf 82' lang='grc' dir='ltr'><strong><em>ό</em></strong></span> <span class='ocrx_word' id='word_1_211' title='bbox 1573 2019 1786 2088; x_wconf 80' lang='grc' dir='ltr'><strong><em>ἀδελφός</em></strong></span> <span class='ocrx_word' id='word_1_212' title='bbox 1813 2028 1904 2075; x_wconf 84' lang='grc' dir='ltr'><strong><em>τοῦ</em></strong></span> <span class='ocrx_word' id='word_1_213' title='bbox 1930 2023 2135 2091; x_wconf 88' lang='grc' dir='ltr'><strong><em>κυρίου,</em></strong></span> <span class='ocrx_word' id='word_1_214' title='bbox 2173 2021 2259 2072; x_wconf 85' lang='grc' dir='ltr'><strong><em>καὶ</em></strong></span> <span class='ocrx_word' id='word_1_215' title='bbox 2283 2018 2395 2082; x_wconf 81' lang='grc' dir='ltr'><strong><em>υἱός</em></strong></span> 
     </span>
     <span class='ocr_line' id='line_1_25' title="bbox 451 2098 2395 2179; baseline -0.003 -15"><span class='ocrx_word' id='word_1_216' title='bbox 451 2108 676 2179; x_wconf 77' lang='grc' dir='ltr'><strong><em>Ἰωσήφ,</em></strong></span> <span class='ocrx_word' id='word_1_217' title='bbox 729 2112 782 2163; x_wconf 85' lang='grc' dir='ltr'><strong><em>ἐν</em></strong></span> <span class='ocrx_word' id='word_1_218' title='bbox 806 2107 1197 2179; x_wconf 76' lang='grc' dir='ltr'><strong><em>Ἱεροσολύμοις,</em></strong></span> <span class='ocrx_word' id='word_1_219' title='bbox 1250 2108 1437 2176; x_wconf 88' lang='grc' dir='ltr'><strong><em>βιώσας</em></strong></span> <span class='ocrx_word' id='word_1_220' title='bbox 1480 2106 1599 2176; x_wconf 80' lang='grc' dir='ltr'><strong><em>μετά</em></strong></span> <span class='ocrx_word' id='word_1_221' title='bbox 1640 2105 1730 2175; x_wconf 80' lang='grc' dir='ltr'><strong><em>τήν</em></strong></span> <span class='ocrx_word' id='word_1_222' title='bbox 1763 2111 1852 2159; x_wconf 83' lang='grc' dir='ltr'><strong><em>τοῦ</em></strong></span> <span class='ocrx_word' id='word_1_223' title='bbox 1881 2098 2102 2174; x_wconf 81' lang='grc' dir='ltr'><strong><em>σωτῆρος</em></strong></span> <span class='ocrx_word' id='word_1_224' title='bbox 2144 2103 2395 2174; x_wconf 82' lang='grc' dir='ltr'><strong><em>ἀνάληψιν</em></strong></span> 
     </span>
     <span class='ocr_line' id='line_1_26' title="bbox 460 2188 2395 2266; baseline -0.004 -15"><span class='ocrx_word' id='word_1_225' title='bbox 460 2199 582 2251; x_wconf 73' lang='grc' dir='ltr'><strong><em>ἔτεσι</em></strong></span> <span class='ocrx_word' id='word_1_226' title='bbox 622 2197 1004 2266; x_wconf 85' lang='grc' dir='ltr'><strong><em>εἶκοσιτέσσαρσι</em></strong></span> <span class='ocrx_word' id='word_1_227' title='bbox 1033 2198 1181 2248; x_wconf 90' lang='grc' dir='ltr'><strong><em>πλείω</em></strong></span> <span class='ocrx_word' id='word_1_228' title='bbox 1222 2193 1436 2257; x_wconf 85' lang='grc' dir='ltr'><strong><em>ἐλάσσω,</em></strong></span> <span class='ocrx_word' id='word_1_229' title='bbox 1489 2192 1559 2245; x_wconf 69' lang='grc' dir='ltr'><strong><em>ὢν</em></strong></span> <span class='ocrx_word' id='word_1_230' title='bbox 1592 2194 1714 2246; x_wconf 79' lang='grc' dir='ltr'><strong><em>ἐτῶν</em></strong></span> <span class='ocrx_word' id='word_1_231' title='bbox 1750 2190 1879 2264; x_wconf 60' lang='grc' dir='ltr'><strong><em>(ἶς’,</em></strong></span> <span class='ocrx_word' id='word_1_232' title='bbox 1931 2188 2029 2244; x_wconf 83' lang='grc' dir='ltr'><strong><em>ὖπὸ</em></strong></span> <span class='ocrx_word' id='word_1_233' title='bbox 2055 2195 2144 2244; x_wconf 81' lang='grc' dir='ltr'><strong><em>τοῦ</em></strong></span> <span class='ocrx_word' id='word_1_234' title='bbox 2167 2191 2395 2261; x_wconf 84' lang='grc' dir='ltr'><strong><em>γναφέως</em></strong></span> 
     </span>
     <span class='ocr_line' id='line_1_27' title="bbox 459 2275 2394 2356; baseline -0.003 -21"><span class='ocrx_word' id='word_1_235' title='bbox 459 2288 527 2356; x_wconf 75' lang='grc' dir='ltr'><strong><em>τῷ</em></strong></span> <span class='ocrx_word' id='word_1_236' title='bbox 557 2281 682 2355; x_wconf 80' lang='grc' dir='ltr'><strong><em>ξύλῳ</em></strong></span> <span class='ocrx_word' id='word_1_237' title='bbox 713 2283 947 2344; x_wconf 82' lang='grc' dir='ltr'><strong><em>παισθεὶς</em></strong></span> <span class='ocrx_word' id='word_1_238' title='bbox 975 2279 1064 2348; x_wconf 81' lang='grc' dir='ltr'><strong><em>τήν</em></strong></span> <span class='ocrx_word' id='word_1_239' title='bbox 1096 2277 1342 2347; x_wconf 81' lang='grc' dir='ltr'><strong><em>κεφαλὴν,</em></strong></span> <span class='ocrx_word' id='word_1_240' title='bbox 1395 2280 1557 2347; x_wconf 79' lang='grc' dir='ltr'><strong><em>ριφεὶς</em></strong></span> <span class='ocrx_word' id='word_1_241' title='bbox 1586 2275 1684 2330; x_wconf 79' lang='grc' dir='ltr'><strong><em>ἀπό</em></strong></span> <span class='ocrx_word' id='word_1_242' title='bbox 1718 2283 1806 2330; x_wconf 86' lang='grc' dir='ltr'><strong><em>τοῦ</em></strong></span> <span class='ocrx_word' id='word_1_243' title='bbox 1834 2280 2096 2347; x_wconf 89' lang='grc' dir='ltr'><strong><em>πτερυγίου</em></strong></span> <span class='ocrx_word' id='word_1_244' title='bbox 2123 2282 2214 2329; x_wconf 80' lang='grc' dir='ltr'><strong><em>τοῦ</em></strong></span> <span class='ocrx_word' id='word_1_245' title='bbox 2241 2279 2394 2347; x_wconf 80' lang='grc' dir='ltr'><strong><em>ἱεροῦ,</em></strong></span> 
     </span>
     <span class='ocr_line' id='line_1_28' title="bbox 457 2360 2395 2434; baseline -0.004 -13"><span class='ocrx_word' id='word_1_246' title='bbox 457 2370 542 2421; x_wconf 85' lang='grc' dir='ltr'><strong><em>καὶ</em></strong></span> <span class='ocrx_word' id='word_1_247' title='bbox 570 2365 848 2433; x_wconf 81' lang='grc' dir='ltr'><strong><em>κατελθών,</em></strong></span> <span class='ocrx_word' id='word_1_248' title='bbox 888 2368 974 2420; x_wconf 90' lang='grc' dir='ltr'><strong><em>καὶ</em></strong></span> <span class='ocrx_word' id='word_1_249' title='bbox 999 2366 1150 2434; x_wconf 80' lang='grc' dir='ltr'><strong><em>μηδὲν</em></strong></span> <span class='ocrx_word' id='word_1_250' title='bbox 1180 2362 1472 2431; x_wconf 83' lang='grc' dir='ltr'><strong><em>α’δικηθεὶς,</em></strong></span> <span class='ocrx_word' id='word_1_251' title='bbox 1510 2366 1676 2424; x_wconf 83' lang='grc' dir='ltr'><strong><em>κλίνας</em></strong></span> <span class='ocrx_word' id='word_1_252' title='bbox 1705 2363 1757 2415; x_wconf 81' lang='grc' dir='ltr'><strong><em>δὲ</em></strong></span> <span class='ocrx_word' id='word_1_253' title='bbox 1786 2360 1845 2415; x_wconf 70' lang='grc' dir='ltr'><strong><em>τοὶ</em></strong></span> <span class='ocrx_word' id='word_1_254' title='bbox 1875 2361 2083 2432; x_wconf 85' lang='grc' dir='ltr'><strong><em>γόνατα,</em></strong></span> <span class='ocrx_word' id='word_1_255' title='bbox 2138 2363 2222 2415; x_wconf 86' lang='grc' dir='ltr'><strong><em>καὶ</em></strong></span> <span class='ocrx_word' id='word_1_256' title='bbox 2249 2383 2395 2432; x_wconf 87' lang='grc' dir='ltr'><strong><em>προς-</em></strong></span> 
     </span>
     <span class='ocr_line' id='line_1_29' title="bbox 460 2445 2396 2522; baseline -0.004 -15"><span class='ocrx_word' id='word_1_257' title='bbox 460 2453 724 2521; x_wconf 88' lang='grc' dir='ltr'><strong><em>ευξάμενος</em></strong></span> <span class='ocrx_word' id='word_1_258' title='bbox 765 2450 888 2522; x_wconf 80' lang='grc' dir='ltr'><strong><em>ύπὲρ</em></strong></span> <span class='ocrx_word' id='word_1_259' title='bbox 933 2458 1071 2504; x_wconf 65' lang='grc' dir='ltr'><strong><em>2τῶν</em></strong></span> <span class='ocrx_word' id='word_1_260' title='bbox 1109 2447 1261 2503; x_wconf 84' lang='grc' dir='ltr'><strong><em>αύτὸν</em></strong></span> <span class='ocrx_word' id='word_1_261' title='bbox 1298 2446 1586 2519; x_wconf 75' lang='grc' dir='ltr'><strong><em>ῥιψάντων,</em></strong></span> <span class='ocrx_word' id='word_1_262' title='bbox 1641 2450 1723 2501; x_wconf 79' lang='grc' dir='ltr'><strong><em>καὶ</em></strong></span> <span class='ocrx_word' id='word_1_263' title='bbox 1769 2445 2007 2514; x_wconf 88' lang='grc' dir='ltr'><strong><em>φάσκων,</em></strong></span> <span class='ocrx_word' id='word_1_264' title='bbox 2063 2446 2396 2518; x_wconf 89' lang='grc' dir='ltr'><strong><em>Συγχώρησον</em></strong></span> 
     </span>
     <span class='ocr_line' id='line_1_30' title="bbox 459 2531 2393 2608; baseline -0.003 -18"><span class='ocrx_word' id='word_1_265' title='bbox 459 2537 625 2601; x_wconf 77' lang='grc' dir='ltr'><strong><em>αὐτοῖς</em></strong></span> <span class='ocrx_word' id='word_1_266' title='bbox 638 2581 651 2604; x_wconf 88' lang='grc'><strong><em>,</em></strong></span> <span class='ocrx_word' id='word_1_267' title='bbox 705 2538 765 2592; x_wconf 81' lang='grc' dir='ltr'><strong><em>οὐ</em></strong></span> <span class='ocrx_word' id='word_1_268' title='bbox 795 2537 887 2608; x_wconf 73' lang='grc' dir='ltr'><strong><em>γάρ</em></strong></span> <span class='ocrx_word' id='word_1_269' title='bbox 919 2540 1084 2591; x_wconf 73' lang='grc' dir='ltr'><strong><em>οἴδασι</em></strong></span> <span class='ocrx_word' id='word_1_270' title='bbox 1118 2539 1165 2588; x_wconf 93' lang='grc' dir='ltr'><strong><em>τί</em></strong></span> <span class='ocrx_word' id='word_1_271' title='bbox 1194 2542 1437 2589; x_wconf 82' lang='grc' dir='ltr'><strong><em>ποιοῦσιν.</em></strong></span> <span class='ocrx_word' id='word_1_272' title='bbox 1509 2531 1595 2596; x_wconf 80' lang='grc' dir='ltr'><strong><em>Ὡς</em></strong></span> <span class='ocrx_word' id='word_1_273' title='bbox 1639 2537 1724 2586; x_wconf 82' lang='grc' dir='ltr'><strong><em>καὶ</em></strong></span> <span class='ocrx_word' id='word_1_274' title='bbox 1762 2532 1974 2601; x_wconf 81' lang='grc' dir='ltr'><strong><em>Συμεών</em></strong></span> <span class='ocrx_word' id='word_1_275' title='bbox 2020 2531 2194 2604; x_wconf 87' lang='grc' dir='ltr'><strong><em>πόρρω</em></strong></span> <span class='ocrx_word' id='word_1_276' title='bbox 2225 2531 2393 2597; x_wconf 77' lang='grc' dir='ltr'><strong><em>ἑστώς,</em></strong></span> 
     </span>
     <span class='ocr_line' id='line_1_31' title="bbox 460 2615 2396 2690; baseline -0.004 -13"><span class='ocrx_word' id='word_1_277' title='bbox 460 2623 489 2677; x_wconf 82' lang='grc' dir='ltr'>ὁ</span> <span class='ocrx_word' id='word_1_278' title='bbox 517 2623 696 2677; x_wconf 88' lang='grc' dir='ltr'><strong><em>τούτου</em></strong></span> <span class='ocrx_word' id='word_1_279' title='bbox 725 2622 965 2690; x_wconf 81' lang='grc' dir='ltr'><strong><em>ἀνεψιός,</em></strong></span> <span class='ocrx_word' id='word_1_280' title='bbox 1002 2620 1113 2683; x_wconf 79' lang='grc' dir='ltr'><strong><em>υἱός</em></strong></span> <span class='ocrx_word' id='word_1_281' title='bbox 1140 2622 1193 2674; x_wconf 83' lang='grc' dir='ltr'><strong><em>δὲ</em></strong></span> <span class='ocrx_word' id='word_1_282' title='bbox 1218 2626 1307 2673; x_wconf 86' lang='grc' dir='ltr'><strong><em>τοῦ</em></strong></span> <span class='ocrx_word' id='word_1_283' title='bbox 1341 2626 1532 2674; x_wconf 81' lang='grc' dir='ltr'><strong><em>Κλωπᾶ</em></strong></span> <span class='ocrx_word' id='word_1_284' title='bbox 1563 2621 1714 2690; x_wconf 74' lang='grc' dir='ltr'><strong><em>ἔλεγε·</em></strong></span> <span class='ocrx_word' id='word_1_285' title='bbox 1770 2618 2076 2684; x_wconf 88' lang='grc' dir='ltr'><strong><em>Παύσασθε,</em></strong></span> <span class='ocrx_word' id='word_1_286' title='bbox 2129 2621 2174 2670; x_wconf 90' lang='grc' dir='ltr'><strong><em>τί</em></strong></span> <span class='ocrx_word' id='word_1_287' title='bbox 2206 2615 2396 2681; x_wconf 83' lang='grc' dir='ltr'><strong><em>λιθάζε-</em></strong></span> 
     </span>
     <span class='ocr_line' id='line_1_32' title="bbox 462 2700 2396 2777; baseline -0.004 -14"><span class='ocrx_word' id='word_1_288' title='bbox 462 2700 512 2763; x_wconf 87' lang='grc' dir='ltr'><strong><em>τε</em></strong></span> <span class='ocrx_word' id='word_1_289' title='bbox 538 2708 625 2763; x_wconf 80' lang='grc' dir='ltr'><strong><em>τὸν</em></strong></span> <span class='ocrx_word' id='word_1_290' title='bbox 652 2713 870 2772; x_wconf 71' lang='grc' dir='ltr'><strong><em>δίκαιον,</em></strong></span> <span class='ocrx_word' id='word_1_291' title='bbox 910 2709 993 2761; x_wconf 83' lang='grc' dir='ltr'><strong><em>καὶ</em></strong></span> <span class='ocrx_word' id='word_1_292' title='bbox 1022 2706 1132 2761; x_wconf 81' lang='grc' dir='ltr'><strong><em>ι’δού</em></strong></span> <span class='ocrx_word' id='word_1_293' title='bbox 1163 2704 1350 2775; x_wconf 75' lang='grc' dir='ltr'><strong><em>εὔχεται</em></strong></span> <span class='ocrx_word' id='word_1_294' title='bbox 1374 2703 1499 2777; x_wconf 72' lang='grc' dir='ltr'><strong><em>ὑπὲρ</em></strong></span> <span class='ocrx_word' id='word_1_295' title='bbox 1531 2703 1674 2774; x_wconf 73' lang='grc' dir='ltr'><strong><em>ὑμῶν</em></strong></span> <span class='ocrx_word' id='word_1_296' title='bbox 1703 2703 1762 2758; x_wconf 76' lang='grc' dir='ltr'><strong><em>τά</em></strong></span> <span class='ocrx_word' id='word_1_297' title='bbox 1792 2703 2029 2758; x_wconf 86' lang='grc' dir='ltr'><strong><em>κάλλιστα.</em></strong></span> <span class='ocrx_word' id='word_1_298' title='bbox 2107 2704 2208 2756; x_wconf 86' lang='grc' dir='ltr'><strong><em>Καὶ</em></strong></span> <span class='ocrx_word' id='word_1_299' title='bbox 2238 2702 2396 2765; x_wconf 70' lang='grc' dir='ltr'><strong><em>οὕτως</em></strong></span> 
     </span>
     <span class='ocr_line' id='line_1_33' title="bbox 460 2792 1243 2867; baseline -0.006 -17"><span class='ocrx_word' id='word_1_300' title='bbox 460 2797 627 2867; x_wconf 86' lang='grc' dir='ltr'><strong><em>γέγονε</em></strong></span> <span class='ocrx_word' id='word_1_301' title='bbox 662 2793 718 2849; x_wconf 80' lang='grc' dir='ltr'><strong><em>τό</em></strong></span> <span class='ocrx_word' id='word_1_302' title='bbox 764 2794 921 2848; x_wconf 80' lang='grc' dir='ltr'><strong><em>αὐτοῦ</em></strong></span> <span class='ocrx_word' id='word_1_303' title='bbox 960 2792 1243 2864; x_wconf 86' lang='grc' dir='ltr'><strong><em>μαρτύριον.</em></strong></span> 
     </span>
    </p>
   </div>
   <div class='ocr_carea' id='block_1_7' title="bbox 461 3125 2396 3634">
    <p class='ocr_par' dir='ltr' id='par_1_8' title="bbox 461 3125 2396 3634">
     <span class='ocr_line' id='line_1_34' title="bbox 603 3125 2396 3200; baseline -0.004 -11"><span class='ocrx_word' id='word_1_304' title='bbox 603 3139 674 3190; x_wconf 86' lang='grc' dir='ltr'><strong><em>Εἰ</em></strong></span> <span class='ocrx_word' id='word_1_305' title='bbox 702 3139 871 3189; x_wconf 88' lang='grc' dir='ltr'><strong><em>τοίνυν</em></strong></span> <span class='ocrx_word' id='word_1_306' title='bbox 900 3132 929 3188; x_wconf 83' lang='grc' dir='ltr'>ὁ</span> <span class='ocrx_word' id='word_1_307' title='bbox 957 3133 1137 3188; x_wconf 90' lang='grc' dir='ltr'><strong><em>τούτου</em></strong></span> <span class='ocrx_word' id='word_1_308' title='bbox 1174 3140 1291 3194; x_wconf 88' lang='grc' dir='ltr'><strong><em>παῖς</em></strong></span> <span class='ocrx_word' id='word_1_309' title='bbox 1328 3132 1580 3186; x_wconf 85' lang='grc' dir='ltr'><strong><em>τοσούτων</em></strong></span> <span class='ocrx_word' id='word_1_310' title='bbox 1622 3133 1744 3185; x_wconf 78' lang='grc' dir='ltr'><strong><em>ἐτῶν</em></strong></span> <span class='ocrx_word' id='word_1_311' title='bbox 1777 3128 1993 3200; x_wconf 80' lang='grc' dir='ltr'><strong><em>ύπῆρχε,</em></strong></span> <span class='ocrx_word' id='word_1_312' title='bbox 2043 3133 2151 3190; x_wconf 80' lang='grc' dir='ltr'><strong><em>πῶς</em></strong></span> <span class='ocrx_word' id='word_1_313' title='bbox 2198 3126 2332 3199; x_wconf 75' lang='grc' dir='ltr'><strong><em>ῑόίρα</em></strong></span> <span class='ocrx_word' id='word_1_314' title='bbox 2365 3125 2396 3182; x_wconf 83' lang='lat' dir='ltr'><strong><em>o‘</em></strong></span> 
     </span>
     <span class='ocr_line' id='line_1_35' title="bbox 461 3211 2396 3291; baseline -0.004 -16"><span class='ocrx_word' id='word_1_315' title='bbox 461 3222 639 3277; x_wconf 91' lang='grc' dir='ltr'><strong><em>τούτου</em></strong></span> <span class='ocrx_word' id='word_1_316' title='bbox 676 3220 866 3291; x_wconf 73' lang='grc' dir='ltr'><strong><em>πατὴρ,</em></strong></span> <span class='ocrx_word' id='word_1_317' title='bbox 920 3221 1112 3287; x_wconf 88' lang='grc' dir='ltr'><strong><em>βλέπων</em></strong></span> <span class='ocrx_word' id='word_1_318' title='bbox 1155 3216 1385 3289; x_wconf 78' lang='grc' dir='ltr'><strong><em>φρικώδη</em></strong></span> <span class='ocrx_word' id='word_1_319' title='bbox 1425 3215 1714 3287; x_wconf 81' lang='grc' dir='ltr'><strong><em>πράγματα,</em></strong></span> <span class='ocrx_word' id='word_1_320' title='bbox 1768 3213 2000 3285; x_wconf 85' lang='grc' dir='ltr'><strong><em>ἀγγέλους</em></strong></span> <span class='ocrx_word' id='word_1_321' title='bbox 2044 3211 2133 3280; x_wconf 77' lang='grc' dir='ltr'><strong><em>τήν</em></strong></span> <span class='ocrx_word' id='word_1_322' title='bbox 2169 3214 2396 3283; x_wconf 86' lang='grc' dir='ltr'><strong><em>γέννησιν</em></strong></span> 
     </span>
     <span class='ocr_line' id='line_1_36' title="bbox 463 3298 2392 3375; baseline -0.006 -13"><span class='ocrx_word' id='word_1_323' title='bbox 463 3314 552 3362; x_wconf 83' lang='grc' dir='ltr'><strong><em>τοῦ</em></strong></span> <span class='ocrx_word' id='word_1_324' title='bbox 604 3310 718 3361; x_wconf 79' lang='grc' dir='ltr'><strong><em>υἱοῦ</em></strong></span> <span class='ocrx_word' id='word_1_325' title='bbox 762 3310 1202 3375; x_wconf 83' lang='grc' dir='ltr'><strong><em>δορυφοροῦντας,</em></strong></span> <span class='ocrx_word' id='word_1_326' title='bbox 1264 3301 1540 3369; x_wconf 71' lang='grc' dir='ltr'><strong><em>ὑμνοῦντας</em></strong></span> <span class='ocrx_word' id='word_1_327' title='bbox 1587 3299 1669 3354; x_wconf 78' lang='grc' dir='ltr'><strong><em>ἀπ’</em></strong></span> <span class='ocrx_word' id='word_1_328' title='bbox 1711 3298 1959 3369; x_wconf 82' lang='grc' dir='ltr'><strong><em>ούρανοῦ,</em></strong></span> <span class='ocrx_word' id='word_1_329' title='bbox 2017 3300 2099 3350; x_wconf 85' lang='grc' dir='ltr'><strong><em>καὶ</em></strong></span> <span class='ocrx_word' id='word_1_330' title='bbox 2146 3300 2392 3368; x_wconf 79' lang='grc' dir='ltr'><strong><em>λέγοντας,</em></strong></span> 
     </span>
     <span class='ocr_line' id='line_1_37' title="bbox 464 3382 2393 3463; baseline -0.005 -16"><span class='ocrx_word' id='word_1_331' title='bbox 464 3392 600 3457; x_wconf 87' lang='grc' dir='ltr'><strong><em>Δόξα</em></strong></span> <span class='ocrx_word' id='word_1_332' title='bbox 632 3396 684 3446; x_wconf 87' lang='grc' dir='ltr'><strong><em>ἐν</em></strong></span> <span class='ocrx_word' id='word_1_333' title='bbox 716 3390 946 3459; x_wconf 74' lang='grc' dir='ltr'><strong><em>ὑψίστοις</em></strong></span> <span class='ocrx_word' id='word_1_334' title='bbox 974 3397 1107 3463; x_wconf 77' lang='grc' dir='ltr'><strong><em>θεῷ,</em></strong></span> <span class='ocrx_word' id='word_1_335' title='bbox 1158 3391 1242 3443; x_wconf 88' lang='grc' dir='ltr'><strong><em>καὶ</em></strong></span> <span class='ocrx_word' id='word_1_336' title='bbox 1274 3390 1355 3441; x_wconf 86' lang='grc' dir='ltr'><strong><em>ἐπὶ</em></strong></span> <span class='ocrx_word' id='word_1_337' title='bbox 1398 3394 1488 3458; x_wconf 82' lang='grc' dir='ltr'><strong><em>γῆς</em></strong></span> <span class='ocrx_word' id='word_1_338' title='bbox 1518 3385 1713 3457; x_wconf 79' lang='grc' dir='ltr'><strong><em>εἰρήνη,</em></strong></span> <span class='ocrx_word' id='word_1_339' title='bbox 1767 3387 1819 3438; x_wconf 90' lang='grc' dir='ltr'><strong><em>ἐν</em></strong></span> <span class='ocrx_word' id='word_1_340' title='bbox 1849 3382 2138 3453; x_wconf 79' lang='grc' dir='ltr'><strong><em>ἀνθρώποις</em></strong></span> <span class='ocrx_word' id='word_1_341' title='bbox 2167 3384 2393 3449; x_wconf 75' lang='grc' dir='ltr'><strong><em>εὐδοκίας</em></strong></span> 
     </span>
     <span class='ocr_line' id='line_1_38' title="bbox 463 3468 2395 3545; baseline -0.004 -13"><span class='ocrx_word' id='word_1_342' title='bbox 463 3481 546 3532; x_wconf 82' lang='grc' dir='ltr'><strong><em>καὶ</em></strong></span> <span class='ocrx_word' id='word_1_343' title='bbox 574 3485 673 3531; x_wconf 80' lang='grc' dir='ltr'><strong><em>τῶν</em></strong></span> <span class='ocrx_word' id='word_1_344' title='bbox 698 3479 945 3544; x_wconf 87' lang='grc' dir='ltr'><strong><em>ποιμένων</em></strong></span> <span class='ocrx_word' id='word_1_345' title='bbox 969 3475 1195 3545; x_wconf 73' lang='grc' dir='ltr'><strong><em>ἡκόντων</em></strong></span> <span class='ocrx_word' id='word_1_346' title='bbox 1221 3477 1289 3537; x_wconf 87' lang='grc' dir='ltr'><strong><em>εἷς</em></strong></span> <span class='ocrx_word' id='word_1_347' title='bbox 1318 3472 1372 3526; x_wconf 78' lang='grc' dir='ltr'><strong><em>τό</em></strong></span> <span class='ocrx_word' id='word_1_348' title='bbox 1400 3472 1640 3540; x_wconf 89' lang='grc' dir='ltr'><strong><em>σπήλαιον</em></strong></span> <span class='ocrx_word' id='word_1_349' title='bbox 1666 3473 1792 3523; x_wconf 71' lang='grc' dir='ltr'><strong><em>ἔνθα</em></strong></span> <span class='ocrx_word' id='word_1_350' title='bbox 1823 3468 2093 3539; x_wconf 86' lang='grc' dir='ltr'><strong><em>ἐγεννήθη,</em></strong></span> <span class='ocrx_word' id='word_1_351' title='bbox 2130 3471 2217 3521; x_wconf 88' lang='grc' dir='ltr'><strong><em>καὶ</em></strong></span> <span class='ocrx_word' id='word_1_352' title='bbox 2243 3475 2395 3524; x_wconf 77' lang='grc' dir='ltr'><strong><em>ταῦτα</em></strong></span> 
     </span>
     <span class='ocr_line' id='line_1_39' title="bbox 466 3552 2394 3634; baseline -0.004 -18"><span class='ocrx_word' id='word_1_353' title='bbox 466 3562 821 3634; x_wconf 88' lang='grc' dir='ltr'><strong><em>ἀγγελλόντων,</em></strong></span> <span class='ocrx_word' id='word_1_354' title='bbox 874 3564 959 3616; x_wconf 88' lang='grc' dir='ltr'><strong><em>καὶ</em></strong></span> <span class='ocrx_word' id='word_1_355' title='bbox 1005 3568 1094 3616; x_wconf 84' lang='grc' dir='ltr'><strong><em>τοῦ</em></strong></span> <span class='ocrx_word' id='word_1_356' title='bbox 1123 3559 1311 3628; x_wconf 81' lang='grc' dir='ltr'><strong><em>Ἰωσὴφ</em></strong></span> <span class='ocrx_word' id='word_1_357' title='bbox 1345 3557 1621 3619; x_wconf 89' lang='grc' dir='ltr'><strong><em>ἀκούοντος</em></strong></span> <span class='ocrx_word' id='word_1_358' title='bbox 1649 3561 1739 3609; x_wconf 83' lang='grc' dir='ltr'><strong><em>τοῦ</em></strong></span> <span class='ocrx_word' id='word_1_359' title='bbox 1768 3553 2076 3624; x_wconf 86' lang='grc' dir='ltr'><strong><em>πρεσβύτου,</em></strong></span> <span class='ocrx_word' id='word_1_360' title='bbox 2127 3556 2209 3608; x_wconf 88' lang='grc' dir='ltr'><strong><em>καὶ</em></strong></span> <span class='ocrx_word' id='word_1_361' title='bbox 2245 3552 2394 3625; x_wconf 81' lang='grc' dir='ltr'><strong><em>ύπερ-</em></strong></span> 
     </span>
    </p>
   </div>
   <div class='ocr_carea' id='block_1_8' title="bbox 464 3726 2394 3844">
    <p class='ocr_par' dir='ltr' id='par_1_9' title="bbox 464 3726 2394 3844">
     <span class='ocr_line' id='line_1_40' title="bbox 529 3726 1961 3782; baseline -0.004 -8"><span class='ocrx_word' id='word_1_362' title='bbox 529 3736 590 3775; x_wconf 84' lang='grc'><strong><em>10.</em></strong></span> <span class='ocrx_word' id='word_1_363' title='bbox 620 3736 692 3777; x_wconf 80' lang='grc' dir='ltr'><strong><em>τοῦ</em></strong></span> <span class='ocrx_word' id='word_1_364' title='bbox 720 3738 846 3777; x_wconf 83' lang='lat' dir='ltr'><strong><em>omiss.</em></strong></span> <span class='ocrx_word' id='word_1_365' title='bbox 875 3738 915 3776; x_wconf 78' lang='lat' dir='ltr'><strong><em>in</em></strong></span> <span class='ocrx_word' id='word_1_366' title='bbox 943 3736 1001 3777; x_wconf 80' lang='lat' dir='ltr'><strong><em>ed.</em></strong></span> <span class='ocrx_word' id='word_1_367' title='bbox 1022 3736 1156 3776; x_wconf 78' lang='lat' dir='ltr'><strong><em>Petav.</em></strong></span> <span class='ocrx_word' id='word_1_368' title='bbox 1184 3736 1313 3775; x_wconf 83' lang='lat' dir='ltr'><em>Colon.</em></span> <span class='ocrx_word' id='word_1_369' title='bbox 1339 3744 1399 3773; x_wconf 78' lang='lat' dir='ltr'><strong><em>re·</em></strong></span> <span class='ocrx_word' id='word_1_370' title='bbox 1455 3744 1496 3782; x_wconf 82' lang='lat' dir='ltr'><strong><em>p.</em></strong></span> <span class='ocrx_word' id='word_1_371' title='bbox 1518 3726 1625 3779; x_wconf 75' lang='lat'><strong>460,</strong></span> <span class='ocrx_word' id='word_1_372' title='bbox 1658 3726 1722 3769; x_wconf 88' lang='grc'><strong><em>13.</em></strong></span> <span class='ocrx_word' id='word_1_373' title='bbox 1751 3729 1811 3768; x_wconf 85' lang='lat' dir='ltr'><strong><em>ed.</em></strong></span> <span class='ocrx_word' id='word_1_374' title='bbox 1840 3729 1961 3768; x_wconf 83' lang='lat' dir='ltr'><strong><em>Bonn.</em></strong></span> 
     </span>
     <span class='ocr_line' id='line_1_41' title="bbox 464 3785 2394 3844; baseline -0.003 -13"><span class='ocrx_word' id='word_1_375' title='bbox 464 3794 599 3844; x_wconf 79' lang='lat' dir='ltr'><strong><em>petita.</em></strong></span> <span class='ocrx_word' id='word_1_376' title='bbox 1521 3786 1559 3827; x_wconf 84' lang='lat'><strong><em>2.</em></strong></span> <span class='ocrx_word' id='word_1_377' title='bbox 1591 3785 1673 3828; x_wconf 78' lang='grc' dir='ltr'><strong><em>τῶν</em></strong></span> <span class='ocrx_word' id='word_1_378' title='bbox 1704 3787 1831 3826; x_wconf 84' lang='lat' dir='ltr'><em>omiss.</em></span> <span class='ocrx_word' id='word_1_379' title='bbox 1857 3786 1899 3825; x_wconf 81' lang='lat' dir='ltr'><strong><em>in</em></strong></span> <span class='ocrx_word' id='word_1_380' title='bbox 1918 3786 1978 3825; x_wconf 84' lang='lat' dir='ltr'><strong><em>ed.</em></strong></span> <span class='ocrx_word' id='word_1_381' title='bbox 2006 3787 2138 3826; x_wconf 80' lang='lat' dir='ltr'><strong><em>Pelav.</em></strong></span> <span class='ocrx_word' id='word_1_382' title='bbox 2175 3786 2303 3826; x_wconf 74' lang='lat' dir='ltr'><strong><em>Coton.</em></strong></span> <span class='ocrx_word' id='word_1_383' title='bbox 2332 3795 2394 3826; x_wconf 86' lang='lat' dir='ltr'><strong><em>re-</em></strong></span> 
     </span>
    </p>
   </div>
   <div class='ocr_carea' id='block_1_9' title="bbox 529 3846 1534 3900">
    <p class='ocr_par' dir='ltr' id='par_1_10' title="bbox 529 3846 1534 3900">
     <span class='ocr_line' id='line_1_42' title="bbox 529 3846 1534 3900; baseline -0.008 -10"><span class='ocrx_word' id='word_1_384' title='bbox 529 3847 622 3890; x_wconf 66' lang='lat' dir='ltr'><strong>CAP.</strong></span> <span class='ocrx_word' id='word_1_385' title='bbox 653 3848 770 3888; x_wconf 77' lang='lat' dir='ltr'>XIV.</span> <span class='ocrx_word' id='word_1_386' title='bbox 807 3872 853 3878; x_wconf 82' lang='lat'>-</span> <span class='ocrx_word' id='word_1_387' title='bbox 919 3848 950 3891; x_wconf 78' lang='grc' dir='ltr'><strong><em>Ι.</em></strong></span> <span class='ocrx_word' id='word_1_388' title='bbox 998 3848 1058 3900; x_wconf 71' lang='lat' dir='ltr'><strong><em>Cf.</em></strong></span> <span class='ocrx_word' id='word_1_389' title='bbox 1087 3848 1228 3889; x_wconf 76' lang='lat' dir='ltr'><strong><em>chron.</em></strong></span> <span class='ocrx_word' id='word_1_390' title='bbox 1266 3846 1401 3898; x_wconf 68' lang='lat' dir='ltr'><em>Pasch.</em></span> <span class='ocrx_word' id='word_1_391' title='bbox 1460 3847 1534 3897; x_wconf 78' lang='lat' dir='ltr'><strong><em>pet.</em></strong></span> 
     </span>
    </p>
   </div>
  </div>
 </body>
</html>
