2508 4134
214 1468 327 1525 Κεφ.
356 1466 410 1514 κ’.

227 1749 312 1787 pag.
343 1740 418 1778 867.

452 263 550 317 108
1156 269 1362 313 smum-1
1389 271 1678 313 EPIPHANII

448 393 564 440 μεν,
602 372 773 439 ἔχομεν
800 373 872 442 τῷ
899 365 1106 436 ὀνόματι
1130 374 1222 422 τοῦ
1245 367 1431 440 πατρὸς
1454 369 1928 437 συνυπακουομένην
1948 366 2041 438 τήν
2070 371 2264 426 ἔννοιαν
2288 378 2381 427 τοῦ

445 458 574 511 υἱοῦ.
652 451 828 525 Πατὴρ
869 451 963 524 γὰρ
1005 456 1121 507 υἱοῦ
1160 452 1322 524 πατὴρ
1362 455 1560 526 λέγεται.
1639 452 1751 507 Κᾶν
1791 451 1905 507 υἱὸν
1936 453 2091 523 μόνον
2120 455 2380 526 ὀνομάσω·-

445 563 533 610 μεν
549 584 563 607 ,
605 546 631 578 4
648 542 819 608 ἔχομεν
841 537 931 608 τὴν
955 540 1150 593 ἔννοιαν
1179 545 1270 594 τοῦ
1295 540 1498 610 πατρὸς,
1537 539 1613 594 ὅτι
1639 538 1750 602 υἱός
1774 538 1960 611 πατρὸς
1982 541 2179 612 λέγεται.
2239 540 2380 612 ’Ἐχε-

443 650 522 681 ται
558 624 652 697 γὰρ
690 623 905 696 θάτερον
947 626 1190 697 θατέρου,
1240 627 1322 680 καὶ
1364 626 1425 681 οὗ
1466 624 1777 680 διακόπτεται
1809 623 1843 694 ἦ
1873 627 2042 698 σχέσις.
2113 623 2254 682 Ἀλλᾶ
2294 629 2380 683 καὶ

446 711 601 781 μόνον
640 709 872 783 ἑκάτερον
900 710 1160 782 λεγόμενον
1188 710 1459 783 συνειςάγει
1481 713 1701 783 θατέρου
1728 709 1819 779 τὴν
1851 713 2072 779 ἔννοιαν,
2118 714 2206 767 καὶ
2235 711 2298 768 ού
2322 712 2378 769 τό

445 796 603 866 ὄνομα
632 796 807 865 μόνον,
847 796 967 850 ἄλλα
993 796 1113 865 μετα
1142 804 1231 852 τοῦ
1263 795 1504 867 ὀνόματος
1524 799 1607 851 καὶ
1634 803 1720 866 τῆς
1749 795 1947 864 φύσεως
1972 796 2064 867 τὴν
2091 798 2379 868 οἰκειότητα.

449 883 649 953 Πατέρα
686 881 779 952 γαρ
807 888 1035 945 νοοῦντες
1064 881 1152 937 τόν
1182 883 1305 938 θεὸν
1331 890 1458 938 θεοῦ
1482 889 1694 952 νοοῦμεν
1718 884 1932 954 πατέρα,
1969 885 2052 937 καὶ
2074 883 2185 938 vidae
2207 890 2381 939 νοοῦν-

442 983 522 1032 τες
542 973 671 1022 θεοῦ
694 966 821 1022 θεόν
841 974 1053 1037 νοοῦμεν
1074 967 1160 1023 τὸν
1186 971 1405 1040 ρηθέντα
1427 968 1540 1024 υἱόν
1567 974 1709 1035 θεοῦ,
1747 970 1831 1022 καὶ
1857 968 2034 1037 ὅμοιον
2061 971 2228 1044 ἐκείνῳ
2254 967 2380 1024 κατὰ

442 1052 533 1123 τὴν
573 1053 726 1121 φύσιν
768 1047 832 1108 οὗ
871 1055 957 1108 καὶ
982 1061 1166 1109 νοεῖται
1200 1055 1324 1118 υἱός.
1401 1055 1695 1126 Ἀγέννητον
1735 1055 1790 1108 δὲ
1827 1054 1889 1108 οὗ
1925 1055 2107 1126 λέγεται
2145 1060 2380 1128 γεννητοῦ

444 1137 737 1212 οἷγέννητον,
776 1138 893 1195 οὐδὲ
927 1138 1159 1211 γεννητὸν
1195 1139 1464 1213 ἆγεννήτου
1501 1138 1747 1212 γεννητόν.

580 1482 782 1553 Ἐπειδὴ
809 1487 977 1538 τοίνυν
1017 1482 1129 1537 οὔτε
1170 1481 1261 1552 τὴν
1299 1484 1426 1553 πρὸς
1457 1482 1631 1552 ἄλληλα
1663 1484 1823 1552 σχέσιν
1853 1485 1946 1553 ἔχει
1973 1483 2034 1537 τὰ
2063 1490 2154 1539 τοῦ
2181 1483 2383 1556 ἀγεννή-

443 1592 535 1625 του
562 1572 648 1624 καὶ
673 1576 936 1641 γεννητοῦ,
976 1567 1089 1623 οῦτε
1113 1573 1434 1637 συνεμφαίνει
1459 1568 1549 1639 τὴν
1575 1568 1754 1636 φύσιν,
1790 1577 2069 1624 κοινοποιεῖ
2089 1571 2142 1625 δὲ
2167 1569 2294 1643 πρὸς
2319 1570 2382 1627 vo}

442 1655 590 1711 λοιποὶ
619 1654 870 1725 ποιήματα
897 1660 986 1708 τοῦ
1012 1657 1126 1709 υἱοῦ
1149 1654 1239 1724 τὴν
1264 1654 1509 1724 ἰδιότητα,
1548 1655 1610 1709 οὐ
1637 1657 1883 1724 δεξόμεθα
1911 1656 1998 1724 μὲν
2021 1654 2106 1710 διὰ
2131 1655 2224 1725 τὴν
2254 1655 2383 1728 πρός

444 1740 674 1811 ἀσέβειαν
709 1745 954 1811 μεθοδίαν
981 1740 1041 1795 τοὶ
1069 1740 1318 1810 ὀνόματα,
1369 1741 1447 1795 ἀεὶ
1481 1742 1533 1795 δὲ
1554 1747 1623 1815 τῷ
1647 1747 1738 1795 τοῦ
1766 1740 1952 1812 πατρός
1978 1743 2064 1796 καὶ
2093 1745 2209 1797 υἱοῦ
2235 1736 2383 1807 ὅσίως

442 1827 744 1899 χρησόμεθα.
824 1833 1037 1899 Πρῶτον
1065 1828 1154 1896 μὲν
1193 1821 1286 1881 οὖν
1322 1826 1397 1881 ὅτι
1421 1829 1472 1882 οἱ
1500 1830 1549 1891 ἐξ
1579 1829 1746 1881 ἐθνῶν
1775 1828 2039 1896 κληθέντες
2067 1826 2159 1883 ούκ
2186 1830 2379 1897 ἐβαπτί-

443 1922 635 1983 σθημεν
666 1916 736 1977 εἰς
760 1911 1021 1984 ἀγέννητον
1047 1915 1132 1967 καὶ
1157 1912 1407 1984 γεννητόν,
1446 1911 1546 1966 ἀλλ’
1573 1915 1642 1976 εἰς
1667 1914 1854 1984 πατέρα
1878 1915 1961 1967 καὶ
1990 1912 2116 1968 υἱόν.
2176 1912 2383 1977 Ἔπειτα

442 1999 517 2054 ὅτι
543 2000 771 2070 οὐδαμοῦ
800 1997 1072 2070 εύρίσκεται
1106 1997 1136 2053 ό
1161 1997 1273 2061 υἱὸς
1296 1997 1502 2070 εἰρηκώς
1527 1996 1614 2053 τὸν
1653 2000 1834 2053 ἑαυτοῦ
1875 2001 2062 2071 πατέρα
2092 1998 2381 2071 ἀγέννητον,

439 2084 559 2139 ἀλλὰ
602 2083 676 2139 ἀεὶ
715 2087 902 2156 πατέρα
938 2083 1149 2157 εἰρηκώς
1187 2083 1274 2138 τόν
1300 2083 1449 2149 θεὸν,
1512 2085 1634 2138 ικαὶ
1675 2082 1750 2137 ἇεὶ
1786 2082 1962 2138 ἑαυτὸν
2001 2084 2115 2139 υἱὸν
2140 2092 2232 2140 τοῦ
2255 2092 2384 2141 θεοῦ

442 2178 491 2242 (2
509 2169 646 2243 ὀλίγα
679 2172 1131 2242 παρασημειωτέον)
1178 2169 1448 2232 ἀκούοντες
1483 2167 1638 2224 αύτοῦ
1662 2171 1913 2241 λέγοντος,
1964 2173 2038 2224 Εἰ
2059 2169 2279 2242 ἠγαπᾶτέ
2305 2192 2380 2240 με,

439 2255 639 2327 ἐχάρητε
678 2255 738 2309 ὅὶν
775 2257 852 2310 ὅτι
891 2254 1167 2327 πορεύομαι
1202 2254 1330 2327 πρὸς
1371 2254 1455 2309 τόν
1491 2257 1680 2327 πατέρα
1715 2278 1840 2324 μου,
1893 2257 2003 2322 καὶ,
2042 2255 2141 2310 “Ον
2168 2254 2199 2310 ὅ
2220 2255 2380 2328 πατὴρ
2428 2315 2432 2320 ,

439 2340 609 2413 ἡγίασε
632 2343 715 2395 καὶ
741 2337 1018 2396 ἀπέστειλεν
1046 2343 1116 2403 εἰς
1137 2339 1222 2395 τόν
1243 2340 1448 2409 κόσμον,
1489 2342 1596 2410 ἐμοὶ
1619 2347 1785 2410 χολᾶτε
1809 2340 1886 2396 ὅτι
1914 2339 2071 2407 εἷπον,
2106 2340 2226 2406 Τὶὁς
2253 2349 2381 2397 θεοῦ

438 2430 563 2496 εἰμι,
617 2429 728 2492 καὶ,
771 2424 904 2498 Ἐγώ
947 2429 1000 2480 ἐκ
1029 2433 1119 2480 τοῦ
1150 2425 1338 2497 πατρὸς
1368 2429 1605 2495 ἐξῆλθον,
1660 2429 1744 2480 καὶ
1784 2427 1914 2496 ἥκω·
1968 2430 2176 2496 ἐξῆλθον
2205 2430 2260 2483 ἐκ
2291 2436 2382 2483 τοῦ

438 2512 650 2584 πατρὸς,
694 2519 716 2550 ³
734 2513 818 2566 καὶ
851 2511 1067 2580 ἐλήλυθα
1089 2514 1158 2575 εἰς
1180 2510 1266 2566 τὸν
1295 2510 1510 2581 κόσμον,
1548 2511 1694 2567 πάλιν
1720 2513 1903 2582 ἀφίημι
1929 2510 2017 2567 τόν
2043 2512 2260 2582 κόσμον,
2295 2516 2382 2568 καὶ

437 2598 713 2670 πορεύομαι
740 2596 868 2668 πρός
897 2596 982 2651 τόν
1012 2599 1223 2669 πατέρα,
1262 2600 1346 2652 καὶ
1378 2597 1411 2667 ἦ
1439 2596 1670 2669 ὁμολογία
1702 2599 1756 2652 δὲ
1782 2605 1872 2652 τοῦ
1906 2600 2126 2670 Πέτρου,
2165 2597 2244 2651 Σύ
2275 2597 2325 2653 εἶ
2351 2597 2383 2654 ὅ

442 2682 656 2756 Χριστός
685 2681 714 2737 ὅ
742 2683 852 2747 υἱὸς
888 2689 977 2737 τοῦ
1006 2690 1155 2738 θεοῦ·
1204 2685 1290 2738 καὶ
1323 2682 1352 2738 ὅ
1376 2682 1538 2755 πατὴρ
1569 2682 1795 2749 ι’ίνωθεν,
1857 2678 2020 2747 Οὗτός
2051 2687 2180 2739 ἐστιν
2211 2682 2242 2738 ὅ
2268 2684 2382 2748 υἱός

437 2793 534 2839 μου
562 2767 592 2824 ὅ
616 2768 884 2841 ἀγαπητός.
960 2771 1061 2823 Καὶ
1093 2767 1176 2823 διοὶ
1213 2776 1383 2836 τοῦτο,
1436 2768 1606 2838 ἐπειδὴ
1647 2769 1807 2833 οὕτως
1840 2772 1923 2824 καὶ
1952 2768 2114 2840 πατὴρ
2153 2772 2270 2824 υἱοῦ
2298 2773 2380 2838 μέ-

438 2878 644 2925 μνηται,
697 2857 782 2910 καὶ
819 2854 930 2920 υἱός
970 2854 1182 2927 πατρός,
1237 2857 1321 2909 καὶ
1362 2857 1414 2909 ἐν
1446 2854 1639 2918 τούτοις
1676 2864 1780 2919 τοῖς
1817 2855 2027 2925 ὀνόμασι
2062 2853 2227 2919 (πάλιν
2264 2857 2378 2927 ἐρῶ)

441 2944 873 3012 ἐσφραγίσθημεν,
911 2940 1108 3004 τούτοις
1133 2943 1219 2995 καὶ
1248 2940 1323 2994 ἀεὶ
1353 2940 1667 3011 χρησόμεθα,
1708 2939 2105 3012 ἅποκρουόμενοι
2136 2939 2224 3004 τοὶς
2250 2939 2378 2996 κατοὶ

435 3033 525 3095 τῆς
548 3025 876 3095 ἄποστολικῆς
901 3030 1107 3089 πίστεως
1131 3026 1371 3095 βεβήλους
1394 3031 1718 3095 κενοφωνίας.
1793 3025 1858 3081 Τὸ
1886 3025 1980 3097 γάρ
2007 3023 2144 3096 παρὰ
2166 3031 2256 3079 τοῦ
2283 3048 2377 3080 πα-

436 3111 552 3182 τρὸς
583 3113 862 3182 εἰρημένον,
924 3119 1044 3175 Ταῖς
1068 3111 1375 3183 λαμπρότησι
1416 3119 1515 3166 τῶν
1547 3110 1702 3183 ἁγίων
1745 3115 1798 3166 ἐκ
1824 3109 2034 3183 γαστρός
2062 3110 2158 3180 πρὸ
2192 3110 2378 3180 ἓωςφό-

439 3219 530 3269 ρου
560 3196 793 3268 ἐγέννησα
831 3215 910 3263 σε,
967 3196 1247 3267 ἀναγκαίως
1277 3201 1489 3268 εἴρηται,
1543 3199 1627 3251 καὶ
1657 3194 1835 3261 α’πᾶξει
1859 3203 1947 3265 τῆς
1982 3195 2264 3264 κοινότητος
2290 3203 2379 3266 τῆς

439 3281 565 3354 πρός
592 3282 651 3336 τοὶ
682 3281 932 3352 ποιήματα
973 3290 1109 3348 (τοῖς)
1139 3282 1224 3336 τόν
1255 3282 1369 3337 υἱὸν
1394 3290 1483 3338 τοῦ
1509 3280 1721 3354 πατρὸς,
1774 3284 1859 3335 καὶ
1887 3280 1973 3335 τὸν
2000 3283 2049 3345 ἐξ
2078 3281 2234 3335 αὐτοῦ
2259 3281 2376 3354 γνή-

440 3386 547 3422 σιον
575 3370 660 3422 καὶ
692 3371 828 3431 ἰδίως
853 3369 1203 3439 γεγεννημένον
1229 3367 1368 3434 υἱὸν,
1408 3368 1491 3422 διὰ
1522 3374 1611 3421 τοῦ
1635 3365 1759 3420 κατὰ
1787 3365 1877 3434 τὴν
1899 3368 2109 3437 γαστέρα
2134 3366 2378 3436 ὀνόματος

442 3453 780 3516 παιδεύοντος.
852 3451 938 3517 Ὡς
966 3452 1150 3521 ὁμοίως
1173 3456 1259 3508 καὶ
1285 3452 1314 3507 ὁ
1353 3453 1493 3520 υἱός,
1543 3452 1716 3524 κύριος
1745 3452 1901 3505 ἕκτισέ
1927 3473 2009 3519 με,
2062 3451 2241 3519 εἰπών,
2291 3457 2375 3509 ’ἵνα

440 3539 889 3608 καινοποιουμένην
925 3537 1078 3593 αὐτοῦ
1120 3538 1246 3611 πρὸς
1287 3537 1346 3592 τοὶ
1391 3537 1539 3594 λοιποὶ
1578 3542 1815 3606 κτίσματα
1851 3534 2236 3607 ύποπτεύσωμεν
2284 3537 2376 3608 τήν

497 3677 536 3723 4.
556 3680 704 3738 ἔχομεν
729 3686 945 3725 emendatio
971 3689 1025 3726 est
1044 3688 1237 3736 Cornarii,
1258 3697 1377 3737 quam
1435 3683 1650 3725 notionem
1669 3679 1796 3737 patris
1816 3685 1899 3722 cett.
1932 3680 2133 3739 ἐχομένην
2153 3686 2264 3726 codd.
2278 3696 2371 3726 mss.

439 3742 580 3791 recepit
621 3741 834 3793 Petavius;
887 3745 1000 3784 vertit
1034 3745 1137 3784 enim
1179 3742 1375 3784 habemus
1435 3745 1470 3783 et
1498 3741 1556 3782 ed.
1584 3742 1711 3794 princ,
1741 3743 1795 3780 est
1825 3741 2032 3793 scriptura.
