<?xml version="1.0" encoding="UTF-8"?>
<!DOCTYPE html PUBLIC "-//W3C//DTD XHTML 1.0 Transitional//EN"
    "http://www.w3.org/TR/xhtml1/DTD/xhtml1-transitional.dtd">
<html xmlns="http://www.w3.org/1999/xhtml" xml:lang="en" lang="en">
 <head>
  <title>
</title>
<meta http-equiv="Content-Type" content="text/html;charset=utf-8" />
  <meta name='ocr-system' content='tesseract 3.04.00' />
  <meta name='ocr-capabilities' content='ocr_page ocr_carea ocr_par ocr_line ocrx_word'/>
</head>
<body>
  <div class='ocr_page' id='page_1' title='image "./pt3corporishaere02epipuoft/pt3corporishaere02epipuoft_0197.png"; bbox 0 0 2508 4134; ppageno 0'>
   <div class='ocr_carea' id='block_1_1' title="bbox 554 296 2046 354">
    <p class='ocr_par' dir='ltr' id='par_1_1' title="bbox 554 296 2046 354">
     <span class='ocr_line' id='line_1_1' title="bbox 554 296 2046 354; baseline -0.003 -4"><span class='ocrx_word' id='word_1_1' title='bbox 554 309 777 351; x_wconf 71' lang='lat' dir='ltr'>PANARn</span> <span class='ocrx_word' id='word_1_2' title='bbox 806 309 909 349; x_wconf 76' lang='lat' dir='ltr'>Lm.</span> <span class='ocrx_word' id='word_1_3' title='bbox 940 310 1012 349; x_wconf 86' lang='grc' dir='ltr'>ιιι.</span> <span class='ocrx_word' id='word_1_4' title='bbox 1042 311 1173 352; x_wconf 80' lang='grc' dir='ltr'><strong>ΤοΜ.</strong></span> <span class='ocrx_word' id='word_1_5' title='bbox 1201 312 1232 351; x_wconf 90' lang='lat'>1.</span> <span class='ocrx_word' id='word_1_6' title='bbox 1264 312 1426 352; x_wconf 71' lang='lat' dir='ltr'>men.</span> <span class='ocrx_word' id='word_1_7' title='bbox 1453 312 1629 354; x_wconf 83' lang='lat' dir='ltr'>Lxxv.</span> <span class='ocrx_word' id='word_1_8' title='bbox 1950 296 2046 348; x_wconf 84' lang='grc'>187</span> 
     </span>
    </p>
   </div>
   <div class='ocr_carea' id='block_1_2' title="bbox 154 406 2056 555">
    <p class='ocr_par' dir='ltr' id='par_1_2' title="bbox 154 406 2056 555">
     <span class='ocr_line' id='line_1_2' title="bbox 155 406 2056 475; baseline -0.003 -16"><span class='ocrx_word' id='word_1_9' title='bbox 155 408 301 469; x_wconf 84' lang='lat' dir='ltr'>tinet,</span> <span class='ocrx_word' id='word_1_10' title='bbox 357 407 415 457; x_wconf 87' lang='lat' dir='ltr'>de</span> <span class='ocrx_word' id='word_1_11' title='bbox 445 423 539 474; x_wconf 89' lang='lat' dir='ltr'>quo</span> <span class='ocrx_word' id='word_1_12' title='bbox 568 406 894 458; x_wconf 88' lang='lat' dir='ltr'>testimonium</span> <span class='ocrx_word' id='word_1_13' title='bbox 929 407 1039 457; x_wconf 84' lang='lat' dir='ltr'>ittud</span> <span class='ocrx_word' id='word_1_14' title='bbox 1077 407 1300 475; x_wconf 87' lang='lat' dir='ltr'>protulit:</span> <span class='ocrx_word' id='word_1_15' title='bbox 1352 413 1529 458; x_wconf 81' lang='lat' dir='ltr'><em>Pascha</em></span> <span class='ocrx_word' id='word_1_16' title='bbox 1559 419 1765 459; x_wconf 83' lang='lat' dir='ltr'>nostrum</span> <span class='ocrx_word' id='word_1_17' title='bbox 1796 409 2056 458; x_wconf 74' lang='lat' dir='ltr'>immolatus</span> 
     </span>
     <span class='ocr_line' id='line_1_3' title="bbox 154 490 2055 555; baseline -0.001 -13"><span class='ocrx_word' id='word_1_18' title='bbox 154 501 225 542; x_wconf 80' lang='lat' dir='ltr'>est</span> <span class='ocrx_word' id='word_1_19' title='bbox 258 494 501 551; x_wconf 50' lang='lat' dir='ltr'>Christum</span> <span class='ocrx_word' id='word_1_20' title='bbox 561 490 691 540; x_wconf 84' lang='lat' dir='ltr'>illum</span> <span class='ocrx_word' id='word_1_21' title='bbox 734 491 1034 553; x_wconf 84' lang='lat' dir='ltr'>intueamur,</span> <span class='ocrx_word' id='word_1_22' title='bbox 1089 490 1224 541; x_wconf 91' lang='lat' dir='ltr'>cuins</span> <span class='ocrx_word' id='word_1_23' title='bbox 1254 491 1344 542; x_wconf 88' lang='lat' dir='ltr'>ista</span> <span class='ocrx_word' id='word_1_24' title='bbox 1375 511 1473 543; x_wconf 87' lang='lat' dir='ltr'>vox</span> <span class='ocrx_word' id='word_1_25' title='bbox 1505 503 1607 555; x_wconf 90' lang='lat' dir='ltr'>est,</span> <span class='ocrx_word' id='word_1_26' title='bbox 1666 502 1931 544; x_wconf 77' lang='lat' dir='ltr'>utrumnam</span> <span class='ocrx_word' id='word_1_27' title='bbox 1975 507 2055 541; x_wconf 89' lang='lat' dir='ltr'>ce-</span> 
     </span>
    </p>
   </div>
   <div class='ocr_carea' id='block_1_3' title="bbox 2119 414 2249 500">
    <p class='ocr_par' dir='ltr' id='par_1_3' title="bbox 2119 414 2249 500">
     <span class='ocr_line' id='line_1_4' title="bbox 2119 414 2249 449; baseline -0.015 0"><span class='ocrx_word' id='word_1_28' title='bbox 2119 414 2149 449; x_wconf 93' lang='lat'>1.</span> <span class='ocrx_word' id='word_1_29' title='bbox 2163 414 2249 449; x_wconf 80' lang='lat' dir='ltr'>cor.</span> 
     </span>
     <span class='ocr_line' id='line_1_5' title="bbox 2140 457 2224 500; baseline -0.024 -9"><span class='ocrx_word' id='word_1_30' title='bbox 2140 458 2174 500; x_wconf 89' lang='lat'>5,</span> <span class='ocrx_word' id='word_1_31' title='bbox 2193 457 2224 490; x_wconf 68' lang='lat' dir='ltr'>t.</span> 
     </span>
    </p>
   </div>
   <div class='ocr_carea' id='block_1_4' title="bbox 152 572 2293 643">
    <p class='ocr_par' dir='ltr' id='par_1_4' title="bbox 152 572 2293 643">
     <span class='ocr_line' id='line_1_6' title="bbox 152 572 2293 643; baseline 0 -17"><span class='ocrx_word' id='word_1_32' title='bbox 152 574 352 626; x_wconf 82' lang='lat' dir='ltr'>lebrarit</span> <span class='ocrx_word' id='word_1_33' title='bbox 379 574 501 642; x_wconf 87' lang='lat' dir='ltr'>ipse.</span> <span class='ocrx_word' id='word_1_34' title='bbox 581 572 653 624; x_wconf 91' lang='lat' dir='ltr'>De</span> <span class='ocrx_word' id='word_1_35' title='bbox 683 590 740 623; x_wconf 89' lang='lat' dir='ltr'>eo</span> <span class='ocrx_word' id='word_1_36' title='bbox 774 592 891 625; x_wconf 86' lang='lat' dir='ltr'>vero</span> <span class='ocrx_word' id='word_1_37' title='bbox 920 574 990 624; x_wconf 92' lang='lat' dir='ltr'>sic</span> <span class='ocrx_word' id='word_1_38' title='bbox 1020 575 1247 643; x_wconf 89' lang='lat' dir='ltr'>scriptum</span> <span class='ocrx_word' id='word_1_39' title='bbox 1278 585 1379 625; x_wconf 88' lang='lat' dir='ltr'>est:</span> <span class='ocrx_word' id='word_1_40' title='bbox 1431 579 1701 627; x_wconf 81' lang='lat' dir='ltr'>Feste&#39;nabat</span> <span class='ocrx_word' id='word_1_41' title='bbox 1725 588 1780 627; x_wconf 86' lang='lat' dir='ltr'>ut</span> <span class='ocrx_word' id='word_1_42' title='bbox 1800 579 2057 627; x_wconf 83' lang='lat' dir='ltr'><em>celebraret</em></span> <span class='ocrx_word' id='word_1_43' title='bbox 2072 582 2221 626; x_wconf 70' lang='lat' dir='ltr'>Act-²⁰,</span> <span class='ocrx_word' id='word_1_44' title='bbox 2241 583 2293 618; x_wconf 74' lang='lat'>1⁶·</span> 
     </span>
    </p>
   </div>
   <div class='ocr_carea' id='block_1_5' title="bbox 142 656 2061 3679">
    <p class='ocr_par' dir='ltr' id='par_1_5' title="bbox 147 656 2061 2667">
     <span class='ocr_line' id='line_1_7' title="bbox 155 656 2050 729; baseline 0.001 -20"><span class='ocrx_word' id='word_1_45' title='bbox 155 663 450 710; x_wconf 80' lang='lat' dir='ltr'><em>Pentecosten</em></span> <span class='ocrx_word' id='word_1_46' title='bbox 488 660 798 723; x_wconf 73' lang='lat' dir='ltr'>leros-clymis.</span> <span class='ocrx_word' id='word_1_47' title='bbox 878 657 1092 726; x_wconf 82' lang='lat' dir='ltr'><strong>Ecquam</strong></span> <span class='ocrx_word' id='word_1_48' title='bbox 1135 676 1253 709; x_wconf 89' lang='lat' dir='ltr'>vero</span> <span class='ocrx_word' id='word_1_49' title='bbox 1286 656 1610 710; x_wconf 67' lang='lat' dir='ltr'>Pentecosten</span> <span class='ocrx_word' id='word_1_50' title='bbox 1654 659 1831 712; x_wconf 87' lang='lat' dir='ltr'>Paulus</span> <span class='ocrx_word' id='word_1_51' title='bbox 1863 670 2050 729; x_wconf 83' lang='lat' dir='ltr'>ageret,</span> 
     </span>
     <span class='ocr_line' id='line_1_8' title="bbox 153 740 2056 812; baseline 0.001 -18"><span class='ocrx_word' id='word_1_52' title='bbox 153 743 243 794; x_wconf 89' lang='lat' dir='ltr'>nisi</span> <span class='ocrx_word' id='word_1_53' title='bbox 274 740 460 794; x_wconf 83' lang='lat' dir='ltr'>Pascha</span> <span class='ocrx_word' id='word_1_54' title='bbox 491 743 622 811; x_wconf 89' lang='lat' dir='ltr'>prins</span> <span class='ocrx_word' id='word_1_55' title='bbox 652 741 884 793; x_wconf 85' lang='lat' dir='ltr'>obiisset?</span> <span class='ocrx_word' id='word_1_56' title='bbox 958 740 1079 809; x_wconf 84' lang='lat' dir='ltr'>Quis</span> <span class='ocrx_word' id='word_1_57' title='bbox 1108 751 1183 793; x_wconf 89' lang='lat' dir='ltr'>est</span> <span class='ocrx_word' id='word_1_58' title='bbox 1209 743 1391 811; x_wconf 78' lang='lat' dir='ltr'>uspiam</span> <span class='ocrx_word' id='word_1_59' title='bbox 1424 752 1661 794; x_wconf 86' lang='lat' dir='ltr'>terrarum</span> <span class='ocrx_word' id='word_1_60' title='bbox 1690 746 1767 812; x_wconf 92' lang='lat' dir='ltr'>qui</span> <span class='ocrx_word' id='word_1_61' title='bbox 1795 764 1886 795; x_wconf 92' lang='lat' dir='ltr'>non</span> <span class='ocrx_word' id='word_1_62' title='bbox 1919 746 1964 796; x_wconf 90' lang='lat' dir='ltr'>in</span> <span class='ocrx_word' id='word_1_63' title='bbox 1996 762 2056 796; x_wconf 90' lang='lat' dir='ltr'>eo</span> 
     </span>
     <span class='ocr_line' id='line_1_9' title="bbox 154 826 2056 894; baseline 0.002 -17"><span class='ocrx_word' id='word_1_64' title='bbox 154 827 453 887; x_wconf 71' lang='lat' dir='ltr'>consentiat,</span> <span class='ocrx_word' id='word_1_65' title='bbox 509 835 756 894; x_wconf 89' lang='lat' dir='ltr'>quartam,</span> <span class='ocrx_word' id='word_1_66' title='bbox 807 835 1059 877; x_wconf 87' lang='lat' dir='ltr'>sextamve</span> <span class='ocrx_word' id='word_1_67' title='bbox 1109 827 1271 877; x_wconf 86' lang='lat' dir='ltr'>feriam</span> <span class='ocrx_word' id='word_1_68' title='bbox 1314 826 1502 877; x_wconf 88' lang='lat' dir='ltr'>solenni</span> <span class='ocrx_word' id='word_1_69' title='bbox 1542 827 1588 878; x_wconf 90' lang='lat' dir='ltr'>in</span> <span class='ocrx_word' id='word_1_70' title='bbox 1633 829 1836 878; x_wconf 82' lang='lat' dir='ltr'>ecclesia</span> <span class='ocrx_word' id='word_1_71' title='bbox 1877 829 2056 880; x_wconf 88' lang='lat' dir='ltr'>ieiunio</span> 
     </span>
     <span class='ocr_line' id='line_1_10' title="bbox 152 908 2055 980; baseline 0.001 -19"><span class='ocrx_word' id='word_1_72' title='bbox 152 912 520 961; x_wconf 76' lang='lat' dir='ltr'>consecratam?</span> <span class='ocrx_word' id='word_1_73' title='bbox 593 908 734 977; x_wconf 81' lang='lat' dir='ltr'>Quod</span> <span class='ocrx_word' id='word_1_74' title='bbox 777 910 816 960; x_wconf 89' lang='lat' dir='ltr'>si</span> <span class='ocrx_word' id='word_1_75' title='bbox 852 927 915 961; x_wconf 87' lang='lat' dir='ltr'>ex</span> <span class='ocrx_word' id='word_1_76' title='bbox 949 911 1273 979; x_wconf 85' lang='lat' dir='ltr'>apostotorum</span> <span class='ocrx_word' id='word_1_77' title='bbox 1308 910 1651 962; x_wconf 86' lang='lat' dir='ltr'>constitutione</span> <span class='ocrx_word' id='word_1_78' title='bbox 1684 913 1940 980; x_wconf 86' lang='lat' dir='ltr'>repetenda</span> <span class='ocrx_word' id='word_1_79' title='bbox 1971 931 2055 963; x_wconf 91' lang='lat' dir='ltr'>no-</span> 
     </span>
     <span class='ocr_line' id='line_1_11' title="bbox 151 994 2055 1066; baseline 0.002 -22"><span class='ocrx_word' id='word_1_80' title='bbox 151 994 224 1044; x_wconf 88' lang='lat' dir='ltr'>bis</span> <span class='ocrx_word' id='word_1_81' title='bbox 254 994 517 1044; x_wconf 76' lang='lat' dir='ltr'>auctoritas</span> <span class='ocrx_word' id='word_1_82' title='bbox 546 1002 640 1056; x_wconf 88' lang='lat' dir='ltr'>est,</span> <span class='ocrx_word' id='word_1_83' title='bbox 682 1011 769 1043; x_wconf 88' lang='lat' dir='ltr'>cur</span> <span class='ocrx_word' id='word_1_84' title='bbox 797 994 889 1044; x_wconf 83' lang='lat' dir='ltr'>iliis</span> <span class='ocrx_word' id='word_1_85' title='bbox 917 1003 1117 1062; x_wconf 77' lang='lat' dir='ltr'>quartae</span> <span class='ocrx_word' id='word_1_86' title='bbox 1155 1003 1422 1064; x_wconf 83' lang='lat' dir='ltr'>sextaeque</span> <span class='ocrx_word' id='word_1_87' title='bbox 1450 996 1600 1045; x_wconf 83' lang='lat' dir='ltr'>seriae</span> <span class='ocrx_word' id='word_1_88' title='bbox 1628 996 1852 1047; x_wconf 89' lang='lat' dir='ltr'>ieiunium</span> <span class='ocrx_word' id='word_1_89' title='bbox 1887 1014 2055 1066; x_wconf 86' lang='lat' dir='ltr'>perpe-</span> 
     </span>
     <span class='ocr_line' id='line_1_12' title="bbox 150 1076 2056 1146; baseline 0.001 -17"><span class='ocrx_word' id='word_1_90' title='bbox 150 1087 230 1129; x_wconf 88' lang='lat' dir='ltr'>tua</span> <span class='ocrx_word' id='word_1_91' title='bbox 271 1079 378 1146; x_wconf 76' lang='lat' dir='ltr'>lege</span> <span class='ocrx_word' id='word_1_92' title='bbox 415 1077 658 1139; x_wconf 88' lang='lat' dir='ltr'>sancitur,</span> <span class='ocrx_word' id='word_1_93' title='bbox 715 1086 918 1145; x_wconf 84' lang='lat' dir='ltr'>excepta</span> <span class='ocrx_word' id='word_1_94' title='bbox 955 1076 1281 1130; x_wconf 86' lang='lat' dir='ltr'>Pentecoste?</span> <span class='ocrx_word' id='word_1_95' title='bbox 1356 1076 1459 1130; x_wconf 86' lang='lat' dir='ltr'>Cur</span> <span class='ocrx_word' id='word_1_96' title='bbox 1486 1097 1578 1131; x_wconf 87' lang='lat' dir='ltr'>sex</span> <span class='ocrx_word' id='word_1_97' title='bbox 1605 1078 1857 1131; x_wconf 83' lang='lat' dir='ltr'>Paschatis</span> <span class='ocrx_word' id='word_1_98' title='bbox 1889 1081 2056 1131; x_wconf 84' lang='lat' dir='ltr'>diebus</span> 
     </span>
     <span class='ocr_line' id='line_1_13' title="bbox 152 1161 2053 1232; baseline 0.003 -20"><span class='ocrx_word' id='word_1_99' title='bbox 152 1162 266 1213; x_wconf 82' lang='lat' dir='ltr'>nihit</span> <span class='ocrx_word' id='word_1_100' title='bbox 295 1162 490 1212; x_wconf 90' lang='lat' dir='ltr'>omnino</span> <span class='ocrx_word' id='word_1_101' title='bbox 519 1162 574 1211; x_wconf 84' lang='lat' dir='ltr'>ad</span> <span class='ocrx_word' id='word_1_102' title='bbox 608 1161 762 1211; x_wconf 89' lang='lat' dir='ltr'>cibum</span> <span class='ocrx_word' id='word_1_103' title='bbox 799 1172 989 1230; x_wconf 90' lang='lat' dir='ltr'>praeter</span> <span class='ocrx_word' id='word_1_104' title='bbox 1019 1181 1216 1232; x_wconf 80' lang='lat' dir='ltr'>panem,</span> <span class='ocrx_word' id='word_1_105' title='bbox 1270 1164 1417 1214; x_wconf 80' lang='lat' dir='ltr'>salem</span> <span class='ocrx_word' id='word_1_106' title='bbox 1449 1173 1495 1215; x_wconf 90' lang='lat' dir='ltr'>et</span> <span class='ocrx_word' id='word_1_107' title='bbox 1526 1182 1694 1232; x_wconf 88' lang='lat' dir='ltr'>aquam</span> <span class='ocrx_word' id='word_1_108' title='bbox 1738 1165 2053 1217; x_wconf 87' lang='lat' dir='ltr'>adhibendum</span> 
     </span>
     <span class='ocr_line' id='line_1_14' title="bbox 151 1244 2058 1313; baseline 0.002 -17"><span class='ocrx_word' id='word_1_109' title='bbox 151 1247 410 1297; x_wconf 83' lang='lat' dir='ltr'>definiunt?</span> <span class='ocrx_word' id='word_1_110' title='bbox 483 1244 752 1313; x_wconf 79' lang='lat' dir='ltr'>Quamnam</span> <span class='ocrx_word' id='word_1_111' title='bbox 792 1264 910 1297; x_wconf 86' lang='lat' dir='ltr'>vero</span> <span class='ocrx_word' id='word_1_112' title='bbox 940 1248 1173 1298; x_wconf 78' lang='lat' dir='ltr'>ceiebrari</span> <span class='ocrx_word' id='word_1_113' title='bbox 1208 1248 1362 1310; x_wconf 86' lang='lat' dir='ltr'>diem,</span> <span class='ocrx_word' id='word_1_114' title='bbox 1404 1257 1453 1299; x_wconf 91' lang='lat' dir='ltr'>et</span> <span class='ocrx_word' id='word_1_115' title='bbox 1490 1249 1535 1299; x_wconf 91' lang='lat' dir='ltr'>in</span> <span class='ocrx_word' id='word_1_116' title='bbox 1563 1249 1879 1300; x_wconf 81' lang='lat' dir='ltr'>iittnscentem</span> <span class='ocrx_word' id='word_1_117' title='bbox 1907 1250 2058 1300; x_wconf 87' lang='lat' dir='ltr'>domi·</span> 
     </span>
     <span class='ocr_line' id='line_1_15' title="bbox 151 1329 2056 1401; baseline 0.003 -21"><span class='ocrx_word' id='word_1_118' title='bbox 151 1330 306 1381; x_wconf 88' lang='lat' dir='ltr'>nicam</span> <span class='ocrx_word' id='word_1_119' title='bbox 345 1330 586 1381; x_wconf 77' lang='lat' dir='ltr'>dimittere</span> <span class='ocrx_word' id='word_1_120' title='bbox 629 1329 952 1399; x_wconf 76' lang='lat' dir='ltr'>praecipiant,</span> <span class='ocrx_word' id='word_1_121' title='bbox 1006 1332 1182 1381; x_wconf 88' lang='lat' dir='ltr'>nemini</span> <span class='ocrx_word' id='word_1_122' title='bbox 1230 1349 1339 1382; x_wconf 91' lang='lat' dir='ltr'>esse</span> <span class='ocrx_word' id='word_1_123' title='bbox 1382 1342 1540 1401; x_wconf 89' lang='lat' dir='ltr'>potest</span> <span class='ocrx_word' id='word_1_124' title='bbox 1587 1334 1862 1384; x_wconf 89' lang='lat' dir='ltr'>obscurum.</span> <span class='ocrx_word' id='word_1_125' title='bbox 1959 1333 2056 1385; x_wconf 88' lang='lat' dir='ltr'>lam</span> 
     </span>
     <span class='ocr_line' id='line_1_16' title="bbox 151 1414 2060 1486; baseline 0.002 -22"><span class='ocrx_word' id='word_1_126' title='bbox 151 1432 270 1464; x_wconf 92' lang='lat' dir='ltr'>vero</span> <span class='ocrx_word' id='word_1_127' title='bbox 317 1414 410 1464; x_wconf 90' lang='lat' dir='ltr'>utri</span> <span class='ocrx_word' id='word_1_128' title='bbox 451 1415 640 1464; x_wconf 89' lang='lat' dir='ltr'>tandem</span> <span class='ocrx_word' id='word_1_129' title='bbox 677 1414 864 1465; x_wconf 76' lang='lat' dir='ltr'>illorum</span> <span class='ocrx_word' id='word_1_130' title='bbox 899 1416 1153 1484; x_wconf 84' lang='lat' dir='ltr'>peritiores</span> <span class='ocrx_word' id='word_1_131' title='bbox 1190 1419 1335 1468; x_wconf 83' lang='lat' dir='ltr'>sunt?</span> <span class='ocrx_word' id='word_1_132' title='bbox 1407 1417 1485 1467; x_wconf 81' lang='lat' dir='ltr'>An</span> <span class='ocrx_word' id='word_1_133' title='bbox 1514 1435 1680 1468; x_wconf 87' lang='lat' dir='ltr'>errore</span> <span class='ocrx_word' id='word_1_134' title='bbox 1716 1419 1943 1486; x_wconf 90' lang='lat' dir='ltr'>deceptus</span> <span class='ocrx_word' id='word_1_135' title='bbox 1975 1418 2060 1468; x_wconf 88' lang='lat' dir='ltr'>bo-</span> 
     </span>
     <span class='ocr_line' id='line_1_17' title="bbox 150 1497 2061 1571; baseline 0.003 -23"><span class='ocrx_word' id='word_1_136' title='bbox 150 1498 370 1560; x_wconf 86' lang='lat' dir='ltr'>mnncio‚</span> <span class='ocrx_word' id='word_1_137' title='bbox 424 1497 502 1566; x_wconf 90' lang='lat' dir='ltr'>qui</span> <span class='ocrx_word' id='word_1_138' title='bbox 537 1516 663 1549; x_wconf 92' lang='lat' dir='ltr'>nunc</span> <span class='ocrx_word' id='word_1_139' title='bbox 710 1500 899 1549; x_wconf 90' lang='lat' dir='ltr'>tandem</span> <span class='ocrx_word' id='word_1_140' title='bbox 941 1501 1165 1564; x_wconf 59' lang='lat' dir='ltr'>emersit,</span> <span class='ocrx_word' id='word_1_141' title='bbox 1221 1511 1269 1551; x_wconf 92' lang='lat' dir='ltr'>et</span> <span class='ocrx_word' id='word_1_142' title='bbox 1313 1501 1465 1552; x_wconf 84' lang='lat' dir='ltr'>adbuc</span> <span class='ocrx_word' id='word_1_143' title='bbox 1499 1502 1637 1552; x_wconf 86' lang='lat' dir='ltr'>bodie</span> <span class='ocrx_word' id='word_1_144' title='bbox 1669 1511 1917 1571; x_wconf 86' lang='lat' dir='ltr'>superstes</span> <span class='ocrx_word' id='word_1_145' title='bbox 1956 1504 2061 1554; x_wconf 83' lang='lat' dir='ltr'>est?</span> 
     </span>
     <span class='ocr_line' id='line_1_18' title="bbox 151 1582 2059 1653; baseline 0.003 -21"><span class='ocrx_word' id='word_1_146' title='bbox 151 1583 229 1632; x_wconf 88' lang='lat' dir='ltr'>An</span> <span class='ocrx_word' id='word_1_147' title='bbox 271 1582 349 1649; x_wconf 92' lang='lat' dir='ltr'>qui</span> <span class='ocrx_word' id='word_1_148' title='bbox 382 1592 493 1633; x_wconf 89' lang='lat' dir='ltr'>ante</span> <span class='ocrx_word' id='word_1_149' title='bbox 533 1600 621 1632; x_wconf 93' lang='lat' dir='ltr'>nos</span> <span class='ocrx_word' id='word_1_150' title='bbox 650 1592 800 1635; x_wconf 88' lang='lat' dir='ltr'>testes</span> <span class='ocrx_word' id='word_1_151' title='bbox 834 1584 1130 1648; x_wconf 85' lang='lat' dir='ltr'>extiterunt,</span> <span class='ocrx_word' id='word_1_152' title='bbox 1183 1586 1357 1653; x_wconf 88' lang='lat' dir='ltr'>quique</span> <span class='ocrx_word' id='word_1_153' title='bbox 1397 1595 1509 1636; x_wconf 89' lang='lat' dir='ltr'>ante</span> <span class='ocrx_word' id='word_1_154' title='bbox 1555 1604 1642 1637; x_wconf 93' lang='lat' dir='ltr'>nos</span> <span class='ocrx_word' id='word_1_155' title='bbox 1674 1588 1874 1638; x_wconf 86' lang='lat' dir='ltr'>eandem</span> <span class='ocrx_word' id='word_1_156' title='bbox 1912 1587 2059 1638; x_wconf 88' lang='lat' dir='ltr'>tradi-</span> 
     </span>
     <span class='ocr_line' id='line_1_19' title="bbox 151 1665 2060 1741; baseline 0.004 -26"><span class='ocrx_word' id='word_1_157' title='bbox 151 1666 327 1716; x_wconf 84' lang='lat' dir='ltr'>tionem</span> <span class='ocrx_word' id='word_1_158' title='bbox 361 1665 408 1715; x_wconf 90' lang='lat' dir='ltr'>in</span> <span class='ocrx_word' id='word_1_159' title='bbox 440 1667 646 1717; x_wconf 83' lang='lat' dir='ltr'>ecclesia</span> <span class='ocrx_word' id='word_1_160' title='bbox 675 1675 962 1730; x_wconf 83' lang='lat' dir='ltr'>tenuerunt,</span> <span class='ocrx_word' id='word_1_161' title='bbox 1005 1687 1142 1736; x_wconf 86' lang='lat' dir='ltr'>quam</span> <span class='ocrx_word' id='word_1_162' title='bbox 1178 1678 1225 1719; x_wconf 85' lang='lat' dir='ltr'>et</span> <span class='ocrx_word' id='word_1_163' title='bbox 1250 1670 1337 1738; x_wconf 88' lang='lat' dir='ltr'>ipsi</span> <span class='ocrx_word' id='word_1_164' title='bbox 1371 1687 1396 1719; x_wconf 87' lang='lat' dir='ltr'>a</span> <span class='ocrx_word' id='word_1_165' title='bbox 1428 1671 1707 1738; x_wconf 87' lang='lat' dir='ltr'>parentibus</span> <span class='ocrx_word' id='word_1_166' title='bbox 1730 1672 1829 1722; x_wconf 90' lang='lat' dir='ltr'>suis</span> <span class='ocrx_word' id='word_1_167' title='bbox 1860 1689 2060 1741; x_wconf 81' lang='lat' dir='ltr'>accepe-</span> 
     </span>
     <span class='ocr_line' id='line_1_20' title="bbox 149 1742 2060 1824; baseline 0.003 -23"><span class='ocrx_word' id='word_1_168' title='bbox 149 1760 286 1813; x_wconf 89' lang='lat' dir='ltr'>rant,</span> <span class='ocrx_word' id='word_1_169' title='bbox 338 1760 386 1801; x_wconf 87' lang='lat' dir='ltr'>et</span> <span class='ocrx_word' id='word_1_170' title='bbox 411 1751 623 1819; x_wconf 89' lang='lat' dir='ltr'>ipsorum</span> <span class='ocrx_word' id='word_1_171' title='bbox 656 1760 880 1819; x_wconf 86' lang='lat' dir='ltr'>pare-ntes</span> <span class='ocrx_word' id='word_1_172' title='bbox 912 1770 936 1802; x_wconf 90' lang='lat' dir='ltr'>a</span> <span class='ocrx_word' id='word_1_173' title='bbox 973 1754 1235 1804; x_wconf 81' lang='lat' dir='ltr'>maioribus</span> <span class='ocrx_word' id='word_1_174' title='bbox 1267 1755 1369 1806; x_wconf 89' lang='lat' dir='ltr'>suis</span> <span class='ocrx_word' id='word_1_175' title='bbox 1399 1755 1694 1819; x_wconf 81' lang='lat' dir='ltr'>didicerant,</span> <span class='ocrx_word' id='word_1_176' title='bbox 1752 1742 2060 1824; x_wconf 84' lang='lat' dir='ltr'>quemadmo-</span> 
     </span>
     <span class='ocr_line' id='line_1_21' title="bbox 149 1835 2056 1907; baseline 0.003 -21"><span class='ocrx_word' id='word_1_177' title='bbox 149 1837 256 1886; x_wconf 87' lang='lat' dir='ltr'>dum</span> <span class='ocrx_word' id='word_1_178' title='bbox 285 1835 510 1898; x_wconf 87' lang='lat' dir='ltr'>ecclesia,</span> <span class='ocrx_word' id='word_1_179' title='bbox 553 1853 691 1902; x_wconf 88' lang='lat' dir='ltr'>quam</span> <span class='ocrx_word' id='word_1_180' title='bbox 721 1853 745 1884; x_wconf 88' lang='lat' dir='ltr'>a</span> <span class='ocrx_word' id='word_1_181' title='bbox 775 1835 989 1904; x_wconf 85' lang='lat' dir='ltr'>patribus</span> <span class='ocrx_word' id='word_1_182' title='bbox 1019 1838 1120 1888; x_wconf 91' lang='lat' dir='ltr'>suis</span> <span class='ocrx_word' id='word_1_183' title='bbox 1148 1839 1331 1907; x_wconf 86' lang='lat' dir='ltr'>accepit</span> <span class='ocrx_word' id='word_1_184' title='bbox 1363 1848 1541 1890; x_wconf 87' lang='lat' dir='ltr'>rectam</span> <span class='ocrx_word' id='word_1_185' title='bbox 1573 1858 1628 1890; x_wconf 89' lang='lat' dir='ltr'>ac</span> <span class='ocrx_word' id='word_1_186' title='bbox 1654 1840 1892 1892; x_wconf 86' lang='lat' dir='ltr'>sinceram</span> <span class='ocrx_word' id='word_1_187' title='bbox 1919 1842 2056 1892; x_wconf 85' lang='lat' dir='ltr'>fidem</span> 
     </span>
     <span class='ocr_line' id='line_1_22' title="bbox 149 1919 2058 1992; baseline 0.003 -22"><span class='ocrx_word' id='word_1_188' title='bbox 149 1939 254 1970; x_wconf 91' lang='lat' dir='ltr'>cum</span> <span class='ocrx_word' id='word_1_189' title='bbox 297 1919 632 1970; x_wconf 88' lang='lat' dir='ltr'>traditionibus</span> <span class='ocrx_word' id='word_1_190' title='bbox 677 1921 734 1970; x_wconf 90' lang='lat' dir='ltr'>ad</span> <span class='ocrx_word' id='word_1_191' title='bbox 781 1921 904 1970; x_wconf 90' lang='lat' dir='ltr'>bunc</span> <span class='ocrx_word' id='word_1_192' title='bbox 955 1921 1076 1971; x_wconf 91' lang='lat' dir='ltr'>diem</span> <span class='ocrx_word' id='word_1_193' title='bbox 1124 1923 1383 1973; x_wconf 87' lang='lat' dir='ltr'>observat?</span> <span class='ocrx_word' id='word_1_194' title='bbox 1457 1921 1693 1974; x_wconf 87' lang='lat' dir='ltr'>Facessat.</span> <span class='ocrx_word' id='word_1_195' title='bbox 1741 1924 1888 1992; x_wconf 87' lang='lat' dir='ltr'>igitur</span> <span class='ocrx_word' id='word_1_196' title='bbox 1937 1926 2058 1976; x_wconf 82' lang='lat' dir='ltr'>falsa</span> 
     </span>
     <span class='ocr_line' id='line_1_23' title="bbox 147 2002 2058 2076; baseline 0.003 -22"><span class='ocrx_word' id='word_1_197' title='bbox 147 2004 276 2056; x_wconf 76' lang='lat' dir='ltr'>iltius</span> <span class='ocrx_word' id='word_1_198' title='bbox 315 2005 372 2054; x_wconf 90' lang='lat' dir='ltr'>de</span> <span class='ocrx_word' id='word_1_199' title='bbox 402 2002 640 2054; x_wconf 86' lang='lat' dir='ltr'>Pascbate</span> <span class='ocrx_word' id='word_1_200' title='bbox 679 2006 939 2056; x_wconf 84' lang='lat' dir='ltr'>sententia.</span> <span class='ocrx_word' id='word_1_201' title='bbox 1018 2004 1157 2072; x_wconf 83' lang='lat' dir='ltr'>Quod</span> <span class='ocrx_word' id='word_1_202' title='bbox 1201 2006 1240 2057; x_wconf 91' lang='lat' dir='ltr'>si</span> <span class='ocrx_word' id='word_1_203' title='bbox 1273 2008 1329 2057; x_wconf 89' lang='lat' dir='ltr'>de</span> <span class='ocrx_word' id='word_1_204' title='bbox 1359 2017 1526 2076; x_wconf 88' lang='lat' dir='ltr'>quarta</span> <span class='ocrx_word' id='word_1_205' title='bbox 1559 2018 1762 2060; x_wconf 86' lang='lat' dir='ltr'>sextave</span> <span class='ocrx_word' id='word_1_206' title='bbox 1808 2009 1926 2060; x_wconf 78' lang='lat' dir='ltr'>feria</span> <span class='ocrx_word' id='word_1_207' title='bbox 1956 2010 2058 2060; x_wconf 86' lang='lat' dir='ltr'>nul-</span> 
     </span>
     <span class='ocr_line' id='line_1_24' title="bbox 149 2088 2058 2160; baseline 0.003 -22"><span class='ocrx_word' id='word_1_208' title='bbox 149 2089 239 2139; x_wconf 90' lang='lat' dir='ltr'>lam</span> <span class='ocrx_word' id='word_1_209' title='bbox 270 2089 466 2139; x_wconf 91' lang='lat' dir='ltr'>omnino</span> <span class='ocrx_word' id='word_1_210' title='bbox 509 2088 555 2139; x_wconf 91' lang='lat' dir='ltr'>in</span> <span class='ocrx_word' id='word_1_211' title='bbox 587 2090 931 2159; x_wconf 77' lang='lat' dir='ltr'>constitutione</span> <span class='ocrx_word' id='word_1_212' title='bbox 965 2107 1050 2140; x_wconf 88' lang='lat' dir='ltr'>sua</span> <span class='ocrx_word' id='word_1_213' title='bbox 1082 2092 1373 2142; x_wconf 88' lang='lat' dir='ltr'>mentionem</span> <span class='ocrx_word' id='word_1_214' title='bbox 1403 2094 1605 2160; x_wconf 86' lang='lat' dir='ltr'>apostoli</span> <span class='ocrx_word' id='word_1_215' title='bbox 1642 2094 1899 2157; x_wconf 76' lang='lat' dir='ltr'>fecissent,</span> <span class='ocrx_word' id='word_1_216' title='bbox 1953 2094 2058 2145; x_wconf 78' lang='lat' dir='ltr'>aliis</span> 
     </span>
     <span class='ocr_line' id='line_1_25' title="bbox 152 2172 2057 2243; baseline 0.004 -21"><span class='ocrx_word' id='word_1_217' title='bbox 152 2181 309 2223; x_wconf 89' lang='lat' dir='ltr'>tamen</span> <span class='ocrx_word' id='word_1_218' title='bbox 338 2174 636 2240; x_wconf 85' lang='lat' dir='ltr'>argumentis</span> <span class='ocrx_word' id='word_1_219' title='bbox 665 2174 838 2225; x_wconf 84' lang='lat' dir='ltr'>licebat</span> <span class='ocrx_word' id='word_1_220' title='bbox 866 2175 952 2224; x_wconf 89' lang='lat' dir='ltr'>uti.</span> <span class='ocrx_word' id='word_1_221' title='bbox 1031 2172 1330 2243; x_wconf 85' lang='lat' dir='ltr'>Quamquam</span> <span class='ocrx_word' id='word_1_222' title='bbox 1361 2194 1414 2226; x_wconf 90' lang='lat' dir='ltr'>ea</span> <span class='ocrx_word' id='word_1_223' title='bbox 1443 2178 1499 2227; x_wconf 90' lang='lat' dir='ltr'>de</span> <span class='ocrx_word' id='word_1_224' title='bbox 1531 2195 1582 2227; x_wconf 85' lang='lat' dir='ltr'>re</span> <span class='ocrx_word' id='word_1_225' title='bbox 1613 2186 1687 2227; x_wconf 90' lang='lat' dir='ltr'>est</span> <span class='ocrx_word' id='word_1_226' title='bbox 1714 2178 1771 2228; x_wconf 89' lang='lat' dir='ltr'>ab</span> <span class='ocrx_word' id='word_1_227' title='bbox 1797 2178 1889 2228; x_wconf 78' lang='lat' dir='ltr'>iltis</span> <span class='ocrx_word' id='word_1_228' title='bbox 1917 2196 2057 2229; x_wconf 89' lang='lat' dir='ltr'>accu-</span> 
     </span>
     <span class='ocr_line' id='line_1_26' title="bbox 148 2256 2058 2330; baseline 0.003 -23"><span class='ocrx_word' id='word_1_229' title='bbox 148 2257 390 2307; x_wconf 86' lang='lat' dir='ltr'>ratissime</span> <span class='ocrx_word' id='word_1_230' title='bbox 417 2256 676 2325; x_wconf 89' lang='lat' dir='ltr'>scriptum,</span> <span class='ocrx_word' id='word_1_231' title='bbox 728 2258 869 2326; x_wconf 88' lang='lat' dir='ltr'>idque</span> <span class='ocrx_word' id='word_1_232' title='bbox 901 2259 1054 2327; x_wconf 89' lang='lat' dir='ltr'>ipsum</span> <span class='ocrx_word' id='word_1_233' title='bbox 1083 2259 1139 2309; x_wconf 89' lang='lat' dir='ltr'>ab</span> <span class='ocrx_word' id='word_1_234' title='bbox 1170 2261 1374 2311; x_wconf 87' lang='lat' dir='ltr'>ecclesia</span> <span class='ocrx_word' id='word_1_235' title='bbox 1405 2270 1679 2330; x_wconf 88' lang='lat' dir='ltr'>susceptum</span> <span class='ocrx_word' id='word_1_236' title='bbox 1712 2264 1949 2312; x_wconf 90' lang='lat' dir='ltr'>communi</span> <span class='ocrx_word' id='word_1_237' title='bbox 1983 2272 2058 2313; x_wconf 89' lang='lat' dir='ltr'>cst</span> 
     </span>
     <span class='ocr_line' id='line_1_27' title="bbox 149 2342 2058 2410; baseline 0.004 -19"><span class='ocrx_word' id='word_1_238' title='bbox 149 2342 470 2392; x_wconf 88' lang='lat' dir='ltr'>consensione</span> <span class='ocrx_word' id='word_1_239' title='bbox 511 2342 744 2393; x_wconf 85' lang='lat' dir='ltr'>firmatum</span> <span class='ocrx_word' id='word_1_240' title='bbox 764 2381 777 2404; x_wconf 90' lang='lat'><strong>‚</strong></span> <span class='ocrx_word' id='word_1_241' title='bbox 829 2351 1083 2410; x_wconf 89' lang='lat' dir='ltr'>antequam</span> <span class='ocrx_word' id='word_1_242' title='bbox 1114 2343 1296 2395; x_wconf 77' lang='lat' dir='ltr'>Ae‘rius</span> <span class='ocrx_word' id='word_1_243' title='bbox 1325 2345 1446 2396; x_wconf 80' lang='lat' dir='ltr'>ullus</span> <span class='ocrx_word' id='word_1_244' title='bbox 1478 2364 1582 2395; x_wconf 90' lang='lat' dir='ltr'>cum</span> <span class='ocrx_word' id='word_1_245' title='bbox 1611 2346 1840 2398; x_wconf 78' lang='lat' dir='ltr'>Ae&#39;rianis</span> <span class='ocrx_word' id='word_1_246' title='bbox 1871 2348 2058 2398; x_wconf 86' lang='lat' dir='ltr'>existe-</span> 
     </span>
     <span class='ocr_line' id='line_1_28' title="bbox 147 2422 2057 2498; baseline 0.004 -23"><span class='ocrx_word' id='word_1_247' title='bbox 147 2434 239 2476; x_wconf 86' lang='lat' dir='ltr'>ret.</span> <span class='ocrx_word' id='word_1_248' title='bbox 302 2422 397 2491; x_wconf 84' lang='lat' dir='ltr'>Qni</span> <span class='ocrx_word' id='word_1_249' title='bbox 428 2425 539 2475; x_wconf 88' lang='lat' dir='ltr'>mibi</span> <span class='ocrx_word' id='word_1_250' title='bbox 565 2435 818 2495; x_wconf 88' lang='lat' dir='ltr'>propterea</span> <span class='ocrx_word' id='word_1_251' title='bbox 850 2428 1023 2477; x_wconf 89' lang='lat' dir='ltr'>merito</span> <span class='ocrx_word' id='word_1_252' title='bbox 1051 2428 1094 2477; x_wconf 90' lang='lat' dir='ltr'>id</span> <span class='ocrx_word' id='word_1_253' title='bbox 1126 2428 1332 2479; x_wconf 90' lang='lat' dir='ltr'>nominis</span> <span class='ocrx_word' id='word_1_254' title='bbox 1361 2430 1561 2498; x_wconf 88' lang='lat' dir='ltr'>adeptus</span> <span class='ocrx_word' id='word_1_255' title='bbox 1587 2430 1796 2482; x_wconf 87' lang='lat' dir='ltr'>videtur.</span> <span class='ocrx_word' id='word_1_256' title='bbox 1854 2432 2057 2483; x_wconf 76' lang='lat' dir='ltr'>Ae‘rinm</span> 
     </span>
     <span class='ocr_line' id='line_1_29' title="bbox 147 2509 2058 2584; baseline 0.004 -26"><span class='ocrx_word' id='word_1_257' title='bbox 147 2509 315 2578; x_wconf 89' lang='lat' dir='ltr'>quippe</span> <span class='ocrx_word' id='word_1_258' title='bbox 340 2509 556 2577; x_wconf 88' lang='lat' dir='ltr'>spiritum</span> <span class='ocrx_word' id='word_1_259' title='bbox 599 2527 662 2560; x_wconf 81' lang='lat' dir='ltr'>ex</span> <span class='ocrx_word' id='word_1_260' title='bbox 696 2511 969 2579; x_wconf 87' lang='lat' dir='ltr'>impuritate</span> <span class='ocrx_word' id='word_1_261' title='bbox 996 2522 1163 2562; x_wconf 86' lang='lat' dir='ltr'>nactus</span> <span class='ocrx_word' id='word_1_262' title='bbox 1189 2522 1291 2576; x_wconf 90' lang='lat' dir='ltr'>est,</span> <span class='ocrx_word' id='word_1_263' title='bbox 1347 2514 1405 2563; x_wconf 84' lang='lat' dir='ltr'>de</span> <span class='ocrx_word' id='word_1_264' title='bbox 1431 2514 1512 2564; x_wconf 84' lang='lat' dir='ltr'>illo</span> <span class='ocrx_word' id='word_1_265' title='bbox 1540 2515 1779 2566; x_wconf 69' lang='lat' dir='ltr'>acriorum</span> <span class='ocrx_word' id='word_1_266' title='bbox 1817 2517 2058 2584; x_wconf 87' lang='lat' dir='ltr'>nequitiae</span> 
     </span>
     <span class='ocr_line' id='line_1_30' title="bbox 147 2594 2054 2667; baseline 0.004 -23"><span class='ocrx_word' id='word_1_267' title='bbox 147 2594 395 2662; x_wconf 89' lang='lat' dir='ltr'>spirituum</span> <span class='ocrx_word' id='word_1_268' title='bbox 427 2611 603 2660; x_wconf 83' lang='lat' dir='ltr'>grege,</span> <span class='ocrx_word' id='word_1_269' title='bbox 645 2595 722 2661; x_wconf 91' lang='lat' dir='ltr'>qni</span> <span class='ocrx_word' id='word_1_270' title='bbox 752 2597 799 2645; x_wconf 90' lang='lat' dir='ltr'>in</span> <span class='ocrx_word' id='word_1_271' title='bbox 827 2596 929 2662; x_wconf 90' lang='lat' dir='ltr'>ipso</span> <span class='ocrx_word' id='word_1_272' title='bbox 956 2596 1190 2648; x_wconf 86' lang='lat' dir='ltr'>adversus</span> <span class='ocrx_word' id='word_1_273' title='bbox 1219 2599 1472 2649; x_wconf 86' lang='lat' dir='ltr'>ecclesiam</span> <span class='ocrx_word' id='word_1_274' title='bbox 1501 2598 1790 2650; x_wconf 82' lang='lat' dir='ltr'>domicitium</span> <span class='ocrx_word' id='word_1_275' title='bbox 1821 2602 2054 2667; x_wconf 87' lang='lat' dir='ltr'>posuerit.</span> 
     </span>
    </p>

    <p class='ocr_par' dir='ltr' id='par_1_6' title="bbox 142 2674 2057 3679">
     <span class='ocr_line' id='line_1_31' title="bbox 286 2674 2055 2753; baseline 0.005 -27"><span class='ocrx_word' id='word_1_276' title='bbox 286 2674 428 2743; x_wconf 81' lang='lat' dir='ltr'>Quod</span> <span class='ocrx_word' id='word_1_277' title='bbox 459 2694 577 2728; x_wconf 84' lang='lat' dir='ltr'>vero</span> <span class='ocrx_word' id='word_1_278' title='bbox 607 2687 792 2745; x_wconf 87' lang='lat' dir='ltr'>spectat</span> <span class='ocrx_word' id='word_1_279' title='bbox 821 2680 878 2729; x_wconf 90' lang='lat' dir='ltr'>ad</span> <span class='ocrx_word' id='word_1_280' title='bbox 909 2679 1049 2730; x_wconf 91' lang='lat' dir='ltr'>ritum</span> <span class='ocrx_word' id='word_1_281' title='bbox 1082 2681 1209 2731; x_wconf 84' lang='lat' dir='ltr'>illum</span> <span class='ocrx_word' id='word_1_282' title='bbox 1239 2700 1332 2749; x_wconf 90' lang='lat' dir='ltr'>quo</span> <span class='ocrx_word' id='word_1_283' title='bbox 1370 2691 1666 2734; x_wconf 86' lang='lat' dir='ltr'>mortuorum</span> <span class='ocrx_word' id='word_1_284' title='bbox 1710 2684 1900 2734; x_wconf 91' lang='lat' dir='ltr'>nomina</span> <span class='ocrx_word' id='word_1_285' title='bbox 1948 2702 2055 2753; x_wconf 89' lang='lat' dir='ltr'>pro-</span> 
     </span>
     <span class='ocr_line' id='line_1_32' title="bbox 147 2761 2057 2836; baseline 0.005 -27"><span class='ocrx_word' id='word_1_286' title='bbox 147 2761 458 2825; x_wconf 90' lang='lat' dir='ltr'>nuntiantur,</span> <span class='ocrx_word' id='word_1_287' title='bbox 500 2761 608 2829; x_wconf 90' lang='lat' dir='ltr'>quid</span> <span class='ocrx_word' id='word_1_288' title='bbox 640 2779 698 2812; x_wconf 91' lang='lat' dir='ltr'>eo</span> <span class='ocrx_word' id='word_1_289' title='bbox 732 2779 840 2812; x_wconf 88' lang='lat' dir='ltr'>esse</span> <span class='ocrx_word' id='word_1_290' title='bbox 868 2772 1024 2830; x_wconf 88' lang='lat' dir='ltr'>potest</span> <span class='ocrx_word' id='word_1_291' title='bbox 1057 2766 1252 2816; x_wconf 80' lang='lat' dir='ltr'>utilius?</span> <span class='ocrx_word' id='word_1_292' title='bbox 1303 2767 1410 2834; x_wconf 91' lang='lat' dir='ltr'>quid</span> <span class='ocrx_word' id='word_1_293' title='bbox 1443 2769 1783 2836; x_wconf 85' lang='lat' dir='ltr'>opportuninS,</span> <span class='ocrx_word' id='word_1_294' title='bbox 1828 2777 1907 2819; x_wconf 89' lang='lat' dir='ltr'>aut</span> <span class='ocrx_word' id='word_1_295' title='bbox 1939 2786 2057 2820; x_wconf 88' lang='lat' dir='ltr'>vero</span> 
     </span>
     <span class='ocr_line' id='line_1_33' title="bbox 146 2844 2056 2919; baseline 0.004 -25"><span class='ocrx_word' id='word_1_296' title='bbox 146 2844 463 2895; x_wconf 86' lang='lat' dir='ltr'>admiratione</span> <span class='ocrx_word' id='word_1_297' title='bbox 502 2846 727 2912; x_wconf 83' lang='lat' dir='ltr'>dignius?</span> <span class='ocrx_word' id='word_1_298' title='bbox 783 2863 953 2913; x_wconf 88' lang='lat' dir='ltr'>nempe</span> <span class='ocrx_word' id='word_1_299' title='bbox 994 2857 1044 2897; x_wconf 89' lang='lat' dir='ltr'>nt</span> <span class='ocrx_word' id='word_1_300' title='bbox 1083 2849 1161 2916; x_wconf 89' lang='lat' dir='ltr'>qni</span> <span class='ocrx_word' id='word_1_301' title='bbox 1204 2851 1378 2901; x_wconf 90' lang='lat' dir='ltr'>adsunt</span> <span class='ocrx_word' id='word_1_302' title='bbox 1420 2852 1691 2902; x_wconf 88' lang='lat' dir='ltr'>certissime</span> <span class='ocrx_word' id='word_1_303' title='bbox 1731 2853 1821 2902; x_wconf 89' lang='lat' dir='ltr'>sibi</span> <span class='ocrx_word' id='word_1_304' title='bbox 1862 2870 2056 2919; x_wconf 87' lang='lat' dir='ltr'>persua-</span> 
     </span>
     <span class='ocr_line' id='line_1_34' title="bbox 146 2928 2056 2999; baseline 0.005 -22"><span class='ocrx_word' id='word_1_305' title='bbox 146 2930 289 2978; x_wconf 90' lang='lat' dir='ltr'>deant</span> <span class='ocrx_word' id='word_1_306' title='bbox 326 2938 540 2980; x_wconf 90' lang='lat' dir='ltr'>mortuos</span> <span class='ocrx_word' id='word_1_307' title='bbox 581 2928 776 2990; x_wconf 82' lang='lat' dir='ltr'>vivere,</span> <span class='ocrx_word' id='word_1_308' title='bbox 823 2947 913 2980; x_wconf 89' lang='lat' dir='ltr'>nec</span> <span class='ocrx_word' id='word_1_309' title='bbox 945 2931 990 2980; x_wconf 91' lang='lat' dir='ltr'>in</span> <span class='ocrx_word' id='word_1_310' title='bbox 1022 2932 1215 2983; x_wconf 83' lang='lat' dir='ltr'>nibilum</span> <span class='ocrx_word' id='word_1_311' title='bbox 1257 2936 1479 2986; x_wconf 86' lang='lat' dir='ltr'>redactos</span> <span class='ocrx_word' id='word_1_312' title='bbox 1523 2953 1661 2999; x_wconf 89' lang='lat' dir='ltr'>esse,</span> <span class='ocrx_word' id='word_1_313' title='bbox 1717 2938 1800 2987; x_wconf 88' lang='lat' dir='ltr'>sed</span> <span class='ocrx_word' id='word_1_314' title='bbox 1843 2937 2056 2986; x_wconf 83' lang='lat' dir='ltr'>existere</span> 
     </span>
     <span class='ocr_line' id='line_1_35' title="bbox 145 3013 2054 3086; baseline 0.005 -24"><span class='ocrx_word' id='word_1_315' title='bbox 145 3013 328 3076; x_wconf 84' lang='lat' dir='ltr'>adbuc,</span> <span class='ocrx_word' id='word_1_316' title='bbox 386 3022 528 3081; x_wconf 87' lang='lat' dir='ltr'>atque</span> <span class='ocrx_word' id='word_1_317' title='bbox 573 3014 693 3081; x_wconf 89' lang='lat' dir='ltr'>apud</span> <span class='ocrx_word' id='word_1_318' title='bbox 734 3014 972 3064; x_wconf 92' lang='lat' dir='ltr'>dominum</span> <span class='ocrx_word' id='word_1_319' title='bbox 1011 3015 1207 3066; x_wconf 87' lang='lat' dir='ltr'>vivere:</span> <span class='ocrx_word' id='word_1_320' title='bbox 1266 3027 1363 3068; x_wconf 87' lang='lat' dir='ltr'>tum</span> <span class='ocrx_word' id='word_1_321' title='bbox 1404 3029 1458 3070; x_wconf 86' lang='lat' dir='ltr'>ut</span> <span class='ocrx_word' id='word_1_322' title='bbox 1495 3020 1912 3086; x_wconf 84' lang='lat' dir='ltr'>religiosissimum</span> <span class='ocrx_word' id='word_1_323' title='bbox 1944 3020 2054 3071; x_wconf 85' lang='lat' dir='ltr'>ittud</span> 
     </span>
     <span class='ocr_line' id='line_1_36' title="bbox 145 3097 2056 3170; baseline 0.004 -23"><span class='ocrx_word' id='word_1_324' title='bbox 145 3098 315 3164; x_wconf 86' lang='lat' dir='ltr'>dogma</span> <span class='ocrx_word' id='word_1_325' title='bbox 356 3097 687 3165; x_wconf 87' lang='lat' dir='ltr'>praedicetur,</span> <span class='ocrx_word' id='word_1_326' title='bbox 744 3116 835 3165; x_wconf 89' lang='lat' dir='ltr'>qno</span> <span class='ocrx_word' id='word_1_327' title='bbox 870 3099 946 3165; x_wconf 91' lang='lat' dir='ltr'>qui</span> <span class='ocrx_word' id='word_1_328' title='bbox 990 3117 1074 3166; x_wconf 89' lang='lat' dir='ltr'>pro</span> <span class='ocrx_word' id='word_1_329' title='bbox 1117 3101 1341 3152; x_wconf 79' lang='lat' dir='ltr'>fratribus</span> <span class='ocrx_word' id='word_1_330' title='bbox 1382 3113 1667 3170; x_wconf 79' lang='lat' dir='ltr'>precantur,</span> <span class='ocrx_word' id='word_1_331' title='bbox 1724 3103 1844 3153; x_wconf 90' lang='lat' dir='ltr'>bene</span> <span class='ocrx_word' id='word_1_332' title='bbox 1873 3104 1930 3152; x_wconf 88' lang='lat' dir='ltr'>dc</span> <span class='ocrx_word' id='word_1_333' title='bbox 1962 3104 2056 3154; x_wconf 83' lang='lat' dir='ltr'>inis</span> 
     </span>
     <span class='ocr_line' id='line_1_37' title="bbox 144 3184 2056 3256; baseline 0.004 -25"><span class='ocrx_word' id='word_1_334' title='bbox 144 3199 342 3249; x_wconf 87' lang='lat' dir='ltr'>sperare</span> <span class='ocrx_word' id='word_1_335' title='bbox 373 3191 591 3245; x_wconf 88' lang='lat' dir='ltr'>constat,</span> <span class='ocrx_word' id='word_1_336' title='bbox 647 3184 779 3250; x_wconf 89' lang='lat' dir='ltr'>quasi</span> <span class='ocrx_word' id='word_1_337' title='bbox 824 3199 1027 3250; x_wconf 82' lang='lat' dir='ltr'>peregre</span> <span class='ocrx_word' id='word_1_338' title='bbox 1062 3186 1308 3249; x_wconf 76' lang='lat' dir='ltr'>prosectis.</span> <span class='ocrx_word' id='word_1_339' title='bbox 1387 3184 1615 3237; x_wconf 84' lang='lat' dir='ltr'>Ceterum</span> <span class='ocrx_word' id='word_1_340' title='bbox 1652 3205 1772 3254; x_wconf 90' lang='lat' dir='ltr'>quae</span> <span class='ocrx_word' id='word_1_341' title='bbox 1810 3206 1896 3256; x_wconf 90' lang='lat' dir='ltr'>pro</span> <span class='ocrx_word' id='word_1_342' title='bbox 1930 3206 2056 3239; x_wconf 88' lang='lat' dir='ltr'>mor-</span> 
     </span>
     <span class='ocr_line' id='line_1_38' title="bbox 146 3265 2055 3336; baseline 0.005 -22"><span class='ocrx_word' id='word_1_343' title='bbox 146 3265 240 3315; x_wconf 90' lang='lat' dir='ltr'>tuis</span> <span class='ocrx_word' id='word_1_344' title='bbox 283 3267 623 3334; x_wconf 91' lang='lat' dir='ltr'>concipiuntur</span> <span class='ocrx_word' id='word_1_345' title='bbox 668 3284 836 3336; x_wconf 85' lang='lat' dir='ltr'>preces</span> <span class='ocrx_word' id='word_1_346' title='bbox 875 3266 934 3315; x_wconf 90' lang='lat' dir='ltr'>iis</span> <span class='ocrx_word' id='word_1_347' title='bbox 981 3268 1120 3316; x_wconf 86' lang='lat' dir='ltr'>utiles</span> <span class='ocrx_word' id='word_1_348' title='bbox 1157 3278 1302 3329; x_wconf 90' lang='lat' dir='ltr'>sunt,</span> <span class='ocrx_word' id='word_1_349' title='bbox 1358 3271 1547 3321; x_wconf 90' lang='lat' dir='ltr'>tametsi</span> <span class='ocrx_word' id='word_1_350' title='bbox 1599 3289 1691 3321; x_wconf 90' lang='lat' dir='ltr'>non</span> <span class='ocrx_word' id='word_1_351' title='bbox 1743 3290 1910 3321; x_wconf 86' lang='lat' dir='ltr'>omncs</span> <span class='ocrx_word' id='word_1_352' title='bbox 1955 3273 2055 3323; x_wconf 82' lang='lat' dir='ltr'>cul-</span> 
     </span>
     <span class='ocr_line' id='line_1_39' title="bbox 142 3349 2053 3423; baseline 0.004 -24"><span class='ocrx_word' id='word_1_353' title='bbox 142 3366 227 3416; x_wconf 90' lang='lat' dir='ltr'>pas</span> <span class='ocrx_word' id='word_1_354' title='bbox 258 3350 563 3417; x_wconf 86' lang='lat' dir='ltr'>extinguant.</span> <span class='ocrx_word' id='word_1_355' title='bbox 640 3349 823 3402; x_wconf 90' lang='lat' dir='ltr'>Verum</span> <span class='ocrx_word' id='word_1_356' title='bbox 855 3368 915 3400; x_wconf 88' lang='lat' dir='ltr'>ex</span> <span class='ocrx_word' id='word_1_357' title='bbox 949 3368 1005 3400; x_wconf 90' lang='lat' dir='ltr'>eo</span> <span class='ocrx_word' id='word_1_358' title='bbox 1035 3361 1231 3417; x_wconf 86' lang='lat' dir='ltr'>prosunt</span> <span class='ocrx_word' id='word_1_359' title='bbox 1259 3356 1380 3419; x_wconf 90' lang='lat' dir='ltr'>quod</span> <span class='ocrx_word' id='word_1_360' title='bbox 1415 3356 1721 3423; x_wconf 81' lang='lat' dir='ltr'>plerumque,</span> <span class='ocrx_word' id='word_1_361' title='bbox 1764 3356 1870 3405; x_wconf 91' lang='lat' dir='ltr'>dum</span> <span class='ocrx_word' id='word_1_362' title='bbox 1900 3357 2053 3407; x_wconf 90' lang='lat' dir='ltr'>adbuc</span> 
     </span>
     <span class='ocr_line' id='line_1_40' title="bbox 142 3433 2052 3507; baseline 0.005 -25"><span class='ocrx_word' id='word_1_363' title='bbox 142 3433 189 3482; x_wconf 91' lang='lat' dir='ltr'>in</span> <span class='ocrx_word' id='word_1_364' title='bbox 219 3442 346 3483; x_wconf 88' lang='lat' dir='ltr'>terra</span> <span class='ocrx_word' id='word_1_365' title='bbox 376 3435 622 3502; x_wconf 85' lang='lat' dir='ltr'>degimus,</span> <span class='ocrx_word' id='word_1_366' title='bbox 664 3443 834 3503; x_wconf 89' lang='lat' dir='ltr'>sponte</span> <span class='ocrx_word' id='word_1_367' title='bbox 863 3444 944 3484; x_wconf 88' lang='lat' dir='ltr'>aut</span> <span class='ocrx_word' id='word_1_368' title='bbox 973 3435 1108 3484; x_wconf 89' lang='lat' dir='ltr'>inviti</span> <span class='ocrx_word' id='word_1_369' title='bbox 1140 3434 1426 3501; x_wconf 89' lang='lat' dir='ltr'>titubemus,</span> <span class='ocrx_word' id='word_1_370' title='bbox 1486 3447 1538 3487; x_wconf 92' lang='lat' dir='ltr'>ut</span> <span class='ocrx_word' id='word_1_371' title='bbox 1566 3439 1608 3487; x_wconf 92' lang='lat' dir='ltr'>id</span> <span class='ocrx_word' id='word_1_372' title='bbox 1639 3440 1762 3505; x_wconf 91' lang='lat' dir='ltr'>qnod</span> <span class='ocrx_word' id='word_1_373' title='bbox 1793 3442 2052 3507; x_wconf 72' lang='lat' dir='ltr'>perfectius</span> 
     </span>
     <span class='ocr_line' id='line_1_41' title="bbox 144 3517 2049 3589; baseline 0.006 -23"><span class='ocrx_word' id='word_1_374' title='bbox 144 3525 219 3566; x_wconf 89' lang='lat' dir='ltr'>est</span> <span class='ocrx_word' id='word_1_375' title='bbox 244 3517 557 3584; x_wconf 82' lang='lat' dir='ltr'>significetur.</span> <span class='ocrx_word' id='word_1_376' title='bbox 633 3517 762 3569; x_wconf 88' lang='lat' dir='ltr'>Nam</span> <span class='ocrx_word' id='word_1_377' title='bbox 791 3527 837 3568; x_wconf 88' lang='lat' dir='ltr'>et</span> <span class='ocrx_word' id='word_1_378' title='bbox 866 3519 1097 3568; x_wconf 90' lang='lat' dir='ltr'>iustorum</span> <span class='ocrx_word' id='word_1_379' title='bbox 1135 3520 1316 3586; x_wconf 87' lang='lat' dir='ltr'>pariter</span> <span class='ocrx_word' id='word_1_380' title='bbox 1342 3531 1389 3570; x_wconf 91' lang='lat' dir='ltr'>et</span> <span class='ocrx_word' id='word_1_381' title='bbox 1422 3530 1726 3589; x_wconf 89' lang='lat' dir='ltr'>peccatorum</span> <span class='ocrx_word' id='word_1_382' title='bbox 1759 3524 2049 3577; x_wconf 88' lang='lat' dir='ltr'>mentionem</span> 
     </span>
     <span class='ocr_line' id='line_1_42' title="bbox 146 3599 2051 3679; baseline 0.006 -30"><span class='ocrx_word' id='word_1_383' title='bbox 146 3599 374 3664; x_wconf 78' lang='lat' dir='ltr'>facimus,</span> <span class='ocrx_word' id='word_1_384' title='bbox 417 3611 717 3668; x_wconf 88' lang='lat' dir='ltr'>peccatorum</span> <span class='ocrx_word' id='word_1_385' title='bbox 752 3603 969 3670; x_wconf 86' lang='lat' dir='ltr'>quidem,</span> <span class='ocrx_word' id='word_1_386' title='bbox 1025 3611 1073 3651; x_wconf 92' lang='lat' dir='ltr'>ut</span> <span class='ocrx_word' id='word_1_387' title='bbox 1103 3602 1160 3652; x_wconf 91' lang='lat' dir='ltr'>iis</span> <span class='ocrx_word' id='word_1_388' title='bbox 1192 3620 1215 3652; x_wconf 89' lang='lat' dir='ltr'>a</span> <span class='ocrx_word' id='word_1_389' title='bbox 1250 3604 1441 3654; x_wconf 89' lang='lat' dir='ltr'>domino</span> <span class='ocrx_word' id='word_1_390' title='bbox 1475 3605 1851 3659; x_wconf 88' lang='lat' dir='ltr'>misericordiam</span> <span class='ocrx_word' id='word_1_391' title='bbox 1884 3610 2051 3679; x_wconf 86' lang='lat' dir='ltr'>implo-</span> 
     </span>
    </p>
   </div>
   <div class='ocr_carea' id='block_1_6' title="bbox 146 3740 1757 3858">
    <p class='ocr_par' dir='ltr' id='par_1_7' title="bbox 146 3740 1757 3858">
     <span class='ocr_line' id='line_1_43' title="bbox 199 3740 1757 3800; baseline 0.006 -21"><span class='ocrx_word' id='word_1_392' title='bbox 199 3740 241 3780; x_wconf 78' lang='lat'>2.</span> <span class='ocrx_word' id='word_1_393' title='bbox 284 3743 388 3780; x_wconf 63' lang='lat' dir='ltr'>(litat</span> <span class='ocrx_word' id='word_1_394' title='bbox 432 3744 525 3782; x_wconf 83' lang='lat' dir='ltr'>haec</span> <span class='ocrx_word' id='word_1_395' title='bbox 562 3745 681 3782; x_wconf 85' lang='lat' dir='ltr'>verba</span> <span class='ocrx_word' id='word_1_396' title='bbox 719 3745 948 3783; x_wconf 80' lang='lat' dir='ltr'>Anastasius</span> <span class='ocrx_word' id='word_1_397' title='bbox 990 3744 1073 3783; x_wconf 85' lang='lat' dir='ltr'>Sin.</span> <span class='ocrx_word' id='word_1_398' title='bbox 1186 3743 1224 3784; x_wconf 83' lang='lat'>3.</span> <span class='ocrx_word' id='word_1_399' title='bbox 1257 3743 1453 3797; x_wconf 83' lang='grc' dir='ltr'><strong>γενομένη</strong></span> <span class='ocrx_word' id='word_1_400' title='bbox 1485 3748 1568 3786; x_wconf 80' lang='lat' dir='ltr'>cod.</span> <span class='ocrx_word' id='word_1_401' title='bbox 1599 3748 1757 3800; x_wconf 72' lang='lat' dir='ltr'>Rhediy.</span> 
     </span>
     <span class='ocr_line' id='line_1_44' title="bbox 146 3796 1573 3858; baseline 0.004 -23"><span class='ocrx_word' id='word_1_402' title='bbox 146 3797 309 3846; x_wconf 84' lang='lat' dir='ltr'>Quaestt.</span> <span class='ocrx_word' id='word_1_403' title='bbox 336 3810 378 3848; x_wconf 81' lang='lat' dir='ltr'>p.</span> <span class='ocrx_word' id='word_1_404' title='bbox 400 3797 493 3839; x_wconf 80' lang='lat'>200.</span> <span class='ocrx_word' id='word_1_405' title='bbox 527 3801 645 3839; x_wconf 81' lang='lat' dir='ltr'>Grets.</span> <span class='ocrx_word' id='word_1_406' title='bbox 1177 3801 1215 3839; x_wconf 80' lang='lat'>4.</span> <span class='ocrx_word' id='word_1_407' title='bbox 1247 3802 1424 3843; x_wconf 79' lang='lat' dir='ltr'>Fortasse</span> <span class='ocrx_word' id='word_1_408' title='bbox 1454 3796 1573 3858; x_wconf 80' lang='grc' dir='ltr'><strong>ἅπερ.</strong></span> 
     </span>
    </p>
   </div>
   <div class='ocr_carea' id='block_1_7' title="bbox 2087 2700 2288 2754">
    <p class='ocr_par' dir='ltr' id='par_1_8' title="bbox 2087 2700 2288 2754">
     <span class='ocr_line' id='line_1_45' title="bbox 2087 2700 2288 2754; baseline -0.005 -15"><span class='ocrx_word' id='word_1_409' title='bbox 2087 2700 2183 2754; x_wconf 80' lang='lat' dir='ltr'>cap.</span> <span class='ocrx_word' id='word_1_410' title='bbox 2199 2700 2288 2740; x_wconf 82' lang='lat' dir='ltr'>vn.</span> 
     </span>
    </p>
   </div>
  </div>
 </body>
</html>
