2508 4134
456 263 554 316 186
1163 275 1367 317 εΑΝοΤι
1395 272 1674 318 EPIPHANH

457 368 632 438 Πάσχα
661 375 858 439 πρῶτον
888 374 1127 438 εἴπωμεν,
1180 370 1247 434 ῶς
1276 390 1423 440 φησι,
1470 371 1535 426 Τὸ
1571 372 1748 442 Πάσχα
1779 370 1921 441 ἡμῶν
1950 372 2106 441 ἐτύθη
2144 372 2380 440 Χριστός·

451 457 632 522 ἴδωμεν
669 453 823 509 αὐτόν
860 454 946 510 τόν
986 455 1214 522 εἰπόντα,
1273 460 1316 510 εἰ
1345 455 1441 511 οὐκ
1485 459 1702 511 ἐπετέλει.
1779 461 1880 510 Καί
1920 476 2068 525 φησι,
2107 456 2384 513 ’Ἑσπευδεν

449 539 586 602 ὅπως
619 538 806 615 ποιήσῃ
850 539 940 609 τὴν
974 541 1321 610 Πεντηκοστήν
1358 545 1426 604 εἰς
1450 540 1776 612 Ἰερουσαλήμ.
1856 547 2020 596 Ποίαν
2051 544 2104 596 δὲ
2131 543 2219 611 τὴν
2256 551 2384 598 Πεν-

448 624 694 693 τηκοστήν
719 627 927 679 ἐπετέλει
955 632 1170 692 Παῦλος,
1195 630 1241 681 εἰ
1257 626 1326 696 μή
1361 627 1536 697 Πάσχα
1558 630 1823 692 ἐπετέλεσε,
1905 632 2011 681 Τίνι
2040 629 2093 682 δὲ
2118 629 2180 683 οὗ
2201 647 2384 696 συμπε-

451 708 678 778 φαίνηται
725 713 778 764 ἐν
803 718 919 765 πᾶσι
953 716 1148 780 κλίμασι
1174 708 1262 782 τῆς
1290 715 1585 782 οἰκουμένης
1613 713 1686 767 ὅτι
1723 713 1891 783 τετράς
1920 715 2004 767 καὶ
2031 714 2383 784 προσάββατον

447 799 644 862 νηστεία
676 797 805 849 ἐστὶν
833 799 884 850 ἐν
914 803 973 872 τῇ
1000 800 1226 871 ἐκκλησίᾳ
1254 797 1523 867 ὥρισμένης
1599 802 1669 852 Εἰ
1695 800 1748 853 δὲ
1785 801 1868 853 καὶ
1898 797 1990 868 χρὴ
2016 798 2071 853 τό
2099 806 2186 867 τῆς
2224 807 2239 837 ¹
2261 806 2381 854 Διαὲ

446 879 626 944 τάξεως
653 888 751 935 τῶν
778 872 1065 937 ἀποστόλων
1090 886 1267 954 λέγειν,
1308 890 1416 946 πῶς
1442 887 1545 938 ε’κεῖ
1567 882 1794 955 ῶρίζοντο
1821 884 2025 956 τετράδα
2052 887 2138 938 καὶ
2166 884 2390 955 προσάβ.Υ

448 969 599 1034 βατον
637 972 863 1036 νηστείαν
902 967 986 1023 διά
1020 967 1232 1034 παντός,
1288 971 1438 1038 χωρὶς
1469 975 1840 1038 Πεντηκοστῆςς
1917 972 2017 1023 Καὶ
2051 972 2162 1040 περὶ
2202 976 2302 1024 τῶν
2325 973 2381 1034 ἓξ

447 1049 644 1121 ἡμερῶν
685 1059 776 1107 τοῦ
822 1054 999 1124 Πάσχα
1047 1061 1173 1117 πῶς
1198 1056 1611 1125 παραγγέλλουσι,
1672 1046 1823 1123 μηδὲν
1871 1055 1998 1118 ὅλως
2039 1055 2304 1125 λαμβάνειν
2350 1054 2386 1124 ἢ

449 1136 602 1207 ἄρτου
629 1140 714 1192 καὶ
740 1137 856 1202 άλός
878 1142 961 1194 καὶ
987 1139 1193 1204 ῧδατοςς
1274 1143 1437 1192 Ποίαν
1463 1160 1512 1191 τε
1539 1138 1729 1210 ἡμέραν
1754 1139 1905 1210 άγειν,
1943 1147 2052 1203 πῶς
2076 1162 2126 1194 τε
2152 1139 2385 1195 άπολύειν

449 1226 518 1287 εἷς
547 1223 932 1291 έπιφοόσκουσαν
969 1224 1238 1295 κυριακήν,
1290 1223 1511 1294 φανερόν
1541 1227 1654 1278 ἐστι.
1738 1231 1822 1287 Τίς
1847 1226 1900 1278 δὲ
1929 1231 2109 1293 μᾶλλον
2135 1229 2384 1281 ἐπίσταται

447 1311 663 1375 τούτωνς
733 1307 788 1363 Ὁ
827 1311 1143 1379 ἠπατημένος
1181 1308 1481 1379 ἅνθρωπος,
1531 1308 1560 1363 ὁ
1585 1314 1677 1363 νῦν
1705 1309 2009 1378 ἐνδημήσας,
2061 1313 2146 1364 καὶ
2175 1313 2269 1374 ἕως
2293 1317 2385 1365 νῦν

448 1397 500 1451 ἐν
539 1401 610 1469 τῷ
644 1399 738 1470 βίῳ
764 1396 977 1466 περιών,
1036 1396 1071 1465 ἢ
1103 1400 1155 1451 οἷ
1178 1394 1273 1464 πρὸ
1305 1393 1446 1462 ἡμῶν
1475 1395 1718 1466 μάρτυρες
1744 1394 2017 1467 γεγονότες,
2069 1398 2257 1464 ἔχοντες
2285 1396 2382 1466 πρό

446 1478 590 1549 ἡμῶν
620 1481 710 1549 τήν
735 1481 1011 1552 παράδοσιν
1039 1484 1118 1535 ἐπὶ
1148 1488 1234 1549 τῆς
1259 1484 1541 1549 ἐκκλησίας,
1591 1483 1676 1534 καὶ
1703 1474 1841 1535 οὗτοι
1866 1481 2224 1551 παρειληφότες
2250 1480 2386 1553 παρά

446 1572 546 1620 τῶν
572 1567 738 1621 αὐτῶν
765 1569 1005 1636 πατέρων,
1042 1574 1140 1621 τῶν
1163 1589 1213 1621 τε
1239 1565 1403 1621 αὐτῶν
1428 1569 1652 1637 πατέρων
1679 1565 1828 1620 πάλιν
1855 1566 2222 1636 μεμαθηκότων
2248 1566 2384 1637 παρὰ

446 1658 542 1706 τῶν
578 1651 675 1724 πρό
713 1653 880 1707 αὐτῶν
918 1653 1217 1724 γεγονότων,
1269 1659 1376 1715 πῶς
1411 1651 1444 1721 ἦ
1470 1655 1699 1721 ἐκκλησία
1730 1657 2087 1722 παραλαβοῦσα
2125 1651 2259 1723 παρά
2285 1659 2386 1707 τῶν

445 1737 599 1807 αὐτῆς
635 1740 860 1809 πατέρων
900 1737 1010 1810 α’χρι
1043 1741 1127 1792 καὶ
1159 1745 1246 1807 τῆς
1289 1742 1434 1808 δεῦρο
1476 1741 1662 1807 κατέχει
1707 1738 1797 1807 τήν
1824 1736 2070 1808 άληθινήν
2103 1743 2267 1792 πίστιν
2302 1740 2386 1792 καὶ

446 1822 533 1887 τάς
562 1823 883 1896 παραδόσειςς
960 1827 1056 1878 Καὶ
1092 1826 1391 1878 διαπιπτέτω
1420 1824 1568 1878 πάλιν
1595 1823 1630 1893 ἦ
1663 1825 1844 1878 τούτου
1880 1826 2044 1878 ἔννοια
2075 1822 2109 1893 ἦ
2144 1826 2257 1894 περὶ
2296 1830 2385 1878 τοῦ

449 1909 638 1980 Πάσχα.
712 1907 840 1963 Εἶτα
866 1911 919 1964 δὲ
947 1913 991 1964 εἰ
1016 1909 1084 1979 μή
1115 1913 1227 1981 περὶ
1258 1917 1345 1978 τῆς
1374 1908 1526 1979 αὐτῆς
1552 1908 1845 1972 ὑποθέσεως
1873 1908 2119 1980 τετράδων
2154 1911 2235 1964 καὶ
2267 1931 2387 1980 προ-

445 1995 709 2065 σαββάτων
736 1999 790 2050 οῖ
810 1996 953 2050 αὐτοὶ
988 1995 1251 2051 ἀπόστολοι
1281 1999 1333 2050 ἐν
1361 2003 1420 2070 τῇ
1446 1995 1673 2060 Διατάξει
1704 1998 1864 2066 ἔλεγον
1890 1997 1975 2049 καὶ
2006 1993 2160 2059 ἄλλως
2186 1998 2240 2050 ἐκ
2263 2018 2386 2049 παν-

443 2082 654 2151 ταχόθεν
701 2085 890 2151 εἴχομεν
933 2081 1218 2147 άποδεῖξαι,
1284 2081 1421 2149 ὅμως
1469 2083 1579 2151 περὶ
1622 2080 1804 2135 τούτου
1851 2081 2073 2149 ἆκριβῶς
2120 2080 2384 2152 γράφουσι.

448 2173 732 2237 Παρείληφε
760 2169 812 2223 δὲ
839 2166 874 2238 ἦ
899 2171 1142 2237 ἐκκλησία,
1183 2169 1265 2221 καὶ
1291 2169 1343 2221 έν
1372 2166 1469 2240 ὅλῳ
1496 2173 1564 2239 τῷ
1591 2166 1761 2240 κόσμῳ
1789 2166 2195 2235 συμπεφώνηται,
2236 2171 2386 2236 ἳπρίν

443 2275 497 2325 γε
525 2261 616 2307 τοῦ
655 2252 778 2308 εἶναι
806 2253 998 2323 ’Λέριον
1036 2256 1119 2307 καὶ
1165 2252 1282 2316 τοῦς
1325 2250 1411 2305 ἀπ’
1451 2252 1608 2306 αὐτοῦ
1638 2251 1933 2316 Ἀεριανούς.
2015 2251 2147 2321 Τάχα
2182 2251 2275 2323 γάρ
2301 2254 2385 2306 καὶ

444 2339 570 2393 κατά
604 2346 752 2394 τοῦτο
782 2339 1094 2394 δικαιότατον
1133 2338 1289 2407 ὄνομα
1326 2342 1538 2406 εἴληφεν.
1610 2334 1920 2408 Ἀέριον’γάρ
1954 2344 2148 2406 πνεῦμα
2179 2340 2312 2407 ἔσχεν
2338 2341 2387 2402 ἐξ

244 2459 328 2495 pag,
352 2450 427 2486 911.
450 2424 792 2497 α’καθαρσίας,
844 2422 942 2478 άπὸ
983 2431 1079 2478 τῶν
1123 2424 1298 2495 άερίων
1325 2423 1613 2492 πνευμάτων
1653 2429 1742 2492 τῆς
1769 2427 2034 2493 πονηρίας,
2083 2422 2139 2477 τὸ
2174 2426 2226 2477 ἐν
2251 2423 2389 2498 αὐτῷ

448 2515 654 2581 οἰκῆσαν
689 2510 813 2565 κατά
849 2517 937 2578 τῆς
972 2513 1243 2579 ἐκκλησίας.

232 2695 343 2752 Κεφ.
373 2694 418 2751 ζ.
576 2680 782 2736 ”Euam
810 2683 863 2736 δὲ
891 2684 1004 2753 περὶ
1034 2688 1125 2735 τοῦ
1152 2680 1372 2749 ὀνόματα
1401 2682 1554 2752 λέγειν
1581 2686 1679 2734 τῶν
1708 2678 2116 2748 τελευτησάντων,
2155 2682 2200 2733 τί
2227 2677 2287 2732 ἂν
2314 2682 2387 2748 εἰἠ

447 2766 626 2822 τούτου
657 2766 1090 2839 προύργιαίτερον,
1127 2771 1172 2821 τί
1204 2766 1383 2820 τούτου
1409 2766 1729 2836 καιριώτερον
1750 2767 1832 2818 καὶ
1856 2763 2284 2834 θαυμασιώτερον,
2312 2787 2392 2818 πι-

449 2852 634 2907 στεύειν
660 2855 748 2922 μὲν
776 2853 893 2916 τούς
925 2853 1174 2922 παρόντας
1205 2852 1280 2906 ὅτι
1310 2856 1361 2905 οἱ
1388 2850 1686 2914 ἀπελθόντες
1723 2857 1862 2917 ζῶσι,
1913 2851 1998 2904 καὶ
2033 2852 2084 2902 ἐν
2109 2850 2389 2923 ἆνυπαρξίᾳ

449 2939 542 2993 οὔκ
572 2942 715 3005 εἰσιν,
756 2937 873 2993 άλλά
905 2942 995 2992 εἶσι
1025 2940 1108 2992 καὶ
1146 2944 1260 3003 ζῶσι
1287 2937 1423 3007 παρά
1458 2944 1524 3010 τῷ
1554 2936 1796 3011 δεσπότῃ,
1834 2937 1916 2990 καὶ
1944 2934 2084 2997 ὅπως
2113 2934 2174 2987 ἂν
2194 2934 2249 2988 τό
2279 2953 2390 3003 σεμ-

447 3025 662 3080 νότατον
702 3025 933 3096 κήρυγμα
979 3030 994 3061 ¹
1017 3023 1325 3095 διηγήσοιτο,
1374 3021 1442 3085 ῶς
1482 3025 1617 3084 ἐλπίς
1654 3025 1784 3076 ἐστιν
1824 3020 1949 3089 ὑπὲρ
1990 3019 2222 3084 ἀδελφῶν
2252 3018 2387 3089 εὖχο-

448 3113 639 3180 μένοις,
680 3109 747 3173 ὥς
773 3111 1106 3183 ένᾶποδημίᾳ
1133 3109 1478 3179 τυγχανόντων.
1557 3108 1798 3174 2’.Ωφελεῖ
1824 3107 1876 3159 δὲ
1903 3107 1989 3157 καὶ
2014 3102 2048 3173 ἦ
2071 3102 2195 3175 ὖπὲρ
2224 3103 2389 3158 αὐτῶν

453 3198 723 3267 3γινομένη
751 3195 867 3264 εὐχὴ
894 3199 938 3249 εἰ
961 3197 1046 3248 καὶ
1070 3193 1129 3247 τά
1154 3194 1243 3247 ὅλα
1270 3201 1368 3248 τῶν
1400 3193 1700 3262 αι’τιαμάτων
1738 3191 1805 3260 μὴ
1832 3188 2134 3246 α’ποκόπτοι·
2176 3188 2271 3243 ἄλλ’
2295 3184 2389 3244 οὖν

449 3303 500 3353 γε
531 3281 614 3336 διά
644 3280 697 3336 τό
721 3281 953 3344 πολλάκις
980 3284 1031 3335 ἐν
1063 3280 1233 3353 κόσμῳ
1268 3278 1399 3348 ἡμᾶς
1425 3278 1572 3342 ὄντας
1604 3278 1907 3345 σφάλλεσθαι
1940 3275 2187 3338 ἀκουσίως
2223 3297 2273 3329 τε
2303 3278 2388 3329 καὶ

451 3369 716 3433 ἑκουσίως,
754 3371 838 3421 ’ἵνα
863 3366 917 3421 τό
949 3368 1271 3433 έντελέστερον
1298 3371 1547 3438 σημανθῇ.
1623 3365 1724 3416 Καὶ
1751 3361 1842 3431 γάρ
1871 3364 2075 3413 δικαίων
2104 3360 2390 3430 ποιούμεθα

452 3451 541 3520 τὴν
587 3453 811 3521 μνήμην,
866 3455 949 3506 καὶ
993 3450 1118 3522 ὑπὲρ
1161 3449 1488 3522 ἁμαρτωλῶν·
1540 3449 1664 3518 ’ὑπὲρ
1709 3448 1796 3515 μὲν
1839 3444 2164 3516 ἁμαρτωλῶν,
2221 3444 2386 3518 4ὖπὲρ

510 3653 606 3694 CAP.
628 3656 697 3696 VI.
719 3678 769 3686 -
821 3655 855 3696 1.
884 3657 978 3695 Vide
1005 3657 1142 3695 Grabii
1167 3656 1392 3705 Spicile9.1.
1510 3651 1607 3690 CAP.
1632 3651 1720 3688 VH.
1746 3672 1799 3680 —
1845 3648 1877 3688 1.
1910 3650 2094 3690 Petavius
2116 3651 2274 3689 coniecit
2296 3652 2387 3702 διη-

449 3722 543 3762 pay.
569 3707 634 3750 48.
1450 3705 1656 3763 γήσοιντο.
1715 3708 1790 3747 Nec
1821 3708 1996 3754 displicet
2034 3708 2115 3747 hoc.
2178 3707 2388 3746 Carnarius

507 3770 546 3806 ⁵2.
571 3769 765 3817 Rescripsi
780 3767 870 3822 πρίν
891 3782 942 3824 γε
958 3781 1032 3821 pro
1050 3765 1144 3823 πρὶν
1163 3760 1260 3822 γάρ,
1284 3768 1388 3817 quod
1446 3767 1558 3806 vertit
1583 3770 1624 3801 et
1649 3770 1692 3801 ut
1717 3761 2011 3816 pientissimam
2037 3761 2387 3816 praedicationem

451 3826 538 3865 libri
563 3826 759 3878 praebent.
1455 3833 1701 3862 recenseam.
