2508 4134
487 275 554 327 36
1187 282 1391 324 SANCTt
1421 283 1702 326 EPIPHANH

623 378 833 447 ‘owqu
875 380 928 432 δὲ
963 379 1045 431 καὶ
1092 379 1283 447 ἔξορίαν
1314 378 1466 441 αὐτὸς
1503 377 1533 433 ὅ
1553 381 1724 453 Χγέρων
1749 380 1943 445 Λύδιος
1987 386 2056 445 εἷς
2092 384 2153 437 τά
2178 386 2303 454 μέρη
2333 390 2422 454 τῆς

485 469 735 529 Σκυθίας,
773 462 875 517 ὕπὸ
900 467 989 515 τοῦ
1019 465 1256 530 βασιλέως
1285 467 1582 535 ἐξορισθεὶς,
1621 463 1705 518 διά
1730 465 1786 519 τὸ
1817 465 2105 534 άφηνιάζειν
2128 469 2296 532 λαούς·
2334 471 2420 524 καὶ

482 547 584 602 ’ὖπό
627 557 725 602 τῶν
765 546 1052 602 ἐπισκόπων
1091 554 1160 620 τῷ
1197 553 1389 616 βασιλεῖ
1419 547 1685 618 άνηνὲχθη.
1756 548 1891 604 Ἐκεῖ
1922 553 1976 605 δὲ
1996 552 2207 620 μάλιστα
2232 557 2419 624 διατρί-

482 637 587 702 βων
611 632 852 701 (7χρόνον
878 621 1001 686 ἐτῶν
1027 630 1121 686 ούκ
1147 636 1238 702 ἔχω
1271 636 1446 705 λέγειν)
1475 636 1558 687 καὶ
1584 636 1653 697 εἷς
1678 633 1739 687 τά
1772 635 1943 705 πρόσω
1972 640 2189 704 βαίνων,
2240 641 2321 692 καὶ
2351 642 2421 702 είς

480 717 541 771 τά
569 717 788 771 ἐσώτατα
817 723 905 785 τῆς
932 722 1173 780 Γοτθίας,
1210 718 1422 781 πολλοὺς
1445 725 1544 772 τῶν
1573 718 1785 774 Γότθων
1810 720 2107 789 κατήχησεν,
2144 721 2234 790 ἀφ’
2264 717 2418 795 οὗπερ

476 804 562 856 καὶ
600 802 906 870 μοναστήρια
944 805 997 856 ἐν
1024 805 1085 876 τῇ
1127 802 1478 877 αὗτῇνΓοτθίᾳ
1511 805 1725 873 ἐγένετο,
1776 807 1861 858 καὶ
1886 810 2130 873 πολιτεία,
2178 809 2262 861 καὶ
2294 830 2417 879 παρ-

475 891 623 940 θενία
649 907 700 940 τε
727 890 813 941 καὶ
841 886 1047 955 ἄσκησις
1074 885 1161 956 οὐχ
1189 886 1223 957 ἦ
1245 895 1473 957 τυχοῦσα.
1499 887 1639 942 ’Ἐστι
1663 887 1756 960 γάρ
1783 894 1850 964 τῷ
1878 888 1987 944 ὄντι
2010 898 2159 945 τοῦτο
2181 891 2237 946 τὸ
2259 893 2420 964 τάγμα

476 971 609 1025 πάνυ
652 974 705 1026 ἐν
745 972 1036 1046 ἀναστροφῇ
1075 980 1369 1047 θαυμαστῇ,
1418 976 1504 1027 καὶ
1539 973 1601 1027 τά
1637 975 1801 1031 πάντα
1834 973 2000 1029 αὐτῶν
2041 978 2094 1030 ἐν
2122 984 2225 1040 τοῖς
2254 976 2419 1032 αὐτῶν

476 1062 827 1128 μοναστηρίοις
853 1065 1016 1120 καλῶς
1047 1065 1071 1095 ⁸
1090 1060 1317 1125 φέρεται,
1354 1058 1482 1126 πλὴν
1514 1066 1613 1114 τῶν
1644 1066 1960 1126 φιλονεικιῶν
1985 1060 2200 1127 τούτων,
2252 1068 2344 1132 τῆς
2367 1084 2418 1117 τε

474 1149 789 1216 παραλλαγῆς
816 1149 906 1197 τοῦ
944 1142 1121 1212 Πάσχα
1147 1148 1237 1212 τῆς
1273 1164 1324 1197 τε
1348 1143 1475 1199 κατὰ
1503 1143 1558 1199 τὸ
1597 1144 1846 1201 ἰδιωτικόν
1882 1148 2163 1217 ἐγκειμένης
2194 1153 2284 1201 τοῦ
2309 1146 2417 1202 κατ’

474 1228 643 1283 εἰκόνα
681 1226 959 1299 ὁμολογίας.

242 1498 355 1555 Κεφ.
375 1497 440 1544 ιε’,
623 1482 689 1538 Τὸ
733 1485 786 1538 δὲ
825 1483 1102 1554 δεινότερον
1149 1482 1349 1537 πάντων
1389 1487 1474 1538 καὶ
1515 1484 1885 1556 φοβερώτερον,
1937 1485 2013 1540 ὅτι
2059 1484 2152 1541 οὐκ
2191 1485 2412 1557 εὔχονται

472 1567 595 1638 μετά
625 1591 787 1635 τινος,
826 1567 920 1623 κάν
943 1591 992 1622 τε
1024 1575 1123 1622 τῶν
1153 1572 1372 1637 δοκίμων
1408 1576 1426 1607 ¹
1447 1573 1651 1638 φανείη,
1690 1572 1770 1624 καὶ
1802 1571 1954 1639 μηδὲν
1983 1574 2052 1634 εἷς
2080 1575 2413 1643 κατηγόρησιν

470 1654 681 1724 ἐχόντων
723 1655 846 1723 μηδὲ
886 1656 1077 1723 μέμψιν
1116 1658 1350 1719 πορνείας
1394 1653 1429 1723 ἢ
1471 1659 1688 1724 μοιχείας
1721 1654 1755 1723 ἢ
1784 1660 2090 1721 πλεονεξίας,
2143 1656 2240 1711 ἄλλ’
2271 1658 2348 1714 ὅτι
2380 1657 2410 1714 o‘

467 1746 691 1803 τοιοῦτος
729 1742 782 1794 ἐν
817 1746 877 1814 τῇ
912 1742 1140 1813 ἐκκλησία
1166 1740 1439 1810 συνάγεται.
1516 1743 1619 1793 Καὶ
1655 1740 1802 1795 τοῦτό
1834 1744 1934 1795 ἐστι
1963 1740 2018 1796 τὸ
2053 1742 2301 1813 φοβερόν,
2350 1742 2409 1799 τδ

468 1825 766 1896 παραλλάξαι
807 1823 968 1894 ὄνομα
998 1830 1309 1893 Χριστιανῶν
1348 1832 1435 1893 τῆς
1472 1823 1616 1896 άγίας
1655 1829 1936 1894 ἐκκλησίας,
1987 1833 2077 1895 τῆς
2105 1827 2174 1896 μὴ
2202 1827 2411 1898 ἐχούσης

470 1913 702 1965 ἐπίθετον
742 1909 925 1979 ὄνομα,
990 1908 1106 1963 ἄλλά
1145 1909 1302 1978 μόνον
1352 1909 1512 1979 ὄνομα
1555 1916 1774 1981 Χριστοῦ
1812 1913 1897 1965 καὶ
1948 1917 2288 1980 Χριστιανῶν,
2340 1917 2410 1979 εἰς

468 1994 626 2064 ὄνομα
670 1994 867 2050 Αύδίου
906 2002 1194 2060 καλεῖσθαι,
1250 1997 1532 2050 συνθέσθαι
1586 2018 1636 2049 τε
1680 1997 1766 2049 καὶ
1805 1996 2129 2052 ἀπαιτεῖσθαι
2170 1998 2408 2068 σύνθημα

466 2079 794 2150 άνθρωπίνης
828 2079 1053 2147 φύσεως,
1093 2083 1138 2134 εἰ
1166 2082 1251 2134 καὶ
1284 2083 1367 2134 ἐπὶ
1403 2080 1459 2135 τό
1492 2079 1764 2147 άκραιφνὲς
1791 2083 1865 2150 εἴη
1890 2087 1959 2156 τῷ
1987 2085 2108 2155 βίῳ,
2155 2086 2242 2138 καὶ
2269 2084 2407 2160 πάσῃ

464 2164 756 2239 δικαιοσύνῃ
782 2164 836 2219 τὸ
866 2165 1028 2235 τάγμα
1055 2164 1435 2233 σεμνυνόμενον.
1512 2169 1700 2219 Πολλοὶ
1744 2167 1798 2220 δὲ
1833 2169 1917 2220 καὶ
1944 2166 2064 2235 μετά
2095 2166 2186 2236 τὴν
2212 2171 2405 2225 ἐκείνου

461 2249 688 2318 τελευτὴν
729 2249 957 2321 γεγόνασι
989 2250 1082 2303 σύν
1122 2250 1295 2312 αὐτοῖς
1322 2271 1373 2304 τε
1415 2253 1500 2304 καὶ
1537 2250 1640 2320 μετ’
1677 2249 1830 2305 αὐτόν
1859 2258 1949 2306 τοῦ
1977 2251 2221 2324 τάγματος
2249 2252 2406 2309 αὐτοῦ

464 2337 757 2400 ἐπίσκοποι,
819 2334 1072 2406 Οὗράνιός
1117 2357 1192 2398 τις
1232 2341 1321 2404 τῆς
1361 2337 1542 2404 Μέσης
1587 2342 1686 2390 τῶν
1733 2343 1990 2405 ποταμῶν·
2040 2340 2125 2392 καὶ
2165 2335 2268 2394 α’πὸ
2316 2346 2406 2409 τῆς

464 2426 513 2472 Γ
506 2425 683 2483 οτθίας
714 2421 767 2473 δὲ
803 2422 907 2488 ἔσχε
931 2419 1093 2485 τινάς,
1132 2422 1215 2474 καὶ
1247 2422 1537 2489 κατέστησεν
1564 2419 1746 2484 αὐτούς
1776 2422 2099 2489 ἐπισκόπους,
2129 2422 2247 2478 ἄλλα
2275 2427 2400 2479 2καὶ

461 2504 744 2567 Σιλουανός
782 2527 879 2570 τις,
930 2508 1015 2559 καὶ
1056 2505 1193 2559 ἄλλοι
1232 2507 1381 2570 τινὲς,
1422 2500 1493 2559 ῶν
1518 2509 1798 2575 συμβέβηκέ
1837 2530 1976 2571 τινας
2011 2515 2101 2563 τοῦ
2133 2513 2249 2578 βίου
2276 2508 2400 2564 παύ-

462 2598 679 2655 σασθαι,
732 2588 940 2658 μάλιστα
993 2588 1257 2660 Οὐράνιον.
1350 2589 1502 2660 Ηῦχει
1546 2591 1638 2663 γάρ
1686 2586 1832 2655 οὗτος
1874 2592 2120 2661 ἆναμέσον
2167 2593 2400 2650 τοιούτου

255 2696 340 2732 pag.
362 2687 437 2723 828.
461 2673 718 2745 τάγματος.
793 2673 942 2728 Meto}
980 2676 1032 2728 δὲ
1073 2675 1164 2744 τὴν
1203 2680 1302 2729 τῶν
1341 2676 1628 2731 ἐπισκόπων
1669 2678 1834 2731 αὐτῶν
1865 2678 2083 2744 τούτων,
2142 2677 2397 2750 Οὐρανίου

459 2761 544 2813 καὶ
572 2765 877 2824 Σιλουανοῦ,
915 2767 1004 2813 τοῦ
1045 2762 1100 2814 ἐκ
1153 2765 1437 2826 3Γοτθίας,
1476 2762 1701 2831 τελευτὴν
1737 2766 1908 2818 πολλοὶ
1942 2763 2268 2832 διελύθησαν,
2314 2767 2399 2819 καὶ

459 2846 529 2907 εἷς
572 2842 734 2915 ὀλίγον
771 2838 896 2912 ἦλθε
933 2844 988 2899 τό
1014 2844 1203 2899 τούτων
1239 2846 1488 2915 σύστημα,
1539 2850 1594 2901 ἕν
1621 2870 1670 2902 τε
1701 2857 1805 2911 τοῖς
1836 2850 2000 2919 μέρεσι
2035 2852 2286 2912 Χαλκίδος
2310 2856 2397 2918 τῆς

458 2927 583 2997 πρός
610 2927 924 2998 Ἀντιοχείας,
975 2931 1061 2983 καὶ
1105 2932 1157 2984 ἒν
1193 2939 1297 2993 τοῖς
1336 2933 1500 3003 μέρεσι
1538 2939 1627 2986 τοῦ
1666 2932 1960 3005 Εὐφράτου.
2036 2935 2138 2986 Καὶ
2163 2931 2257 3004 γάρ
2291 2932 2394 2989 άπὸ

458 3020 545 3081 τῆς
569 3018 788 3077 Γοτθίας
814 3013 1127 3084 ἐδιώχθησαν
1155 3019 1207 3069 οἱ
1235 3020 1459 3083 πλείους,
1507 3016 1568 3071 ού
1594 3017 1778 3086 μόνον,
1830 3017 1947 3072 άλλά
1984 3020 2068 3071 καὶ
2094 3022 2147 3072 οἱ
2168 3016 2394 3090 ἡμέτεροι

456 3100 560 3151 ἐκεῖ
583 3101 897 3169 Χριστιανοὶ,
947 3103 1169 3172 διωγμοῦ
1206 3101 1415 3172 μεγάλου
1455 3102 1713 3166 ἐνστάντος
1745 3101 1846 3157 ὗπὸ
1886 3102 2392 3172 βασιλέωςἽῦλληνος,

455 3187 623 3238 δεινοῦ
648 3206 699 3238 τε
726 3186 1020 3256 γενομένου,
1070 3187 1154 3239 καὶ
1180 3185 1306 3256 πρὸς
1334 3193 1478 3255 ζῆλον
1513 3194 1612 3241 τῶν
1636 3186 1917 3256 Ῥωμαίων,
1969 3186 2052 3241 διά
2081 3187 2135 3241 τὸ
2165 3188 2281 3251 τούς
2305 3193 2394 3258 βα-

455 3276 600 3330 σιλεῖς
620 3275 719 3322 τῶν
741 3267 993 3337 Ῥωμαίων
1016 3268 1140 3324 εἶναι
1163 3265 1505 3343 Χριστιανὸὒς,
1539 3279 1566 3310 4
1582 3272 1636 3327 τό
1666 3279 1766 3325 πᾶν
1786 3274 1928 3343 γένος
1950 3278 2050 3325 τῶν
2079 3278 2394 3338 Χριστιανῶν

456 3349 541 3405 ἄπ’
575 3355 772 3409 ἐκείνων
801 3352 1157 3424 άπελασθῆναι.
1240 3355 1315 3410 Οὐ
1345 3362 1498 3412 λείπει
1539 3358 1593 3412 δὲ
1631 3360 1736 3428 ῥίζα
1768 3360 1975 3424 σοφίας,
2016 3355 2134 3411 οὐδὲ
2162 3358 2391 3427 φύτευμα

509 3523 546 3567 7.
579 3524 739 3579 χρόνων
768 3530 879 3568 codd.
907 3540 998 3569 mss.
1030 3534 1065 3569 et
1090 3532 1180 3571 edit.
1205 3533 1331 3581 princ.
1505 3534 1543 3574 2.
1575 3529 1649 3573 καὶ
1676 3542 1750 3570 om.
1781 3532 1867 3571 cod.
1896 3532 2059 3583 Rhediy.

507 3579 547 3621 8.
578 3580 772 3633 φέρονται
799 3587 883 3625 cod.
919 3587 1078 3634 Rhediq.
1504 3587 1544 3630 3.
1576 3585 1723 3640 Yofflotg
1751 3588 1834 3626 cod.
1866 3588 2029 3637 Rhediy.

513 3635 608 3675 Cn.
637 3638 730 3678 XV.
763 3661 815 3669 —
871 3643 902 3681 1.
933 3642 1084 3694 φανείη
1111 3645 1389 3684 restituendum
1503 3640 1543 3684 4.
1573 3644 1826 3684 scribendum
1851 3647 1944 3693 puto
1969 3646 2038 3682 aut
2061 3641 2134 3685 καὶ
2157 3641 2263 3695 πρὸς
2290 3646 2325 3695 ζ.
2348 3657 2386 3688 τ.

452 3696 534 3732 erat
558 3704 606 3732 ex
635 3692 763 3747 φανίη
781 3725 793 3746 ,
828 3699 931 3746 quod
956 3701 998 3738 in
1027 3700 1139 3738 codd.
1168 3712 1260 3740 mss.
1288 3705 1321 3740 et
1347 3703 1389 3741 in
1444 3696 1595 3753 “Ρωμ-,
1625 3701 1662 3742 δ.
1691 3712 1727 3739 τ.
1752 3712 1790 3740 τ.
1818 3700 1855 3753 β.
1882 3712 1918 3740 τ.
1956 3695 2078 3752 Ῥωμ
2137 3695 2241 3742 εἶναι
2280 3700 2386 3753 Χρι-

449 3749 656 3845 ῗ.ιρνι“ζιο.
684 3751 993 3800 deprehenditur.
1036 3753 1150 3810 φάνῃ
1180 3760 1236 3797 est
1260 3758 1302 3798 in
1326 3758 1385 3797 ed.
1446 3753 1662 3809 στιανούς,
1690 3751 1739 3798 τὸ
1766 3754 1845 3798 πᾶν
1869 3752 1987 3809 γένος
2011 3768 2048 3799 τ.
2075 3754 2157 3810 Χρ.
2180 3751 2253 3800 ἀπ’
2277 3755 2387 3801 ἐκεί-

487 3815 506 3844 e
523 3816 617 3845 (lvn-
