2508 4134
544 299 769 348 piamun
798 305 904 346 Lm.
926 307 999 346 111.
1028 306 1162 347 TOM.
1186 308 1235 347 11.
1265 307 1428 348 HAER.
1452 307 1668 347 Lxxvn.
1961 298 2058 347 401

162 424 256 458 non
286 404 398 456 illud
427 404 580 455 solum
619 421 713 472 quo
742 403 799 454 de
833 403 1019 472 agitur,
1071 404 1156 454 sed
1186 413 1231 454 et
1263 404 1353 455 alia
1391 406 1626 474 permulta
1672 404 2062 474 profundioribus

162 487 418 542 sententiis
457 496 764 538 enarrantur.
1931 551 1937 559 .

298 570 445 623 Nunc
464 580 621 623 autem
644 572 700 623 ad
727 571 817 621 alia
843 579 1157 640 properantes
1182 570 1395 622 breviter
1422 574 1705 623 admonendi
1733 591 1903 624 caussa
1931 573 2055 624 istud
2147 578 2244 630 Cap·

161 657 480 725 aspersimus3
519 674 611 724 quo
636 655 894 723 religiosus
918 655 1116 723 quilibet
1140 654 1567 721 animadverteret,
1604 658 1887 725 quicumque
1911 634 2337 717 semelXXXvffl‘,

161 740 446 791 constitutos
485 738 534 789 in
571 739 777 790 ecclesia
819 738 1050 790 terminos
1094 756 1149 790 ac
1182 739 1491 807 propheticae
1530 750 1576 791 et
1604 742 1895 809 apostolicae
1934 741 2062 805 fidei,

161 841 298 893 quam
331 823 551 874 traditam
580 824 881 892 accepimuS‚
939 823 1282 892 doctrinaeque
1313 841 1446 892 spem
1477 824 1640 892 egredi
1674 826 1907 889 voluerit,
1962 826 2067 876 eius

161 908 371 959 animum
404 924 469 957 ex
496 906 729 958 levissimi
769 907 968 957 alicuius
999 908 1255 958 occasione
1287 907 1398 958 dicti
1432 908 1478 958 iu
1511 926 1562 958 re
1593 909 1778 959 modica
1807 927 1861 960 ac
1891 910 2066 960 nullius

161 1008 314 1061 paene
348 991 574 1041 momenti
605 1008 631 1039 a
662 991 902 1041 communi
930 992 1008 1042 via
1037 992 1370 1042 deflectentem
1391 1032 1404 1057 ,
1445 993 1503 1043 ad
1542 993 1831 1044 vanissimas
1864 994 2068 1045 subinde

161 1076 460 1127 assertiones
502 1075 1031 1144 periculosissimasque
1074 1077 1368 1139 sententias,
1423 1086 1470 1126 et
1497 1077 1555 1127 ad
1585 1077 1817 1128 absurdas
1846 1095 1899 1127 ac
1930 1094 2069 1146 pere-

161 1161 326 1228 grinas
355 1159 664 1228 quaestiones
696 1168 867 1228 atque,
908 1169 959 1211 ut
987 1161 1233 1229 apostolus
1264 1160 1501 1228 loquitur,
1556 1164 1904 1211 inea-tricabiles
1927 1181 2069 1227 gene·
2090 1167 2120 1202 1.
2133 1165 2320 1210 Tim.1‚4.

161 1248 371 1309 alogiae,
415 1261 524 1296 esse
554 1245 819 1314 lapsurum.
897 1242 1037 1311 Quod
1069 1244 1256 1312 quidem
1289 1245 1345 1295 ad
1379 1244 1454 1309 id,
1508 1246 1565 1296 de
1595 1264 1687 1313 quo
1716 1246 1764 1296 in
1796 1248 2072 1314 praesentia

162 1347 323 1381 sermo
352 1338 453 1393 est,
496 1330 685 1393 attinet,
725 1328 1057 1380 stultissimum
1084 1329 1209 1379 istud
1232 1346 1372 1393 esse,
1415 1347 1571 1397 neque
1598 1330 1925 1398 explicatione
1953 1349 2072 1400 opus

162 1413 369 1477 habere,
410 1414 623 1482 quisquis
655 1413 893 1483 paululum
920 1413 1044 1482 sapit
1069 1413 1294 1464 facillime
1321 1414 1599 1480 cognoscit,
1641 1431 1729 1465 nec
1761 1415 1809 1465 in
1837 1415 2073 1466 eiusmodi

163 1498 400 1566 sapientia
448 1497 769 1565 opinioneque
812 1497 1062 1566 quicquam
1103 1515 1211 1548 esse
1253 1498 1378 1565 quod
1409 1498 1769 1566 inquisitionem
1810 1500 2070 1550 desideret.

161 1580 290 1633 Nam
315 1582 356 1632 si
381 1582 537 1633 denuo
566 1591 617 1633 ut
640 1581 1037 1633 circumcidamur
1063 1581 1377 1650 resurgimuS,
1419 1601 1504 1632 cur
1528 1601 1624 1634 non
1655 1583 2071 1635 circumcisionem

163 1666 547 1718 antevertimus?
619 1664 750 1718 Sane
777 1667 853 1734 qui
881 1668 928 1717 in
959 1667 1047 1717 hac
1069 1666 1169 1717 vita
1198 1667 1399 1734 idipsum
1429 1668 1551 1734 quod
1579 1669 1844 1736 perfectum
1870 1669 2072 1719 habetur

164 1751 511 1818 cognoverint,
554 1760 602 1802 et
634 1760 766 1801 tanto
797 1760 907 1802 ante
942 1768 1177 1819 usurpare
1211 1750 1488 1819 coeperint,
1545 1752 1834 1803 luculentius
1863 1754 1918 1803 ad
1952 1755 2075 1803 futu-

162 1852 263 1885 ram
291 1835 418 1885 illam
458 1836 800 1904 perfectionem
839 1835 1146 1886 obtinendam
1178 1836 1252 1886 ius
1285 1835 1410 1885 nacti
1445 1845 1573 1885 sunt.
1653 1834 1896 1903 Quorsum
1929 1836 2077 1904 igitur

163 1919 222 1970 ab
249 1920 468 1988 apostolo
491 1919 667 1970 dictum
698 1922 802 1970 est?
876 1923 935 1969 Si
959 1923 1378 1980 circumcidamini,
1425 1923 1638 1969 Clzm'stus
1663 1925 1788 1970 nillil
1810 1923 1936 1970 vobis
1958 1940 2072 1986 pro-
2099 1941 2184 1975 Gal.
2207 1941 2239 1974 2.
2265 1941 2299 1975 3.

164 2008 312 2054 derit.-
354 2004 487 2068 item,
531 2006 625 2067 Qui
646 2007 692 2053 in
722 2007 823 2068 lege
848 2007 1182 2066 z'ustzfi'camini,
1224 2022 1252 2053 a
1275 2009 1437 2069 gratia
1465 2009 1721 2054 excidistis.
1803 2005 1931 2056 Tum
1956 2006 2074 2056 illud
2118 1987 2156 2018 et
2185 1984 2219 2028 5,
2247 1984 2278 2018 4.

165 2089 306 2140 etiam
329 2089 584 2139 salvatoris
614 2089 820 2153 dictum,
874 2092 929 2138 In
957 2094 1299 2139 resurrectione
1336 2094 1454 2139 enim
1484 2109 1629 2155 neque
1666 2094 1842 2140 ducant
1878 2109 2066 2149 umores,
2104 2095 2297 2174 Ἇέἱὲὃῒίιὲῐ

163 2191 308 2239 neque
332 2174 536 2233 nubunt,
577 2176 661 2222 sed
681 2175 895 2238 aequales
931 2184 1043 2222 sunt
1076 2177 1274 2238 angelis.
1354 2174 1494 2241 Quod
1524 2183 1684 2225 autem
1712 2175 1939 2244 scriptum
1973 2184 2066 2238 est,
2092 2165 2256 2226 nahmi,
2275 2182 2325 2215 35-

167 2259 394 2307 Sedebitis
429 2261 492 2307 ad
527 2275 725 2307 mensam
771 2262 924 2322 patris
969 2262 1082 2318 mei,
1140 2262 1420 2308 comedentes
1458 2269 1507 2308 et
1539 2261 1768 2320 bibente3‚
1826 2269 1901 2323 et,
1959 2263 2069 2309 Cum
2092 2282 2181 2316 Luc.
2197 2282 2250 2325 22,
2274 2281 2325 2314 30.

167 2345 287 2392 illud
322 2343 470 2390 bibam
498 2361 660 2391 novum
693 2344 922 2391 vobiscum
960 2347 1007 2391 in
1043 2361 1190 2408 reguo
1221 2346 1480 2404 coelorum,
1525 2361 1588 2393 ex
1619 2361 1677 2393 eo
1711 2344 1835 2411 quod
1864 2344 2071 2410 additur,
2086 2325 2330 2369 Ma¹⁰'¹⁴⁷²⁴'

168 2444 359 2486 novum,
416 2434 491 2490 et,
530 2429 594 2475 ad
618 2444 815 2476 mensam
843 2431 1002 2492 regni,
1060 2427 1155 2478 alio
1183 2445 1328 2478 sensu
1360 2428 1685 2496 accipiendum
1719 2428 1832 2479 illud
1865 2428 2076 2480 videtur.

172 2510 360 2579 Quippe
397 2519 446 2560 et
478 2527 594 2572 noS,
645 2511 691 2560 id
730 2512 853 2579 quod
882 2529 908 2561 e
932 2512 1084 2562 sacris
1124 2512 1258 2563 libris
1289 2512 1567 2576 didicimuS,
1625 2525 1784 2583 potum
1828 2532 1884 2565 ac
1923 2515 2079 2565 cibum

172 2595 407 2663 quendam
449 2593 545 2644 illic
586 2595 876 2645 ambrosium
913 2613 1023 2647 esse
1053 2597 1383 2660 defendimus,
1426 2598 1483 2648 (le
1513 2599 1681 2666 quibus
1712 2599 1943 2668 scriptum
1981 2609 2076 2664 est,

175 2683 301 2743 Quae
338 2681 499 2728 oculus
531 2690 621 2728 non
665 2682 782 2727 vidit
820 2698 902 2728 nec
940 2686 1071 2729 auris
1108 2685 1257 2730 audiit
1294 2700 1439 2747 neque
1466 2686 1512 2731 in
1537 2701 1619 2732 cor
1642 2687 1838 2733 nominis
1859 2688 2075 2734 ascende·
2097 2708 2127 2742 1·
2144 2704 2229 2740 Gor.
2252 2705 2331 2748 ²,9.

171 2774 307 2824 runt,
363 2782 480 2829 quae
509 2767 810 2828 praeparavit
844 2767 956 2813 deus
992 2768 1292 2830 diligentibus
1329 2785 1393 2815 se.
1476 2764 1571 2818 Sed
1619 2769 1683 2819 ita
1723 2769 1917 2820 statuit:
1972 2768 2080 2820 Pri-

173 2867 302 2900 mum
342 2849 390 2898 in
425 2857 526 2898 toto
558 2848 639 2898 illo
680 2847 948 2898 millenario
1000 2850 1239 2901 curriculo
1283 2851 1579 2902 naturalibus
1624 2871 1711 2904 nos
1757 2854 2079 2921 voluptatibus

175 2950 284 2985 esse
313 2932 564 2996 fruituros,
606 2932 770 2982 labore
800 2933 926 2982 omni
955 2950 1010 2983 ac
1040 2933 1204 2984 dolore
1234 2935 1442 2985 sublato.
1521 2934 1632 3003 Quo
1668 2937 1855 3005 quidem
1886 2939 2079 2989 evoluto

174 3027 410 3086 tempore,
441 3033 605 3068 eorum
633 3033 753 3084 quae
778 3017 901 3067 dicta
928 3026 1057 3079 sunt,
1091 3019 1344 3087 participes
1371 3022 1588 3085 futuros,
1632 3022 1755 3089 quod
1785 3023 1902 3073 haec
1934 3023 2081 3075 verba

178 3103 450 3165 declarant,
494 3105 620 3164 Quae
655 3120 738 3151 nec
776 3104 937 3151 oculus
974 3106 1114 3161 m‘dz't,
1157 3122 1239 3152 nee
1274 3108 1405 3153 auris
1441 3109 1633 3154 audivit.

318 3185 502 3237 Verum
524 3185 598 3236 hic
618 3186 804 3236 illorum
829 3203 988 3237 sermo
1011 3186 1230 3237 omnibus
1255 3188 1521 3256 scripturae
1545 3190 1798 3240 sententiis
1822 3200 2074 3259 repugnat.
2160 3198 2261 3252 Cap.

181 3269 303 3325 Cum
343 3272 469 3322 enim
516 3271 598 3321 lex
637 3272 876 3321 neminem
919 3272 1182 3339 perfectum
1234 3273 1523 3335 reddiderit,
1585 3283 1633 3323 et
1678 3275 1877 3324 eandem
1923 3287 2081 3326 tamen
2101 3255 2312 3296 XXX1X.

178 3358 331 3425 legem
370 3364 477 3425 post
513 3355 922 3406 resurrectionem
966 3355 1227 3406 observare
1272 3373 1359 3406 nos
1401 3356 1626 3420 iubeant,
1682 3376 1884 3426 cumque
1914 3370 2081 3411 sancta

179 3442 258 3492 illa
284 3441 396 3505 lex,
438 3458 576 3508 quam
606 3457 690 3508 per
716 3438 940 3508 Moysem
972 3439 1190 3490 domiuus
1221 3440 1358 3490 nobis
1388 3440 1561 3504 edidit,
1604 3446 1875 3508 Paedagogi
1897 3464 1981 3495 nos
2011 3450 2082 3495 in-
2113 3451 2199 3486 Gal.
2223 3451 2257 3495 a,
2280 3450 2333 3484 24.

181 3536 282 3575 star
308 3525 366 3576 ad
395 3521 640 3576 Christum
667 3525 976 3592 perduxerit,
1017 3524 1091 3575 cui
1112 3563 1125 3586 ,
1181 3526 1302 3592 quod
1330 3525 1470 3592 longe
1504 3525 1736 3576 absolutis
1764 3529 1857 3579 illis
1890 3548 1944 3580 ae
1975 3549 2083 3599 per-

185 3610 321 3661 fectis
349 3618 481 3660 esset
504 3609 723 3671 inferior,
765 3610 922 3659 datum
951 3608 1194 3675 negotium
1229 3618 1303 3659 est
1333 3618 1382 3659 ut
1413 3627 1500 3659 nos
1530 3610 1587 3659 ad
1619 3612 1936 3664 excellentius
1969 3616 2082 3666 illud

185 3710 241 3744 ac
270 3693 401 3746 velut
434 3701 573 3761 caput
598 3710 927 3761 summumque
963 3694 1251 3758 deduceret,
1307 3712 1411 3744 cuin
1441 3704 1547 3762 post
1574 3694 1691 3746 haec
1724 3694 1946 3749 Christus
1976 3717 2083 3769 per-

187 3778 341 3828 fectus
367 3777 446 3827 ille
475 3794 529 3826 ac
560 3777 778 3829 dominus
806 3778 1081 3842 advenerit,
1124 3796 1177 3830 ac
1204 3779 1260 3829 de
1286 3778 1551 3846 paedagogi
1587 3798 1729 3831 manu
1756 3782 1995 3835 alumnum
2028 3801 2083 3834 ac

273 3858 416 3903 Corpus
436 3857 659 3894 Haereseol.
690 3859 737 3894 11.
760 3860 790 3894 3.
1684 3869 1749 3919 ‘2ss
