<?xml version="1.0" encoding="UTF-8"?>
<!DOCTYPE html PUBLIC "-//W3C//DTD XHTML 1.0 Transitional//EN"
    "http://www.w3.org/TR/xhtml1/DTD/xhtml1-transitional.dtd">
<html xmlns="http://www.w3.org/1999/xhtml" xml:lang="en" lang="en">
 <head>
  <title>
</title>
<meta http-equiv="Content-Type" content="text/html;charset=utf-8" />
  <meta name='ocr-system' content='tesseract 3.04.00' />
  <meta name='ocr-capabilities' content='ocr_page ocr_carea ocr_par ocr_line ocrx_word'/>
</head>
<body>
  <div class='ocr_page' id='page_1' title='image "./pt3corporishaere02epipuoft_0434.png"; bbox 0 0 2508 4134; ppageno 0'>
   <div class='ocr_carea' id='block_1_1' title="bbox 448 256 1680 309">
    <p class='ocr_par' dir='ltr' id='par_1_1' title="bbox 448 256 1680 309">
     <span class='ocr_line' id='line_1_1' title="bbox 448 256 1680 309; baseline 0.002 -3"><span class='ocrx_word' id='word_1_1' title='bbox 448 256 550 309; x_wconf 82' lang='lat'><em>424</em></span> <span class='ocrx_word' id='word_1_2' title='bbox 1158 265 1366 308; x_wconf 70' lang='lat' dir='ltr'><em>smcn</em></span> <span class='ocrx_word' id='word_1_3' title='bbox 1395 267 1680 308; x_wconf 80' lang='lat' dir='ltr'><strong>EPIPHANH</strong></span> 
     </span>
    </p>
   </div>
   <div class='ocr_carea' id='block_1_2' title="bbox 449 360 2382 723">
    <p class='ocr_par' dir='ltr' id='par_1_2' title="bbox 449 360 2382 695">
     <span class='ocr_line' id='line_1_2' title="bbox 450 360 2381 434; baseline 0.004 -18"><span class='ocrx_word' id='word_1_4' title='bbox 450 362 627 429; x_wconf 90' lang='grc' dir='ltr'><em>φύσιν,</em></span> <span class='ocrx_word' id='word_1_5' title='bbox 680 361 800 415; x_wconf 72' lang='grc' dir='ltr'><em>ἄλλα</em></span> <span class='ocrx_word' id='word_1_6' title='bbox 839 361 922 417; x_wconf 74' lang='grc' dir='ltr'><em>διοὶ</em></span> <span class='ocrx_word' id='word_1_7' title='bbox 963 360 1019 416; x_wconf 80' lang='grc' dir='ltr'><em>τό</em></span> <span class='ocrx_word' id='word_1_8' title='bbox 1061 365 1289 433; x_wconf 75' lang='grc' dir='ltr'><em>αἴνιγμα,</em></span> <span class='ocrx_word' id='word_1_9' title='bbox 1345 364 1428 416; x_wconf 88' lang='grc' dir='ltr'><em>καὶ</em></span> <span class='ocrx_word' id='word_1_10' title='bbox 1468 363 1552 417; x_wconf 68' lang='grc' dir='ltr'><em>διὰ</em></span> <span class='ocrx_word' id='word_1_11' title='bbox 1581 363 1636 419; x_wconf 80' lang='grc' dir='ltr'><em>τό</em></span> <span class='ocrx_word' id='word_1_12' title='bbox 1681 367 1933 434; x_wconf 78' lang='grc' dir='ltr'><em>βασιλικόν</em></span> <span class='ocrx_word' id='word_1_13' title='bbox 1975 365 2099 422; x_wconf 83' lang='grc' dir='ltr'><em>εἶναι</em></span> <span class='ocrx_word' id='word_1_14' title='bbox 2141 367 2197 422; x_wconf 80' lang='grc' dir='ltr'><strong><em>τό</em></strong></span> <span class='ocrx_word' id='word_1_15' title='bbox 2240 373 2381 434; x_wconf 72' lang='grc' dir='ltr'><em>ζῶον,</em></span> 
     </span>
     <span class='ocr_line' id='line_1_3' title="bbox 450 446 2381 522; baseline 0.002 -21"><span class='ocrx_word' id='word_1_16' title='bbox 450 448 650 501; x_wconf 85' lang='grc' dir='ltr'><em>πάντων</em></span> <span class='ocrx_word' id='word_1_17' title='bbox 689 446 828 512; x_wconf 80' lang='grc' dir='ltr'><em>ζώων</em></span> <span class='ocrx_word' id='word_1_18' title='bbox 867 447 1176 516; x_wconf 80' lang='grc' dir='ltr'><em>ἰταμώτατόν</em></span> <span class='ocrx_word' id='word_1_19' title='bbox 1217 469 1267 501; x_wconf 88' lang='grc' dir='ltr'><em>τε</em></span> <span class='ocrx_word' id='word_1_20' title='bbox 1295 450 1378 505; x_wconf 86' lang='grc' dir='ltr'><em>καὶ</em></span> <span class='ocrx_word' id='word_1_21' title='bbox 1418 448 1758 520; x_wconf 84' lang='grc' dir='ltr'><em>ἰσχυρότατον,</em></span> <span class='ocrx_word' id='word_1_22' title='bbox 1810 453 1895 506; x_wconf 87' lang='grc' dir='ltr'><em>καὶ</em></span> <span class='ocrx_word' id='word_1_23' title='bbox 1923 451 2069 507; x_wconf 73' lang='grc' dir='ltr'><em>τῖίλλα</em></span> <span class='ocrx_word' id='word_1_24' title='bbox 2102 452 2262 507; x_wconf 89' lang='grc' dir='ltr'><em>πάντα</em></span> <span class='ocrx_word' id='word_1_25' title='bbox 2299 474 2381 522; x_wconf 86' lang='grc' dir='ltr'><em>χα-</em></span> 
     </span>
     <span class='ocr_line' id='line_1_4' title="bbox 451 528 2382 607; baseline 0.002 -20"><span class='ocrx_word' id='word_1_26' title='bbox 451 535 728 604; x_wconf 90' lang='grc' dir='ltr'><em>ριέστατον,</em></span> <span class='ocrx_word' id='word_1_27' title='bbox 780 528 878 604; x_wconf 76' lang='grc' dir='ltr'><em>ἆρά</em></span> <span class='ocrx_word' id='word_1_28' title='bbox 917 555 970 604; x_wconf 92' lang='grc' dir='ltr'><em>γε</em></span> <span class='ocrx_word' id='word_1_29' title='bbox 1010 535 1092 587; x_wconf 87' lang='grc' dir='ltr'><em>καὶ</em></span> <span class='ocrx_word' id='word_1_30' title='bbox 1135 556 1225 602; x_wconf 85' lang='grc' dir='ltr'><em>την</em></span> <span class='ocrx_word' id='word_1_31' title='bbox 1260 533 1567 604; x_wconf 89' lang='grc' dir='ltr'><em>γεννήσασαν</em></span> <span class='ocrx_word' id='word_1_32' title='bbox 1606 537 1802 590; x_wconf 80' lang='grc' dir='ltr'><strong><em>λέαιναν</em></strong></span> <span class='ocrx_word' id='word_1_33' title='bbox 1843 537 2023 607; x_wconf 83' lang='grc' dir='ltr'><em>εἷ”ποιμ</em></span> <span class='ocrx_word' id='word_1_34' title='bbox 2051 537 2126 592; x_wconf 71' lang='lat'><em>‹321›-</em></span> <span class='ocrx_word' id='word_1_35' title='bbox 2204 538 2382 593; x_wconf 83' lang='grc' dir='ltr'><em>Πόθεν</em></span> 
     </span>
     <span class='ocr_line' id='line_1_5' title="bbox 449 617 2380 723; baseline 0.003 -52"><span class='ocrx_word' id='word_1_36' title='bbox 449 642 543 690; x_wconf 91' lang='grc' dir='ltr'><em>γαρ</em></span> <span class='ocrx_word' id='word_1_37' title='bbox 573 621 695 672; x_wconf 89' lang='grc' dir='ltr'><em>λέων</em></span> <span class='ocrx_word' id='word_1_38' title='bbox 721 626 947 690; x_wconf 81' lang='grc' dir='ltr'><em>γεννᾶται</em></span> <span class='ocrx_word' id='word_1_39' title='bbox 972 617 1198 684; x_wconf 83' lang='grc' dir='ltr'><em>πάντως,</em></span> <span class='ocrx_word' id='word_1_40' title='bbox 1238 622 1283 672; x_wconf 85' lang='grc' dir='ltr'><em>εί</em></span> <span class='ocrx_word' id='word_1_41' title='bbox 1305 618 1372 688; x_wconf 78' lang='grc' dir='ltr'><em>μὴ</em></span> <span class='ocrx_word' id='word_1_42' title='bbox 1398 621 1561 674; x_wconf 80' lang='grc' dir='ltr'><em>λέαινα</em></span> <span class='ocrx_word' id='word_1_43' title='bbox 1595 619 1630 689; x_wconf 78' lang='grc' dir='ltr'>ἡ</span> <span class='ocrx_word' id='word_1_44' title='bbox 1659 622 1818 723; x_wconf 83' lang='grc' dir='ltr'><em>μήτηρ</em></span> <span class='ocrx_word' id='word_1_45' title='bbox 1851 623 2175 691; x_wconf 67' lang='grc' dir='ltr'><em>κληθήσεται,</em></span> <span class='ocrx_word' id='word_1_46' title='bbox 2213 627 2380 698; x_wconf 72' lang='grc' dir='ltr'><em>λεαίνῃ</em></span> 
     </span>
    </p>
   </div>
   <div class='ocr_carea' id='block_1_3' title="bbox 452 703 2386 862">
    <p class='ocr_par' dir='ltr' id='par_1_3' title="bbox 452 703 2386 862">
     <span class='ocr_line' id='line_1_6' title="bbox 452 703 2386 806; baseline 0.004 -49"><span class='ocrx_word' id='word_1_47' title='bbox 452 706 504 758; x_wconf 85' lang='grc' dir='ltr'><em>δὲ</em></span> <span class='ocrx_word' id='word_1_48' title='bbox 531 706 733 806; x_wconf 82' lang='grc' dir='ltr'><em>δευτέρα</em></span> <span class='ocrx_word' id='word_1_49' title='bbox 757 703 818 758; x_wconf 82' lang='grc' dir='ltr'><em>ού</em></span> <span class='ocrx_word' id='word_1_50' title='bbox 840 708 1023 775; x_wconf 85' lang='grc' dir='ltr'><em>γίνεται</em></span> <span class='ocrx_word' id='word_1_51' title='bbox 1053 703 1249 773; x_wconf 83' lang='grc' dir='ltr'><strong><em>κύησις·</em></strong></span> <span class='ocrx_word' id='word_1_52' title='bbox 1289 704 1385 776; x_wconf 85' lang='grc' dir='ltr'><em>άρα</em></span> <span class='ocrx_word' id='word_1_53' title='bbox 1410 704 1576 759; x_wconf 80' lang='grc' dir='ltr'><em>ούκέτι</em></span> <span class='ocrx_word' id='word_1_54' title='bbox 1607 706 1786 775; x_wconf 89' lang='grc' dir='ltr'><em>κύησιν</em></span> <span class='ocrx_word' id='word_1_55' title='bbox 1816 706 2012 763; x_wconf 65' lang='grc' dir='ltr'><em>οἶδεν’</em></span> <span class='ocrx_word' id='word_1_56' title='bbox 1976 733 2009 778; x_wconf 87' lang='grc' dir='ltr'><em>η</em></span> <span class='ocrx_word' id='word_1_57' title='bbox 2038 713 2235 781; x_wconf 86' lang='grc' dir='ltr'><em>Μαρία,</em></span> <span class='ocrx_word' id='word_1_58' title='bbox 2273 706 2386 764; x_wconf 74' lang='grc' dir='ltr'><em>σύκ-</em></span> 
     </span>
     <span class='ocr_line' id='line_1_7' title="bbox 454 789 1644 862; baseline 0.001 -18"><span class='ocrx_word' id='word_1_59' title='bbox 454 792 527 845; x_wconf 89' lang='grc' dir='ltr'><em>έτι</em></span> <span class='ocrx_word' id='word_1_60' title='bbox 562 789 838 858; x_wconf 85' lang='grc' dir='ltr'><em>συνάφειαν</em></span> <span class='ocrx_word' id='word_1_61' title='bbox 875 790 1117 859; x_wconf 79' lang='grc' dir='ltr'><em>σωμάτων</em></span> <span class='ocrx_word' id='word_1_62' title='bbox 1154 789 1186 860; x_wconf 82' lang='grc' dir='ltr'><em>ἦ</em></span> <span class='ocrx_word' id='word_1_63' title='bbox 1224 789 1339 861; x_wconf 80' lang='grc' dir='ltr'><em>ἇγία</em></span> <span class='ocrx_word' id='word_1_64' title='bbox 1374 793 1644 862; x_wconf 80' lang='grc' dir='ltr'><em>παρθένος.</em></span> 
     </span>
    </p>
   </div>
   <div class='ocr_carea' id='block_1_4' title="bbox 226 960 2433 3268">
    <p class='ocr_par' dir='ltr' id='par_1_4' title="bbox 233 960 2390 1205">
     <span class='ocr_line' id='line_1_8' title="bbox 233 960 2390 1065; baseline 0.004 -53"><span class='ocrx_word' id='word_1_65' title='bbox 233 969 347 1026; x_wconf 86' lang='grc' dir='ltr'><strong>Κεφ.</strong></span> <span class='ocrx_word' id='word_1_66' title='bbox 382 966 449 1025; x_wconf 90' lang='grc' dir='ltr'><strong>ιγ’.</strong></span> <span class='ocrx_word' id='word_1_67' title='bbox 586 960 736 1015; x_wconf 75' lang='grc' dir='ltr'><em>Ἀλλὰ</em></span> <span class='ocrx_word' id='word_1_68' title='bbox 780 964 864 1015; x_wconf 84' lang='grc' dir='ltr'><em>καὶ</em></span> <span class='ocrx_word' id='word_1_69' title='bbox 899 963 1064 1033; x_wconf 76' lang='grc' dir='ltr'><em>ἑτέρας</em></span> <span class='ocrx_word' id='word_1_70' title='bbox 1100 965 1283 1065; x_wconf 85' lang='grc' dir='ltr'><em>ι’δῳμεν</em></span> <span class='ocrx_word' id='word_1_71' title='bbox 1323 966 1567 1030; x_wconf 83' lang='grc' dir='ltr'><em>θεωρίας,</em></span> <span class='ocrx_word' id='word_1_72' title='bbox 1628 969 1644 999; x_wconf 86' lang='lat'>¹</span> <span class='ocrx_word' id='word_1_73' title='bbox 1664 961 1727 1016; x_wconf 89' lang='grc' dir='ltr'><em>ιν’</em></span> <span class='ocrx_word' id='word_1_74' title='bbox 1754 960 1789 1031; x_wconf 76' lang='grc' dir='ltr'><em>ἦ</em></span> <span class='ocrx_word' id='word_1_75' title='bbox 1815 963 2099 1028; x_wconf 79' lang='grc' dir='ltr'><em>ἀκόλουθος</em></span> <span class='ocrx_word' id='word_1_76' title='bbox 2123 987 2191 1039; x_wconf 82' lang='grc' dir='ltr'><em>τῳ</em></span> <span class='ocrx_word' id='word_1_77' title='bbox 2210 965 2390 1034; x_wconf 80' lang='grc' dir='ltr'>Ἰησοῦ</span> 
     </span>
     <span class='ocr_line' id='line_1_9' title="bbox 325 1037 2390 1121; baseline 0.001 -20"><span class='ocrx_word' id='word_1_78' title='bbox 325 1037 333 1049; x_wconf 54' lang='grc'><em>’</em></span> <span class='ocrx_word' id='word_1_79' title='bbox 451 1047 553 1116; x_wconf 70' lang='grc' dir='ltr'><em>ἅμα</em></span> <span class='ocrx_word' id='word_1_80' title='bbox 587 1048 723 1121; x_wconf 78' lang='grc' dir='ltr'><em>αὐτῷ</em></span> <span class='ocrx_word' id='word_1_81' title='bbox 768 1047 975 1102; x_wconf 86' lang='grc' dir='ltr'><em>πάντοτε</em></span> <span class='ocrx_word' id='word_1_82' title='bbox 1021 1048 1343 1119; x_wconf 86' lang='grc' dir='ltr'><em>τυγχάνουσα.</em></span> <span class='ocrx_word' id='word_1_83' title='bbox 1416 1046 1633 1116; x_wconf 81' lang='grc' dir='ltr'><em>Ἐκλήθη</em></span> <span class='ocrx_word' id='word_1_84' title='bbox 1676 1046 1877 1117; x_wconf 79' lang='grc' dir='ltr'><em>Ἰησοῦς</em></span> <span class='ocrx_word' id='word_1_85' title='bbox 1917 1053 1987 1113; x_wconf 80' lang='grc' dir='ltr'><em>εἰς</em></span> <span class='ocrx_word' id='word_1_86' title='bbox 2029 1050 2249 1121; x_wconf 86' lang='grc' dir='ltr'><em>γάμους,</em></span> <span class='ocrx_word' id='word_1_87' title='bbox 2304 1052 2390 1104; x_wconf 78' lang='grc' dir='ltr'><em>καὶ</em></span> 
     </span>
     <span class='ocr_line' id='line_1_10' title="bbox 456 1131 2390 1205; baseline 0.002 -18"><span class='ocrx_word' id='word_1_88' title='bbox 456 1131 485 1202; x_wconf 81' lang='grc' dir='ltr'><strong><em>ἧ</em></strong></span> <span class='ocrx_word' id='word_1_89' title='bbox 520 1132 681 1204; x_wconf 82' lang='grc' dir='ltr'><em>μήτηρ</em></span> <span class='ocrx_word' id='word_1_90' title='bbox 711 1132 866 1187; x_wconf 78' lang='grc' dir='ltr'><em>αὐτοῦ</em></span> <span class='ocrx_word' id='word_1_91' title='bbox 893 1136 1018 1199; x_wconf 84' lang='grc' dir='ltr'><em>ἐκεῖ,</em></span> <span class='ocrx_word' id='word_1_92' title='bbox 1055 1136 1138 1187; x_wconf 85' lang='grc' dir='ltr'><em>καὶ</em></span> <span class='ocrx_word' id='word_1_93' title='bbox 1167 1136 1218 1187; x_wconf 86' lang='grc' dir='ltr'><em>οἷ</em></span> <span class='ocrx_word' id='word_1_94' title='bbox 1244 1133 1480 1200; x_wconf 83' lang='grc' dir='ltr'><em>ἀδελφοὶ,</em></span> <span class='ocrx_word' id='word_1_95' title='bbox 1519 1135 1605 1187; x_wconf 87' lang='grc' dir='ltr'><em>καὶ</em></span> <span class='ocrx_word' id='word_1_96' title='bbox 1641 1133 1870 1202; x_wconf 80' lang='grc' dir='ltr'><em>οὐδαμοῦ</em></span> <span class='ocrx_word' id='word_1_97' title='bbox 1896 1133 2102 1205; x_wconf 89' lang='grc' dir='ltr'><em>Ἰωσήφ.</em></span> <span class='ocrx_word' id='word_1_98' title='bbox 2189 1140 2245 1191; x_wconf 88' lang='grc' dir='ltr'><em>Τί</em></span> <span class='ocrx_word' id='word_1_99' title='bbox 2278 1137 2390 1205; x_wconf 78' lang='grc' dir='ltr'><em>ἐμοὶ</em></span> 
     </span>
    </p>

    <p class='ocr_par' dir='ltr' id='par_1_5' title="bbox 450 1216 2393 1378">
     <span class='ocr_line' id='line_1_11' title="bbox 450 1216 2391 1292; baseline 0.002 -19"><span class='ocrx_word' id='word_1_100' title='bbox 450 1222 537 1273; x_wconf 83' lang='grc' dir='ltr'><em>καὶ</em></span> <span class='ocrx_word' id='word_1_101' title='bbox 563 1222 667 1283; x_wconf 85' lang='grc' dir='ltr'><em>σοὶ,</em></span> <span class='ocrx_word' id='word_1_102' title='bbox 700 1221 891 1290; x_wconf 83' lang='grc' dir='ltr'><em>γύναι,-</em></span> <span class='ocrx_word' id='word_1_103' title='bbox 943 1217 1084 1273; x_wconf 78' lang='grc' dir='ltr'><em>οὕπω</em></span> <span class='ocrx_word' id='word_1_104' title='bbox 1117 1218 1224 1287; x_wconf 76' lang='grc' dir='ltr'><em>ἥκει</em></span> <span class='ocrx_word' id='word_1_105' title='bbox 1252 1216 1286 1286; x_wconf 76' lang='grc' dir='ltr'><em>ἦ</em></span> <span class='ocrx_word' id='word_1_106' title='bbox 1318 1219 1422 1289; x_wconf 74' lang='grc' dir='ltr'><em>ὥρα</em></span> <span class='ocrx_word' id='word_1_107' title='bbox 1453 1240 1564 1287; x_wconf 94' lang='grc' dir='ltr'><em>μου.</em></span> <span class='ocrx_word' id='word_1_108' title='bbox 1642 1222 1742 1273; x_wconf 85' lang='grc' dir='ltr'><em>Καὶ</em></span> <span class='ocrx_word' id='word_1_109' title='bbox 1770 1218 1865 1274; x_wconf 76' lang='grc' dir='ltr'><em>οὐκ</em></span> <span class='ocrx_word' id='word_1_110' title='bbox 1892 1219 2024 1287; x_wconf 83' lang='grc' dir='ltr'><em>εἷπε,</em></span> <span class='ocrx_word' id='word_1_111' title='bbox 2081 1226 2140 1277; x_wconf 84' lang='grc' dir='ltr'><em>Τι’</em></span> <span class='ocrx_word' id='word_1_112' title='bbox 2169 1225 2277 1292; x_wconf 79' lang='grc' dir='ltr'><em>ἐμοὶ</em></span> <span class='ocrx_word' id='word_1_113' title='bbox 2304 1223 2391 1277; x_wconf 81' lang='grc' dir='ltr'><em>καὶ</em></span> 
     </span>
     <span class='ocr_line' id='line_1_12' title="bbox 451 1302 2393 1378; baseline 0.003 -20"><span class='ocrx_word' id='word_1_114' title='bbox 451 1303 595 1374; x_wconf 85' lang='grc' dir='ltr'><em>ύμῖν,</em></span> <span class='ocrx_word' id='word_1_115' title='bbox 647 1304 939 1374; x_wconf 67' lang='grc' dir='ltr'><em>ἅνθρωποι,</em></span> <span class='ocrx_word' id='word_1_116' title='bbox 990 1303 1301 1375; x_wconf 82' lang='grc' dir='ltr'><em>παρειστήκει</em></span> <span class='ocrx_word' id='word_1_117' title='bbox 1338 1308 1561 1375; x_wconf 72' lang='grc' dir='ltr'><em>2Μαρία</em></span> <span class='ocrx_word' id='word_1_118' title='bbox 1591 1302 1624 1373; x_wconf 83' lang='grc' dir='ltr'><em>ή</em></span> <span class='ocrx_word' id='word_1_119' title='bbox 1664 1305 2049 1377; x_wconf 73' lang='grc' dir='ltr'><em>3Μαγδαλήνη,</em></span> <span class='ocrx_word' id='word_1_120' title='bbox 2100 1310 2185 1362; x_wconf 82' lang='grc' dir='ltr'><em>καὶ</em></span> <span class='ocrx_word' id='word_1_121' title='bbox 2211 1312 2393 1378; x_wconf 86' lang='grc' dir='ltr'><em>Μαρία</em></span> 
     </span>
    </p>

    <p class='ocr_par' dir='ltr' id='par_1_6' title="bbox 449 1388 2394 1811">
     <span class='ocr_line' id='line_1_13' title="bbox 449 1388 2393 1463; baseline 0.003 -20"><span class='ocrx_word' id='word_1_122' title='bbox 449 1389 484 1459; x_wconf 77' lang='grc' dir='ltr'><strong><em>ἡ</em></strong></span> <span class='ocrx_word' id='word_1_123' title='bbox 507 1398 597 1444; x_wconf 86' lang='grc' dir='ltr'><em>τοῦ</em></span> <span class='ocrx_word' id='word_1_124' title='bbox 628 1396 846 1457; x_wconf 77' lang='grc' dir='ltr'><em>Κλωπᾶ,</em></span> <span class='ocrx_word' id='word_1_125' title='bbox 885 1393 970 1444; x_wconf 87' lang='grc' dir='ltr'><em>καὶ</em></span> <span class='ocrx_word' id='word_1_126' title='bbox 998 1394 1179 1460; x_wconf 90' lang='grc' dir='ltr'><em>Μαρία</em></span> <span class='ocrx_word' id='word_1_127' title='bbox 1208 1395 1235 1427; x_wconf 79' lang='lat'><strong>4</strong></span> <span class='ocrx_word' id='word_1_128' title='bbox 1254 1389 1413 1460; x_wconf 84' lang='grc' dir='ltr'><em>μήτηρ</em></span> <span class='ocrx_word' id='word_1_129' title='bbox 1442 1388 1685 1456; x_wconf 80' lang='grc' dir='ltr'><em>Ῥούφου,</em></span> <span class='ocrx_word' id='word_1_130' title='bbox 1737 1393 1820 1445; x_wconf 82' lang='grc' dir='ltr'><em>καὶ</em></span> <span class='ocrx_word' id='word_1_131' title='bbox 1850 1397 2029 1463; x_wconf 87' lang='grc' dir='ltr'><em>Μαρία</em></span> <span class='ocrx_word' id='word_1_132' title='bbox 2054 1392 2088 1463; x_wconf 78' lang='grc' dir='ltr'><em>ἦ</em></span> <span class='ocrx_word' id='word_1_133' title='bbox 2113 1393 2257 1463; x_wconf 77' lang='grc' dir='ltr'><em>ι’ίλλη,</em></span> <span class='ocrx_word' id='word_1_134' title='bbox 2307 1397 2393 1448; x_wconf 85' lang='grc' dir='ltr'><em>καὶ</em></span> 
     </span>
     <span class='ocr_line' id='line_1_14' title="bbox 453 1470 2392 1549; baseline 0.003 -21"><span class='ocrx_word' id='word_1_135' title='bbox 453 1476 698 1545; x_wconf 82' lang='grc' dir='ltr'><em>Σαλώμη,</em></span> <span class='ocrx_word' id='word_1_136' title='bbox 747 1479 833 1530; x_wconf 89' lang='grc' dir='ltr'><em>καὶ</em></span> <span class='ocrx_word' id='word_1_137' title='bbox 868 1476 1018 1530; x_wconf 70' lang='grc' dir='ltr'><em>ἄλλαι.</em></span> <span class='ocrx_word' id='word_1_138' title='bbox 1094 1477 1195 1528; x_wconf 87' lang='grc' dir='ltr'><em>Καὶ</em></span> <span class='ocrx_word' id='word_1_139' title='bbox 1226 1476 1322 1530; x_wconf 83' lang='grc' dir='ltr'><em>οὐκ</em></span> <span class='ocrx_word' id='word_1_140' title='bbox 1350 1473 1512 1542; x_wconf 79' lang='grc' dir='ltr'><em>εἶπεν,</em></span> <span class='ocrx_word' id='word_1_141' title='bbox 1553 1470 1647 1529; x_wconf 63' lang='grc' dir='ltr'><em>ςΗν</em></span> <span class='ocrx_word' id='word_1_142' title='bbox 1682 1474 1925 1546; x_wconf 80' lang='grc' dir='ltr'><em>ὄἸωσήφ</em></span> <span class='ocrx_word' id='word_1_143' title='bbox 1953 1481 2073 1547; x_wconf 73' lang='grc' dir='ltr'><em>ἐκεῖ,</em></span> <span class='ocrx_word' id='word_1_144' title='bbox 2114 1478 2168 1549; x_wconf 78' lang='grc' dir='ltr'><em>ἢ,</em></span> <span class='ocrx_word' id='word_1_145' title='bbox 2203 1478 2269 1533; x_wconf 85' lang='lat' dir='ltr'><em>‘O</em></span> <span class='ocrx_word' id='word_1_146' title='bbox 2291 1478 2392 1534; x_wconf 71' lang='lat'>’102-</span> 
     </span>
     <span class='ocr_line' id='line_1_15' title="bbox 453 1560 2392 1638; baseline 0.002 -22"><span class='ocrx_word' id='word_1_147' title='bbox 453 1566 646 1631; x_wconf 85' lang='grc' dir='ltr'><em>κωβος,</em></span> <span class='ocrx_word' id='word_1_148' title='bbox 687 1560 716 1616; x_wconf 80' lang='grc' dir='ltr'>ὁ</span> <span class='ocrx_word' id='word_1_149' title='bbox 745 1561 959 1629; x_wconf 79' lang='grc' dir='ltr'><em>ἀδελφός</em></span> <span class='ocrx_word' id='word_1_150' title='bbox 991 1567 1082 1615; x_wconf 82' lang='grc' dir='ltr'><em>τοῦ</em></span> <span class='ocrx_word' id='word_1_151' title='bbox 1110 1566 1314 1631; x_wconf 83' lang='grc' dir='ltr'><em>κυρίου,</em></span> <span class='ocrx_word' id='word_1_152' title='bbox 1357 1560 1454 1624; x_wconf 69' lang='grc' dir='ltr'><em>ὅὸς</em></span> <span class='ocrx_word' id='word_1_153' title='bbox 1489 1560 1586 1634; x_wconf 53' lang='grc' dir='ltr'><em>(ἶς’</em></span> <span class='ocrx_word' id='word_1_154' title='bbox 1616 1564 1739 1616; x_wconf 78' lang='grc' dir='ltr'><em>ἐτῶν</em></span> <span class='ocrx_word' id='word_1_155' title='bbox 1766 1569 1988 1638; x_wconf 74' lang='grc' dir='ltr'><em>τελευτᾷ,</em></span> <span class='ocrx_word' id='word_1_156' title='bbox 2039 1567 2296 1636; x_wconf 81' lang='grc' dir='ltr'><em>παρθένος</em></span> <span class='ocrx_word' id='word_1_157' title='bbox 2317 1587 2392 1637; x_wconf 79' lang='grc' dir='ltr'><em>γε·</em></span> 
     </span>
     <span class='ocr_line' id='line_1_16' title="bbox 453 1642 2394 1722; baseline 0.002 -21"><span class='ocrx_word' id='word_1_158' title='bbox 453 1647 636 1720; x_wconf 74' lang='grc' dir='ltr'><em>γονώς·</em></span> <span class='ocrx_word' id='word_1_159' title='bbox 677 1646 753 1715; x_wconf 83' lang='grc' dir='ltr'><em>ἐφ’</em></span> <span class='ocrx_word' id='word_1_160' title='bbox 789 1642 850 1702; x_wconf 75' lang='grc' dir='ltr'><em>οὗ</em></span> <span class='ocrx_word' id='word_1_161' title='bbox 875 1654 1092 1716; x_wconf 83' lang='grc' dir='ltr'><em>κεφαλῆς</em></span> <span class='ocrx_word' id='word_1_162' title='bbox 1117 1651 1317 1718; x_wconf 85' lang='grc' dir='ltr'><em>σίδηρος</em></span> <span class='ocrx_word' id='word_1_163' title='bbox 1345 1647 1439 1701; x_wconf 80' lang='grc' dir='ltr'><em>οὐκ</em></span> <span class='ocrx_word' id='word_1_164' title='bbox 1463 1646 1708 1716; x_wconf 77' lang='grc' dir='ltr'><em>ἀνῆλθεν,</em></span> <span class='ocrx_word' id='word_1_165' title='bbox 1747 1648 1804 1712; x_wconf 80' lang='grc' dir='ltr'><em>ὃς</em></span> <span class='ocrx_word' id='word_1_166' title='bbox 1829 1649 1924 1704; x_wconf 80' lang='grc' dir='ltr'><em>οὐκ</em></span> <span class='ocrx_word' id='word_1_167' title='bbox 1957 1658 1980 1689; x_wconf 86' lang='lat'><strong>⁶</strong></span> <span class='ocrx_word' id='word_1_168' title='bbox 1998 1652 2222 1722; x_wconf 80' lang='grc' dir='ltr'><em>ἐκέχρητο</em></span> <span class='ocrx_word' id='word_1_169' title='bbox 2248 1654 2394 1720; x_wconf 88' lang='grc' dir='ltr'><em>βαλα·</em></span> 
     </span>
     <span class='ocr_line' id='line_1_17' title="bbox 453 1733 2393 1811; baseline 0.002 -23"><span class='ocrx_word' id='word_1_170' title='bbox 453 1739 595 1808; x_wconf 88' lang='grc' dir='ltr'><em>νείῳ,</em></span> <span class='ocrx_word' id='word_1_171' title='bbox 647 1733 702 1796; x_wconf 75' lang='grc' dir='ltr'><em>ὃς</em></span> <span class='ocrx_word' id='word_1_172' title='bbox 732 1733 960 1803; x_wconf 79' lang='grc' dir='ltr'><em>ἐμψύχου</em></span> <span class='ocrx_word' id='word_1_173' title='bbox 991 1733 1051 1787; x_wconf 81' lang='grc' dir='ltr'><em>οὗ</em></span> <span class='ocrx_word' id='word_1_174' title='bbox 1084 1735 1303 1805; x_wconf 85' lang='grc' dir='ltr'><em>μετέσχε,</em></span> <span class='ocrx_word' id='word_1_175' title='bbox 1358 1733 1416 1796; x_wconf 77' lang='grc' dir='ltr'><em>ὃς</em></span> <span class='ocrx_word' id='word_1_176' title='bbox 1447 1733 1673 1803; x_wconf 77' lang='grc' dir='ltr'><em>χιτώνιον</em></span> <span class='ocrx_word' id='word_1_177' title='bbox 1714 1734 1943 1806; x_wconf 86' lang='grc' dir='ltr'><em>δεύτερον</em></span> <span class='ocrx_word' id='word_1_178' title='bbox 1977 1736 2072 1791; x_wconf 80' lang='grc' dir='ltr'><em>οὐκ</em></span> <span class='ocrx_word' id='word_1_179' title='bbox 2117 1735 2393 1811; x_wconf 81' lang='grc' dir='ltr'><em>ἐνεδύσατο,</em></span> 
     </span>
    </p>

    <p class='ocr_par' dir='ltr' id='par_1_7' title="bbox 448 1817 2402 2496">
     <span class='ocr_line' id='line_1_18' title="bbox 455 1817 2394 1896; baseline 0.001 -21"><span class='ocrx_word' id='word_1_180' title='bbox 455 1820 512 1883; x_wconf 79' lang='grc' dir='ltr'><em>ὃς</em></span> <span class='ocrx_word' id='word_1_181' title='bbox 552 1824 795 1893; x_wconf 79' lang='grc' dir='ltr'><em>τριβωνίῳ</em></span> <span class='ocrx_word' id='word_1_182' title='bbox 839 1822 1066 1890; x_wconf 80' lang='grc' dir='ltr'><em>ἐκέχρητο</em></span> <span class='ocrx_word' id='word_1_183' title='bbox 1106 1826 1224 1893; x_wconf 80' lang='grc' dir='ltr'><em>λινῷ</em></span> <span class='ocrx_word' id='word_1_184' title='bbox 1268 1819 1563 1894; x_wconf 84' lang='grc' dir='ltr'><em>μονωτάτῳ,</em></span> <span class='ocrx_word' id='word_1_185' title='bbox 1617 1817 1851 1891; x_wconf 85' lang='grc' dir='ltr'><em>καθάπερ</em></span> <span class='ocrx_word' id='word_1_186' title='bbox 1887 1824 1939 1876; x_wconf 91' lang='grc' dir='ltr'><em>ἐν</em></span> <span class='ocrx_word' id='word_1_187' title='bbox 1985 1828 2097 1895; x_wconf 79' lang='grc' dir='ltr'><em>7τῷ</em></span> <span class='ocrx_word' id='word_1_188' title='bbox 2134 1822 2394 1896; x_wconf 77' lang='grc' dir='ltr'><em>εὐαγγελίῳ</em></span> 
     </span>
     <span class='ocr_line' id='line_1_19' title="bbox 456 1902 2394 1979; baseline 0.002 -21"><span class='ocrx_word' id='word_1_189' title='bbox 456 1908 606 1974; x_wconf 87' lang='grc' dir='ltr'><em>φησὶ,</em></span> <span class='ocrx_word' id='word_1_190' title='bbox 645 1904 869 1976; x_wconf 78' lang='grc' dir='ltr'><em>’Έφυγεν</em></span> <span class='ocrx_word' id='word_1_191' title='bbox 897 1903 926 1959; x_wconf 79' lang='grc' dir='ltr'><em>ὅ</em></span> <span class='ocrx_word' id='word_1_192' title='bbox 955 1910 1177 1970; x_wconf 89' lang='grc' dir='ltr'><em>νεανίας,</em></span> <span class='ocrx_word' id='word_1_193' title='bbox 1200 1946 1201 1949; x_wconf 23' lang='lat'>¹</span> <span class='ocrx_word' id='word_1_194' title='bbox 1227 1907 1311 1959; x_wconf 89' lang='grc' dir='ltr'><em>καὶ</em></span> <span class='ocrx_word' id='word_1_195' title='bbox 1341 1905 1509 1974; x_wconf 80' lang='grc' dir='ltr'><em>ἀφῆκε</em></span> <span class='ocrx_word' id='word_1_196' title='bbox 1534 1903 1626 1974; x_wconf 77' lang='grc' dir='ltr'><em>τήν</em></span> <span class='ocrx_word' id='word_1_197' title='bbox 1653 1905 1880 1973; x_wconf 87' lang='grc' dir='ltr'><em>σινδόνα,</em></span> <span class='ocrx_word' id='word_1_198' title='bbox 1930 1907 1995 1976; x_wconf 80' lang='grc' dir='ltr'><em>ἣν</em></span> <span class='ocrx_word' id='word_1_199' title='bbox 2023 1902 2086 1976; x_wconf 77' lang='grc' dir='ltr'><em>ἦν</em></span> <span class='ocrx_word' id='word_1_200' title='bbox 2111 1912 2394 1979; x_wconf 79' lang='grc' dir='ltr'><em>περιβεβλη-</em></span> 
     </span>
     <span class='ocr_line' id='line_1_20' title="bbox 457 1987 2397 2063; baseline 0.002 -18"><span class='ocrx_word' id='word_1_201' title='bbox 457 1994 615 2060; x_wconf 87' lang='grc' dir='ltr'><em>μένος.</em></span> <span class='ocrx_word' id='word_1_202' title='bbox 688 1990 930 2060; x_wconf 76' lang='grc' dir='ltr'><em>Ἰωάννης</em></span> <span class='ocrx_word' id='word_1_203' title='bbox 962 1991 1094 2063; x_wconf 73' lang='grc' dir='ltr'><em>8γοὶρ</em></span> <span class='ocrx_word' id='word_1_204' title='bbox 1122 1994 1202 2045; x_wconf 82' lang='grc' dir='ltr'><em>καὶ</em></span> <span class='ocrx_word' id='word_1_205' title='bbox 1232 1990 1494 2059; x_wconf 83' lang='grc' dir='ltr'><em>Ἰάκωβος,</em></span> <span class='ocrx_word' id='word_1_206' title='bbox 1528 1994 1580 2045; x_wconf 80' lang='grc' dir='ltr'><em>οἱ</em></span> <span class='ocrx_word' id='word_1_207' title='bbox 1609 2000 1739 2060; x_wconf 89' lang='grc' dir='ltr'><em>τρεῖς</em></span> <span class='ocrx_word' id='word_1_208' title='bbox 1772 1987 1911 2047; x_wconf 75' lang='grc' dir='ltr'><em>οὗτοι</em></span> <span class='ocrx_word' id='word_1_209' title='bbox 1935 1993 2118 2062; x_wconf 84' lang='grc' dir='ltr'><em>ταύτην</em></span> <span class='ocrx_word' id='word_1_210' title='bbox 2147 1992 2236 2063; x_wconf 81' lang='grc' dir='ltr'><em>τήν</em></span> <span class='ocrx_word' id='word_1_211' title='bbox 2262 2001 2397 2048; x_wconf 86' lang='grc' dir='ltr'><em>πολι-</em></span> 
     </span>
     <span class='ocr_line' id='line_1_21' title="bbox 455 2077 2399 2147; baseline 0.002 -16"><span class='ocrx_word' id='word_1_212' title='bbox 455 2081 587 2131; x_wconf 86' lang='grc' dir='ltr'><em>τείαν</em></span> <span class='ocrx_word' id='word_1_213' title='bbox 625 2078 914 2146; x_wconf 84' lang='grc' dir='ltr'><em>ἐσχήκασιν,</em></span> <span class='ocrx_word' id='word_1_214' title='bbox 972 2082 1024 2132; x_wconf 83' lang='grc' dir='ltr'><em>οἵ</em></span> <span class='ocrx_word' id='word_1_215' title='bbox 1058 2078 1148 2132; x_wconf 90' lang='grc' dir='ltr'><em>δύο</em></span> <span class='ocrx_word' id='word_1_216' title='bbox 1194 2079 1281 2147; x_wconf 82' lang='grc' dir='ltr'><em>μὲν</em></span> <span class='ocrx_word' id='word_1_217' title='bbox 1316 2081 1492 2140; x_wconf 86' lang='grc' dir='ltr'><em>παῖδες</em></span> <span class='ocrx_word' id='word_1_218' title='bbox 1522 2084 1612 2131; x_wconf 85' lang='grc' dir='ltr'><em>τοῦ</em></span> <span class='ocrx_word' id='word_1_219' title='bbox 1644 2082 1939 2146; x_wconf 87' lang='grc' dir='ltr'><em>Ζεβεδαίου,</em></span> <span class='ocrx_word' id='word_1_220' title='bbox 1990 2083 2075 2133; x_wconf 82' lang='grc' dir='ltr'><em>καὶ</em></span> <span class='ocrx_word' id='word_1_221' title='bbox 2107 2077 2136 2134; x_wconf 84' lang='lat' dir='ltr'><em>o‘</em></span> <span class='ocrx_word' id='word_1_222' title='bbox 2161 2088 2281 2143; x_wconf 90' lang='grc' dir='ltr'><em>παῖς</em></span> <span class='ocrx_word' id='word_1_223' title='bbox 2309 2084 2399 2134; x_wconf 84' lang='grc' dir='ltr'><em>τοῦ</em></span> 
     </span>
     <span class='ocr_line' id='line_1_22' title="bbox 448 2162 2397 2234; baseline 0.001 -16"><span class='ocrx_word' id='word_1_224' title='bbox 448 2163 649 2233; x_wconf 74' lang='grc' dir='ltr'><em>Ἰωσὴφ</em></span> <span class='ocrx_word' id='word_1_225' title='bbox 672 2163 950 2232; x_wconf 79' lang='grc' dir='ltr'><em>Ἰάκωβος,</em></span> <span class='ocrx_word' id='word_1_226' title='bbox 990 2163 1207 2231; x_wconf 81' lang='grc' dir='ltr'><em>ἆδελφὸς</em></span> <span class='ocrx_word' id='word_1_227' title='bbox 1234 2165 1286 2217; x_wconf 84' lang='grc' dir='ltr'><em>δὲ</em></span> <span class='ocrx_word' id='word_1_228' title='bbox 1312 2169 1402 2216; x_wconf 83' lang='grc' dir='ltr'><em>τοῦ</em></span> <span class='ocrx_word' id='word_1_229' title='bbox 1434 2167 1638 2234; x_wconf 88' lang='grc' dir='ltr'><em>κυρίου,</em></span> <span class='ocrx_word' id='word_1_230' title='bbox 1678 2163 1762 2218; x_wconf 73' lang='grc' dir='ltr'><em>διά</em></span> <span class='ocrx_word' id='word_1_231' title='bbox 1789 2163 1843 2218; x_wconf 76' lang='grc' dir='ltr'><em>τό</em></span> <span class='ocrx_word' id='word_1_232' title='bbox 1868 2162 2184 2233; x_wconf 71' lang='grc' dir='ltr'><em>ὁμοδίαιτον,</em></span> <span class='ocrx_word' id='word_1_233' title='bbox 2234 2164 2318 2219; x_wconf 79' lang='grc' dir='ltr'><em>διᾶ</em></span> <span class='ocrx_word' id='word_1_234' title='bbox 2342 2164 2397 2220; x_wconf 68' lang='lat' dir='ltr'><em>&#39;cd</em></span> 
     </span>
     <span class='ocr_line' id='line_1_23' title="bbox 458 2247 2401 2320; baseline 0 -17"><span class='ocrx_word' id='word_1_235' title='bbox 458 2253 766 2319; x_wconf 83' lang='grc' dir='ltr'><em>σύντροφον,</em></span> <span class='ocrx_word' id='word_1_236' title='bbox 819 2249 902 2304; x_wconf 76' lang='grc' dir='ltr'><em>δια</em></span> <span class='ocrx_word' id='word_1_237' title='bbox 932 2249 986 2304; x_wconf 76' lang='grc' dir='ltr'><em>τό</em></span> <span class='ocrx_word' id='word_1_238' title='bbox 1027 2253 1076 2304; x_wconf 88' lang='grc' dir='ltr'><em>ἐν</em></span> <span class='ocrx_word' id='word_1_239' title='bbox 1106 2248 1240 2314; x_wconf 79' lang='grc' dir='ltr'><em>τάξει</em></span> <span class='ocrx_word' id='word_1_240' title='bbox 1289 2249 1510 2316; x_wconf 78' lang='grc' dir='ltr'><em>ἀδελφοῦ</em></span> <span class='ocrx_word' id='word_1_241' title='bbox 1552 2247 1704 2303; x_wconf 78' lang='grc' dir='ltr'><em>αὐτὸν</em></span> <span class='ocrx_word' id='word_1_242' title='bbox 1746 2252 2025 2319; x_wconf 87' lang='grc' dir='ltr'><em>ἐσχηκέναι,</em></span> <span class='ocrx_word' id='word_1_243' title='bbox 2081 2250 2143 2305; x_wconf 87' lang='grc' dir='ltr'><em>δι’</em></span> <span class='ocrx_word' id='word_1_244' title='bbox 2183 2250 2246 2320; x_wconf 78' lang='grc' dir='ltr'><em>ἣν</em></span> <span class='ocrx_word' id='word_1_245' title='bbox 2277 2248 2401 2320; x_wconf 82' lang='grc' dir='ltr'><em>εἶχεν</em></span> 
     </span>
     <span class='ocr_line' id='line_1_24' title="bbox 451 2335 2402 2408; baseline 0.001 -19"><span class='ocrx_word' id='word_1_246' title='bbox 451 2335 655 2404; x_wconf 77' lang='grc' dir='ltr'><em>Ἰωσήφ</em></span> <span class='ocrx_word' id='word_1_247' title='bbox 689 2336 845 2405; x_wconf 89' lang='grc' dir='ltr'><em>μόνον</em></span> <span class='ocrx_word' id='word_1_248' title='bbox 885 2336 1013 2406; x_wconf 73' lang='grc' dir='ltr'><em>πρὸς</em></span> <span class='ocrx_word' id='word_1_249' title='bbox 1050 2335 1141 2404; x_wconf 81' lang='grc' dir='ltr'><em>τὴν</em></span> <span class='ocrx_word' id='word_1_250' title='bbox 1175 2340 1383 2404; x_wconf 88' lang='grc' dir='ltr'><em>Μαρίαν</em></span> <span class='ocrx_word' id='word_1_251' title='bbox 1420 2335 1740 2405; x_wconf 84' lang='grc' dir='ltr'><em>γνησιότητα,</em></span> <span class='ocrx_word' id='word_1_252' title='bbox 1791 2335 1892 2390; x_wconf 80' lang='grc' dir='ltr'><em>ἆπὸ</em></span> <span class='ocrx_word' id='word_1_253' title='bbox 1919 2344 2009 2391; x_wconf 79' lang='grc' dir='ltr'><em>τοῦ</em></span> <span class='ocrx_word' id='word_1_254' title='bbox 2042 2344 2065 2375; x_wconf 81' lang='lat'>⁹</span> <span class='ocrx_word' id='word_1_255' title='bbox 2085 2335 2402 2408; x_wconf 78' lang='grc' dir='ltr'><em>ὁρμασθῆναι</em></span> 
     </span>
     <span class='ocr_line' id='line_1_25' title="bbox 459 2420 2401 2496; baseline 0.001 -21"><span class='ocrx_word' id='word_1_256' title='bbox 459 2422 619 2491; x_wconf 73' lang='grc' dir='ltr'><em>αὐτὴν</em></span> <span class='ocrx_word' id='word_1_257' title='bbox 648 2423 797 2496; x_wconf 74' lang='grc' dir='ltr'><em>αὐτῷ.</em></span> <span class='ocrx_word' id='word_1_258' title='bbox 874 2422 1057 2476; x_wconf 86' lang='grc' dir='ltr'><em>Μόνον</em></span> <span class='ocrx_word' id='word_1_259' title='bbox 1084 2421 1242 2495; x_wconf 88' lang='grc' dir='ltr'><em>τούτῳ</em></span> <span class='ocrx_word' id='word_1_260' title='bbox 1268 2427 1334 2494; x_wconf 81' lang='grc' dir='ltr'><em>τῷ</em></span> <span class='ocrx_word' id='word_1_261' title='bbox 1352 2420 1588 2494; x_wconf 78' lang='grc' dir='ltr'><em>Ἰακώβῳ</em></span> <span class='ocrx_word' id='word_1_262' title='bbox 1623 2423 1736 2490; x_wconf 80' lang='grc' dir='ltr'><em>ἐξῆν</em></span> <span class='ocrx_word' id='word_1_263' title='bbox 1758 2421 1890 2486; x_wconf 69' lang='grc' dir='ltr'><em>ἅπαξ</em></span> <span class='ocrx_word' id='word_1_264' title='bbox 1920 2424 2118 2486; x_wconf 82' lang='grc' dir='ltr'><em>εἶςιέναι</em></span> <span class='ocrx_word' id='word_1_265' title='bbox 2143 2429 2231 2477; x_wconf 85' lang='grc' dir='ltr'><em>τοῦ</em></span> <span class='ocrx_word' id='word_1_266' title='bbox 2261 2424 2401 2485; x_wconf 73' lang='grc' dir='ltr'><em>ἔτους</em></span> 
     </span>
    </p>

    <p class='ocr_par' dir='ltr' id='par_1_8' title="bbox 459 2505 2401 2579">
     <span class='ocr_line' id='line_1_26' title="bbox 459 2505 2401 2579; baseline 0 -18"><span class='ocrx_word' id='word_1_267' title='bbox 459 2512 528 2571; x_wconf 86' lang='grc' dir='ltr'><em>εἰς</em></span> <span class='ocrx_word' id='word_1_268' title='bbox 554 2508 614 2561; x_wconf 72' lang='grc' dir='ltr'><em>τά</em></span> <span class='ocrx_word' id='word_1_269' title='bbox 642 2508 758 2579; x_wconf 66' lang='grc' dir='ltr'><em>ἅγια</em></span> <span class='ocrx_word' id='word_1_270' title='bbox 787 2515 886 2562; x_wconf 76' lang='grc' dir='ltr'><em>τῶν</em></span> <span class='ocrx_word' id='word_1_271' title='bbox 915 2506 1092 2578; x_wconf 76' lang='grc' dir='ltr'><em>άγίων,</em></span> <span class='ocrx_word' id='word_1_272' title='bbox 1147 2507 1228 2560; x_wconf 74' lang='grc' dir='ltr'><em>διά</em></span> <span class='ocrx_word' id='word_1_273' title='bbox 1252 2506 1306 2560; x_wconf 82' lang='grc' dir='ltr'>τὸ</span> <span class='ocrx_word' id='word_1_274' title='bbox 1345 2513 1641 2578; x_wconf 82' lang='grc' dir='ltr'><em>Ναζωραῖον</em></span> <span class='ocrx_word' id='word_1_275' title='bbox 1668 2505 1820 2562; x_wconf 78' lang='grc' dir='ltr'><em>αὐτὸν</em></span> <span class='ocrx_word' id='word_1_276' title='bbox 1848 2505 1997 2574; x_wconf 83' lang='grc' dir='ltr'><em>εἶναι,</em></span> <span class='ocrx_word' id='word_1_277' title='bbox 2053 2510 2136 2562; x_wconf 84' lang='grc' dir='ltr'><em>καὶ</em></span> <span class='ocrx_word' id='word_1_278' title='bbox 2164 2512 2401 2577; x_wconf 83' lang='grc' dir='ltr'><em>μεμίχθαι</em></span> 
     </span>
    </p>

    <p class='ocr_par' dir='ltr' id='par_1_9' title="bbox 456 2590 2398 2755">
     <span class='ocr_line' id='line_1_27' title="bbox 456 2590 2396 2668; baseline 0.001 -22"><span class='ocrx_word' id='word_1_279' title='bbox 456 2602 517 2668; x_wconf 77' lang='grc' dir='ltr'><em>τῇ</em></span> <span class='ocrx_word' id='word_1_280' title='bbox 548 2593 806 2668; x_wconf 71' lang='grc' dir='ltr'><em>ἱερωσύνῃ.</em></span> <span class='ocrx_word' id='word_1_281' title='bbox 866 2593 1053 2646; x_wconf 81' lang='grc' dir='ltr'><em>’Ένθεν</em></span> <span class='ocrx_word' id='word_1_282' title='bbox 1080 2593 1174 2663; x_wconf 72' lang='grc' dir='ltr'><em>γάρ</em></span> <span class='ocrx_word' id='word_1_283' title='bbox 1203 2591 1236 2660; x_wconf 79' lang='grc' dir='ltr'><em>ἦ</em></span> <span class='ocrx_word' id='word_1_284' title='bbox 1261 2596 1442 2663; x_wconf 91' lang='grc' dir='ltr'><em>Μαρία</em></span> <span class='ocrx_word' id='word_1_285' title='bbox 1470 2590 1594 2647; x_wconf 74' lang='grc' dir='ltr'><em>κατά</em></span> <span class='ocrx_word' id='word_1_286' title='bbox 1627 2592 1717 2647; x_wconf 92' lang='grc' dir='ltr'><em>δύο</em></span> <span class='ocrx_word' id='word_1_287' title='bbox 1746 2593 1966 2665; x_wconf 81' lang='grc' dir='ltr'><em>τρόπους</em></span> <span class='ocrx_word' id='word_1_288' title='bbox 1995 2593 2230 2666; x_wconf 79' lang='grc' dir='ltr'><em>συγγενὴς</em></span> <span class='ocrx_word' id='word_1_289' title='bbox 2262 2596 2396 2666; x_wconf 83' lang='grc' dir='ltr'><em>ἐτύγ·</em></span> 
     </span>
     <span class='ocr_line' id='line_1_28' title="bbox 458 2677 2398 2755; baseline 0.001 -23"><span class='ocrx_word' id='word_1_290' title='bbox 458 2701 571 2749; x_wconf 86' lang='grc' dir='ltr'><em>χανε</em></span> <span class='ocrx_word' id='word_1_291' title='bbox 605 2686 691 2747; x_wconf 85' lang='grc' dir='ltr'><em>τῆς</em></span> <span class='ocrx_word' id='word_1_292' title='bbox 717 2678 989 2748; x_wconf 83' lang='grc' dir='ltr'><em>Ἐλισάβετ,</em></span> <span class='ocrx_word' id='word_1_293' title='bbox 1046 2681 1130 2732; x_wconf 84' lang='grc' dir='ltr'><em>καὶ</em></span> <span class='ocrx_word' id='word_1_294' title='bbox 1157 2677 1187 2733; x_wconf 80' lang='grc' dir='ltr'><em>ὅ</em></span> <span class='ocrx_word' id='word_1_295' title='bbox 1213 2677 1458 2746; x_wconf 75' lang='grc' dir='ltr'><em>Ἰάκωβος</em></span> <span class='ocrx_word' id='word_1_296' title='bbox 1500 2681 1694 2750; x_wconf 85' lang='grc' dir='ltr'><em>διέφερε</em></span> <span class='ocrx_word' id='word_1_297' title='bbox 1726 2686 1785 2754; x_wconf 76' lang='grc' dir='ltr'><em>τῇ</em></span> <span class='ocrx_word' id='word_1_298' title='bbox 1813 2679 2085 2755; x_wconf 76' lang='grc' dir='ltr'><em>ἱερωσύνῃ,</em></span> <span class='ocrx_word' id='word_1_299' title='bbox 2138 2680 2398 2751; x_wconf 83' lang='grc' dir='ltr'><em>ἐπειδήπερ</em></span> 
     </span>
    </p>

    <p class='ocr_par' dir='ltr' id='par_1_10' title="bbox 459 2763 2400 2926">
     <span class='ocr_line' id='line_1_29' title="bbox 460 2763 2399 2840; baseline 0 -22"><span class='ocrx_word' id='word_1_300' title='bbox 460 2769 516 2818; x_wconf 82' lang='grc' dir='ltr'><em>αἱ</em></span> <span class='ocrx_word' id='word_1_301' title='bbox 540 2764 631 2818; x_wconf 90' lang='grc' dir='ltr'><em>δύο</em></span> <span class='ocrx_word' id='word_1_302' title='bbox 660 2767 811 2831; x_wconf 87' lang='grc' dir='ltr'><em>φυλαὶ</em></span> <span class='ocrx_word' id='word_1_303' title='bbox 842 2764 1150 2834; x_wconf 79' lang='grc' dir='ltr'><em>συνήπτοντο</em></span> <span class='ocrx_word' id='word_1_304' title='bbox 1181 2764 1327 2833; x_wconf 90' lang='grc' dir='ltr'><em>μόναι</em></span> <span class='ocrx_word' id='word_1_305' title='bbox 1353 2763 1480 2835; x_wconf 79' lang='grc' dir='ltr'><em>πρός</em></span> <span class='ocrx_word' id='word_1_306' title='bbox 1512 2764 1748 2834; x_wconf 75' lang='grc' dir='ltr'><em>ἀλλήλας,</em></span> <span class='ocrx_word' id='word_1_307' title='bbox 1787 2765 1822 2834; x_wconf 77' lang='grc' dir='ltr'>ἥ</span> <span class='ocrx_word' id='word_1_308' title='bbox 1852 2787 1902 2819; x_wconf 86' lang='grc' dir='ltr'><em>τε</em></span> <span class='ocrx_word' id='word_1_309' title='bbox 1928 2764 2153 2835; x_wconf 79' lang='grc' dir='ltr'><em>βασιλικὴ</em></span> <span class='ocrx_word' id='word_1_310' title='bbox 2182 2772 2243 2840; x_wconf 81' lang='grc' dir='ltr'><em>τῇ</em></span> <span class='ocrx_word' id='word_1_311' title='bbox 2270 2769 2399 2834; x_wconf 85' lang='grc' dir='ltr'><em>ἱερα-</em></span> 
     </span>
     <span class='ocr_line' id='line_1_30' title="bbox 459 2848 2400 2926; baseline 0.001 -22"><span class='ocrx_word' id='word_1_312' title='bbox 459 2857 572 2925; x_wconf 80' lang='grc' dir='ltr'><em>τικῇ</em></span> <span class='ocrx_word' id='word_1_313' title='bbox 597 2852 680 2904; x_wconf 84' lang='grc' dir='ltr'><em>καὶ</em></span> <span class='ocrx_word' id='word_1_314' title='bbox 709 2848 742 2919; x_wconf 75' lang='grc' dir='ltr'><em>ἦ</em></span> <span class='ocrx_word' id='word_1_315' title='bbox 776 2851 994 2922; x_wconf 77' lang='grc' dir='ltr'><em>ἱερατικὴ</em></span> <span class='ocrx_word' id='word_1_316' title='bbox 1023 2858 1081 2926; x_wconf 79' lang='grc' dir='ltr'><em>τῇ</em></span> <span class='ocrx_word' id='word_1_317' title='bbox 1110 2855 1360 2925; x_wconf 84' lang='grc' dir='ltr'><em>βασιλικῇ·</em></span> <span class='ocrx_word' id='word_1_318' title='bbox 1417 2848 1484 2913; x_wconf 74' lang='grc' dir='ltr'><em>ὥς</em></span> <span class='ocrx_word' id='word_1_319' title='bbox 1523 2853 1607 2904; x_wconf 88' lang='grc' dir='ltr'><em>καὶ</em></span> <span class='ocrx_word' id='word_1_320' title='bbox 1650 2849 1754 2905; x_wconf 74' lang='grc' dir='ltr'><em>ὂῖνω</em></span> <span class='ocrx_word' id='word_1_321' title='bbox 1793 2853 1846 2905; x_wconf 92' lang='grc' dir='ltr'><em>ἐν</em></span> <span class='ocrx_word' id='word_1_322' title='bbox 1875 2858 1936 2926; x_wconf 82' lang='grc' dir='ltr'><em>τῇ</em></span> <span class='ocrx_word' id='word_1_323' title='bbox 1965 2850 2118 2925; x_wconf 80' lang='grc' dir='ltr'><em>ἐξόδῳ</em></span> <span class='ocrx_word' id='word_1_324' title='bbox 2149 2850 2400 2905; x_wconf 75' lang='grc' dir='ltr'><em>Ναασσών</em></span> 
     </span>
    </p>

    <p class='ocr_par' dir='ltr' id='par_1_11' title="bbox 226 2935 2433 3268">
     <span class='ocr_line' id='line_1_31' title="bbox 226 2935 2399 3008; baseline 0.001 -19"><span class='ocrx_word' id='word_1_325' title='bbox 226 2964 311 3000; x_wconf 81' lang='lat' dir='ltr'>pag.</span> <span class='ocrx_word' id='word_1_326' title='bbox 338 2954 434 2990; x_wconf 81' lang='lat'>1⁰46.</span> <span class='ocrx_word' id='word_1_327' title='bbox 466 2935 494 2990; x_wconf 83' lang='grc' dir='ltr'>ὁ</span> <span class='ocrx_word' id='word_1_328' title='bbox 523 2935 623 2991; x_wconf 83' lang='grc' dir='ltr'><em>ἆπὸ</em></span> <span class='ocrx_word' id='word_1_329' title='bbox 653 2943 742 2991; x_wconf 87' lang='grc' dir='ltr'><em>τοῦ</em></span> <span class='ocrx_word' id='word_1_330' title='bbox 770 2935 940 2991; x_wconf 90' lang='grc' dir='ltr'><em>Ἰούδα</em></span> <span class='ocrx_word' id='word_1_331' title='bbox 968 2937 1217 3008; x_wconf 88' lang='grc' dir='ltr'><em>φύλαρχος</em></span> <span class='ocrx_word' id='word_1_332' title='bbox 1244 2936 1480 3005; x_wconf 87' lang='grc' dir='ltr'><em>λαμβάνει</em></span> <span class='ocrx_word' id='word_1_333' title='bbox 1512 2935 1601 3004; x_wconf 78' lang='grc' dir='ltr'><em>τήν</em></span> <span class='ocrx_word' id='word_1_334' title='bbox 1625 2935 1900 3005; x_wconf 85' lang='grc' dir='ltr'><em>Ἐλισάβετ,</em></span> <span class='ocrx_word' id='word_1_335' title='bbox 1951 2935 2039 3005; x_wconf 78' lang='grc' dir='ltr'><em>τὴν</em></span> <span class='ocrx_word' id='word_1_336' title='bbox 2061 2937 2273 3006; x_wconf 72' lang='grc' dir='ltr'><em>,ἀρχαίαν</em></span> <span class='ocrx_word' id='word_1_337' title='bbox 2303 2946 2399 2991; x_wconf 89' lang='grc' dir='ltr'><em>θυ-</em></span> 
     </span>
     <span class='ocr_line' id='line_1_32' title="bbox 461 3020 2399 3095; baseline 0.001 -20"><span class='ocrx_word' id='word_1_338' title='bbox 461 3024 641 3093; x_wconf 89' lang='grc' dir='ltr'><em>γατέρα</em></span> <span class='ocrx_word' id='word_1_339' title='bbox 680 3020 897 3093; x_wconf 71' lang='grc' dir='ltr'><em>Ἀαρών,</em></span> <span class='ocrx_word' id='word_1_340' title='bbox 952 3025 1109 3095; x_wconf 77' lang='grc' dir='ltr'><em>ἑαυτῷ</em></span> <span class='ocrx_word' id='word_1_341' title='bbox 1158 3030 1383 3094; x_wconf 89' lang='grc' dir='ltr'><em>γυναῖκα.</em></span> <span class='ocrx_word' id='word_1_342' title='bbox 1444 3021 1607 3075; x_wconf 67' lang='grc' dir='ltr'><em>’Ὅθεν</em></span> <span class='ocrx_word' id='word_1_343' title='bbox 1651 3025 1824 3077; x_wconf 83' lang='grc' dir='ltr'><em>πολλαὶ</em></span> <span class='ocrx_word' id='word_1_344' title='bbox 1865 3028 1965 3075; x_wconf 73' lang='grc' dir='ltr'><em>τῶν</em></span> <span class='ocrx_word' id='word_1_345' title='bbox 2005 3023 2239 3090; x_wconf 79' lang='grc' dir='ltr'><em>αἱρέσεων</em></span> <span class='ocrx_word' id='word_1_346' title='bbox 2272 3021 2399 3077; x_wconf 71' lang='grc' dir='ltr'><em>κατα</em></span> 
     </span>
     <span class='ocr_line' id='line_1_33' title="bbox 461 3105 2399 3179; baseline 0 -18"><span class='ocrx_word' id='word_1_347' title='bbox 461 3106 623 3178; x_wconf 86' lang='grc' dir='ltr'><em>σάρκα</em></span> <span class='ocrx_word' id='word_1_348' title='bbox 661 3112 968 3179; x_wconf 89' lang='grc' dir='ltr'><em>γενεαλογίαν</em></span> <span class='ocrx_word' id='word_1_349' title='bbox 1010 3115 1099 3162; x_wconf 85' lang='grc' dir='ltr'><em>τοῦ</em></span> <span class='ocrx_word' id='word_1_350' title='bbox 1141 3114 1360 3177; x_wconf 88' lang='grc' dir='ltr'><em>σωτῆρος</em></span> <span class='ocrx_word' id='word_1_351' title='bbox 1401 3107 1664 3179; x_wconf 75' lang='grc' dir='ltr'><em>ἀγνοοῦσι,</em></span> <span class='ocrx_word' id='word_1_352' title='bbox 1702 3110 1798 3163; x_wconf 66' lang='grc' dir='ltr'><em>,καὶ</em></span> <span class='ocrx_word' id='word_1_353' title='bbox 1839 3106 1922 3161; x_wconf 75' lang='grc' dir='ltr'><em>διοῖ</em></span> <span class='ocrx_word' id='word_1_354' title='bbox 1964 3105 2019 3160; x_wconf 84' lang='grc' dir='ltr'>τὸ</span> <span class='ocrx_word' id='word_1_355' title='bbox 2061 3107 2265 3178; x_wconf 80' lang='grc' dir='ltr'><em>ἀπορεῖν</em></span> <span class='ocrx_word' id='word_1_356' title='bbox 2311 3107 2399 3161; x_wconf 80' lang='grc' dir='ltr'><em>αὖ·</em></span> 
     </span>
     <span class='ocr_line' id='line_1_34' title="bbox 462 3190 2433 3268; baseline 0 -21"><span class='ocrx_word' id='word_1_357' title='bbox 462 3194 581 3257; x_wconf 77' lang='grc' dir='ltr'><em>τούς</em></span> <span class='ocrx_word' id='word_1_358' title='bbox 616 3193 906 3260; x_wconf 80' lang='grc' dir='ltr'><em>ἀπιστοῦσι,</em></span> <span class='ocrx_word' id='word_1_359' title='bbox 959 3196 1040 3247; x_wconf 82' lang='grc' dir='ltr'><em>καὶ</em></span> <span class='ocrx_word' id='word_1_360' title='bbox 1071 3197 1305 3248; x_wconf 82' lang='grc' dir='ltr'><em>δοκοῦσιν</em></span> <span class='ocrx_word' id='word_1_361' title='bbox 1332 3194 1598 3264; x_wconf 79' lang='grc' dir='ltr'><em>ἀντιλέγειν</em></span> <span class='ocrx_word' id='word_1_362' title='bbox 1623 3199 1682 3268; x_wconf 76' lang='grc' dir='ltr'><em>τῇ</em></span> <span class='ocrx_word' id='word_1_363' title='bbox 1713 3190 1949 3265; x_wconf 65' lang='grc' dir='ltr'><em>ἀληθείᾳ,</em></span> <span class='ocrx_word' id='word_1_364' title='bbox 2001 3194 2234 3263; x_wconf 90' lang='grc' dir='ltr'><em>λέγοντες,</em></span> <span class='ocrx_word' id='word_1_365' title='bbox 2276 3199 2399 3257; x_wconf 72' lang='grc' dir='ltr'><em>Πῶς</em></span> <span class='ocrx_word' id='word_1_366' title='bbox 2431 3261 2433 3263; x_wconf 15' lang='lat'><strong><em>¹</em></strong></span> 
     </span>
    </p>
   </div>
   <div class='ocr_carea' id='block_1_5' title="bbox 523 3418 1909 3481">
    <p class='ocr_par' dir='ltr' id='par_1_12' title="bbox 523 3418 1909 3481">
     <span class='ocr_line' id='line_1_35' title="bbox 523 3418 1909 3481; baseline 0 -16"><span class='ocrx_word' id='word_1_367' title='bbox 523 3425 621 3467; x_wconf 69' lang='lat' dir='ltr'>CAP.</span> <span class='ocrx_word' id='word_1_368' title='bbox 652 3426 772 3465; x_wconf 79' lang='lat' dir='ltr'><strong>XIII.</strong></span> <span class='ocrx_word' id='word_1_369' title='bbox 806 3449 853 3456; x_wconf 74' lang='lat'><em>—-</em></span> <span class='ocrx_word' id='word_1_370' title='bbox 935 3426 969 3466; x_wconf 91' lang='lat'><em>1.</em></span> <span class='ocrx_word' id='word_1_371' title='bbox 1019 3418 1275 3466; x_wconf 69' lang='lat' dir='ltr'><strong><em>scribendum</em></strong></span> <span class='ocrx_word' id='word_1_372' title='bbox 1317 3438 1406 3466; x_wconf 86' lang='lat' dir='ltr'><em>cum</em></span> <span class='ocrx_word' id='word_1_373' title='bbox 1462 3427 1660 3466; x_wconf 82' lang='lat' dir='ltr'><em>lummodo</em></span> <span class='ocrx_word' id='word_1_374' title='bbox 1690 3421 1765 3481; x_wconf 65' lang='grc' dir='ltr'><em>ᾳε</em></span> <span class='ocrx_word' id='word_1_375' title='bbox 1793 3422 1909 3466; x_wconf 81' lang='grc' dir='ltr'><em>ἐτῶν.</em></span> 
     </span>
    </p>
   </div>
   <div class='ocr_carea' id='block_1_6' title="bbox 466 3480 2452 3762">
    <p class='ocr_par' dir='ltr' id='par_1_13' title="bbox 466 3480 2452 3762">
     <span class='ocr_line' id='line_1_36' title="bbox 466 3480 2396 3537; baseline -0.001 -13"><span class='ocrx_word' id='word_1_376' title='bbox 466 3485 654 3524; x_wconf 82' lang='lat' dir='ltr'><strong><em>Cornario</em></strong></span> <span class='ocrx_word' id='word_1_377' title='bbox 685 3483 745 3534; x_wconf 85' lang='lat' dir='ltr'><em>(in</em></span> <span class='ocrx_word' id='word_1_378' title='bbox 774 3495 874 3523; x_wconf 84' lang='lat' dir='ltr'><strong><em>vers.</em></strong></span> <span class='ocrx_word' id='word_1_379' title='bbox 908 3482 1014 3534; x_wconf 78' lang='lat' dir='ltr'>Lat.)</span> <span class='ocrx_word' id='word_1_380' title='bbox 1046 3487 1080 3523; x_wconf 73' lang='lat' dir='ltr'><em>et.</em></span> <span class='ocrx_word' id='word_1_381' title='bbox 1108 3485 1270 3524; x_wconf 79' lang='lat' dir='ltr'><strong><em>Petavio</em></strong></span> <span class='ocrx_word' id='word_1_382' title='bbox 1300 3483 1407 3524; x_wconf 62' lang='lat' dir='ltr'>Seto-</span> <span class='ocrx_word' id='word_1_383' title='bbox 1520 3481 1559 3523; x_wconf 93' lang='grc'><em>6.</em></span> <span class='ocrx_word' id='word_1_384' title='bbox 1605 3480 1808 3537; x_wconf 81' lang='grc' dir='ltr'><em>ἐκέχρητο</em></span> <span class='ocrx_word' id='word_1_385' title='bbox 1847 3482 2068 3530; x_wconf 80' lang='lat' dir='ltr'><strong><em>suspicatus</em></strong></span> <span class='ocrx_word' id='word_1_386' title='bbox 2111 3485 2164 3522; x_wconf 81' lang='lat' dir='ltr'><em>est</em></span> <span class='ocrx_word' id='word_1_387' title='bbox 2201 3483 2396 3523; x_wconf 72' lang='lat' dir='ltr'><strong><em>Peravius.</em></strong></span> 
     </span>
     <span class='ocr_line' id='line_1_37' title="bbox 466 3530 2396 3594; baseline -0.002 -13"><span class='ocrx_word' id='word_1_388' title='bbox 466 3538 568 3593; x_wconf 84' lang='grc' dir='ltr'><em>ρίας.</em></span> <span class='ocrx_word' id='word_1_389' title='bbox 624 3530 708 3581; x_wconf 77' lang='grc' dir='ltr'><em>Ην</em></span> <span class='ocrx_word' id='word_1_390' title='bbox 738 3555 766 3590; x_wconf 81' lang='grc' dir='ltr'><em>η</em></span> <span class='ocrx_word' id='word_1_391' title='bbox 798 3534 1041 3587; x_wconf 66' lang='grc' dir='ltr'><em>οἷκόλουζτος.</em></span> <span class='ocrx_word' id='word_1_392' title='bbox 1458 3537 1610 3594; x_wconf 82' lang='grc' dir='ltr'><em>ἐχρῆτο</em></span> <span class='ocrx_word' id='word_1_393' title='bbox 1645 3541 1829 3586; x_wconf 74' lang='lat' dir='ltr'><strong><em>scriptum</em></strong></span> <span class='ocrx_word' id='word_1_394' title='bbox 1866 3538 2004 3587; x_wconf 72' lang='lat' dir='ltr'><strong><em>leyitur</em></strong></span> <span class='ocrx_word' id='word_1_395' title='bbox 2037 3540 2080 3578; x_wconf 84' lang='lat' dir='ltr'><em>in</em></span> <span class='ocrx_word' id='word_1_396' title='bbox 2106 3539 2190 3580; x_wconf 85' lang='lat' dir='ltr'><em>cod.</em></span> <span class='ocrx_word' id='word_1_397' title='bbox 2217 3539 2396 3590; x_wconf 69' lang='lat' dir='ltr'><em>Rhediy„</em></span> 
     </span>
     <span class='ocr_line' id='line_1_38' title="bbox 520 3592 1874 3649; baseline -0.001 -12.998"><span class='ocrx_word' id='word_1_398' title='bbox 520 3599 560 3636; x_wconf 78' lang='lat'><em>2.</em></span> <span class='ocrx_word' id='word_1_399' title='bbox 592 3611 620 3649; x_wconf 80' lang='grc' dir='ltr'><em>η</em></span> <span class='ocrx_word' id='word_1_400' title='bbox 657 3595 787 3648; x_wconf 80' lang='grc' dir='ltr'><em>μαρία</em></span> <span class='ocrx_word' id='word_1_401' title='bbox 817 3598 901 3636; x_wconf 86' lang='lat' dir='ltr'>cod.</span> <span class='ocrx_word' id='word_1_402' title='bbox 932 3598 1094 3646; x_wconf 73' lang='lat' dir='ltr'><strong><em>Rhediy.</em></strong></span> <span class='ocrx_word' id='word_1_403' title='bbox 1456 3599 1498 3637; x_wconf 84' lang='lat' dir='ltr'><em>in</em></span> <span class='ocrx_word' id='word_1_404' title='bbox 1526 3597 1683 3645; x_wconf 82' lang='lat' dir='ltr'><strong><em>reliquis</em></strong></span> <span class='ocrx_word' id='word_1_405' title='bbox 1712 3592 1874 3648; x_wconf 81' lang='grc' dir='ltr'><em>ἔχρητο.</em></span> 
     </span>
     <span class='ocr_line' id='line_1_39' title="bbox 519 3651 2452 3720; baseline -0.001 -28.996"><span class='ocrx_word' id='word_1_406' title='bbox 519 3651 557 3691; x_wconf 77' lang='lat'><em>3.</em></span> <span class='ocrx_word' id='word_1_407' title='bbox 590 3652 823 3720; x_wconf 80' lang='grc' dir='ltr'><em>μαγδαλίνη</em></span> <span class='ocrx_word' id='word_1_408' title='bbox 854 3654 938 3693; x_wconf 83' lang='lat' dir='ltr'><em>cod.</em></span> <span class='ocrx_word' id='word_1_409' title='bbox 972 3654 1128 3703; x_wconf 71' lang='lat' dir='ltr'><strong><em>Rhediy.</em></strong></span> <span class='ocrx_word' id='word_1_410' title='bbox 1514 3651 1553 3694; x_wconf 89' lang='lat'><em>7.</em></span> <span class='ocrx_word' id='word_1_411' title='bbox 1598 3651 1659 3707; x_wconf 72' lang='grc' dir='ltr'><em>τῷ</em></span> <span class='ocrx_word' id='word_1_412' title='bbox 1691 3653 1819 3690; x_wconf 80' lang='lat' dir='ltr'><strong><em>omiss.</em></strong></span> <span class='ocrx_word' id='word_1_413' title='bbox 1849 3651 1890 3689; x_wconf 82' lang='lat' dir='ltr'><em>in</em></span> <span class='ocrx_word' id='word_1_414' title='bbox 1920 3651 1978 3690; x_wconf 81' lang='lat' dir='ltr'><em>ed.</em></span> <span class='ocrx_word' id='word_1_415' title='bbox 2010 3652 2143 3690; x_wconf 79' lang='lat' dir='ltr'><strong><em>Petav.</em></strong></span> <span class='ocrx_word' id='word_1_416' title='bbox 2176 3651 2306 3691; x_wconf 73' lang='lat' dir='ltr'><em>Calon.</em></span> <span class='ocrx_word' id='word_1_417' title='bbox 2336 3661 2396 3690; x_wconf 77' lang='lat' dir='ltr'><em>re·</em></span> <span class='ocrx_word' id='word_1_418' title='bbox 2447 3702 2452 3707; x_wconf 10' lang='grc' dir='ltr'>ζ</span> 
     </span>
     <span class='ocr_line' id='line_1_40' title="bbox 521 3705 1535 3762; baseline 0.001 -14"><span class='ocrx_word' id='word_1_419' title='bbox 521 3705 559 3748; x_wconf 81' lang='lat'><em>4.</em></span> <span class='ocrx_word' id='word_1_420' title='bbox 593 3722 620 3758; x_wconf 78' lang='grc' dir='ltr'><em>η</em></span> <span class='ocrx_word' id='word_1_421' title='bbox 655 3706 796 3762; x_wconf 75' lang='grc' dir='ltr'><em>μήτηρ</em></span> <span class='ocrx_word' id='word_1_422' title='bbox 827 3711 910 3749; x_wconf 86' lang='lat' dir='ltr'><em>cod.</em></span> <span class='ocrx_word' id='word_1_423' title='bbox 943 3711 1103 3759; x_wconf 74' lang='lat' dir='ltr'><strong><em>Rhediy.</em></strong></span> <span class='ocrx_word' id='word_1_424' title='bbox 1456 3713 1535 3760; x_wconf 81' lang='lat' dir='ltr'><strong><em>pet.</em></strong></span> 
     </span>
    </p>
   </div>
   <div class='ocr_carea' id='block_1_7' title="bbox 463 3759 2392 3876">
    <p class='ocr_par' dir='ltr' id='par_1_14' title="bbox 463 3759 2392 3876">
     <span class='ocr_line' id='line_1_41' title="bbox 523 3759 2205 3816; baseline -0.001 -13"><span class='ocrx_word' id='word_1_425' title='bbox 523 3765 561 3803; x_wconf 82' lang='lat'><em>5.</em></span> <span class='ocrx_word' id='word_1_426' title='bbox 607 3759 655 3812; x_wconf 75' lang='grc' dir='ltr'><em>ὃς</em></span> <span class='ocrx_word' id='word_1_427' title='bbox 684 3778 759 3805; x_wconf 85' lang='lat' dir='ltr'><em>non</em></span> <span class='ocrx_word' id='word_1_428' title='bbox 798 3767 1039 3815; x_wconf 80' lang='lat' dir='ltr'><em>deprehendo</em></span> <span class='ocrx_word' id='word_1_429' title='bbox 1078 3777 1198 3816; x_wconf 81' lang='lat' dir='ltr'><strong><em>neque</em></strong></span> <span class='ocrx_word' id='word_1_430' title='bbox 1239 3769 1280 3805; x_wconf 84' lang='lat' dir='ltr'><em>in</em></span> <span class='ocrx_word' id='word_1_431' title='bbox 1315 3766 1397 3806; x_wconf 86' lang='lat' dir='ltr'><em>cod.</em></span> <span class='ocrx_word' id='word_1_432' title='bbox 1514 3765 1554 3804; x_wconf 77' lang='grc'><em>8.</em></span> <span class='ocrx_word' id='word_1_433' title='bbox 1583 3760 1664 3816; x_wconf 73' lang='grc' dir='ltr'><em>γὰρ</em></span> <span class='ocrx_word' id='word_1_434' title='bbox 1697 3765 1825 3803; x_wconf 85' lang='lat' dir='ltr'><strong><em>omiss.</em></strong></span> <span class='ocrx_word' id='word_1_435' title='bbox 1856 3765 1897 3803; x_wconf 82' lang='lat' dir='ltr'><em>in</em></span> <span class='ocrx_word' id='word_1_436' title='bbox 1927 3765 2010 3804; x_wconf 80' lang='lat' dir='ltr'><em>cod.</em></span> <span class='ocrx_word' id='word_1_437' title='bbox 2043 3765 2205 3815; x_wconf 73' lang='lat' dir='ltr'><strong><em>Rhediy.</em></strong></span> 
     </span>
     <span class='ocr_line' id='line_1_42' title="bbox 463 3817 2392 3876; baseline 0.001 -14"><span class='ocrx_word' id='word_1_438' title='bbox 463 3822 567 3870; x_wconf 80' lang='lat' dir='ltr'><strong><em>len,</em></strong></span> <span class='ocrx_word' id='word_1_439' title='bbox 609 3833 727 3871; x_wconf 82' lang='lat' dir='ltr'><strong><em>neque</em></strong></span> <span class='ocrx_word' id='word_1_440' title='bbox 756 3824 797 3861; x_wconf 79' lang='lat' dir='ltr'><em>in</em></span> <span class='ocrx_word' id='word_1_441' title='bbox 827 3824 911 3862; x_wconf 87' lang='lat' dir='ltr'><strong><em>cod.</em></strong></span> <span class='ocrx_word' id='word_1_442' title='bbox 941 3823 1104 3873; x_wconf 74' lang='lat' dir='ltr'><strong><em>Rhediy.</em></strong></span> <span class='ocrx_word' id='word_1_443' title='bbox 1163 3824 1313 3861; x_wconf 80' lang='lat' dir='ltr'><strong><em>Habent</em></strong></span> <span class='ocrx_word' id='word_1_444' title='bbox 1338 3833 1399 3861; x_wconf 87' lang='lat' dir='ltr'><em>so-</em></span> <span class='ocrx_word' id='word_1_445' title='bbox 1515 3818 1553 3860; x_wconf 87' lang='lat'><em>9.</em></span> <span class='ocrx_word' id='word_1_446' title='bbox 1585 3823 1769 3861; x_wconf 79' lang='lat' dir='ltr'><strong><em>Petavius</em></strong></span> <span class='ocrx_word' id='word_1_447' title='bbox 1790 3822 2009 3871; x_wconf 77' lang='lat' dir='ltr'><strong><em>suspicatus</em></strong></span> <span class='ocrx_word' id='word_1_448' title='bbox 2032 3826 2086 3862; x_wconf 77' lang='lat' dir='ltr'><em>est</em></span> <span class='ocrx_word' id='word_1_449' title='bbox 2114 3817 2392 3876; x_wconf 57' lang='grc' dir='ltr'><em>ἁρμοσθῆναι,</em></span> 
     </span>
    </p>
   </div>
  </div>
 </body>
</html>
