2508 4134
440 283 542 335 612
1013 291 1288 331 ADDENDA
1318 292 1391 333 ET
1422 289 1794 339 CORRIGENDA.

556 391 688 448 Pag.
709 388 838 435 342.
894 389 921 430 l.
940 388 1009 431 20.
1038 383 1127 432 ἀλλ’
1160 388 1197 432 εἰ
1227 386 1377 444 μόνους
1407 391 1495 430 Bas.

554 460 834 519 Pag.344.
894 462 922 502 1.
940 458 968 501 3
999 468 1041 500 et
1067 458 1105 501 4.
1151 463 1246 502 Vox
1282 458 1475 515 δακρύων
1507 462 1608 502 ven.
1641 475 1726 502 non
1756 458 1970 515 agnoscit,
2012 459 2046 499 si
2073 459 2174 502 fides
2210 469 2273 502 est
2296 461 2364 502 al·-

435 531 536 583 teri,
569 544 649 586 quo
679 547 772 573 usus
804 546 919 581 sum,
948 530 1242 585 scripturarum
1270 531 1514 573 variantium
1546 531 1632 572 eius
1664 530 1913 586 excerptori-

559 603 693 660 Pag.
709 603 837 647 350.
893 601 919 643 l.
945 600 972 644 6
1002 610 1100 642 ante
1128 601 1198 642 fin.
1234 607 1343 644 Acue
1378 601 1558 657 σαρκίον

556 669 1261 731 Ρεις.352.1.1.πρόςκλησιν
1293 676 1381 715 Bas.

551 734 1155 801 Pag.354.1.11.6'0m
1178 741 1298 788 πάλιν
1327 745 1417 785 Bas.
1448 768 1501 776 --
1560 740 1675 785 1.13.
1707 740 1968 798 ἐλέγχθησαν
1996 743 2086 784 Bas.
2145 744 2267 794 Quod
2297 759 2362 786 re-

438 814 693 855 stituendum
724 823 823 856 erat.
884 813 1121 871 ἐλέχῇησαν
1150 814 1278 855 habet
1308 814 1372 855 ed.
1403 815 1544 855 Petav-

550 886 686 943 Pag.
709 887 836 931 356.
893 885 919 926 l.
951 886 989 927 2.
1021 885 1072 926 ab
1100 885 1221 927 infer.
1252 880 1447 940 ἀμείνους
1475 880 1580 927 εἶναι
1608 885 1692 938 λεγ.
1723 883 1934 939 γεγονέναι
1966 885 2052 925 Bas.

547 956 679 1014 Pag.
701 957 828 1003 358.
884 956 913 998 1.
936 947 998 998 10.
1028 954 1301 1011 ἐπιδείξωμεν
1327 957 1418 996 Bas.
1437 980 1490 986 —
1548 954 1575 995 l.
1592 954 1665 994 ult.
1694 954 1831 996 Verba
1851 952 1892 997 ἐν
1915 953 2134 1012 μεσότητι,
2165 971 2268 1012 quae
2292 957 2364 999 de-

434 1026 543 1078 levi,
587 1042 640 1068 ne
671 1027 764 1070 cod.
789 1030 885 1071 Vat.
915 1027 1081 1083 quidem
1117 1029 1292 1082 (puncta
1323 1025 1432 1066 enim
1458 1025 1673 1082 supposita
1709 1025 1903 1081 fugerant
1931 1027 2030 1068 olim
2058 1027 2206 1071 oculos.
2229 1028 2364 1083 meos)

434 1099 635 1154 agnoscit.

545 1171 684 1228 Pag.
705 1171 834 1215 36⁰.
889 1170 918 1213 l.
934 1169 1000 1212 23.
1035 1169 1204 1223 Corrige
1227 1168 1372 1217 κακῶς
1397 1168 1561 1224 (καλῶς
1585 1167 1732 1210 vitiose
1759 1168 1886 1211 etiam
1911 1169 1976 1212 ed.
2003 1171 2144 1212 Petav.
2172 1168 2365 1226 utraque)

435 1237 516 1290 ὗπό
548 1241 624 1284 τοῦ
656 1237 843 1295 ιῖστέρου.

559 1312 692 1372 Peg.
713 1312 840 1357 362.
898 1311 1041 1353 adnot.
1067 1311 1105 1353 3.
1141 1310 1309 1365 Corrige
1339 1305 1451 1366 αὐτῇ
1480 1310 1544 1351 ed.
1577 1310 1707 1365 princ.

550 1384 829 1441 Pagae&
885 1382 997 1425 1.13.
1029 1382 1141 1422 Corr.
1174 1384 1240 1423 Sic
1270 1387 1353 1423 erat
1381 1384 1423 1422 in
1449 1384 1645 1433 principio
1675 1389 1773 1423 cett.

552 1456 685 1512 Pag.
710 1454 837 1499 320.
893 1453 920 1493 l.
941 1451 982 1495 9.
1013 1450 1208 1496 πειῇανόν
1240 1453 1330 1494 Bas.
2245 1490 2246 1494 Ἰ

550 1526 683 1583 Pag.
713 1525 840 1569 372.
896 1524 922 1564 1
943 1522 982 1565 9.
1026 1519 1110 1577 ηδὲ
1141 1524 1383 1578 γλαυκῶπις
1412 1525 1499 1565 Bas.
1526 1547 1579 1555 -
1638 1523 1665 1565 l.
1690 1523 1757 1565 21.
1801 1524 1973 1579 Repone
2000 1533 2215 1566 accentum
2242 1540 2366 1582 super

434 1593 529 1646 Ὡς.
557 1621 604 1628 --
664 1596 691 1637 1.
709 1596 748 1638 3.
781 1595 832 1635 ab
858 1594 933 1636 inf.
967 1594 1136 1649 Corrige
1160 1591 1432 1649 “Ηρ.ακλέους
1465 1594 1570 1636 Edd.
1600 1594 1756 1635 habent
1784 1595 1910 1650 vulgo
1936 1592 2156 1650 τῖρακλέος
2182 1620 2233 1628 -
2276 1596 2304 1637 l.
2321 1596 2362 1639 2.

436 1668 488 1710 ab
518 1666 595 1709 inf.
628 1666 677 1710 ἐκ
705 1666 843 1710 ποδῶν
875 1667 966 1708 BaS.

557 1738 836 1796 ruffam.
894 1736 922 1777 l.
938 1736 1005 1778 20.
1050 1736 1192 1777 Scribe
1221 1738 1347 1781 τοῦδε
1383 1752 1459 1792 pro
1489 1737 1561 1781 τοῦ
1598 1736 1661 1781 δὲ.
1697 1761 1747 1770 -
1805 1737 1832 1779 1.
1854 1737 1922 1781 27.
1963 1738 2122 1780 Vocula
2160 1737 2234 1782 καὶ
2268 1745 2365 1780 ante

434 1808 488 1854 τὰ
530 1806 578 1853 δὲ
616 1808 780 1864 ἐπίγεια
819 1807 996 1849 delenda
1035 1816 1110 1849 est.
1175 1808 1357 1850 Debetur
1391 1807 1425 1849 is
1468 1823 1584 1850 error
1625 1807 1897 1864 typographis
1939 1808 2004 1849 ed.
2047 1810 2188 1851 Petav.
2219 1809 2364 1851 Colon.

435 1889 567 1936 repet.

556 1952 688 2009 Pag.
709 1951 836 1996 378.
893 1950 920 1992 l.
937 1950 1006 1993 22.
1041 1951 1212 2006 Repoue
1238 1952 1318 2004 τῆς
1344 1951 1561 1993 articulum
1585 1959 1682 1992 ante
1713 1947 1887 2000 Δυάδος.
1946 1950 2211 1993 Desideratur
2239 1950 2363 1996 etiam

435 2023 478 2064 in
509 2023 574 2064 ed.
605 2024 744 2063 Petav.
777 2021 923 2062 Colon.
955 2031 1089 2077 repet.

547 2094 683 2152 Pag.
705 2094 831 2138 380.
889 2093 915 2133 l.
935 2094 974 2134 2.
1018 2097 1130 2133 Acue
1157 2090 1391 2149 ἀριστερὸν.
1426 2118 1475 2125 -
1534 2093 1560 2134 l.
1577 2092 1646 2136 20.
1686 2091 1762 2147 τὴν
1789 2091 1947 2135 ἑαυτῶν
1970 2092 2033 2149 τῷ
2059 2092 2147 2148 (step.
2178 2094 2279 2133 Ven.
2309 2117 2364 2124 --

434 2165 462 2207 l.
480 2165 547 2208 21.
578 2164 773 2206 Rescribe
799 2160 1053 2219 πρόκλησιν,
1083 2179 1160 2220 pro
1189 2165 1299 2219 vulg.
1328 2159 1594 2220 προῦκλησιν.
1626 2188 1680 2196 -
1738 2165 1765 2205 1.
1791 2164 1830 2206 7.
1860 2164 1911 2205 ab
1939 2163 2059 2222 infer.
2091 2162 2165 2207 καὶ
2191 2158 2261 2207 ἀπ’
2289 2159 2363 2207 αὖ·

435 2237 518 2288 τῶν
547 2237 630 2280 τῶν
662 2235 702 2280 ἐν
731 2240 820 2287 τοῖς
850 2238 951 2276 Ven.
983 2259 1040 2266 --
1096 2236 1121 2276 l.
1149 2235 1188 2280 3.
1219 2236 1271 2276 ab
1301 2235 1376 2276 inf.
1406 2232 1505 2290 παρ’
1535 2231 1674 2279 αὐτῶν
1707 2236 1813 2275 Ven.

550 2309 683 2366 Pag.
704 2308 831 2352 382.
887 2306 914 2347 l.
931 2304 971 2349 9.
1003 2308 1176 2362 Repone
1202 2305 1275 2349 καὶ
1299 2306 1362 2355 τίς
1387 2303 1417 2360 ἦ
1442 2303 1544 2361 γυνή
1568 2302 1598 2360 ἡ
1627 2305 1825 2362 βαλοῦσα.
1886 2306 2023 2347 Verba
2047 2302 2078 2361 τῖ
2106 2303 2208 2360 γυνή
2238 2302 2268 2361 ’ἦ
2294 2319 2364 2347 ex-

438 2379 626 2421 ciderunt
668 2378 793 2419 etiam
823 2378 873 2418 ab
903 2378 1001 2418 edit.
1033 2379 1170 2418 Petav.
1201 2378 1506 2432 Colon.'repet.
1539 2400 1587 2406 ——
1649 2375 1761 2417 1.21.
1803 2375 1875 2419 καὶ
1897 2371 2025 2420 ἅλλου
2057 2374 2235 2420 ἑκάστου
2261 2377 2363 2418 Ven.

437 2475 487 2483 —-
520 2450 548 2491 l.
573 2451 615 2494 7.
647 2450 697 2490 ab
727 2449 851 2489 infer.
880 2446 951 2492 τὸν
982 2448 1154 2491 δέκατον
1188 2450 1276 2488 Bas,
1308 2473 1361 2479 —-
1419 2447 1445 2489 l.
1469 2448 1509 2488 5.
1541 2447 1592 2488 ab
1622 2446 1698 2487 inf.
1732 2449 1815 2490 τῶν
1848 2444 2019 2491 δώδεκα
2051 2449 2152 2488 Ven.

555 2521 689 2577 Pag.
712 2519 839 2564 384.
896 2519 921 2559 l.
947 2519 981 2560 1.
1013 2515 1074 2567 ῶς
1105 2514 1223 2561 αὐτοί
1252 2533 1380 2574 φασι,
1427 2518 1537 2573 quod
1563 2518 1614 2558 de
1643 2518 1878 2559 coniectura
1901 2518 2012 2573 prius
2034 2518 2223 2573 reposui,
2254 2533 2364 2561 nunc

437 2592 555 2633 firmo
584 2590 828 2632 auctoritate
855 2590 947 2631 cod.
977 2592 1081 2631 Ven.
1115 2615 1169 2620 --
1224 2590 1251 2630 1.
1270 2589 1308 2630 4.
1342 2591 1510 2644 Repone
1540 2604 1589 2630 ex
1619 2589 1710 2630 cod.
1740 2590 1846 2631 ven.
1878 2588 1919 2632 ἐν
1942 2588 2004 2646 τῷ
2035 2588 2269 2645 δωδεκάτῳ
2294 2588 2366 2645 ἔρ·

439 2677 603 2718 ρευσεν,
635 2658 741 2705 άλλά
770 2662 921 2716 μᾶλλον
948 2659 990 2704 ἐν
1015 2665 1101 2709 τοῖς
1128 2659 1275 2704 ἕνδεκα
1300 2660 1430 2716 ἔρρει,
1461 2661 1523 2717 τῷ
1548 2656 1782 2716 δωδεκάτῳ
1808 2659 1856 2704 δὲ
1884 2659 2108 2703 σέσωσται.
2137 2686 2193 2693 -
2248 2660 2360 2704 1.11.

438 2732 507 2777 ἐπὶ
532 2731 585 2776 τά
612 2731 714 2787 ἑξῆς
743 2733 847 2773 Ven.
879 2756 935 2763 —
991 2732 1017 2772 l.
1045 2729 1105 2774 18.
1138 2734 1240 2772 Ven.
1269 2746 1345 2786 pro
1372 2728 1592 2787 δογμάτων
1621 2731 1747 2772 habet
1769 2731 1950 2786 δεσμῶν.
1986 2756 2035 2763 -
2094 2730 2120 2771 l.
2143 2731 2199 2774 23
2226 2739 2269 2773 et
2293 2728 2360 2775 24.

437 2806 612 2860 Repone
643 2803 716 2847 καὶ
741 2803 779 2847 οἱ
803 2798 871 2847 ἀπ’
912 2800 1053 2846 αὐτοῦ.
1111 2803 1368 2858 praepositio
1411 2803 1668 2844 desideratur
1705 2802 1828 2843 etiam
1866 2803 1910 2843 in
1950 2801 2014 2843 ed.
2042 2802 2182 2842 PetaV.
2214 2801 2359 2854 colon.

438 2885 570 2931 repet.
599 2900 657 2907 —
713 2874 741 2916 l.
762 2875 831 2916 25.
877 2872 1053 2923 ἕκαστος
1095 2869 1166 2930 ὑφ’
1205 2873 1344 2930 ἑτέρου
1375 2876 1479 2915 Ven.
1509 2899 1561 2906 -
1620 2874 1647 2915 l.
1666 2874 1733 2917 27.
1775 2872 1975 2930 ἐχομένην
2011 2872 2147 2914 firmat
2171 2874 2276 2916 Ven.
2308 2897 2358 2904 —

436 2947 462 2988 l.
494 2947 648 3003 penult.
677 2944 938 3000 παρείτωσαν
967 2947 1071 2987 Ven.

550 3019 684 3076 Pag.
706 3017 832 3061 386.
888 3016 970 3057 1.2.
1001 3013 1242 3071 Ἐπιφανὴς
1273 3018 1362 3057 Bas.
1420 3017 1518 3057 Non
1549 3024 1740 3058 constans
1779 3025 1842 3057 est
1882 3022 1983 3057 vett.
2020 3015 2242 3067 librorum,
2284 3030 2362 3058 nec

438 3090 708 3145 scriptorum,
755 3090 814 3130 uti
842 3089 1029 3138 videtur,
1071 3087 1113 3127 in
1140 3088 1327 3128 acuendo
1357 3102 1405 3129 eo
1436 3087 1604 3129 nomine
1636 3086 1905 3129 consuetudo.
1936 3110 1987 3117 —-
2043 3085 2072 3126 l.
2088 3083 2129 3127 7.
2154 3088 2360 3141 παρελευ-

440 3158 606 3217 σόμεὲῑα
632 3163 734 3203 Ven.
766 3184 819 3192 -
876 3160 968 3201 1.8.
1011 3155 1064 3202 δι’
1089 3154 1216 3201 αὐτοῦ
1255 3156 1466 3202 σκεπάσαι
1490 3161 1593 3200 ven.
1625 3182 1676 3190 -
1734 3157 1849 3200 1.11.
1890 3156 1935 3209 ἐξ
1968 3151 2104 3211 αὐτῆς
2131 3153 2225 3211 ὁρμ.
2255 3158 2360 3198 ven.

437 3257 491 3263 —
522 3232 550 3274 l.
575 3231 640 3273 12.
682 3232 878 3273 Praefero
910 3229 1055 3284 ἕτερα,
1098 3244 1201 3285 quae
1231 3230 1380 3271 Veneti
1411 3238 1474 3269 est
1511 3229 1729 3284 scriptura.
1761 3253 1815 3260 —
1871 3227 1983 3270 l.13.
2014 3220 2072 3270 ὦν
2095 3235 2192 3281 post
2221 3223 2359 3272 αὐτῶν

436 3303 555 3346 abest
584 3318 609 3345 a
633 3305 736 3346 Ven.
767 3327 822 3334 —-
878 3302 893 3342 l
932 3301 996 3342 15.
1027 3301 1163 3342 Verba
1192 3296 1460 3344 Ουαλεντῖνον
1486 3316 1563 3352 ων,
1612 3315 1672 3349 ως
1709 3304 1923 3354 προεῖπον,
1969 3293 2074 3351 ὑπὲρ
2103 3295 2151 3341 δὲ
2189 3297 2352 3340 deside-

438 3382 553 3415 ratur
591 3375 633 3415 in
663 3376 766 3416 Ven.
801 3398 853 3405 —-
911 3372 939 3413 l.
957 3370 1027 3412 21.
1057 3371 1278 3427 γενομένην
1308 3374 1411 3413 Ven.
1444 3396 1496 3402 —-
1554 3372 1582 3413 l.
1602 3372 1670 3413 22.
1718 3370 1811 3427 ἰδίῳ
1842 3372 1970 3418 νοω,
2014 3376 2058 3408 ut
2093 3368 2192 3408 ferri
2227 3369 2359 3424 possit

439 3460 530 3486 voc.
558 3445 621 3502 τῶ
647 3454 743 3486 ante
771 3444 845 3488 ἰοῦ.
879 3468 931 3475 —-
989 3443 1102 3486 1.23.
1137 3437 1410 3486 Ουαλεντίνου
1437 3444 1539 3484 Ven.
1571 3466 1625 3474 —
1683 3439 1792 3486 1.24·.
1835 3435 1903 3483 υπ’
1934 3434 2059 3482 αυτοῦ
2083 3435 2229 3482 τούτου
2255 3441 2355 3481 Ven.

438 3538 494 3547 —
524 3515 551 3556 l.
565 3516 632 3557 25.
667 3516 837 3570 Repone
875 3514 1072 3555 librorum
1109 3514 1355 3569 scripturam
1395 3508 1514 3568 ὅμως
1536 3509 1574 3558 δ’
1600 3529 1682 3558 ουν.
1712 3537 1767 3544 —-
1824 3510 1924 3551 Ibid.
1956 3510 2281 3564 παρεληλυθέναι
2303 3508 2357 3554 τὰ

440 3582 532 3628 κατ’
565 3582 691 3630 αυτὸν
722 3588 824 3627 Ven.
856 3594 897 3626 et
923 3587 1011 3625 Bas.
1070 3585 1198 3639 Igitur
1225 3599 1264 3627 τι
1289 3584 1378 3625 sola
1413 3593 1526 3625 extat
1560 3584 1601 3625 in
1638 3584 1736 3625 edit.
1766 3583 1905 3623 Petav.
1940 3605 1990 3612 —-
2047 3580 2072 3621 l.
2091 3580 2131 3624 6.
2159 3581 2210 3622 ab
2234 3581 2356 3624 infer.

442 3654 547 3711 ἔχων
572 3658 674 3698 Ven.
707 3680 759 3687 —
815 3656 846 3698 1.
866 3656 907 3699 3.
940 3656 991 3697 ab
1017 3655 1139 3697 infer.
1183 3656 1352 3710 Repone
1380 3645 1417 3698 ῶ
1443 3650 1610 3710 άνὸητε.
1668 3653 1803 3696 Etiam
1839 3651 1885 3692 in
1913 3650 2010 3693 edit.
2039 3652 2182 3695 Petav.
2210 3652 2356 3694 Colon.

440 3734 571 3780 repet.
603 3727 858 3769 desideratur
887 3727 1033 3769 vocula
1063 3718 1113 3770 ῶ.

499 3856 507 3859 “
553 3797 684 3853 Pag.
702 3799 828 3842 388.
881 3797 963 3839 1.1.
994 3797 1136 3838 Scribe
1160 3794 1393 3840 ὖποπῖπτον.
1413 3820 1467 3828 -
1506 3797 1534 3838 1.
1550 3796 1590 3838 2.
1623 3794 1683 3843 εἰς
1704 3791 1751 3838 τὸ
1782 3791 1852 3836 ἕνα
1873 3786 1972 3836 ὅντα
1993 3794 2097 3835 Ven.
2130 3819 2183 3826 —
2239 3794 2268 3835 1.
2290 3793 2354 3837 11.

443 3863 566 3915 ἐκτὸς
587 3867 659 3909 τοῦ
684 3864 773 3916 ἑνὸς
799 3865 891 3920 u‘m,
935 3864 1064 3917 αὐτὸς
1087 3867 1135 3912 δὲ
1160 3881 1253 3922 μεσ.
1276 3865 1389 3922 ἐστι,
1432 3866 1505 3910 καὶ
1527 3862 1641 3922 αύτῷ
1668 3861 1915 3919 προςάγεται
1938 3865 2039 3907 Ven.
2075 3889 2127 3896 —
2184 3865 2211 3906 l.
2233 3864 2282 3907 11
2314 3872 2356 3906 et
