2508 4134
550 282 774 324 PANARn
803 283 907 322 Lm.
925 284 998 323 111.
1028 285 1161 325 ToM.
1182 287 1214 325 1.
1246 286 1409 326 HAER.
1430 285 1624 327 Lxxvt.
1932 271 2031 324 233

141 381 332 434 interim
379 389 521 450 atque
558 379 724 431 eximii
761 378 913 446 gloria
955 381 1088 431 salva
1128 382 1408 451 integraque
1452 385 1745 446 retineatur,
1801 382 1890 434 hoc
1928 382 2033 451 ipso

142 456 264 534 quod
290 465 369 516 ille
397 465 468 517 sui
502 464 652 533 ipsius
691 463 886 514 minime
921 464 1200 532 principium
1239 467 1501 531 asseritur,
1556 469 1639 518 sed
1669 467 1914 536 aequalem
1943 466 2033 516 sibi

140 549 353 601 sobolem
383 547 635 617 purissima
665 557 713 598 et
741 547 1209 615 incomprebensibili
1238 549 1505 602 substantia
1541 551 2033 619 consubstantialique

138 634 306 694 modo,
363 633 453 683 hoc
482 642 557 684 est
583 630 851 683 substantia
887 641 935 682 et
965 631 1210 701 hypostasi
1243 634 1504 701 praeditum
1537 636 1825 701 produxisse
1863 635 2029 699 filium,

137 718 218 786 'qui
242 717 430 785 quidem
460 734 554 767 non
586 715 772 766 animae
806 732 983 784 expers
1012 716 1139 767 illius
1166 715 1325 784 imago
1355 716 1447 780 sit,
1489 720 1571 768 sed
1606 729 1853 786 paternum
1880 736 2033 787 genus

140 801 406 868 exprimat,
461 810 511 851 ut
547 799 782 867 scriptura
818 808 1053 864 testatur,
1109 817 1228 867 quae
1261 801 1472 867 genitum
1503 802 1644 853 filium
1676 804 1922 870 aequalem
1952 820 2037 872 ge-

140 884 284 936 nitori
328 885 594 935 constituit.
669 888 859 948 Imago,
919 883 1096 951 inquit,
1152 886 1395 933 zhvzlsibilis
1427 888 1517 934 dei.
1594 887 1668 936 Ac
1697 904 1755 937 ne
1787 887 1891 954 quis
1917 888 2036 938 ima-
2053 898 2187 943 eorl,
2205 896 2260 931 15.

136 969 262 1038 ginis
304 969 548 1020 notionem
579 968 637 1019 ab
671 967 920 1018 identitate
959 968 1062 1036 ipsa
1107 968 1300 1019 differre
1344 968 1591 1031 crederet,
1643 970 1847 1037 ipsemet
1879 980 2031 1039 pater,

138 1053 206 1105 uti
241 1071 328 1106 uos
369 1062 502 1104 certo
539 1052 796 1120 dirigeret,
849 1060 961 1102 ante
1002 1052 1231 1120 prolatam
1271 1053 1397 1103 illam
1431 1053 1714 1103 sententiam
1748 1054 1814 1104 ita
1847 1055 2034 1106 locutus

139 1146 240 1189 estz
291 1141 537 1187 Faciamus
573 1139 794 1186 hominem
832 1140 895 1185 ad
926 1140 1168 1201 imaginem
1210 1147 1442 1197 nostram,
1500 1147 1549 1186 et
1581 1141 1644 1186 ad
1669 1142 2028 1189 semilz'tudinem.
2057 1152 2151 1187 Gen.
2178 1150 2210 1194 1,
2230 1150 2286 1185 26.

138 1224 188 1272 ln
219 1240 311 1290 quo
344 1240 437 1272 non
469 1221 677 1290 seipsum
709 1239 735 1271 a
765 1221 859 1271 filio
887 1220 1135 1282 discrevit,
1177 1222 1259 1271 sed
1285 1221 1486 1271 similem
1517 1238 1684 1271 vocem
1704 1260 1716 1284 ,
1758 1232 1806 1273 et
1833 1224 1889 1273 ad
1916 1224 2035 1275 duos

137 1307 453 1375 pertinentem
474 1344 487 1369 ,
530 1322 763 1374 usurpare
803 1305 976 1356 voluit:
1030 1308 1274 1354 Faciamus
1304 1308 1557 1366 leomz‘nem5
1599 1324 1692 1373 qua
1723 1306 1842 1357 duos
1874 1309 2036 1376 expri-

138 1400 320 1452 meret,
373 1389 582 1458 seipsum
624 1388 878 1452 videlicet,
932 1407 986 1440 ac
1020 1388 1194 1452 filium,
1249 1398 1329 1440 aut
1364 1390 1562 1457 insuper
1604 1400 1652 1440 et
1679 1391 1896 1459 spiritum
1926 1409 2035 1442 san-

138 1483 283 1525 ctum.
361 1472 522 1542 Atque
553 1483 601 1524 ut
628 1473 851 1541 imaginis
884 1474 1218 1541 aequalitatem
1249 1475 1553 1538 ostenderet,
1608 1475 1798 1526 diversa
1831 1477 1924 1527 duo
1952 1494 2036 1526 vo-

137 1558 304 1609 cabula
333 1559 551 1609 inserere
589 1558 768 1620 noluit,
829 1558 912 1608 sed
952 1557 1137 1608 unicam
1172 1559 1406 1609 duntaxat
1448 1561 1843 1611 commemoravit
1869 1560 2037 1627 imagi-

135 1659 264 1706 nem,
306 1652 517 1694 nostram
544 1651 700 1692 autem
730 1659 787 1692 ea
813 1659 929 1693 voce
961 1659 1082 1709 quae
1109 1643 1165 1692 ad
1194 1643 1312 1693 duos
1341 1652 1582 1711 spectaret
1606 1644 1820 1712 protulit.
1879 1642 2035 1695 Porro

134 1734 347 1776 creatum
391 1726 630 1777 hominem
668 1744 760 1776 non
807 1727 862 1776 ad
910 1726 1048 1776 unius
1093 1726 1350 1794 imaginem
1384 1744 1699 1796 expressum,
1754 1729 1838 1778 sed
1873 1729 2035 1779 ambo-

134 1827 238 1861 rum
288 1810 611 1861 similitudinis
648 1819 694 1860 et
722 1810 1026 1878 aequalitatis
1067 1811 1265 1878 effigiem
1307 1829 1418 1863 esse
1463 1812 1781 1879 signilieavit3
1842 1814 2033 1864 utillud

132 1903 297 1963 aperte
326 1895 623 1959 declararet,
669 1895 888 1963 quicquid
924 1895 1243 1945 excellentiae
1273 1904 1376 1958 est,
1434 1896 1482 1945 in
1517 1905 1683 1964 patre,
1725 1897 1819 1947 filio
1858 1915 1912 1947 ac
1940 1896 2036 1966 spi-

133 1979 228 2029 ritu
275 1988 445 2030 sancto
490 1980 613 2031 idem
660 1989 802 2046 atque
852 1997 994 2030 unum
1046 1996 1183 2044 esse,
1244 1998 1398 2047 neque
1440 1980 1623 2031 varium
1672 1999 1727 2031 ac
1766 1981 2032 2048 multiplex.

132 2061 247 2114 Non
280 2064 404 2114 enim
430 2072 513 2115 aut
540 2064 597 2114 ab
624 2064 776 2114 altera
810 2072 979 2114 natura
1009 2073 1173 2131 pater,
1217 2064 1339 2114 filius
1367 2073 1415 2114 et
1444 2064 1640 2133 spiritus
1671 2073 1868 2116 sanctus
1898 2083 2036 2116 acce-

133 2148 229 2216 pit,
286 2148 438 2199 autin
471 2149 667 2199 alteram
711 2157 928 2199 naturam
965 2157 1167 2198 naturae
1201 2148 1541 2217 dignitatisque
1581 2166 1698 2199 snae
1741 2150 2035 2200 communio-

135 2248 241 2282 nem
289 2232 564 2296 transtulit,
620 2250 774 2301 neque
818 2233 948 2284 velut
978 2233 1195 2283 sectione
1237 2234 1436 2300 quadam
1470 2243 1552 2284 aut
1583 2234 1815 2302 profluvio
1847 2235 2037 2286 divinae

132 2314 199 2365 illi
232 2324 431 2368 naturae
460 2317 744 2368 varietatem
783 2317 941 2368 attulit
970 2316 1203 2384 unigeniti
1243 2317 1327 2367 filii
1356 2317 1645 2386 spiritusque
1678 2318 1832 2369 sancti
1862 2320 2035 2387 produ-

133 2398 260 2462 etio,
302 2401 384 2450 sed
422 2402 814 2468 quemadmodum
845 2401 901 2451 ab
926 2401 1062 2451 initio
1095 2402 1512 2469 praestantissima
1540 2402 1616 2452 illa
1650 2411 1817 2453 natura
1849 2421 1875 2454 a
1906 2403 2035 2454 nullo

132 2484 257 2533 facta
284 2492 511 2535 creatave
540 2502 730 2554 semper
755 2485 935 2549 extitit,
976 2486 1039 2535 ita
1070 2503 1262 2554 semper
1291 2486 1752 2554 praestantissimam
1784 2505 1847 2538 ex
1876 2487 2036 2556 seipsa

131 2567 347 2619 sobolem
385 2586 477 2619 una
520 2586 625 2619 cum
655 2578 821 2619 sancto
852 2569 1023 2637 spiritu
1049 2569 1154 2620 sine
1188 2570 1280 2620 ulla
1313 2570 1595 2622 diversitate
1627 2572 1917 2640 produxisse
1946 2590 2032 2623 no-

129 2652 202 2703 bis
240 2653 542 2721 apertissime
582 2653 895 2721 praedicavit.

267 2737 401 2787 Aetii
432 2734 590 2805 Caput
620 2734 711 2786 lll.
789 2735 887 2787 Iam
929 2754 1046 2787 vero
1082 2738 1120 2788 si
1159 2738 1261 2806 ipse
1291 2738 1383 2789 sibi
1414 2739 1608 2790 minime
1638 2750 1689 2791 ut
1713 2750 1844 2791 esset
1868 2750 2035 2791 contu-

126 2821 206 2885 lit,
264 2839 357 2871 non
396 2829 592 2889 propter
632 2821 771 2871 ullam
801 2830 1000 2871 naturae
1027 2821 1431 2886 imbecillitatem,
1489 2826 1572 2875 sed
1613 2826 1734 2892 quod
1778 2843 1950 2876 caussa
1975 2826 2037 2875 sit

128 2905 255 2955 omni
286 2905 525 2973 superior,
569 2906 674 2972 quis
702 2905 977 2972 productam
1015 2914 1230 2956 naturam
1263 2907 1320 2957 ab
1352 2924 1427 2970 ea,
1471 2926 1594 2976 quae
1623 2909 1922 2977 produxerit,
1965 2909 2036 2958 ni-

127 2989 191 3039 hil
230 2989 575 3040 insubstantia
617 2989 903 3039 discriminis
953 2989 1128 3039 habere
1181 2991 1433 3055 fatebitur,
1494 3010 1598 3042 eum
1651 2992 1883 3043 eiusmodi
1920 2993 2033 3043 sub-

124 3072 298 3124 stantia
337 3074 701 3142 generationem
741 3090 930 3122 omnem
970 3074 1226 3123 excludat?

269 3154 470 3209 Cont'ut.
503 3156 592 3208 ΙΙΙ.
640 3157 680 3208 l.
716 3155 871 3208 Multo
898 3165 965 3220 tu,
999 3175 1025 3207 o
1052 3157 1187 3220 Ae'ti,
1220 3159 1485 3209 consultius
1511 3161 1715 3220 faceres,
1750 3159 1788 3208 si
1816 3160 2033 3227 superio-

124 3241 257 3293 ribus
297 3259 351 3292 ac
385 3243 673 3293 coelestibus
702 3242 845 3293 rebus
873 3242 1086 3290 intentus
1105 3280 1117 3303 ,
1152 3251 1200 3291 et
1225 3242 1555 3293 infelicitatem
1584 3253 1706 3293 tuam
1736 3261 2027 3310 agnoscens,

125 3326 411 3376 temerariae
442 3327 613 3377 mentis
639 3327 873 3393 insignem
904 3326 1029 3374 illam
1059 3325 1346 3393 impietatem
1377 3345 1733 3395 compesceres,
1778 3344 1836 3377 ne
1866 3336 1911 3377 et
1943 3346 2030 3378 nos

122 3409 242 3477 ipsi,
283 3410 416 3460 velut
442 3410 609 3461 iisdem
643 3412 779 3461 furiis
812 3409 1007 3479 perciti,
1066 3417 1226 3459 tantae
1261 3410 1490 3460 audaciae
1522 3410 1836 3462 succubuisse
1868 3411 2030 3463 videa-

121 3510 254 3556 mur,
311 3494 393 3544 sed
426 3494 506 3544 tibi
541 3495 699 3563 potius
739 3513 795 3545 ac
834 3494 971 3544 nobis
1018 3492 1135 3561 ipsis
1173 3511 1293 3561 quae
1336 3494 1501 3561 pietati
1543 3503 1655 3544 sunt
1701 3504 2027 3548 consentanea

176 3661 214 3701 5.
259 3663 365 3701 Libri
392 3675 519 3703 omnes
553 3662 776 3715 πρακτέον,
823 3664 924 3713 quod
963 3675 1046 3701 cor-
1103 3670 1221 3715 patre
1256 3669 1296 3700 et
1324 3661 1408 3701 filio
1432 3676 1480 3701 ae
1508 3670 1651 3703 sancto
1681 3663 1827 3718 spiritu
1863 3679 2028 3707 manere

118 3719 214 3756 rexi.
271 3720 398 3757 Etiam
431 3721 639 3759 Carnarius
671 3722 779 3759 vertit
812 3732 891 3771 quo
926 3718 1046 3769 peni-
1103 3723 1183 3759 ceu.

118 3780 182 3813 tus
217 3772 476 3816 manifestum
502 3774 581 3823 sit,
611 3774 973 3831 praeeminentiam
1005 3774 1046 3817 in
1164 3777 1197 3817 1.
1230 3770 1280 3819 σύ
1312 3779 1365 3815 est
1392 3777 1528 3818 vilium
1557 3778 1740 3819 librorum
1769 3789 1857 3821 mss.
