2508 4134
457 269 559 322 776

511 377 768 432 Redemptor
790 390 839 418 ac
863 375 1069 430 Carpistes
1096 379 1192 417 178.
1212 399 1264 408 -
1294 375 1389 432 qui-

509 448 585 489 bus
611 447 839 503 scripturae
876 446 980 488 locis
1008 461 1079 487 sua
1110 446 1270 488 somnia
1300 445 1389 486 ful-

511 519 592 559 ciat
617 518 859 559 Valentinus
887 521 980 558 179.
1013 542 1067 550 -—
1123 519 1262 560 Horus
1289 517 1388 573 quid

511 589 566 630 sit
585 589 696 643 apud
711 604 803 630 eum
822 596 864 630 et
882 603 988 644 quae
1006 587 1112 629 Hori
1132 588 1271 630 officia
1292 591 1386 628 181.

513 684 565 691 —
597 660 698 716 quid
722 660 877 701 sentiat
902 659 954 700 de
982 659 1032 700 iis
1058 674 1162 715 quae
1190 667 1286 700 sunt
1311 674 1388 700 ex·-

509 739 574 772 tra
604 732 794 773 Pleroma
825 734 920 773 182.
1136 787 1138 789 Ι

455 801 695 845 Valentinus
724 806 820 843 164.
851 825 905 835 —·
963 801 1048 842 eius
1088 811 1227 843 tamen
1256 800 1388 857 patria

509 873 653 928 ignota
680 873 779 914 ibid.
811 897 867 905 —
926 873 1060 914 fertur
1093 881 1232 914 tamen
1261 873 1386 913 fuisse

510 943 739 1000 Aegyptius
759 943 858 985 ibid.
878 968 932 975 ——
962 952 1064 999 quot
1093 944 1197 985 deos
1223 942 1383 985 confin-

511 1015 619 1056 xerit
644 1014 816 1057 ibid.—
844 1029 986 1055 eorum
1016 1014 1185 1055 nomina
1211 1017 1304 1055 165.
1331 1038 1382 1046 —

510 1086 618 1128 idem
647 1085 758 1142 apud
792 1100 885 1127 eum
919 1085 1075 1141 Bythus
1106 1085 1220 1141 quod
1252 1084 1386 1126 Chaos

512 1156 623 1213 apud
664 1156 894 1198 Hesiodum
935 1161 1030 1198 164.
1074 1181 1129 1189 -
1200 1160 1387 1198 Aeonum

511 1228 755 1284 figmentum
791 1243 814 1269 a
850 1228 986 1283 poetis
1022 1236 1253 1269 mutuatum
1292 1229 1386 1268 165.

511 1323 564 1332 --
596 1299 696 1356 quid
732 1308 885 1341 vocent
911 1299 1124 1341 Valentini
1164 1300 1387 1340 Desectam

509 1369 553 1411 in
580 1370 788 1412 Aeonibus
816 1370 904 1412 sive
929 1371 1177 1427 Hysterema
1206 1374 1301 1411 166.
1332 1394 1386 1403 -

467 1436 469 1438 ’
512 1441 612 1498 quid
645 1441 702 1482 sit
730 1441 896 1496 Ogdoas
934 1441 1045 1498 apud
1070 1441 1165 1483 illos
1201 1440 1301 1483 ibid.
1331 1465 1390 1473 —

513 1512 746 1554 Achamoth
767 1512 983 1569 appellant
1013 1512 1260 1555 salvatorem
1291 1516 1385 1554 167.

1204 277 1386 322 INDEX
1415 277 1626 322 RERUM.

1503 377 1639 419 dictus
1656 375 1853 417 Emanuel
1876 376 1978 418 ibid.
2001 400 2050 409 -—
2080 379 2251 422 verbum
2279 394 2304 421 a
2328 380 2376 422 fi-

1504 448 1560 489 lio
1587 463 1673 489 non
1695 455 1922 502 separatur,
1952 447 2159 492 sedidem
2174 465 2265 494 cum
2289 450 2375 492 filio

1505 522 1626 559 1007.
1657 542 1711 550 —-
1769 510 1822 558 de
1852 517 2004 558 Christi
2042 534 2171 562 carue>
2191 518 2379 564 haereti-

1505 604 1647 631 corum
1688 588 1893 630 sententia
1929 592 2053 632 1008.
2082 614 2138 622 --
2191 591 2376 634 haereti-

1504 675 1645 702 corum
1674 658 1854 701 obiectio
1880 659 1933 701 de
1964 659 2116 702 Christi
2140 675 2375 704 excremen-

1501 732 1553 772 tis
1568 731 1609 771 in
1629 745 1751 772 carne
1779 730 2017 781 constituti‚'
2038 739 2082 772 et
2098 731 2279 773 eiusdem
2304 747 2374 775 re-

1504 801 1656 842 futatio
1684 801 1872 857 exemplo
1898 801 2072 843 filiorum
2107 802 2234 844 Israel
2274 817 2376 859 spa-

1501 873 1563 914 tio
1607 875 1662 913 40
1703 887 1904 914 annorum
1926 872 1970 914 in
1999 872 2165 915 deserto
2206 887 2377 916 morun-

1501 943 1605 985 tium
1640 943 1742 984 ibid.
1772 968 1830 993 ε-
1886 943 1939 984 de
1978 944 2261 986 Hebraeorum
2300 959 2377 987 ex-

1503 1015 1726 1056 crementis
1767 1014 1908 1056 fabula
1950 1018 2073 1056 1010.
2120 1039 2169 1048 -
2241 1024 2376 1058 vestes

1504 1085 1655 1127 Christi
1682 1086 1821 1142 quales
1849 1086 2007 1128 fuerint
2033 1086 2137 1129 ibid.
2168 1111 2221 1120 —
2279 1100 2377 1128 vera

1501 1171 1596 1199 caro
1625 1157 1775 1198 Christi
1802 1158 2002 1213 probatur
2025 1161 2150 1200 1011.
2169 1180 2220 1190 --
2255 1157 2377 1198 Chri-

1499 1237 1587 1270 stus
1630 1228 1673 1270 in
1717 1243 1840 1270 carne
1875 1229 2088 1271 humanas.
2115 1227 2376 1271 infirmitates

1500 1299 1680 1356 suscepit
1733 1303 1856 1342 1012.
1899 1324 1954 1332 --
2024 1287 2176 1341 Christi
2229 1313 2377 1354 corpus

1500 1370 1634 1412 nostri
1657 1371 1789 1412 simile
1808 1371 1890 1413 fuit
1911 1371 2010 1414 ibid.
2043 1395 2091 1403 —
2121 1370 2259 1412 variae
2271 1370 2378 1411 hae-

1500 1442 1722 1484 reticorum
1746 1442 1977 1484 sententiae
2004 1441 2057 1484 de
2079 1441 2269 1497 perfecta
2294 1440 2375 1483 ho-

1501 1513 1621 1554 minis
1649 1521 1795 1556 natura
1822 1513 1865 1554 in
1896 1513 2061 1555 Christo
2093 1515 2216 1554 1014.

512 1609 568 1618 -—
597 1583 765 1626 nomina
790 1598 932 1625 eorum
959 1583 1028 1640 qui
1055 1583 1254 1638 Ogdoade
1282 1599 1386 1626 con-
1445 1585 1628 1626 Verbum
1672 1584 1880 1641 quomodo
1919 1584 1975 1625 sit
2014 1584 2229 1627 verissimo
2251 1596 2378 1626 ‚sensu

510 1656 699 1697 tinentur
740 1655 839 1697 ibid.
888 1678 939 1686 —
996 1654 1146 1697 relatio
1190 1670 1240 1697 ex
1280 1656 1387 1697 libro

1500 1655 1857 1711 interpretandum
1887 1659 1982 1696 199.
2015 1658 2110 1698 200.

512 1726 791 1769 Valentiniani
827 1725 880 1767 de
909 1730 1052 1768 Aeone
1090 1726 1272 1768 omnium
1308 1741 1388 1782 pa-
1446 1727 1629 1768 Verbum
1649 1726 1716 1768 dei
1736 1735 1778 1768 et
1797 1727 1877 1769 alia
1906 1726 2085 1769 eiusdem
2112 1726 2240 1769 verba
2267 1724 2378 1782 quod

510 1808 629 1841 rente
659 1801 755 1839 168.
774 1821 827 1829 -
884 1797 985 1838 item
1011 1797 1064 1838 de
1088 1797 1244 1854 reliqua
1268 1798 1390 1839 turba

510 1870 756 1926 spiritalium
774 1868 947 1911 marium
966 1877 1010 1910 et
1026 1868 1274 1910 feminarum
1293 1872 1387 1909 169.

512 1966 564 1974 —
594 1941 791 1997 dogmata
818 1939 1027 1994 Valentini
1066 1939 1178 1981 varia
1207 1948 1253 1981 et
1283 1939 1389 1982 ridi-

512 2012 603 2054 cula
645 2015 742 2053 170.
773 2015 867 2052 171.
901 2035 952 2043 —-
1013 2011 1167 2067 passim
1205 2010 1307 2067 quid
1336 2011 1388 2052 de

512 2083 677 2126 Christo
702 2083 884 2125 sentiant
911 2086 1007 2124 171.
1032 2106 1089 2117 --
1130 2091 1388 2124 mortuorum

509 2154 856 2197 resurrectionem
877 2161 1033 2210 negant
1060 2158 1156 2195 171.
1192 2178 1244 2186 —-
1302 2163 1387 2196 tres

508 2226 722 2268 hominum
738 2226 904 2268 ordines
927 2225 1184 2268 constituunt
1210 2229 1304 2268 172.
1331 2248 1387 2257 -

510 2311 697 2339 errorum
726 2297 938 2340 Valentini
977 2297 1177 2338 refutatio
1203 2311 1254 2338 ex
1295 2299 1384 2338 Ire·

510 2383 616 2411 naeo
646 2372 738 2410 173.
761 2393 812 2401 -
869 2368 1081 2412 Valentini
1107 2368 1304 2424 dogmata
1336 2382 1386 2409 ex

510 2442 683 2482 Irenaeo
715 2443 807 2482 175.

455 2511 698 2553 Valentinus
724 2511 867 2568 quibus
893 2526 916 2552 e
935 2512 1162 2567 scripturae
1188 2510 1292 2552 locis
1314 2524 1387 2552 sua

514 2582 784 2625 deliramenta
820 2582 1025 2638 probabat
1063 2585 1158 2623 194.
1187 2585 1283 2622 195.
1313 2596 1388 2637 per

510 2662 675 2705 totum,
717 2661 761 2695 et
784 2653 980 2708 deinceps
1011 2657 1106 2694 196.
1136 2662 1180 2695 et.
1206 2656 1302 2694 197.
1333 2677 1386 2685 -

513 2725 748 2782 ogdoadem
785 2739 809 2767 a
838 2739 883 2765 se
913 2724 1132 2766 confictam
1173 2724 1389 2766 confirmat

514 2811 565 2838 ex
607 2796 744 2853 primo
794 2795 930 2852 capite
974 2795 1176 2851 evangelii
1223 2795 1388 2838 Ioannis

515 2872 609 2910 198.
630 2892 686 2900 —
742 2867 951 2909 refellitur
979 2867 1030 2908 ab
1062 2870 1232 2909 Irenaeo
1261 2867 1360 2909 ibid.

456 2940 717 2982 Valesiorum
742 2939 924 2981 haeresis
951 2942 1020 2980 38.
1060 2947 1158 2994 post
1187 2939 1390 2981 Christia-

513 3011 689 3053 nismum
731 3009 1064 3066 quinquagesima
1103 3018 1251 3052 octava
1290 3014 1388 3052 489.

514 3107 568 3115 —-
598 3082 784 3125 Valentis
813 3081 991 3123 auctoris
1019 3075 1278 3122 Valesioruin
1305 3096 1388 3123 no-

514 3168 611 3196 men
634 3153 852 3195 Arabicum
880 3167 969 3194 esse
995 3160 1115 3208 putat
1137 3152 1390 3208 Epiphanius

515 3225 614 3267 ibid.
636 3249 686 3258 —
737 3224 891 3267 Valesii
917 3223 1095 3265 universi
1111 3223 1278 3265 castrati
1295 3233 1391 3266 sunt

514 3296 613 3338 ibid.
650 3319 702 3328 -
760 3310 901 3338 eorum
931 3295 1137 3337 mutilatio
1167 3298 1264 3337 490.

457 3367 642 3410 Verbum
675 3382 760 3409 uon
802 3375 866 3408 est
902 3375 1104 3408 mutatum
1142 3366 1184 3407 in
1211 3381 1389 3418 carnem,

515 3438 590 3480 sed
617 3438 720 3479 illud
751 3438 861 3494 quod
890 3446 1005 3490 erat,
1038 3452 1202 3485 carnem
1229 3450 1390 3480 assum·-

515 3510 600 3566 psit
640 3512 764 3551 1004.
799 3533 849 3542 --
921 3517 965 3550 et
1008 3509 1172 3565 corpori
1209 3510 1389 3551 humano

518 3597 569 3622 ex
598 3581 713 3623 verbi
756 3580 1044 3632 communione
1082 3587 1279 3636 quantum
1316 3595 1389 3622 ac-

519 3651 686 3693 cesserit
716 3654 841 3693 1005.
872 3675 926 3684 —-
986 3651 1157 3693 verbum
1197 3651 1389 3692 incama-

518 3730 607 3762 tum
631 3737 727 3764 vere
753 3722 834 3764 fuit
859 3723 959 3764 deus
986 3722 1086 3764 ibid.
1114 3747 1168 3755 —
1198 3730 1241 3763 et
1268 3722 1390 3763 Chri-

519 3799 606 3833 stus
627 3793 716 3848 ipse
735 3794 904 3836 verbum
927 3793 1009 3836 fuit
1032 3796 1155 3838 1006.
1182 3817 1238 3827 -
1281 3792 1390 3835 unde

1503 1798 1722 1840 discrimen
1752 1798 1935 1840 habeant
1961 1798 2072 1840 inter
2099 1813 2144 1839 se
2174 1800 2267 1839 859.

1447 1869 1644 1913 Veritatis
1691 1870 1750 1912 vis
1796 1870 1990 1912 adversus
2033 1869 2292 1912 mendacium
2334 1875 2378 1911 et

1505 1941 1716 1998 utriusque
1747 1941 2004 1998 comparatio
2035 1944 2131 1982 627.

1447 2012 1542 2056 Vini
1581 2013 1874 2055 condemnatio
1913 2027 1964 2054 ex
1999 2011 2243 2068 quibusdam
2269 2010 2374 2052 scri-

1501 2092 1648 2140 pturae
1675 2083 1923 2126 testimoniis
1952 2086 2050 2123 400.

1445 2155 1598 2211 Vipera
1630 2155 1933 2211 Amphisbaena
1971 2158 2066 2196 262.

1447 2225 1624 2282 Viperae
1650 2236 1793 2283 partus
1816 2234 2078 2282 comparatur
2093 2224 2254 2267 haeresi
2280 2226 2375 2266 101.

1501 2300 1596 2341 102.

1445 2368 1621 2424 Viperae
1664 2369 1818 2425 seipsas
1860 2368 2064 2410 devorant
2099 2367 2212 2425 quod
2248 2365 2379 2409 veteri

1499 2438 1673 2481 historia
1728 2440 1840 2495 apud
1886 2440 2116 2496 Aegyptios
2167 2437 2377 2495 proditum

1505 2520 1758 2554 memoratur
1787 2515 1854 2554 62.

1446 2582 1670 2638 Virginitas
1703 2583 1900 2625 ecclesiae
1938 2591 2003 2624 est
2047 2582 2377 2633 fundamentum,

1501 2655 1602 2696 item
1628 2654 1681 2696 de
1701 2654 1886 2696 solitaria
1913 2653 1999 2696 vita
2024 2661 2065 2695 et
2094 2652 2260 2709 reliquis
2277 2668 2377 2709 gra-

1504 2725 1623 2767 dibus
1654 2729 1777 2768 1103.
1811 2749 1861 2758 —
1919 2724 2109 2780 proxima
2146 2724 2206 2765 illi
2236 2723 2377 2766 conti-

1503 2797 1657 2849 nentia,
1686 2805 1729 2839 et
1743 2796 1870 2838 tertio
1888 2796 1982 2838 loco
1998 2795 2173 2837 viduitas
2198 2795 2298 2838 ibid.
2322 2818 2376 2828 -

1503 2877 1729 2925 sequuntur
1765 2867 1933 2923 nuptiae
1958 2867 2060 2908 ibid.
2089 2891 2141 2898 —
2201 2866 2379 2923 digamia

1506 2954 1702 2983 concessa
1728 2939 1830 2981 ibid.
1848 2963 1900 2971 —
1951 2937 2230 2979 sacerdotium
2254 2951 2379 2993 supra

1505 3026 1647 3054 omnes
1677 3010 1825 3066 gradus
1855 3009 1955 3051 ibid.

1447 3082 1637 3138 Virgines
1667 3082 1746 3123 deo
1777 3081 1938 3123 dicatae
1979 3080 2135 3122 nubere
2163 3095 2249 3123 non
2274 3094 2376 3136 pos-

1506 3161 1603 3195 sunt
1633 3142 1728 3195 511.

1449 3224 1637 3281 Virgines
1681 3238 1881 3279 quaenam
1920 3222 2003 3264 sint
2041 3238 2139 3279 quas
2163 3220 2375 3277 apostolus

1504 3297 1659 3338 nubere
1698 3295 1813 3336 iubet
1854 3297 1951 3335 509.
1983 3319 2035 3326 --
2093 3301 2136 3334 et
2165 3292 2376 3333 decretum

1505 3367 1684 3424 apostoli
1703 3367 1932 3422 explicatur
1955 3365 2007 3407 de
2028 3362 2250 3418 virginibus
2280 3364 2376 3404 510.

1449 3439 1577 3495 Virgo
1627 3435 1782 3480 vitulae
1824 3436 2009 3478 nondum
2052 3434 2191 3488 iugum
2231 3447 2376 3489 passae

1506 3517 1746 3565 comparata
1783 3511 1879 3549 156.
1908 3530 1963 3549 -,
2019 3503 2163 3546 eadem
2203 3517 2376 3560 compa-

1502 3589 1617 3623 ratur
1641 3577 2052 3635 segmentolchartae
2092 3589 2223 3616 novae
2248 3575 2304 3618 ib.
2333 3582 2377 3616 et

1505 3655 1599 3694 157.
1974 3645 1986 3661 ⁶

1448 3723 1591 3778 Virgo,
1621 3724 1803 3763 Dusarae
1831 3719 1897 3760 dei
1926 3724 2083 3766 mater,
2127 3716 2238 3774 apud
2265 3720 2372 3760 Ara-

1502 3794 1575 3835 bes
1607 3792 1716 3835 culta
1743 3794 1839 3832 444.
1870 3787 2108 3844 (Addend.)
2148 3833 2153 3836 μ
