2508 4134
540 301 761 342 ΡΛΝΑΒΠ
791 301 893 341 Lm.
918 301 987 341 111.
1017 301 1152 341 ΤοΜ.
1172 302 1222 341 n.
1253 300 1414 343 HAER.
1447 300 1631 342 LXXX.
1940 289 2039 340 473

146 400 323 465 mitiis,
377 398 726 463 oblationibus,
780 416 835 448 ac
866 398 1063 466 reliquis
1097 398 1140 448 id
1169 415 1342 465 genus.
1419 397 1559 465 Quae
1590 416 1696 448 cum
1723 398 1768 449 in
1802 406 2040 467 potestate

145 502 231 536 sua
274 483 510 547 habeant,
568 482 738 551 quibus
778 482 1097 550 regendorum
1138 499 1165 531 a
1208 482 1298 531 deo
1338 483 1616 550 populorum
1662 492 1735 534 est
1784 482 2038 534 commissa

144 568 419 638 provincia,
472 567 640 618 horum
682 575 839 618 tamen
869 565 977 617 usui
1016 565 1155 634 plene
1190 565 1474 633 penitusque
1504 584 1598 616 non
1634 566 1911 634 indulgent,
1964 565 2046 634 qui

144 653 235 703 deo
273 652 486 720 perfecte
526 650 714 719 plaeere
752 667 806 701 se
841 650 968 701 velle
1008 650 1310 718 profitentur.

284 733 359 786 llli
389 733 516 785 enim
545 734 733 785 tametsi
767 751 793 785 e
825 734 1128 785 sacerdotum
1161 750 1361 783 numero
1390 732 1512 795 sint,
1555 735 1611 783 ad
1647 734 1936 785 sanctissimi
1965 732 2039 784 sui
2072 734 2170 789 Cap.
2197 734 2265 774 VI·

143 820 403 871 secundum
437 820 574 869 deum
606 817 655 867 in
689 815 886 870 Christo
926 817 1075 887 patris
1107 817 1420 867 imitationem
1461 815 1684 884 (Paulum
1719 818 2044 887 apostolorum

143 903 415 971 intelligo),
457 920 552 953 uon
584 919 750 953 omnes
778 902 997 970 quidem,
1039 901 1122 951 sed
1154 900 1365 969 plerique
1397 909 1556 952 tamen
1589 902 1646 951 ad
1675 911 1943 969 susceptam
1974 902 2045 952 di-

143 987 242 1038 vini
286 986 421 1039 verbi
463 985 871 1055 praedicationem
922 994 1175 1036 externam
1231 1002 1456 1035 manuum
1508 1002 1703 1054 operam
1753 986 2040 1054 adiungunt3

143 1089 476 1140 quamcunque
515 1073 703 1123 demum
742 1080 894 1122 artem
926 1069 1083 1138 adepti
1124 1069 1246 1133 sint,
1306 1086 1427 1136 quae
1471 1086 1561 1119 nec
1600 1086 1625 1119 e
1662 1069 1891 1139 dignitate
1932 1087 2041 1134 sua,

143 1173 232 1207 nec
261 1156 320 1206 ab
344 1157 582 1207 ecelesiae
614 1173 729 1206 cura
760 1173 898 1222 quam
929 1162 1206 1223 perpetuam
1239 1162 1444 1220 gerunt,
1500 1153 1784 1215 abhorreat,
1839 1163 1890 1204 ut
1917 1155 2045 1223 ipso-

142 1258 248 1291 rum
299 1241 626 1303 couscientia,
679 1248 874 1308 praeter
921 1238 1051 1288 illum
1096 1237 1245 1288 divini
1289 1237 1421 1288 verbi
1462 1236 1765 1306 praedicandi
1811 1238 2042 1303 laborem,

141 1325 440 1393 propriarum
469 1341 693 1376 manuum
724 1324 928 1374 fructum
961 1314 1152 1385 serem,
1194 1339 1249 1372 ac
1278 1339 1384 1371 cum
1414 1321 1503 1371 sibi
1532 1322 1649 1391 ipsi,
1693 1331 1788 1372 tum
1818 1322 2046 1373 fratribus

140 1419 188 1460 et
216 1409 471 1477 egentibus
499 1407 660 1477 operis
694 1408 767 1459 sui
801 1415 1050 1475 quaestum
1082 1406 1394 1474 impertiens,
1435 1406 1680 1475 voluptate
1710 1407 2042 1475 perfundatur,

141 1493 231 1544 hoc
273 1501 349 1544 est
386 1502 481 1543 tam
523 1492 758 1561 primitias
794 1501 843 1542 et
877 1489 1179 1553 oblationeS,
1236 1508 1374 1558 quam
1417 1490 1540 1558 quod
1586 1508 1808 1541 manuum
1854 1508 2045 1542 suarum

145 1595 293 1646 opera
323 1576 481 1628 lucelli
509 1576 773 1644 quaesierit
799 1594 903 1626 cum
933 1574 1168 1644 proximis
1199 1574 1300 1624 suis
1344 1575 1468 1625 ultro
1499 1592 1585 1644 pro
1615 1574 1803 1625 ardenti
1830 1575 1878 1625 in
1906 1576 2045 1626 deum

141 1679 306 1713 amore
343 1660 682 1712 eommunicet.
759 1659 907 1727 Atqui
949 1659 1075 1710 nulla
1116 1659 1172 1708 ad
1203 1658 1247 1707 id
1279 1659 1517 1725 agendum
1557 1659 1849 1710 necessitate
1891 1659 2047 1710 coacti

141 1745 444 1813 damnatique
473 1753 603 1795 sunt.
681 1741 779 1796 Sed
814 1761 920 1794 cum
947 1743 1241 1794 iustissimos
1288 1743 1410 1794 alios
1449 1743 1641 1794 labores
1675 1753 1723 1794 et
1752 1744 2047 1795 eeclesiasti-

142 1848 223 1881 cas
252 1829 596 1898 occupationes
640 1828 876 1892 babeant,
934 1836 982 1878 et
1011 1844 1098 1895 pro
1138 1844 1196 1877 eo
1233 1835 1375 1895 atque
1407 1844 1609 1895 aequum
1640 1837 1716 1879 est
1747 1829 1808 1879 ali
1838 1827 2047 1879 indidem

141 1913 375 1976 debeant,
429 1913 722 1964 abundantia
762 1912 963 1980 quadam
1004 1911 1198 1962 virtutis
1242 1920 1291 1962 et
1318 1911 1538 1980 prolixae
1580 1913 1843 1964 voluntatis
1877 1913 1922 1962 id
1956 1912 2046 1964 sibi

142 1997 304 2049 oneris
333 1998 602 2066 imponunt.
678 1994 872 2047 Etenim
914 1996 1105 2046 divinus
1132 1995 1322 2046 illorum
1350 1996 1568 2059 animuS,
1621 2006 1669 2046 et
1696 1998 1741 2047 in
1772 1999 1846 2048 dei
1877 1997 2047 2047 timore

141 2080 414 2145 stabilituS,
469 2082 724 2149 infusaque
756 2098 784 2131 a
810 2079 980 2149 spiritu
1007 2089 1175 2130 sancto
1208 2079 1408 2131 scientia
1442 2081 1713 2149 praedituS,
1766 2081 2046 2132 coelestium

142 2183 282 2234 opum
309 2182 428 2232 quae
459 2164 508 2215 in
538 2164 720 2216 iustitia
748 2165 931 2233 positae
959 2173 1071 2215 sunt
1103 2163 1343 2215 desiderio
1370 2173 1591 2228 tenetur,
1633 2183 1751 2233 quas
1781 2184 1886 2217 cum
1910 2166 2047 2217 laude

141 2258 190 2300 et
218 2249 407 2318 gloria·,
463 2249 768 2318 egregiisque
802 2249 941 2299 factis
969 2266 996 2299 e
1025 2249 1199 2299 divinis
1234 2248 1536 2316 dogmatibus
1569 2267 1624 2300 ac
1657 2267 1903 2301 sacrarum
1946 2251 2051 2302 lite-

141 2352 301 2384 rarum
344 2343 392 2383 et
423 2334 726 2384 oraculorum
763 2334 837 2384 dei
869 2332 1210 2397 meditatione,
1268 2342 1410 2400 atque
1446 2350 1471 2383 e
1496 2331 1798 2385 Psalmornm
1840 2353 2049 2386 concen-

142 2418 349 2468 tionibus
380 2425 429 2468 et
456 2417 803 2468 ecclesiasticis
846 2417 1196 2481 conventibus,
1255 2435 1344 2468 nec
1386 2436 1481 2468 non
1523 2428 1571 2468 et
1609 2419 1791 2470 sanctis
1832 2419 2046 2483 ieiuniis,

143 2502 392 2564 castitate,
447 2501 813 2569 religiosissimo
850 2502 1044 2553 vivendi
1078 2501 1332 2566 instituto,
1390 2519 1445 2552 ac
1470 2511 1640 2570 sponte
1667 2503 1756 2554 sibi
1782 2504 1960 2555 indicta
1988 2505 2048 2554 ob

141 2603 354 2637 amorem
394 2585 609 2636 iustitiae
650 2603 871 2636 manuum
917 2603 1062 2654 opera
1110 2595 1491 2654 consequuntur.
1573 2585 1662 2638 Est
1695 2597 1744 2638 et
1781 2589 1869 2638 alia
1904 2606 2049 2657 quae-

141 2672 244 2721 dam
290 2670 484 2721 vivendi
530 2670 683 2720 forma
716 2687 771 2720 ac
802 2669 1086 2738 disciplina,
1141 2689 1230 2739 qua
1273 2671 1543 2721 istiusmodi
1588 2674 1850 2723 venerandi
1895 2674 2048 2725 nostri

142 2757 318 2805 fratres
362 2763 561 2805 utuntur
602 2754 679 2821 qui
715 2754 761 2803 in
789 2752 1145 2823 Mesopotamia
1189 2756 1235 2805 in
1280 2756 1619 2821 monasteriis,
1673 2775 1791 2827 quas
1822 2762 2048 2808 Mandras

138 2840 405 2909 appellant,
449 2837 737 2888 domicilium
766 2839 996 2889 fixerunt.
1074 2837 1169 2905 Qui
1200 2848 1247 2889 et
1274 2857 1436 2891 comas
1464 2840 1743 2891 muliebrem
1774 2842 1821 2892 in
1856 2844 2044 2892 modum

141 2924 455 2993 promittunt,
497 2931 545 2973 et
575 2922 778 2972 cilicium
813 2923 1053 2990 propalam
1085 2924 1331 2974 affectant.
1411 2921 1508 2975 Sed
1543 2925 1764 2976 nimirum
1796 2927 2047 2994 oportebat

139 3017 337 3060 sanetae
372 3007 605 3076 virginis,
657 3025 713 3056 ac
745 3015 941 3056 nostrae
984 3007 1148 3058 matris
1179 3008 1417 3058 ecclesiae
1460 3008 1637 3060 liberos
1671 3027 1780 3061 esse
1811 3011 2047 3079 perbone-

140 3102 275 3157 stOS,
331 3094 522 3142 domum
562 3099 844 3153 servanteS,
901 3091 1118 3158 deoque,
1172 3093 1251 3159 qui
1297 3092 1455 3143 abdita
1497 3095 1778 3161 occultaque
1822 3095 1955 3145 novit
1989 3112 2044 3145 ac
2094 3103 2235 3139 Matth-

139 3177 290 3246 palam
320 3176 530 3243 praemia
566 3175 824 3244 persolvit,
868 3176 933 3225 uti
970 3175 1197 3242 scriptum
1231 3184 1333 3238 est,
1372 3175 1420 3226 in
1452 3176 1613 3229 abdito
1640 3178 1933 3241 servientes,
1975 3178 2045 3228 id·
2123 3149 2157 3190 θ’
2181 3148 2212 3181 θ’

140 3279 231 3328 que
258 3261 463 3323 decore,
518 3268 712 3327 propter
749 3267 948 3309 exteros
981 3267 1028 3308 et
1062 3259 1295 3323 honeste,
1337 3260 1457 3310 adeo
1487 3271 1538 3311 ut
1566 3262 1740 3312 nullam
1769 3263 1825 3312 ab
1856 3263 2046 3313 intuen-

141 3345 266 3395 tibus
308 3344 578 3395 mercedem
619 3353 700 3394 aut
740 3342 942 3411 gratiam
991 3352 1352 3410 exspectarent.
1432 3344 1522 3395 Est
1547 3347 1671 3396 enim
1715 3346 1773 3395 ab
1808 3347 2045 3398 ecclesiae

142 3429 406 3480 catholicae
450 3438 498 3478 et
529 3429 854 3496 apostolorum
901 3427 1118 3477 doctrina
1158 3445 1359 3495 prorsus
1404 3430 1611 3480 alienum
1646 3430 1848 3482 cilicium
1892 3432 2043 3499 palam

139 3530 252 3582 prae
279 3530 332 3563 se
366 3514 523 3574 ferre,
577 3530 633 3563 ac
662 3529 845 3563 comam
878 3511 1195 3561 summittere.
1275 3516 1357 3561 Vz'r
1378 3517 1523 3573 enim,
1580 3514 1732 3581 inquit
1770 3516 2034 3583 apostolus,
2091 3529 2121 3564 1.
2146 3527 2231 3563 cor.

141 3615 311 3647 comam
349 3601 532 3646 nutrire
566 3615 656 3646 non
693 3598 848 3654 debet,
891 3614 991 3644 cum
1029 3599 1181 3659 imago
1217 3600 1295 3645 dez*
1326 3601 1391 3645 εῖτ
1425 3607 1473 3646 et
1500 3602 1676 3661 gloria.
2102 3572 2156 3616 11,
2179 3573 2232 3607 η

141 3734 415 3790 ἐκτεμνομένη
444 3739 625 3777 librorum
653 3742 705 3776 est
733 3740 938 3786 scriptura.
996 3734 1063 3776 ἐκ-
1119 3739 1200 3776 rius
1232 3737 1359 3789 (vertit
1396 3741 1497 3779 enim
1534 3752 1650 3781 coma
1682 3741 1865 3794 extenta)
1902 3746 1936 3782 et
1960 3746 2047 3792 post

138 3792 347 3847 τεινομένη
384 3795 666 3834 rescribendum
699 3795 887 3834 iudicavit
920 3794 1064 3833 Corua-
1121 3804 1207 3835 eum
1236 3795 1431 3836 Petavius.
