2508 4134
640 278 779 320 ToMI
805 277 1015 319 Pmoms
1049 278 1180 320 PARS
1211 278 1522 320 PosTEmoR.
1929 267 2028 319 653

142 392 262 434 quam
285 376 527 431 scripturam
553 390 660 417 nuuc
683 376 816 416 firmat
840 374 963 414 etiam
991 376 1181 416 venetus.
1243 376 1353 417 Idem
1377 377 1480 416 liber
1506 376 1628 430 paulo
1651 383 1745 431 post
1766 374 1834 419 ἐπὶ
1855 374 2035 429 πλείστῳ

141 444 300 502 φθόνῳ.
335 470 383 476 -
442 446 468 487 l.
498 446 569 486 ult.
599 445 815 499 vulgatam
843 442 1058 497 ἐπινοῆσαι
1085 454 1222 486 tuetur
1250 447 1372 486 etiam
1402 448 1503 486 Ven.

251 517 522 573 Pag.230.
578 515 607 555 l.
631 515 670 556 2.
714 513 894 554 Retineri
932 522 1095 567 poterat
1126 515 1288 569 vulgata
1325 516 1524 570 scriptura
1565 511 1725 569 ὁρίσαι,
1772 516 1833 564 εἰς
1856 530 2034 571 παραχρ.

141 584 196 640 δή
227 610 277 617 -
306 583 635 638 παρασκευάσαι.
695 584 782 624 Nec
807 582 927 624 aliter
950 583 1100 637 legitur
1125 584 1165 623 in
1190 586 1377 634 Veneto,
1409 586 1474 639 qui
1502 586 1635 639 pergit
1658 582 1709 626 ‘0
1739 583 1786 628 δὲ
1809 582 1868 639 μή
1897 584 2034 639 φέρων

139 653 215 710 τήν
243 651 450 708 τοσαύτην
484 655 563 707 τῆς
587 656 697 710 διαβ.
723 677 775 685 -
831 653 858 694 1.
880 649 919 694 4.
949 651 1095 708 γνώμῃ
1123 650 1242 696 πάλιν
1267 655 1387 697 τοῦτο
1414 656 1516 695 Ven.
1544 678 1596 685 --
1653 654 1679 694 l.
1701 656 1725 695 ὀ
1752 664 1791 695 et
1817 654 1856 696 6.
1886 651 2032 708 ἐπειδὴ

142 720 250 772 ὅλως
279 725 443 777 καθωμ.
474 738 510 766 τ.
540 738 630 778 πρ.,
679 725 768 781 βαλ.
807 721 875 765 ἐπὶ
915 727 1057 778 χεῖρας
1089 719 1214 765 αὐτοῦ
1245 725 1347 763 Ven.
1382 748 1427 754 -
1486 724 1512 763 l.
1533 722 1572 765 9.
1610 722 1680 773 δὲ,
1720 733 1814 777 post
1838 719 2034 774 Ἀλεξαν-

141 794 283 850 δρείᾳ,
330 808 408 834 om.
449 795 552 833 Ven.
584 817 635 825 -—
692 792 719 832 l.
746 793 805 834 10.
845 789 922 846 τήν
954 792 1241 835 Παλαιστινῶν
1282 795 1384 833 ven.
1415 817 1468 824 --
1524 794 1699 834 Nicetae
1735 794 1957 834 Choniatae
1984 793 2036 833 de

141 863 315 918 Origene
339 877 387 903 ex
416 863 642 917 Epiphanio
667 863 769 903 haec
801 870 862 902 est
887 862 1066 903 narratio
1094 862 1288 903 Thesaur.
1319 862 1489 902 Orthod.
1522 863 1608 904 Fid.
1635 865 1716 912 IV,
1745 863 1821 904 31:
1866 858 2035 917 Ὠριγέ-

140 948 235 988 νης,
281 929 307 979 ὁ,
334 931 406 974 καὶ
439 927 734 986 ’Δδαμάντινος
771 931 1093 986 ἐπονομασθεὶς,
1138 928 1362 986 λεγόμενός
1399 930 1487 974 ἐστι
1522 932 1592 975 καὶ
1618 931 1864 987 Συντάκτης
1892 931 1962 975 διὰ
1985 930 2031 975 τό

139 1004 300 1058 πλῆθος
341 1002 421 1045 τῶν
466 999 812 1057 συγγραμμάτων.
882 999 945 1045 T&
985 1000 1057 1055 μὲν
1086 1001 1201 1056 γένος
1234 992 1287 1055 ήν
1319 999 1564 1056 Αἰγύπτιος,
1612 1000 1700 1050 υἱός
1727 1002 1935 1046 Λεωνίδου
1962 1003 2034 1044 τοῦ

139 1069 371 1128 άγιωτάτου
397 1069 627 1126 μάρτυρος,
657 1071 698 1115 ἐν
727 1068 1014 1127 Ἀλεξανδρείᾳ
1041 1069 1088 1115 δὲ
1112 1069 1188 1125 τήν
1216 1072 1374 1125 οἴκησιν
1403 1070 1619 1128 ἐσχηκώς,
1650 1067 1778 1115 κάκεῖ
1796 1070 2035 1119 παιδευθεὶς

141 1141 213 1186 καὶ
236 1137 497 1196 άνατραφείς.
552 1138 784 1196 Ἐφοίτησε
811 1140 883 1184 καὶ
910 1146 996 1190 τοῖς
1029 1140 1070 1184 ἐν
1097 1137 1298 1194 Ἀθήναις
1322 1142 1651 1196 παιδευτηρίοις,
1682 1141 1754 1184 καὶ
1792 1141 1934 1195 γέγονε
1963 1139 2035 1195 μὲν

141 1208 277 1266 λόγιος
299 1209 374 1266 τήν
401 1207 650 1266 Ἑλληνικήν
676 1211 876 1255 παιδείαν.
933 1208 1173 1266 Ἔσχόλασε
1201 1209 1247 1254 δὲ
1271 1210 1343 1253 καὶ
1365 1216 1452 1260 τοῖς
1486 1211 1845 1266 ἐκκλησιαστικοῖς
1871 1210 2035 1266 δόγμα-

143 1295 217 1324 σιν.
274 1277 377 1323 Ἐπὶ
405 1279 453 1325 δὲ
478 1282 550 1324 τοῦ
579 1279 685 1325 κατὰ
714 1281 854 1324 Δέκιον
886 1282 1072 1335 διωγμοῦ
1104 1278 1230 1325 πολλοὶ
1268 1280 1340 1323 καὶ
1367 1278 1494 1329 αὗτός
1517 1282 1713 1324 πέπονθεν
1740 1277 1841 1334 ῦπὲρ
1865 1280 1937 1322 τοῦ
1963 1277 2035 1323 λό-

140 1365 214 1405 γου
242 1353 320 1405 τῆς
345 1350 546 1401 πίστεως,
577 1348 881 1405 ὀνειδιζόμενός
905 1365 952 1393 τε
974 1350 1046 1394 καὶ
1069 1349 1291 1404 συρόμενος
1314 1348 1383 1394 διὰ
1407 1350 1541 1405 μέσης
1560 1352 1639 1405 τῆς
1661 1348 1836 1398 πόλεως.
1864 1349 1938 1393 καὶ
1962 1353 2034 1406 βα“

143 1418 279 1467 σάνοις
308 1418 635 1477 ῦποβαλλόμενος
659 1420 730 1463 καὶ
754 1418 1065 1477 χλευαζόμενος.
1126 1416 1201 1462 Ἐν
1231 1422 1306 1477 μιᾷ
1335 1419 1438 1474 γὰρ,
1485 1417 1544 1469 ὥς
1570 1420 1755 1475 λέγεται,
1784 1417 2036 1474 ξυρήσαντες

141 1485 266 1533 αὐτὸν
296 1485 556 1544 οἱ““Έλληνες
583 1488 686 1543 πρὸς
707 1491 760 1545 τῇ
790 1485 991 1545 οἷναβάσει
1015 1490 1086 1533 τοῦ
1114 1490 1352 1544 Σαραπείου
1390 1490 1638 1545 καλουμένου
1668 1490 1859 1544 τεμένους
1888 1487 2035 1533 ἐκάθι-

145 1574 245 1612 σαν,
288 1558 465 1608 θαλλοῦς
501 1559 792 1613 ἐπιτρέψαντες
833 1557 991 1603 διδόναι
1026 1559 1218 1614 φοινίκων
1245 1565 1331 1609 τοῖς
1358 1557 1538 1604 οἰνιοῦσιν
1565 1560 1624 1607 εἰς
1650 1560 1921 1614 προςκύνησιν
1962 1560 2033 1602 τοῦ

141 1626 395 1684 Σαράπιδος.
452 1629 588 1672 Τοῦτο
622 1628 701 1683 γοὶρ
728 1629 811 1672 καὶ-
833 1630 870 1672 οἱ
894 1631 975 1672 τῶν
1000 1627 1181 1674 εἰδώλων
1211 1627 1419 1674 εἰώθασαν
1458 1635 1583 1673 ποιεῖν
1614 1631 1751 1684 ἱερεῖς.
1808 1628 1859 1671 Ὁ
1888 1628 1934 1673 δὲ
1960 1631 2035 1672 λα-

144 1697 227 1755 βών
254 1698 415 1755 μεγάλῃ
444 1699 591 1754 φωνῇ,
625 1698 754 1752 μηδὲν
781 1699 946 1748 δείσας,
980 1698 1088 1753 μηδὲ
1115 1698 1162 1742 δὲ
1188 1697 1414 1750 διστάσας,
1445 1698 1572 1757 ἐβόα,
1604 1701 1753 1752 Δεῦτε,
1786 1697 1956 1755 λάβετε,
1987 1693 2034 1742 ου’

140 1767 209 1813 τὸν
235 1767 384 1813 θαλλὸν
407 1771 479 1813 τοῦ
513 1765 700 1821 εἰδώλου,
731 1765 835 1811 άλλοὶ
859 1768 928 1812 τὸν
954 1768 1104 1812 θαλλὸν
1121 1769 1193 1812 τοῦ
1212 1769 1408 1823 Χριστοῦ.
1453 1770 1508 1812 Οἱ
1525 1769 1572 1814 δὲ
1586 1770 1666 1824 τῆς
1692 1770 1842 1818 κακίας
1866 1766 2035 1823 ἐργάται

141 1838 459 1893 παροξυνθέντες
486 1839 640 1893 αἵρεσιν
669 1835 783 1894 αὐτῷ
810 1834 1047 1893 προῦτειναν
1075 1833 1106 1892 η’
1136 1840 1264 1882 θῦσαι
1288 1844 1373 1888 τοῖς
1401 1840 1589 1895 δαίμοσιν
1606 1872 1618 1890 ,
1660 1835 1691 1894 ἦ
1717 1838 1763 1883 τὸ
1794 1840 1917 1893 σῶμα
1940 1834 2034 1893 παρ’

146 1908 339 1957 Αἰθίοπος
363 1909 599 1963 μιανθῆναι.
657 1905 709 1949 Ὁ
738 1907 787 1952 δὲ
814 1908 952 1963 φέρων
978 1909 1067 1959 (sie,
1099 1909 1170 1949 sed
1191 1910 1422 1951 Morellium
1441 1911 1609 1951 vertisse
1634 1925 1682 1950 ex
1709 1924 1782 1951 suo
1810 1909 1950 1950 codice
1975 1909 2034 1949 vi—

145 1978 227 2020 deo
250 1994 371 2032 „cum
395 1988 477 2019 tam
500 1979 739 2019 sceleratum
764 1984 947 2033 stuprum
975 1979 1072 2019 ferri
1096 1992 1171 2020 non
1199 1982 1392 2034 posset“)
1417 1978 1492 2035 τήν
1520 1980 1722 2034 τοσαύτην
1748 1975 1878 2036 ὕβριν,
1911 1978 2034 2022 ἐλεει·

141 2046 214 2103 νην
240 2047 381 2103 φωνήν
408 2048 544 2102 (deest
567 2048 735 2088 verbum
760 2047 926 2102 ἔρρηξε)
956 2046 1016 2097 ὦς
1045 2049 1219 2102 αἱρεῖται
1246 2052 1397 2103 μᾶλλον
1425 2048 1551 2094 θύειν.
1608 2050 1696 2092 Καὶ
1729 2046 1787 2097 ω“ς
1816 2047 1887 2103 μὲν
1917 2046 1939 2091 ὁ
1966 2063 2036 2091 πο·

132 2116 216 2167 ὰλῦς
243 2117 328 2174 ἔχει
353 2115 475 2172 λόγος
501 2115 768 2172 μετεμελήθη
794 2115 927 2171 πάλιν,
957 2118 1029 2161 καὶ
1053 2114 1130 2161 οῦκ
1153 2116 1344 2175 ἐβούλετο
1373 2126 1515 2174 ποιεῖν,
1546 2120 1692 2163 ἐκεῖνοι
1719 2118 1767 2163 δὲ
1794 2119 1872 2173 τῆς
1895 2117 2036 2172 προτέ-

144 2203 219 2243 ρας
246 2186 493 2242 δραξάμενοι
517 2188 787 2236 καταθέσεως
815 2188 972 2244 λίβανον
1007 2193 1099 2237 ταῖς
1127 2186 1273 2231 τούτου
1300 2190 1438 2246 χερσὶν
1473 2190 1696 2244 ἐνέθηκαν,
1742 2188 1814 2232 καὶ
1850 2190 2038 2231 καθεῖναι

139 2257 455 2313 παρεσκεύασαν
480 2258 540 2307 εἰς
561 2256 607 2302 τὸ
635 2258 728 2312 πῦρ.
747 2253 882 2301 ’Ὅθεν
908 2257 980 2300 καὶ
1005 2256 1117 2312 παρὰ
1142 2256 1302 2302 πάντων
1329 2262 1411 2303 τῶν
1440 2258 1704 2315 ὁμολογητῶν
1731 2259 1803 2302 καὶ
1827 2260 1908 2301 τῶν
1938 2273 2035 2312 μαρ-

140 2326 274 2382 τύρων
298 2327 564 2382 κατακριθεὶς
596 2324 803 2384 ἐξεβλήθη
829 2329 910 2382 τῆς
937 2327 1174 2382 ἐκκλησίας.
1231 2328 1383 2373 Λοιπὸν
1413 2329 1460 2373 δὲ
1488 2328 1545 2384 μή
1574 2330 1710 2385 φέρων
1735 2328 1810 2384 τήν
1839 2326 2037 2385 αἰσχύνην

142 2395 280 2453 οἷπῆρε
307 2399 385 2451 τῆς
412 2393 723 2451 Ἀλεξανδρείας
755 2397 826 2440 καὶ
851 2398 1056 2455 κατέλαβε
1081 2397 1158 2453 τήν
1184 2399 1478 2454 Παλαιστίνην.
1534 2397 1805 2454 Ἐπιτραπεὶς
1841 2397 1890 2443 δὲ
1926 2395 2039 2452 παρὰ

142 2468 213 2511 τοῦ
241 2467 282 2511 ἐν
307 2464 610 2520 Ἱεροσολύμοις
641 2467 841 2520 ἱερατείου
872 2467 989 2523 λόγον
1031 2469 1156 2512 εἰπεῖν
1182 2484 1270 2512 τινα
1294 2468 1532 2514 διδακτικόν
1559 2461 1631 2524 (ήν
1657 2468 1762 2524 γὰρ,
1791 2468 1922 2525 φησὶ,
1967 2467 2039 2512 καὶ

141 2537 434 2593 πρεσβυτερίου
457 2535 534 2590 πρὸ
562 2536 633 2579 τοῦ
660 2537 786 2580 θῦσαι
811 2538 1136 2594 κατηξιωμένος)
1159 2535 1341 2588 οἷναστάς
1367 2539 1447 2595 ἔφη
1465 2541 1537 2583 τοῦ
1561 2540 1898 2594 τεσσαρακοστοῦ
1928 2536 2036 2582 ἐννοί-

134 2622 212 2657 ,του
240 2608 406 2662 ψαλμοῦ
432 2604 582 2661 ῥητὸν,
613 2606 689 2662 Τῷ
719 2605 766 2650 δὲ
796 2604 1030 2666 οἱμαρτωλῷ
1057 2611 1144 2652 κτλ.
1181 2634 1226 2641 --
1285 2611 1310 2650 1.
1336 2612 1394 2653 11.
1428 2612 1598 2664 Repone
1626 2610 1762 2653 εἵλατο
1791 2626 1839 2651 ex
1864 2612 1966 2652 Ven.
1996 2619 2037 2650 et

142 2679 234 2718 Bas.
294 2676 425 2720 εἵλετο
453 2676 539 2716 sola
563 2676 687 2716 habet
715 2677 813 2718 edit.
845 2680 978 2719 Petav.
1011 2703 1063 2710 -
1121 2680 1147 2720 l.
1176 2680 1235 2721 12.
1278 2680 1350 2723 καὶ
1376 2677 1435 2729 ὥς
1461 2680 1587 2721 habet
1612 2680 1735 2721 etiam
1766 2683 1868 2721 Ven.
1925 2680 2037 2720 Idem

141 2746 171 2788 l.
194 2748 255 2790 13.
282 2746 474 2801 ἱερατίου.
500 2770 543 2776 -
594 2745 619 2785 l.
641 2743 703 2787 14.
738 2747 907 2802 Repone
925 2749 1258 2803 προτρεπομένων
1285 2742 1367 2802 οὖν,
1396 2751 1505 2805 quod
1534 2751 1631 2792 olim
1661 2752 1886 2805 suspicatus
1913 2764 2035 2800 eram,

142 2831 251 2858 nunc
278 2831 326 2857 ex
350 2816 594 2862 auctoritate
623 2817 783 2857 Veneti.
843 2817 953 2858 Idem
979 2819 1081 2859 liber
1104 2819 1225 2860 etiam
1253 2820 1278 2860 Ι.
1308 2821 1370 2861 15.
1402 2821 1533 2861 firmat
1560 2821 1670 2876 quod
1695 2820 1853 2874 scripsi,
1884 2820 2036 2860 habena

145 2884 546 2941 καταναγκασάντων
582 2886 663 2929 τῶν
705 2885 751 2930 τὸ
780 2889 1018 2941 τηνικαῦτα.
1047 2914 1100 2921 -
1156 2890 1181 2930 l.
1208 2891 1271 2934 17.
1312 2888 1431 2944 μόνον
1457 2889 1505 2934 τὸ
1534 2892 1605 2934 τοῦ
1646 2891 1811 2944 ψαλμοῦ
1850 2890 1921 2933 τοῦ
1963 2886 2035 2944 μθ’

133 2955 321 3003 ,ἐπειπών
350 2958 451 2998 ven.
477 2980 526 2987 -
557 2956 583 2995 l.
605 2956 671 2997 21.
705 2956 776 2999 καὶ
804 2956 964 3000 πάντων
992 2956 1096 3013 ἐμοῦ
1124 2961 1224 3000 ven.
1286 2960 1397 3001 {dem
1421 2961 1449 3001 l.
1466 2961 1533 3003 23.
1560 2961 1671 3000 delet
1698 2959 1785 3002 Καὶ
1807 2968 1902 3000 ante
1932 2957 2037 3014 μετὰ

135 3024 300 3083 Ιχρόνον.
335 3051 380 3056 -
441 3026 466 3067 l.
487 3025 552 3067 26.
583 3026 809 3081 Σαβέλλιον
835 3030 936 3068 Ven.
973 3054 1026 3060 —
1082 3029 1107 3069 l.
1134 3030 1198 3072 27.
1240 3028 1315 3082 τὴν
1339 3030 1473 3073 πίστιν
1501 3026 1782 3080 ἀναδέξασθαι
1809 3030 1885 3084 (ita
1913 3033 2037 3070 resti-

134 3096 361 3150 tuendum)
390 3095 470 3148 τῆς
508 3092 573 3149 οἱγ.
602 3096 699 3138 θεοῦ
730 3095 981 3151 ἐκκλησίας·
1021 3090 1071 3152 ήν
1097 3097 1177 3153 γὰρ
1202 3095 1297 3142 τότε
1323 3096 1344 3141 ὁ
1371 3097 1498 3148 αὐτὸς
1526 3096 1751 3154 Ὠριγένης
1785 3100 1864 3150 τῆς
1901 3095 2036 3153 όρθής

144 3166 217 3210 καὶ
242 3165 472 3218 καθολικῆς
496 3163 732 3218 ἐκκλησίας.
777 3164 829 3207 Ὁ
857 3165 903 3211 δὲ
927 3182 1142 3222 προειρημ.
1171 3177 1293 3222 auget
1319 3170 1507 3210 Venetus.
1537 3194 1588 3201 -
1644 3170 1669 3209 l.
1687 3172 1725 3210 ὁ.
1754 3169 1805 3210 ab
1831 3169 1906 3209 inf.
1939 3169 2033 3224 βαθ.

144 3237 225 3280 τῶν
253 3232 448 3291 ῥημάτων
473 3232 539 3289 ήξ.
570 3237 667 3276 Ven⁴
694 3260 747 3267 —
803 3237 829 3276 l.
861 3237 930 3277 ult.
962 3236 1119 3292 τροφάς
1148 3234 1261 3293 αὐτῷ
1294 3240 1394 3278 Ven.

255 3307 386 3363 Pag.
407 3308 533 3350 232.
589 3306 616 3345 l.
640 3304 677 3347 4.
709 3304 901 3359 ἐπιμελὲς
922 3308 1023 3347 Ven.
1048 3331 1097 3338 —
1156 3307 1182 3347 l.
1200 3309 1236 3348 5.
1269 3307 1355 3356 καὶ,
1386 3315 1480 3348 ante
1510 3308 1770 3356 Θεοδοτίονος
1799 3308 1875 3362 (ita
1905 3316 1967 3349 est
1994 3308 2035 3349 in

134 3376 273 3431 ¹cod),
306 3389 387 3416 om.
417 3377 535 3424 Ven.‚
567 3376 634 3430 qui
660 3376 793 3430 pergit
818 3376 1025 3430 Πέμπτης
1048 3391 1093 3418 τε
1124 3375 1335 3425 ἐκδόσεως
1361 3376 1466 3431 μετὰ
1493 3378 1767 3432 παραθέσεως
1793 3377 1885 3430 (καὶ
1912 3377 2036 3432 ἕκτης

146 3445 294 3486 desunt
317 3445 471 3500 igitur).
496 3471 549 3478 --
606 3446 631 3485 l.
650 3447 686 3487 8.
718 3442 926 3501 Ἑβραῐκῇ
958 3445 1029 3499 μὲν
1047 3447 1148 3486 ven.
1177 3470 1226 3477 --
1283 3447 1309 3487 l.
1329 3449 1390 3487 11.
1421 3446 1514 3500 τῆς,
1544 3456 1638 3502 post
1659 3447 1924 3501 παραθέσεις,
1955 3463 2035 3489 om.

146 3517 247 3557 Ven.
266 3547 275 3564 ,
317 3530 487 3570 pergens
527 3514 646 3572 Ἑβρ.
674 3513 801 3570 φύσει
831 3513 937 3569 μετὰ
976 3515 1182 3570 στοιχείων
1208 3515 1279 3558 καὶ
1302 3514 1538 3571 Ἑβραῖκῆς
1567 3513 1620 3561 δι’
1648 3513 1903 3571 Ἑλληνικῶν
1930 3532 2035 3562 στοιο

147 3584 293 3642 χείων,
325 3581 442 3634 ὥςτε.
472 3609 527 3616 -
582 3586 694 3627 1.13.
723 3586 804 3627 τῶν
832 3582 907 3628 δύο
934 3586 1015 3628 τῶν
1046 3582 1165 3642 Ἑβρ.
1194 3587 1296 3626 Ven.
1353 3586 1466 3625 Idem
1489 3584 1597 3627 l.14.
1626 3587 1954 3642 πεφιλοτίμηται.
1987 3611 2037 3620 -

147 3654 174 3695 l.
202 3653 262 3696 19.
294 3650 370 3710 οῦχ
395 3655 431 3697 οἱ
454 3658 608 3708 πρῶτοι
639 3656 676 3698 οἱ
697 3652 773 3709 τήν
804 3654 951 3709 legitur
982 3655 1105 3696 etiam
1129 3656 1169 3695 in
1195 3658 1297 3696 Ven.
1330 3680 1381 3686 —-
1439 3655 1466 3697 l.
1488 3656 1555 3698 23.
1588 3654 1695 3700 κατὰ
1720 3654 1766 3700 τὸ
1800 3654 2004 3712 σωμάτιον
2023 3691 2034 3701 .

149 3724 187 3767 οἱ
212 3721 284 3777 μὲν
313 3723 396 3778 λέγ.
425 3721 548 3768 αὐτὸν
571 3727 707 3779 νεῦρον
732 3726 834 3766 ven.
868 3748 917 3756 —-
975 3724 1002 3765 1.
1024 3726 1061 3766 5.
1082 3740 1105 3765 a
1127 3725 1191 3765 fin.
1234 3716 1359 3779 ηὗρεν
1381 3726 1486 3766 Ven.
1544 3725 1656 3767 Idem
1681 3727 1803 3782 paulo
1825 3736 1921 3782 post
1942 3726 2036 3782 περὶ

149 3789 274 3837 αὐτοῦ
299 3791 511 3848 λεγόμενα.
545 3820 598 3827 -
658 3796 845 3836 Ceterum
880 3794 987 3850 apud
1013 3794 1200 3837 Nicetam
1230 3796 1360 3837 Chon.
1388 3795 1511 3838 Thes.
1540 3797 1713 3838 Orthod.
1742 3797 1831 3838 Fid.
1860 3798 1929 3839 1.1.
1956 3798 2034 3840 hoc
