<?xml version="1.0" encoding="UTF-8"?>
<!DOCTYPE html PUBLIC "-//W3C//DTD XHTML 1.0 Transitional//EN"
    "http://www.w3.org/TR/xhtml1/DTD/xhtml1-transitional.dtd">
<html xmlns="http://www.w3.org/1999/xhtml" xml:lang="en" lang="en">
 <head>
  <title>
</title>
<meta http-equiv="Content-Type" content="text/html;charset=utf-8" />
  <meta name='ocr-system' content='tesseract 3.04.00' />
  <meta name='ocr-capabilities' content='ocr_page ocr_carea ocr_par ocr_line ocrx_word'/>
</head>
<body>
  <div class='ocr_page' id='page_1' title='image "./pt3corporishaere02epipuoft/pt3corporishaere02epipuoft_0346.png"; bbox 0 0 2508 4134; ppageno 0'>
   <div class='ocr_carea' id='block_1_1' title="bbox 190 1055 386 1115">
    <p class='ocr_par' dir='ltr' id='par_1_1' title="bbox 190 1055 386 1115">
     <span class='ocr_line' id='line_1_1' title="bbox 190 1055 386 1115; baseline -0.005 -14"><span class='ocrx_word' id='word_1_1' title='bbox 190 1057 302 1113; x_wconf 84' lang='grc' dir='ltr'><em>Κεφ.</em></span> <span class='ocrx_word' id='word_1_2' title='bbox 335 1055 386 1115; x_wconf 85' lang='grc' dir='ltr'><em>β’.</em></span> 
     </span>
    </p>
   </div>
   <div class='ocr_carea' id='block_1_2' title="bbox 421 256 1640 308">
    <p class='ocr_par' dir='ltr' id='par_1_2' title="bbox 421 256 1640 308">
     <span class='ocr_line' id='line_1_2' title="bbox 421 256 1640 308; baseline -0.002 0"><span class='ocrx_word' id='word_1_3' title='bbox 421 256 522 308; x_wconf 89' lang='grc'><em>336</em></span> <span class='ocrx_word' id='word_1_4' title='bbox 1125 264 1327 307; x_wconf 78' lang='lat' dir='ltr'><strong>SANGTI</strong></span> <span class='ocrx_word' id='word_1_5' title='bbox 1357 265 1640 306; x_wconf 78' lang='lat' dir='ltr'>EPIPHANII</span> 
     </span>
    </p>
   </div>
   <div class='ocr_carea' id='block_1_3' title="bbox 419 359 2395 943">
    <p class='ocr_par' dir='ltr' id='par_1_3' title="bbox 419 359 2395 943">
     <span class='ocr_line' id='line_1_3' title="bbox 422 359 2353 432; baseline 0.001 -15"><span class='ocrx_word' id='word_1_6' title='bbox 422 362 768 432; x_wconf 75' lang='grc' dir='ltr'><em>ἐργασάμενοι,</em></span> <span class='ocrx_word' id='word_1_7' title='bbox 807 362 890 414; x_wconf 90' lang='grc' dir='ltr'><em>καὶ</em></span> <span class='ocrx_word' id='word_1_8' title='bbox 919 359 1106 428; x_wconf 81' lang='grc' dir='ltr'><em>λύπην,</em></span> <span class='ocrx_word' id='word_1_9' title='bbox 1156 364 1242 415; x_wconf 87' lang='grc' dir='ltr'><em>καὶ</em></span> <span class='ocrx_word' id='word_1_10' title='bbox 1273 365 1448 430; x_wconf 81' lang='grc' dir='ltr'><em>ζημίαν</em></span> <span class='ocrx_word' id='word_1_11' title='bbox 1471 369 1558 431; x_wconf 86' lang='grc' dir='ltr'><em>τῆς</em></span> <span class='ocrx_word' id='word_1_12' title='bbox 1583 360 1668 415; x_wconf 79' lang='grc' dir='ltr'><em>ἄπ’</em></span> <span class='ocrx_word' id='word_1_13' title='bbox 1700 362 1917 431; x_wconf 82' lang='grc' dir='ltr'><em>ἀλλήλων</em></span> <span class='ocrx_word' id='word_1_14' title='bbox 1940 363 2240 432; x_wconf 82' lang='grc' dir='ltr'><strong><em>γλυκύτητος</em></strong></span> <span class='ocrx_word' id='word_1_15' title='bbox 2267 365 2353 418; x_wconf 81' lang='grc' dir='ltr'><em>καὶ</em></span> 
     </span>
     <span class='ocr_line' id='line_1_4' title="bbox 422 444 2353 518; baseline 0.001 -18"><span class='ocrx_word' id='word_1_16' title='bbox 422 446 629 516; x_wconf 85' lang='grc' dir='ltr'><em>άγάπης.</em></span> <span class='ocrx_word' id='word_1_17' title='bbox 713 445 814 515; x_wconf 80' lang='grc' dir='ltr'><em>Τήν</em></span> <span class='ocrx_word' id='word_1_18' title='bbox 853 444 945 516; x_wconf 79' lang='grc' dir='ltr'><em>γάρ</em></span> <span class='ocrx_word' id='word_1_19' title='bbox 978 452 1076 499; x_wconf 83' lang='grc' dir='ltr'><em>τῶν</em></span> <span class='ocrx_word' id='word_1_20' title='bbox 1104 451 1259 501; x_wconf 84' lang='grc' dir='ltr'><em>θείων</em></span> <span class='ocrx_word' id='word_1_21' title='bbox 1288 454 1494 518; x_wconf 78' lang='grc' dir='ltr'><em>γραφῶν</em></span> <span class='ocrx_word' id='word_1_22' title='bbox 1529 448 1835 502; x_wconf 78' lang='grc' dir='ltr'><em>ἀκολουθίαν</em></span> <span class='ocrx_word' id='word_1_23' title='bbox 1866 449 1950 501; x_wconf 86' lang='grc' dir='ltr'><em>καὶ</em></span> <span class='ocrx_word' id='word_1_24' title='bbox 1983 446 2235 517; x_wconf 75' lang='grc' dir='ltr'><em>εὐθύτητα</em></span> <span class='ocrx_word' id='word_1_25' title='bbox 2267 450 2353 502; x_wconf 78' lang='grc' dir='ltr'><em>καὶ</em></span> 
     </span>
     <span class='ocr_line' id='line_1_5' title="bbox 419 530 2353 605; baseline 0.002 -20"><span class='ocrx_word' id='word_1_26' title='bbox 419 532 631 595; x_wconf 80' lang='grc' dir='ltr'><em>ἀκακίας</em></span> <span class='ocrx_word' id='word_1_27' title='bbox 668 530 959 602; x_wconf 76' lang='grc' dir='ltr'><em>ὁμολογίαν,</em></span> <span class='ocrx_word' id='word_1_28' title='bbox 1011 533 1324 602; x_wconf 87' lang='grc' dir='ltr'><em>προφητικήν</em></span> <span class='ocrx_word' id='word_1_29' title='bbox 1364 555 1414 586; x_wconf 89' lang='grc' dir='ltr'><em>τε</em></span> <span class='ocrx_word' id='word_1_30' title='bbox 1454 536 1537 586; x_wconf 86' lang='grc' dir='ltr'><em>καὶ</em></span> <span class='ocrx_word' id='word_1_31' title='bbox 1571 532 1884 605; x_wconf 78' lang='grc' dir='ltr'><em>εὕαγγελικήν</em></span> <span class='ocrx_word' id='word_1_32' title='bbox 1912 535 1995 586; x_wconf 89' lang='grc' dir='ltr'><em>καὶ</em></span> <span class='ocrx_word' id='word_1_33' title='bbox 2027 532 2353 604; x_wconf 80' lang='grc' dir='ltr'><em>άποστολικήν</em></span> 
     </span>
     <span class='ocr_line' id='line_1_6' title="bbox 419 616 2395 691; baseline 0.001 -20"><span class='ocrx_word' id='word_1_34' title='bbox 419 622 583 671; x_wconf 89' lang='grc' dir='ltr'><em>πίστιν</em></span> <span class='ocrx_word' id='word_1_35' title='bbox 633 619 866 687; x_wconf 83' lang='grc' dir='ltr'><em>παρέντες</em></span> <span class='ocrx_word' id='word_1_36' title='bbox 909 616 1204 686; x_wconf 79' lang='grc' dir='ltr'><em>σοφιστικήν</em></span> <span class='ocrx_word' id='word_1_37' title='bbox 1245 617 1365 686; x_wconf 87' lang='grc' dir='ltr'><em>ήμῖν</em></span> <span class='ocrx_word' id='word_1_38' title='bbox 1406 620 1532 681; x_wconf 79' lang='grc' dir='ltr'><em>λέξιν</em></span> <span class='ocrx_word' id='word_1_39' title='bbox 1573 621 1658 672; x_wconf 84' lang='grc' dir='ltr'><em>καὶ</em></span> <span class='ocrx_word' id='word_1_40' title='bbox 1709 618 1922 687; x_wconf 79' lang='grc' dir='ltr'><em>μυθώδη</em></span> <span class='ocrx_word' id='word_1_41' title='bbox 1973 618 2350 691; x_wconf 87' lang='grc' dir='ltr'><em>παρειςήγαγον,</em></span> <span class='ocrx_word' id='word_1_42' title='bbox 2393 652 2395 654; x_wconf 88' lang='grc'>-</span> 
     </span>
     <span class='ocr_line' id='line_1_7' title="bbox 420 697 2350 776; baseline 0.002 -20"><span class='ocrx_word' id='word_1_43' title='bbox 420 701 531 772; x_wconf 88' lang='grc' dir='ltr'><em>μεθ’</em></span> <span class='ocrx_word' id='word_1_44' title='bbox 567 697 627 771; x_wconf 78' lang='grc' dir='ltr'><em>ἧς</em></span> <span class='ocrx_word' id='word_1_45' title='bbox 665 704 749 756; x_wconf 89' lang='grc' dir='ltr'><em>καὶ</em></span> <span class='ocrx_word' id='word_1_46' title='bbox 789 709 979 756; x_wconf 81' lang='grc' dir='ltr'><em>πολλῶν</em></span> <span class='ocrx_word' id='word_1_47' title='bbox 1026 706 1240 757; x_wconf 74' lang='grc' dir='ltr'><em>2δεινοῖν</em></span> <span class='ocrx_word' id='word_1_48' title='bbox 1271 702 1604 770; x_wconf 70' lang='grc' dir='ltr'><em>ἀκολουθίαν,</em></span> <span class='ocrx_word' id='word_1_49' title='bbox 1660 711 1959 776; x_wconf 82' lang='grc' dir='ltr'><em>πληροῦντες</em></span> <span class='ocrx_word' id='word_1_50' title='bbox 1988 708 2038 759; x_wconf 79' lang='grc' dir='ltr'><em>ἐν</em></span> <span class='ocrx_word' id='word_1_51' title='bbox 2067 706 2261 768; x_wconf 76' lang='grc' dir='ltr'><em>ἑαυτοῖς</em></span> <span class='ocrx_word' id='word_1_52' title='bbox 2294 706 2350 759; x_wconf 74' lang='lat' dir='ltr'><em>vd</em></span> 
     </span>
     <span class='ocr_line' id='line_1_8' title="bbox 420 787 2352 863; baseline 0.002 -21"><span class='ocrx_word' id='word_1_53' title='bbox 420 791 679 860; x_wconf 83' lang='grc' dir='ltr'><em>εἰρημένον</em></span> <span class='ocrx_word' id='word_1_54' title='bbox 704 788 796 854; x_wconf 74' lang='grc' dir='ltr'><em>ὅτι,</em></span> <span class='ocrx_word' id='word_1_55' title='bbox 824 787 1203 856; x_wconf 86' lang='grc' dir='ltr'><em>Ἀποστήσονταί</em></span> <span class='ocrx_word' id='word_1_56' title='bbox 1222 811 1348 852; x_wconf 89' lang='grc' dir='ltr'><em>τινες</em></span> <span class='ocrx_word' id='word_1_57' title='bbox 1373 795 1461 857; x_wconf 86' lang='grc' dir='ltr'><em>τῆς</em></span> <span class='ocrx_word' id='word_1_58' title='bbox 1483 787 1803 859; x_wconf 75' lang='grc' dir='ltr'><em>ὑγιαινούσης</em></span> <span class='ocrx_word' id='word_1_59' title='bbox 1822 794 2153 858; x_wconf 83' lang='grc' dir='ltr'><em>διδασκαλίας,</em></span> <span class='ocrx_word' id='word_1_60' title='bbox 2181 791 2352 863; x_wconf 84' lang='grc' dir='ltr'><em>προςέ-</em></span> 
     </span>
     <span class='ocr_line' id='line_1_9' title="bbox 421 873 1306 943; baseline -0.001 -15"><span class='ocrx_word' id='word_1_61' title='bbox 421 896 585 943; x_wconf 85' lang='grc' dir='ltr'><em>χοντες</em></span> <span class='ocrx_word' id='word_1_62' title='bbox 623 873 808 943; x_wconf 86' lang='grc' dir='ltr'><em>μύθοις</em></span> <span class='ocrx_word' id='word_1_63' title='bbox 844 877 928 929; x_wconf 88' lang='grc' dir='ltr'><em>καὶ</em></span> <span class='ocrx_word' id='word_1_64' title='bbox 965 879 1306 942; x_wconf 84' lang='grc' dir='ltr'><em>κενοφωνίαις.</em></span> 
     </span>
    </p>
   </div>
   <div class='ocr_carea' id='block_1_4' title="bbox 416 1042 2374 2059">
    <p class='ocr_par' dir='ltr' id='par_1_4' title="bbox 416 1042 2374 2059">
     <span class='ocr_line' id='line_1_10' title="bbox 554 1042 2361 1119; baseline -0.001 -20"><span class='ocrx_word' id='word_1_65' title='bbox 554 1043 609 1099; x_wconf 81' lang='lat' dir='ltr'><em>‘O</em></span> <span class='ocrx_word' id='word_1_66' title='bbox 639 1045 914 1118; x_wconf 86' lang='grc' dir='ltr'><em>πρεςβύτης</em></span> <span class='ocrx_word' id='word_1_67' title='bbox 941 1047 1025 1099; x_wconf 87' lang='grc' dir='ltr'><em>καὶ</em></span> <span class='ocrx_word' id='word_1_68' title='bbox 1063 1044 1428 1116; x_wconf 82' lang='grc' dir='ltr'><em>σεμνοπρεπής,</em></span> <span class='ocrx_word' id='word_1_69' title='bbox 1482 1042 1511 1098; x_wconf 83' lang='grc' dir='ltr'><em>ό</em></span> <span class='ocrx_word' id='word_1_70' title='bbox 1537 1043 1615 1098; x_wconf 83' lang='grc' dir='ltr'><em>άεὶ</em></span> <span class='ocrx_word' id='word_1_71' title='bbox 1654 1042 1773 1112; x_wconf 81' lang='grc' dir='ltr'><em>ήμῖν</em></span> <span class='ocrx_word' id='word_1_72' title='bbox 1814 1044 2094 1117; x_wconf 75' lang='grc' dir='ltr'><em>ἀγαπητὸς,</em></span> <span class='ocrx_word' id='word_1_73' title='bbox 2149 1048 2234 1100; x_wconf 85' lang='grc' dir='ltr'><em>καὶ</em></span> <span class='ocrx_word' id='word_1_74' title='bbox 2283 1046 2361 1119; x_wconf 73' lang='grc' dir='ltr'><em>τῷ</em></span> 
     </span>
     <span class='ocr_line' id='line_1_11' title="bbox 417 1128 2353 1206; baseline 0 -22"><span class='ocrx_word' id='word_1_75' title='bbox 417 1137 660 1206; x_wconf 79' lang='grc' dir='ltr'><em>μακαρίτῃ</em></span> <span class='ocrx_word' id='word_1_76' title='bbox 710 1131 854 1205; x_wconf 73' lang='grc' dir='ltr'><em>πάπᾳ</em></span> <span class='ocrx_word' id='word_1_77' title='bbox 889 1129 1198 1203; x_wconf 79' lang='grc' dir='ltr'><em>Ἀθανασίῳ,</em></span> <span class='ocrx_word' id='word_1_78' title='bbox 1248 1132 1333 1184; x_wconf 87' lang='grc' dir='ltr'><em>καὶ</em></span> <span class='ocrx_word' id='word_1_79' title='bbox 1379 1136 1529 1183; x_wconf 82' lang='grc' dir='ltr'><em>πᾶσιν</em></span> <span class='ocrx_word' id='word_1_80' title='bbox 1573 1128 1893 1200; x_wconf 81' lang='grc' dir='ltr'><em>όρθοδόξοις,</em></span> <span class='ocrx_word' id='word_1_81' title='bbox 1946 1129 2284 1203; x_wconf 87' lang='grc' dir='ltr'><em>Ἀπολινάριος</em></span> <span class='ocrx_word' id='word_1_82' title='bbox 2321 1128 2353 1184; x_wconf 88' lang='lat'>6</span> 
     </span>
     <span class='ocr_line' id='line_1_12' title="bbox 417 1211 2350 1289; baseline -0.001 -19"><span class='ocrx_word' id='word_1_83' title='bbox 417 1216 517 1271; x_wconf 81' lang='grc' dir='ltr'><em>ἀπὸ</em></span> <span class='ocrx_word' id='word_1_84' title='bbox 543 1221 869 1282; x_wconf 86' lang='grc' dir='ltr'><em>Λαοδικείας,</em></span> <span class='ocrx_word' id='word_1_85' title='bbox 922 1211 1067 1278; x_wconf 73' lang='grc' dir='ltr'><em>οὗτος</em></span> <span class='ocrx_word' id='word_1_86' title='bbox 1093 1211 1157 1285; x_wconf 80' lang='grc' dir='ltr'><em>ἧν</em></span> <span class='ocrx_word' id='word_1_87' title='bbox 1187 1214 1215 1269; x_wconf 86' lang='lat'>6</span> <span class='ocrx_word' id='word_1_88' title='bbox 1240 1218 1293 1270; x_wconf 80' lang='grc' dir='ltr'><em>ἐν</em></span> <span class='ocrx_word' id='word_1_89' title='bbox 1320 1215 1446 1289; x_wconf 78' lang='grc' dir='ltr'><em>ἀρχῇ</em></span> <span class='ocrx_word' id='word_1_90' title='bbox 1477 1221 1621 1269; x_wconf 88' lang='grc' dir='ltr'><em>τοῦτο</em></span> <span class='ocrx_word' id='word_1_91' title='bbox 1658 1214 1712 1270; x_wconf 79' lang='grc' dir='ltr'><em>τό</em></span> <span class='ocrx_word' id='word_1_92' title='bbox 1741 1219 1874 1286; x_wconf 77' lang='grc' dir='ltr'><em>ῥῆμα</em></span> <span class='ocrx_word' id='word_1_93' title='bbox 1899 1216 2162 1286; x_wconf 78' lang='grc' dir='ltr'><em>ἐπινοήσας</em></span> <span class='ocrx_word' id='word_1_94' title='bbox 2187 1239 2238 1271; x_wconf 90' lang='grc' dir='ltr'><em>τε</em></span> <span class='ocrx_word' id='word_1_95' title='bbox 2265 1219 2350 1271; x_wconf 82' lang='grc' dir='ltr'><em>καὶ</em></span> 
     </span>
     <span class='ocr_line' id='line_1_13' title="bbox 416 1300 2345 1374; baseline -0.001 -17"><span class='ocrx_word' id='word_1_96' title='bbox 416 1302 766 1374; x_wconf 85' lang='grc' dir='ltr'><em>προαγόμενος.</em></span> <span class='ocrx_word' id='word_1_97' title='bbox 858 1304 958 1355; x_wconf 89' lang='grc' dir='ltr'><em>Καὶ</em></span> <span class='ocrx_word' id='word_1_98' title='bbox 997 1302 1056 1355; x_wconf 79' lang='grc' dir='ltr'><em>τά</em></span> <span class='ocrx_word' id='word_1_99' title='bbox 1098 1307 1269 1372; x_wconf 80' lang='grc' dir='ltr'><em>πρῶτα</em></span> <span class='ocrx_word' id='word_1_100' title='bbox 1312 1301 1398 1369; x_wconf 80' lang='grc' dir='ltr'><em>μὲν</em></span> <span class='ocrx_word' id='word_1_101' title='bbox 1442 1301 1759 1370; x_wconf 79' lang='grc' dir='ltr'><em>ἔνηχούμενοι</em></span> <span class='ocrx_word' id='word_1_102' title='bbox 1803 1300 1904 1355; x_wconf 83' lang='grc' dir='ltr'><em>ἆπό</em></span> <span class='ocrx_word' id='word_1_103' title='bbox 1943 1325 2091 1356; x_wconf 91' lang='grc' dir='ltr'><em>τινων</em></span> <span class='ocrx_word' id='word_1_104' title='bbox 2130 1308 2228 1356; x_wconf 77' lang='grc' dir='ltr'><em>τῶν</em></span> <span class='ocrx_word' id='word_1_105' title='bbox 2265 1300 2345 1356; x_wconf 74' lang='grc' dir='ltr'><em>ὑπ’</em></span> 
     </span>
     <span class='ocr_line' id='line_1_14' title="bbox 418 1385 2374 1459; baseline -0.001 -17"><span class='ocrx_word' id='word_1_106' title='bbox 418 1387 573 1443; x_wconf 74' lang='grc' dir='ltr'><em>αὐτοῦ</em></span> <span class='ocrx_word' id='word_1_107' title='bbox 613 1390 1064 1458; x_wconf 87' lang='grc' dir='ltr'><em>μεμαθητευμένων</em></span> <span class='ocrx_word' id='word_1_108' title='bbox 1102 1387 1428 1455; x_wconf 82' lang='grc' dir='ltr'><em>ἠπιστοῦμεν,</em></span> <span class='ocrx_word' id='word_1_109' title='bbox 1480 1389 1526 1440; x_wconf 85' lang='grc' dir='ltr'><em>εἰ</em></span> <span class='ocrx_word' id='word_1_110' title='bbox 1563 1385 1658 1459; x_wconf 69' lang='grc' dir='ltr'><em>ἄρα</em></span> <span class='ocrx_word' id='word_1_111' title='bbox 1696 1385 1725 1440; x_wconf 86' lang='lat'>6</span> <span class='ocrx_word' id='word_1_112' title='bbox 1750 1386 1875 1458; x_wconf 76' lang='grc' dir='ltr'><em>ἀνὴρ</em></span> <span class='ocrx_word' id='word_1_113' title='bbox 1911 1394 2140 1451; x_wconf 89' lang='grc' dir='ltr'><em>τοιοῦτος</em></span> <span class='ocrx_word' id='word_1_114' title='bbox 2178 1386 2374 1459; x_wconf 85' lang='grc' dir='ltr'><em>τυγχά··</em></span> 
     </span>
     <span class='ocr_line' id='line_1_15' title="bbox 416 1471 2352 1547; baseline 0 -19"><span class='ocrx_word' id='word_1_115' title='bbox 416 1497 517 1528; x_wconf 86' lang='grc' dir='ltr'><em>νων</em></span> <span class='ocrx_word' id='word_1_116' title='bbox 562 1481 708 1528; x_wconf 90' lang='grc' dir='ltr'><em>τοῦτο</em></span> <span class='ocrx_word' id='word_1_117' title='bbox 750 1472 1075 1544; x_wconf 89' lang='grc' dir='ltr'><em>παρειςήγαγε</em></span> <span class='ocrx_word' id='word_1_118' title='bbox 1119 1479 1186 1546; x_wconf 76' lang='grc' dir='ltr'><em>τῷ</em></span> <span class='ocrx_word' id='word_1_119' title='bbox 1228 1476 1320 1546; x_wconf 80' lang='grc' dir='ltr'><em>βίῳ</em></span> <span class='ocrx_word' id='word_1_120' title='bbox 1358 1471 1413 1526; x_wconf 78' lang='grc' dir='ltr'><em>τὸ</em></span> <span class='ocrx_word' id='word_1_121' title='bbox 1444 1476 1602 1543; x_wconf 78' lang='grc' dir='ltr'><em>ῥῆμα,</em></span> <span class='ocrx_word' id='word_1_122' title='bbox 1657 1475 1727 1527; x_wconf 73' lang='grc' dir='ltr'><em>ἔτι</em></span> <span class='ocrx_word' id='word_1_123' title='bbox 1754 1475 1809 1527; x_wconf 81' lang='grc' dir='ltr'><em>έν</em></span> <span class='ocrx_word' id='word_1_124' title='bbox 1846 1477 2117 1547; x_wconf 72' lang='grc' dir='ltr'><em>προςδοκίᾳ</em></span> <span class='ocrx_word' id='word_1_125' title='bbox 2157 1475 2352 1537; x_wconf 79' lang='grc' dir='ltr'><em>ἐλπίδος</em></span> 
     </span>
     <span class='ocr_line' id='line_1_16' title="bbox 419 1557 2352 1631; baseline -0.001 -16"><span class='ocrx_word' id='word_1_126' title='bbox 419 1567 889 1631; x_wconf 89' lang='grc' dir='ltr'><em>μακροθυμοῦντες,</em></span> <span class='ocrx_word' id='word_1_127' title='bbox 944 1561 1036 1621; x_wconf 73' lang='grc' dir='ltr'><em>ἕως</em></span> <span class='ocrx_word' id='word_1_128' title='bbox 1072 1557 1300 1629; x_wconf 77' lang='grc' dir='ltr'><em>τάκριβὲς</em></span> <span class='ocrx_word' id='word_1_129' title='bbox 1338 1560 1626 1629; x_wconf 78' lang='grc' dir='ltr'><em>ἐπιγνῶμεν.</em></span> <span class='ocrx_word' id='word_1_130' title='bbox 1690 1558 1952 1630; x_wconf 85' lang='grc' dir='ltr'><em>Ἐλέγομεν</em></span> <span class='ocrx_word' id='word_1_131' title='bbox 1975 1557 2068 1630; x_wconf 73' lang='grc' dir='ltr'><em>γάρ</em></span> <span class='ocrx_word' id='word_1_132' title='bbox 2097 1558 2213 1623; x_wconf 76' lang='grc' dir='ltr'><em>τοῦς</em></span> <span class='ocrx_word' id='word_1_133' title='bbox 2238 1567 2352 1614; x_wconf 89' lang='grc' dir='ltr'><em>παῖ-</em></span> 
     </span>
     <span class='ocr_line' id='line_1_17' title="bbox 420 1642 2352 1715; baseline 0 -16"><span class='ocrx_word' id='word_1_134' title='bbox 420 1650 511 1709; x_wconf 91' lang='grc' dir='ltr'><em>δας</em></span> <span class='ocrx_word' id='word_1_135' title='bbox 538 1645 654 1708; x_wconf 79' lang='grc' dir='ltr'><em>τούς</em></span> <span class='ocrx_word' id='word_1_136' title='bbox 705 1652 721 1682; x_wconf 87' lang='lat'>¹</span> <span class='ocrx_word' id='word_1_137' title='bbox 741 1644 825 1699; x_wconf 74' lang='grc' dir='ltr'><em>ἄπ’</em></span> <span class='ocrx_word' id='word_1_138' title='bbox 851 1643 1004 1698; x_wconf 79' lang='grc' dir='ltr'><em>αὐτοῦ</em></span> <span class='ocrx_word' id='word_1_139' title='bbox 1030 1643 1155 1715; x_wconf 79' lang='grc' dir='ltr'><em>πρὸς</em></span> <span class='ocrx_word' id='word_1_140' title='bbox 1179 1643 1308 1713; x_wconf 82' lang='grc' dir='ltr'><em>ήμᾶς</em></span> <span class='ocrx_word' id='word_1_141' title='bbox 1332 1642 1667 1713; x_wconf 67' lang='grc' dir='ltr'><em>ἀφικομένους</em></span> <span class='ocrx_word' id='word_1_142' title='bbox 1694 1643 1762 1714; x_wconf 78' lang='grc' dir='ltr'><em>μὴ</em></span> <span class='ocrx_word' id='word_1_143' title='bbox 1793 1651 2032 1707; x_wconf 84' lang='grc' dir='ltr'><em>νοοῦντας</em></span> <span class='ocrx_word' id='word_1_144' title='bbox 2061 1642 2122 1698; x_wconf 74' lang='grc' dir='ltr'><em>τά</em></span> <span class='ocrx_word' id='word_1_145' title='bbox 2150 1646 2352 1714; x_wconf 83' lang='grc' dir='ltr'><em>βαθέως</em></span> 
     </span>
     <span class='ocr_line' id='line_1_18' title="bbox 418 1728 2349 1801; baseline -0.001 -15"><span class='ocrx_word' id='word_1_146' title='bbox 418 1731 518 1786; x_wconf 74' lang='grc' dir='ltr'><em>ὑπὸ</em></span> <span class='ocrx_word' id='word_1_147' title='bbox 549 1738 637 1786; x_wconf 92' lang='grc' dir='ltr'><em>τοῦ</em></span> <span class='ocrx_word' id='word_1_148' title='bbox 669 1730 896 1785; x_wconf 89' lang='grc' dir='ltr'><em>τοιούτου</em></span> <span class='ocrx_word' id='word_1_149' title='bbox 922 1735 1090 1801; x_wconf 88' lang='grc' dir='ltr'><em>λογίου</em></span> <span class='ocrx_word' id='word_1_150' title='bbox 1120 1729 1327 1801; x_wconf 73' lang='grc' dir='ltr'><em>ἀνδρὸς,</em></span> <span class='ocrx_word' id='word_1_151' title='bbox 1378 1731 1465 1783; x_wconf 85' lang='grc' dir='ltr'><em>καὶ</em></span> <span class='ocrx_word' id='word_1_152' title='bbox 1494 1736 1726 1796; x_wconf 90' lang='grc' dir='ltr'><em>συνετοῦ,</em></span> <span class='ocrx_word' id='word_1_153' title='bbox 1777 1732 1862 1784; x_wconf 89' lang='grc' dir='ltr'><em>καὶ</em></span> <span class='ocrx_word' id='word_1_154' title='bbox 1888 1729 2215 1797; x_wconf 80' lang='grc' dir='ltr'><em>διδασκάλου,</em></span> <span class='ocrx_word' id='word_1_155' title='bbox 2263 1728 2349 1798; x_wconf 70' lang='grc' dir='ltr'><em>ἀφ’</em></span> 
     </span>
     <span class='ocr_line' id='line_1_19' title="bbox 418 1810 2351 1888; baseline -0.002 -16"><span class='ocrx_word' id='word_1_156' title='bbox 418 1820 605 1872; x_wconf 75' lang='grc' dir='ltr'><em>ἑαυτῶν</em></span> <span class='ocrx_word' id='word_1_157' title='bbox 636 1823 789 1870; x_wconf 91' lang='grc' dir='ltr'><em>ταῦτα</em></span> <span class='ocrx_word' id='word_1_158' title='bbox 827 1815 1078 1882; x_wconf 78' lang='grc' dir='ltr'><em>πλάττειν,</em></span> <span class='ocrx_word' id='word_1_159' title='bbox 1129 1815 1196 1885; x_wconf 77' lang='grc' dir='ltr'><em>μὴ</em></span> <span class='ocrx_word' id='word_1_160' title='bbox 1226 1814 1311 1869; x_wconf 80' lang='grc' dir='ltr'><em>ἀπ’</em></span> <span class='ocrx_word' id='word_1_161' title='bbox 1339 1814 1492 1869; x_wconf 75' lang='grc' dir='ltr'><em>αὐτοῦ</em></span> <span class='ocrx_word' id='word_1_162' title='bbox 1523 1816 1888 1885; x_wconf 87' lang='grc' dir='ltr'><em>μεμαθηκότας.</em></span> <span class='ocrx_word' id='word_1_163' title='bbox 1966 1814 2134 1870; x_wconf 74' lang='grc' dir='ltr'><em>Πολλοὶ</em></span> <span class='ocrx_word' id='word_1_164' title='bbox 2162 1814 2255 1888; x_wconf 76' lang='grc' dir='ltr'><em>γάρ</em></span> <span class='ocrx_word' id='word_1_165' title='bbox 2287 1810 2351 1885; x_wconf 83' lang='grc' dir='ltr'><em>ἦν</em></span> 
     </span>
     <span class='ocr_line' id='line_1_20' title="bbox 420 1900 2348 1974; baseline -0.001 -16"><span class='ocrx_word' id='word_1_166' title='bbox 420 1903 451 1958; x_wconf 72' lang='grc' dir='ltr'><em>ἃ</em></span> <span class='ocrx_word' id='word_1_167' title='bbox 480 1906 533 1958; x_wconf 81' lang='grc' dir='ltr'><em>έν</em></span> <span class='ocrx_word' id='word_1_168' title='bbox 564 1903 735 1966; x_wconf 83' lang='grc' dir='ltr'><em>αὐτοῖς</em></span> <span class='ocrx_word' id='word_1_169' title='bbox 766 1910 911 1965; x_wconf 76' lang='grc' dir='ltr'><em>2τοῖς</em></span> <span class='ocrx_word' id='word_1_170' title='bbox 937 1901 1063 1974; x_wconf 79' lang='grc' dir='ltr'><em>πρὸς</em></span> <span class='ocrx_word' id='word_1_171' title='bbox 1090 1900 1225 1971; x_wconf 84' lang='grc' dir='ltr'><em>ήμᾶς</em></span> <span class='ocrx_word' id='word_1_172' title='bbox 1248 1902 1526 1971; x_wconf 80' lang='grc' dir='ltr'><em>ἐρχομένοις</em></span> <span class='ocrx_word' id='word_1_173' title='bbox 1550 1900 1896 1971; x_wconf 83' lang='grc' dir='ltr'><em>ήμφιβάλλετο.</em></span> <span class='ocrx_word' id='word_1_174' title='bbox 1978 1901 2115 1965; x_wconf 81' lang='grc' dir='ltr'><em>Τινὲς</em></span> <span class='ocrx_word' id='word_1_175' title='bbox 2140 1903 2229 1971; x_wconf 78' lang='grc' dir='ltr'><em>μὲν</em></span> <span class='ocrx_word' id='word_1_176' title='bbox 2254 1900 2348 1973; x_wconf 78' lang='grc' dir='ltr'><em>γάρ</em></span> 
     </span>
     <span class='ocr_line' id='line_1_21' title="bbox 419 1985 2350 2059; baseline -0.001 -17"><span class='ocrx_word' id='word_1_177' title='bbox 419 1988 584 2043; x_wconf 77' lang='grc' dir='ltr'><em>αὐτῶν</em></span> <span class='ocrx_word' id='word_1_178' title='bbox 625 1988 891 2058; x_wconf 82' lang='grc' dir='ltr'><em>ἐτόλμησαν</em></span> <span class='ocrx_word' id='word_1_179' title='bbox 921 1989 1075 2059; x_wconf 86' lang='grc' dir='ltr'><em>λέγειν</em></span> <span class='ocrx_word' id='word_1_180' title='bbox 1112 1986 1311 2042; x_wconf 66' lang='grc' dir='ltr'><em>ἄνωθεν</em></span> <span class='ocrx_word' id='word_1_181' title='bbox 1340 1986 1427 2041; x_wconf 85' lang='grc' dir='ltr'><em>τὸν</em></span> <span class='ocrx_word' id='word_1_182' title='bbox 1455 1985 1670 2058; x_wconf 75' lang='grc' dir='ltr'><em>Χριστόν</em></span> <span class='ocrx_word' id='word_1_183' title='bbox 1706 1985 1760 2042; x_wconf 80' lang='grc' dir='ltr'><em>τὸ</em></span> <span class='ocrx_word' id='word_1_184' title='bbox 1790 1994 1930 2056; x_wconf 76' lang='grc' dir='ltr'><em>σῶμα</em></span> <span class='ocrx_word' id='word_1_185' title='bbox 1964 1989 2350 2057; x_wconf 87' lang='grc' dir='ltr'><em>κατενηνοχέναι.</em></span> 
     </span>
    </p>
   </div>
   <div class='ocr_carea' id='block_1_5' title="bbox 413 2071 2352 2147">
    <p class='ocr_par' dir='ltr' id='par_1_5' title="bbox 413 2071 2352 2147">
     <span class='ocr_line' id='line_1_22' title="bbox 413 2071 2352 2147; baseline 0.001 -20"><span class='ocrx_word' id='word_1_186' title='bbox 413 2073 748 2143; x_wconf 82' lang='grc' dir='ltr'><em>Ἐπιμένουσα</em></span> <span class='ocrx_word' id='word_1_187' title='bbox 798 2075 850 2126; x_wconf 83' lang='grc' dir='ltr'><em>δὲ</em></span> <span class='ocrx_word' id='word_1_188' title='bbox 877 2076 929 2127; x_wconf 80' lang='grc' dir='ltr'><em>ἐν</em></span> <span class='ocrx_word' id='word_1_189' title='bbox 962 2080 1022 2147; x_wconf 82' lang='grc' dir='ltr'><em>τῇ</em></span> <span class='ocrx_word' id='word_1_190' title='bbox 1052 2080 1151 2127; x_wconf 85' lang='grc' dir='ltr'><em>τῶν</em></span> <span class='ocrx_word' id='word_1_191' title='bbox 1179 2072 1465 2144; x_wconf 69' lang='grc' dir='ltr'><em>ἀνθρώπων</em></span> <span class='ocrx_word' id='word_1_192' title='bbox 1495 2075 1659 2146; x_wconf 75' lang='grc' dir='ltr'><em>ἐννοίᾳ</em></span> <span class='ocrx_word' id='word_1_193' title='bbox 1687 2071 1721 2141; x_wconf 83' lang='grc' dir='ltr'><em>ή</em></span> <span class='ocrx_word' id='word_1_194' title='bbox 1752 2077 1997 2144; x_wconf 82' lang='grc' dir='ltr'><em>ξενολογία</em></span> <span class='ocrx_word' id='word_1_195' title='bbox 2031 2075 2109 2128; x_wconf 79' lang='grc' dir='ltr'><em>ἐπὶ</em></span> <span class='ocrx_word' id='word_1_196' title='bbox 2139 2072 2228 2142; x_wconf 81' lang='grc' dir='ltr'><em>τήν</em></span> <span class='ocrx_word' id='word_1_197' title='bbox 2257 2076 2352 2128; x_wconf 88' lang='grc' dir='ltr'><em>δει-</em></span> 
     </span>
    </p>
   </div>
   <div class='ocr_carea' id='block_1_6' title="bbox 215 2156 2345 2232">
    <p class='ocr_par' dir='ltr' id='par_1_6' title="bbox 215 2156 2345 2232">
     <span class='ocr_line' id='line_1_23' title="bbox 215 2156 2345 2232; baseline -0.003 -13"><span class='ocrx_word' id='word_1_198' title='bbox 215 2183 299 2219; x_wconf 80' lang='lat' dir='ltr'><strong>pag.</strong></span> <span class='ocrx_word' id='word_1_199' title='bbox 322 2172 395 2209; x_wconf 81' lang='lat'>9⁹⁷-</span> <span class='ocrx_word' id='word_1_200' title='bbox 419 2161 599 2230; x_wconf 86' lang='grc' dir='ltr'><em>νότητα</em></span> <span class='ocrx_word' id='word_1_201' title='bbox 640 2157 904 2232; x_wconf 79' lang='grc' dir='ltr'><em>προκοπήν</em></span> <span class='ocrx_word' id='word_1_202' title='bbox 944 2159 1198 2230; x_wconf 81' lang='grc' dir='ltr'><em>εἰργάζετο.</em></span> <span class='ocrx_word' id='word_1_203' title='bbox 1258 2158 1425 2213; x_wconf 75' lang='grc' dir='ltr'><em>’Ἄλλοι</em></span> <span class='ocrx_word' id='word_1_204' title='bbox 1464 2160 1516 2212; x_wconf 83' lang='grc' dir='ltr'><em>δὲ</em></span> <span class='ocrx_word' id='word_1_205' title='bbox 1551 2161 1600 2222; x_wconf 80' lang='grc' dir='ltr'><em>ἐξ</em></span> <span class='ocrx_word' id='word_1_206' title='bbox 1640 2156 1804 2212; x_wconf 75' lang='grc' dir='ltr'><em>αὐτῶν</em></span> <span class='ocrx_word' id='word_1_207' title='bbox 1829 2161 1915 2212; x_wconf 89' lang='grc' dir='ltr'><em>καὶ</em></span> <span class='ocrx_word' id='word_1_208' title='bbox 1944 2157 1998 2213; x_wconf 85' lang='grc' dir='ltr'>τὸ</span> <span class='ocrx_word' id='word_1_209' title='bbox 2029 2156 2197 2228; x_wconf 83' lang='grc' dir='ltr'><em>ψυχὴν</em></span> <span class='ocrx_word' id='word_1_210' title='bbox 2225 2161 2345 2229; x_wconf 79' lang='grc' dir='ltr'><em>εἰλη-</em></span> 
     </span>
    </p>
   </div>
   <div class='ocr_carea' id='block_1_7' title="bbox 419 2243 2350 3260">
    <p class='ocr_par' dir='ltr' id='par_1_7' title="bbox 419 2243 2350 3260">
     <span class='ocr_line' id='line_1_24' title="bbox 421 2243 2348 2315; baseline -0.001 -15"><span class='ocrx_word' id='word_1_211' title='bbox 421 2249 568 2314; x_wconf 84' lang='grc' dir='ltr'><em>φέναι</em></span> <span class='ocrx_word' id='word_1_212' title='bbox 599 2245 685 2301; x_wconf 86' lang='grc' dir='ltr'><em>τὸν</em></span> <span class='ocrx_word' id='word_1_213' title='bbox 714 2244 930 2315; x_wconf 78' lang='grc' dir='ltr'><em>Χριστὸν</em></span> <span class='ocrx_word' id='word_1_214' title='bbox 959 2244 1255 2314; x_wconf 80' lang='grc' dir='ltr'><em>ἠρνήσαντο.</em></span> <span class='ocrx_word' id='word_1_215' title='bbox 1338 2245 1476 2307; x_wconf 83' lang='grc' dir='ltr'><em>Τινὲς</em></span> <span class='ocrx_word' id='word_1_216' title='bbox 1500 2245 1553 2298; x_wconf 81' lang='grc' dir='ltr'><em>δὲ</em></span> <span class='ocrx_word' id='word_1_217' title='bbox 1587 2246 1673 2298; x_wconf 84' lang='grc' dir='ltr'><em>καὶ</em></span> <span class='ocrx_word' id='word_1_218' title='bbox 1709 2243 1977 2313; x_wconf 84' lang='grc' dir='ltr'><em>όμοούσιον</em></span> <span class='ocrx_word' id='word_1_219' title='bbox 2007 2244 2061 2299; x_wconf 86' lang='grc' dir='ltr'>τὸ</span> <span class='ocrx_word' id='word_1_220' title='bbox 2087 2250 2228 2313; x_wconf 81' lang='grc' dir='ltr'><em>σῶμα</em></span> <span class='ocrx_word' id='word_1_221' title='bbox 2258 2251 2348 2299; x_wconf 88' lang='grc' dir='ltr'><em>τοῦ</em></span> 
     </span>
     <span class='ocr_line' id='line_1_25' title="bbox 423 2328 2344 2406; baseline -0.002 -20"><span class='ocrx_word' id='word_1_222' title='bbox 423 2338 641 2404; x_wconf 88' lang='grc' dir='ltr'><em>Χριστοῦ</em></span> <span class='ocrx_word' id='word_1_223' title='bbox 666 2339 725 2406; x_wconf 86' lang='grc' dir='ltr'><em>τῇ</em></span> <span class='ocrx_word' id='word_1_224' title='bbox 753 2331 950 2399; x_wconf 87' lang='grc' dir='ltr'><em>θεότητι</em></span> <span class='ocrx_word' id='word_1_225' title='bbox 978 2333 1133 2401; x_wconf 85' lang='grc' dir='ltr'><em>λέγειν</em></span> <span class='ocrx_word' id='word_1_226' title='bbox 1159 2330 1452 2399; x_wconf 78' lang='grc' dir='ltr'><em>ἐτόλμησαν,</em></span> <span class='ocrx_word' id='word_1_227' title='bbox 1490 2331 1575 2383; x_wconf 87' lang='grc' dir='ltr'><em>καὶ</em></span> <span class='ocrx_word' id='word_1_228' title='bbox 1597 2329 1657 2383; x_wconf 75' lang='grc' dir='ltr'><em>τά</em></span> <span class='ocrx_word' id='word_1_229' title='bbox 1684 2328 1955 2402; x_wconf 76' lang='grc' dir='ltr'><em>ἆνωτερικοὶ</em></span> <span class='ocrx_word' id='word_1_230' title='bbox 1984 2331 2106 2402; x_wconf 82' lang='grc' dir='ltr'><em>μέρη</em></span> <span class='ocrx_word' id='word_1_231' title='bbox 2134 2333 2203 2394; x_wconf 85' lang='grc' dir='ltr'><em>εἰς</em></span> <span class='ocrx_word' id='word_1_232' title='bbox 2222 2337 2344 2399; x_wconf 47' lang='grc' dir='ltr'><em>χπολ-</em></span> 
     </span>
     <span class='ocr_line' id='line_1_26' title="bbox 419 2414 2346 2488; baseline 0 -18"><span class='ocrx_word' id='word_1_233' title='bbox 419 2417 506 2486; x_wconf 78' lang='grc' dir='ltr'><em>λὴν</em></span> <span class='ocrx_word' id='word_1_234' title='bbox 543 2417 756 2488; x_wconf 77' lang='grc' dir='ltr'><em>ταραχήν</em></span> <span class='ocrx_word' id='word_1_235' title='bbox 800 2418 1122 2485; x_wconf 71' lang='grc' dir='ltr'><em>κατέστησαν,</em></span> <span class='ocrx_word' id='word_1_236' title='bbox 1177 2414 1238 2469; x_wconf 85' lang='grc' dir='ltr'><em>δι’</em></span> <span class='ocrx_word' id='word_1_237' title='bbox 1276 2415 1366 2477; x_wconf 78' lang='grc' dir='ltr'><em>οὓς</em></span> <span class='ocrx_word' id='word_1_238' title='bbox 1404 2414 1590 2486; x_wconf 72' lang='grc' dir='ltr'><em>ἀνάγκη</em></span> <span class='ocrx_word' id='word_1_239' title='bbox 1630 2417 1794 2487; x_wconf 87' lang='grc' dir='ltr'><em>γέγονε</em></span> <span class='ocrx_word' id='word_1_240' title='bbox 1831 2415 2041 2470; x_wconf 88' lang='grc' dir='ltr'><em>σύνοδον</em></span> <span class='ocrx_word' id='word_1_241' title='bbox 2077 2434 2346 2488; x_wconf 82' lang='grc' dir='ltr'><em>συγκροτη-</em></span> 
     </span>
     <span class='ocr_line' id='line_1_27' title="bbox 419 2499 2345 2571; baseline 0 -15"><span class='ocrx_word' id='word_1_242' title='bbox 419 2510 573 2571; x_wconf 86' lang='grc' dir='ltr'><em>θῆναι</em></span> <span class='ocrx_word' id='word_1_243' title='bbox 601 2505 683 2556; x_wconf 81' lang='grc' dir='ltr'><em>καὶ</em></span> <span class='ocrx_word' id='word_1_244' title='bbox 717 2501 1072 2571; x_wconf 84' lang='grc' dir='ltr'><em>άναθεματίσαι</em></span> <span class='ocrx_word' id='word_1_245' title='bbox 1101 2500 1220 2563; x_wconf 79' lang='grc' dir='ltr'><em>τούς</em></span> <span class='ocrx_word' id='word_1_246' title='bbox 1250 2500 1521 2563; x_wconf 88' lang='grc' dir='ltr'><em>τοιούτους.</em></span> <span class='ocrx_word' id='word_1_247' title='bbox 1587 2500 1735 2554; x_wconf 77' lang='grc' dir='ltr'><em>Ἀλλά</em></span> <span class='ocrx_word' id='word_1_248' title='bbox 1773 2504 1857 2555; x_wconf 82' lang='grc' dir='ltr'><em>καὶ</em></span> <span class='ocrx_word' id='word_1_249' title='bbox 1895 2499 2229 2571; x_wconf 76' lang='grc' dir='ltr'><em>ὑπομνήματα</em></span> <span class='ocrx_word' id='word_1_250' title='bbox 2256 2503 2345 2556; x_wconf 81' lang='grc' dir='ltr'><em>πέ-</em></span> 
     </span>
     <span class='ocr_line' id='line_1_28' title="bbox 421 2581 2350 2662; baseline 0 -21"><span class='ocrx_word' id='word_1_251' title='bbox 421 2611 658 2658; x_wconf 88' lang='grc' dir='ltr'><em>πρακται,</em></span> <span class='ocrx_word' id='word_1_252' title='bbox 698 2581 765 2641; x_wconf 67' lang='grc' dir='ltr'><em>ὧν</em></span> <span class='ocrx_word' id='word_1_253' title='bbox 797 2589 1072 2658; x_wconf 72' lang='grc' dir='ltr'><em>ἀντίγραφα</em></span> <span class='ocrx_word' id='word_1_254' title='bbox 1098 2592 1166 2661; x_wconf 79' lang='grc' dir='ltr'><em>τῷ</em></span> <span class='ocrx_word' id='word_1_255' title='bbox 1199 2590 1443 2661; x_wconf 78' lang='grc' dir='ltr'><em>μακαρίτῃ</em></span> <span class='ocrx_word' id='word_1_256' title='bbox 1473 2584 1619 2661; x_wconf 72' lang='grc' dir='ltr'><em>πάπα</em></span> <span class='ocrx_word' id='word_1_257' title='bbox 1641 2587 1930 2662; x_wconf 77' lang='grc' dir='ltr'><em>Ἀθανασίῳ</em></span> <span class='ocrx_word' id='word_1_258' title='bbox 1959 2586 2234 2656; x_wconf 71' lang='grc' dir='ltr'><em>ἀπεστάλη,</em></span> <span class='ocrx_word' id='word_1_259' title='bbox 2287 2584 2350 2641; x_wconf 85' lang='grc' dir='ltr'><em>δι’</em></span> 
     </span>
     <span class='ocr_line' id='line_1_29' title="bbox 422 2671 2350 2744; baseline -0.001 -17"><span class='ocrx_word' id='word_1_260' title='bbox 422 2673 485 2743; x_wconf 81' lang='grc' dir='ltr'><em>ἣν</em></span> <span class='ocrx_word' id='word_1_261' title='bbox 521 2676 680 2727; x_wconf 84' lang='grc' dir='ltr'><em>αἰτίαν</em></span> <span class='ocrx_word' id='word_1_262' title='bbox 720 2680 817 2726; x_wconf 81' lang='grc' dir='ltr'><em>τῶν</em></span> <span class='ocrx_word' id='word_1_263' title='bbox 858 2671 1224 2742; x_wconf 75' lang='grc' dir='ltr'><em>ὑπομνημάτων</em></span> <span class='ocrx_word' id='word_1_264' title='bbox 1262 2675 1346 2727; x_wconf 86' lang='grc' dir='ltr'><em>καὶ</em></span> <span class='ocrx_word' id='word_1_265' title='bbox 1376 2671 1526 2735; x_wconf 76' lang='grc' dir='ltr'><em>αὐτός</em></span> <span class='ocrx_word' id='word_1_266' title='bbox 1555 2671 1583 2726; x_wconf 83' lang='lat'>6</span> <span class='ocrx_word' id='word_1_267' title='bbox 1607 2677 1879 2744; x_wconf 87' lang='grc' dir='ltr'><em>μακαρίτης</em></span> <span class='ocrx_word' id='word_1_268' title='bbox 1913 2671 2206 2744; x_wconf 77' lang='grc' dir='ltr'><em>ἠναγκάσθη</em></span> <span class='ocrx_word' id='word_1_269' title='bbox 2233 2671 2350 2743; x_wconf 81' lang='grc' dir='ltr'><em>γρά-</em></span> 
     </span>
     <span class='ocr_line' id='line_1_30' title="bbox 424 2756 2349 2830; baseline -0.001 -17"><span class='ocrx_word' id='word_1_270' title='bbox 424 2775 522 2829; x_wconf 82' lang='grc' dir='ltr'><em>ψαι</em></span> <span class='ocrx_word' id='word_1_271' title='bbox 548 2758 806 2827; x_wconf 79' lang='grc' dir='ltr'><em>ἐπιστολήν</em></span> <span class='ocrx_word' id='word_1_272' title='bbox 828 2758 953 2813; x_wconf 79' lang='grc' dir='ltr'><em>κατά</em></span> <span class='ocrx_word' id='word_1_273' title='bbox 974 2765 1073 2812; x_wconf 76' lang='grc' dir='ltr'><em>τῶν</em></span> <span class='ocrx_word' id='word_1_274' title='bbox 1095 2758 1154 2813; x_wconf 78' lang='grc' dir='ltr'><em>τά</em></span> <span class='ocrx_word' id='word_1_275' title='bbox 1178 2766 1379 2813; x_wconf 89' lang='grc' dir='ltr'><em>τοιαῦτα</em></span> <span class='ocrx_word' id='word_1_276' title='bbox 1403 2758 1664 2830; x_wconf 89' lang='grc' dir='ltr'><em>λεγόντων,</em></span> <span class='ocrx_word' id='word_1_277' title='bbox 1702 2757 1820 2827; x_wconf 78' lang='grc' dir='ltr'><em>μετά</em></span> <span class='ocrx_word' id='word_1_278' title='bbox 1844 2759 2167 2827; x_wconf 82' lang='grc' dir='ltr'><em>ἄπειλητικῶν</em></span> <span class='ocrx_word' id='word_1_279' title='bbox 2189 2756 2349 2828; x_wconf 85' lang='grc' dir='ltr'><em>λόγων</em></span> 
     </span>
     <span class='ocr_line' id='line_1_31' title="bbox 426 2843 2349 2919; baseline -0.001 -20"><span class='ocrx_word' id='word_1_280' title='bbox 426 2845 832 2914; x_wconf 79' lang='grc' dir='ltr'><em>ἐπιπεμψάμενος</em></span> <span class='ocrx_word' id='word_1_281' title='bbox 869 2852 937 2917; x_wconf 80' lang='grc' dir='ltr'><em>τῷ</em></span> <span class='ocrx_word' id='word_1_282' title='bbox 962 2845 1324 2919; x_wconf 80' lang='grc' dir='ltr'><em>αἰδεσιμωτάτῳ</em></span> <span class='ocrx_word' id='word_1_283' title='bbox 1355 2844 1609 2918; x_wconf 81' lang='grc' dir='ltr'><em>ἐπισκόπῳ</em></span> <span class='ocrx_word' id='word_1_284' title='bbox 1631 2844 1933 2917; x_wconf 79' lang='grc' dir='ltr'><em>Ἐπικτήτῳ,</em></span> <span class='ocrx_word' id='word_1_285' title='bbox 1982 2843 2056 2898; x_wconf 78' lang='grc' dir='ltr'><em>ὅτι</em></span> <span class='ocrx_word' id='word_1_286' title='bbox 2082 2847 2349 2911; x_wconf 82' lang='grc' dir='ltr'><em>κατηξίωσε</em></span> 
     </span>
     <span class='ocr_line' id='line_1_32' title="bbox 424 2929 2349 3034; baseline -0.002 -50"><span class='ocrx_word' id='word_1_287' title='bbox 424 2953 535 3002; x_wconf 89' lang='grc' dir='ltr'><em>περι</em></span> <span class='ocrx_word' id='word_1_288' title='bbox 563 2933 739 2985; x_wconf 83' lang='grc' dir='ltr'><em>τούτου</em></span> <span class='ocrx_word' id='word_1_289' title='bbox 766 2929 859 2984; x_wconf 63' lang='grc' dir='ltr'><em>κᾶν</em></span> <span class='ocrx_word' id='word_1_290' title='bbox 888 2929 1148 3034; x_wconf 83' lang='grc' dir='ltr'><em>απόκρισιν</em></span> <span class='ocrx_word' id='word_1_291' title='bbox 1175 2939 1279 2993; x_wconf 89' lang='grc' dir='ltr'><em>τοῖς</em></span> <span class='ocrx_word' id='word_1_292' title='bbox 1304 2929 1538 3002; x_wconf 83' lang='grc' dir='ltr'><em>ταράξασι</em></span> <span class='ocrx_word' id='word_1_293' title='bbox 1567 2934 1754 2984; x_wconf 89' lang='grc' dir='ltr'><em>δοῦναι.</em></span> <span class='ocrx_word' id='word_1_294' title='bbox 1828 2935 2018 2996; x_wconf 85' lang='grc' dir='ltr'><em>Σαφως</em></span> <span class='ocrx_word' id='word_1_295' title='bbox 2048 2930 2100 2982; x_wconf 82' lang='grc' dir='ltr'><em>δὲ</em></span> <span class='ocrx_word' id='word_1_296' title='bbox 2121 2931 2235 3030; x_wconf 79' lang='grc' dir='ltr'><em>περὶ</em></span> <span class='ocrx_word' id='word_1_297' title='bbox 2261 2934 2349 2998; x_wconf 85' lang='grc' dir='ltr'><em>τῆς</em></span> 
     </span>
     <span class='ocr_line' id='line_1_33' title="bbox 423 3012 2348 3105; baseline -0.001 -35"><span class='ocrx_word' id='word_1_298' title='bbox 423 3021 630 3079; x_wconf 87' lang='grc' dir='ltr'><em>πίστεως</em></span> <span class='ocrx_word' id='word_1_299' title='bbox 665 3015 904 3088; x_wconf 79' lang='grc' dir='ltr'><em>3γράψας</em></span> <span class='ocrx_word' id='word_1_300' title='bbox 930 3014 957 3069; x_wconf 84' lang='grc' dir='ltr'>ὁ</span> <span class='ocrx_word' id='word_1_301' title='bbox 982 3015 1130 3079; x_wconf 82' lang='grc' dir='ltr'><em>αυτός</em></span> <span class='ocrx_word' id='word_1_302' title='bbox 1153 3021 1423 3105; x_wconf 81' lang='grc' dir='ltr'><em>μακαρίτης</em></span> <span class='ocrx_word' id='word_1_303' title='bbox 1447 3020 1498 3071; x_wconf 82' lang='grc' dir='ltr'><em>έν</em></span> <span class='ocrx_word' id='word_1_304' title='bbox 1522 3039 1701 3091; x_wconf 88' lang='grc' dir='ltr'><em>ταυτω,</em></span> <span class='ocrx_word' id='word_1_305' title='bbox 1739 3017 1823 3070; x_wconf 86' lang='grc' dir='ltr'><em>καὶ</em></span> <span class='ocrx_word' id='word_1_306' title='bbox 1843 3037 1960 3077; x_wconf 89' lang='grc' dir='ltr'><em>τους</em></span> <span class='ocrx_word' id='word_1_307' title='bbox 1984 3012 2114 3070; x_wconf 78' lang='grc' dir='ltr'><em>αὕτα</em></span> <span class='ocrx_word' id='word_1_308' title='bbox 2130 3013 2348 3081; x_wconf 89' lang='grc' dir='ltr'><em>φάσκον-</em></span> 
     </span>
     <span class='ocr_line' id='line_1_34' title="bbox 421 3099 2346 3173; baseline -0.002 -16"><span class='ocrx_word' id='word_1_309' title='bbox 421 3126 508 3166; x_wconf 88' lang='grc' dir='ltr'><em>τας</em></span> <span class='ocrx_word' id='word_1_310' title='bbox 533 3106 614 3157; x_wconf 80' lang='grc' dir='ltr'><em>καὶ</em></span> <span class='ocrx_word' id='word_1_311' title='bbox 643 3102 968 3173; x_wconf 86' lang='grc' dir='ltr'><em>ταράττοντας</em></span> <span class='ocrx_word' id='word_1_312' title='bbox 993 3100 1308 3173; x_wconf 71' lang='grc' dir='ltr'><em>ἀπεκήρυξεν.</em></span> <span class='ocrx_word' id='word_1_313' title='bbox 1377 3106 1465 3165; x_wconf 87' lang='grc' dir='ltr'><em>Ης</em></span> <span class='ocrx_word' id='word_1_314' title='bbox 1491 3105 1746 3171; x_wconf 78' lang='grc' dir='ltr'><em>ἐπιστολῆς</em></span> <span class='ocrx_word' id='word_1_315' title='bbox 1770 3099 1824 3155; x_wconf 84' lang='grc' dir='ltr'>τὸ</span> <span class='ocrx_word' id='word_1_316' title='bbox 1855 3101 2156 3170; x_wconf 81' lang='grc' dir='ltr'><em>ἀντίγραφον</em></span> <span class='ocrx_word' id='word_1_317' title='bbox 2181 3102 2346 3154; x_wconf 80' lang='grc' dir='ltr'><em>ἐνταῦ-</em></span> 
     </span>
     <span class='ocr_line' id='line_1_35' title="bbox 423 3184 2134 3260; baseline -0.003 -18"><span class='ocrx_word' id='word_1_318' title='bbox 423 3197 496 3242; x_wconf 90' lang='grc' dir='ltr'><em>θα</em></span> <span class='ocrx_word' id='word_1_319' title='bbox 534 3191 855 3260; x_wconf 85' lang='grc' dir='ltr'><em>παραθέσθαι</em></span> <span class='ocrx_word' id='word_1_320' title='bbox 893 3187 1060 3241; x_wconf 89' lang='grc' dir='ltr'><em>διόλου</em></span> <span class='ocrx_word' id='word_1_321' title='bbox 1096 3187 1382 3259; x_wconf 83' lang='grc' dir='ltr'><em>άναγκαῖον</em></span> <span class='ocrx_word' id='word_1_322' title='bbox 1393 3187 1664 3259; x_wconf 77' lang='grc' dir='ltr'><em>ἡγησάμην.</em></span> <span class='ocrx_word' id='word_1_323' title='bbox 1740 3188 1838 3239; x_wconf 86' lang='grc' dir='ltr'><em>Καὶ</em></span> <span class='ocrx_word' id='word_1_324' title='bbox 1877 3187 1976 3249; x_wconf 78' lang='grc' dir='ltr'><em>ἔστι</em></span> <span class='ocrx_word' id='word_1_325' title='bbox 2010 3184 2134 3238; x_wconf 89' lang='grc' dir='ltr'><em>τόδε.</em></span> 
     </span>
    </p>
   </div>
   <div class='ocr_carea' id='block_1_8' title="bbox 423 3302 2349 3528">
    <p class='ocr_par' dir='ltr' id='par_1_8' title="bbox 423 3302 2349 3528">
     <span class='ocr_line' id='line_1_36' title="bbox 479 3302 2093 3360; baseline -0.003 -14"><span class='ocrx_word' id='word_1_326' title='bbox 479 3306 518 3346; x_wconf 80' lang='lat'><em>2.</em></span> <span class='ocrx_word' id='word_1_327' title='bbox 557 3307 704 3354; x_wconf 81' lang='grc' dir='ltr'><em>δεινῶς</em></span> <span class='ocrx_word' id='word_1_328' title='bbox 743 3307 922 3347; x_wconf 85' lang='lat' dir='ltr'><strong><em>mendose</em></strong></span> <span class='ocrx_word' id='word_1_329' title='bbox 953 3309 1007 3345; x_wconf 81' lang='lat' dir='ltr'><em>est</em></span> <span class='ocrx_word' id='word_1_330' title='bbox 1048 3307 1088 3346; x_wconf 84' lang='lat' dir='ltr'><em>in</em></span> <span class='ocrx_word' id='word_1_331' title='bbox 1129 3307 1188 3347; x_wconf 78' lang='lat' dir='ltr'><em>ed.</em></span> <span class='ocrx_word' id='word_1_332' title='bbox 1220 3308 1353 3346; x_wconf 82' lang='lat' dir='ltr'><em>Petav.</em></span> <span class='ocrx_word' id='word_1_333' title='bbox 1414 3305 1482 3360; x_wconf 81' lang='lat' dir='ltr'><em>qui</em></span> <span class='ocrx_word' id='word_1_334' title='bbox 1509 3305 1560 3345; x_wconf 84' lang='lat' dir='ltr'><em>ab</em></span> <span class='ocrx_word' id='word_1_335' title='bbox 1585 3305 1677 3358; x_wconf 82' lang='lat' dir='ltr'><strong>ipso</strong></span> <span class='ocrx_word' id='word_1_336' title='bbox 1704 3302 1757 3344; x_wconf 87' lang='lat' dir='ltr'><em>ad</em></span> <span class='ocrx_word' id='word_1_337' title='bbox 1782 3316 1857 3342; x_wconf 89' lang='lat' dir='ltr'><em>nos</em></span> <span class='ocrx_word' id='word_1_338' title='bbox 1881 3309 2093 3342; x_wconf 86' lang='lat' dir='ltr'><strong>venerant.</strong></span> 
     </span>
     <span class='ocr_line' id='line_1_37' title="bbox 426 3361 2347 3413; baseline -0.002 -9"><span class='ocrx_word' id='word_1_339' title='bbox 426 3365 559 3404; x_wconf 85' lang='lat' dir='ltr'><strong><em>Colon.</em></strong></span> <span class='ocrx_word' id='word_1_340' title='bbox 591 3368 710 3413; x_wconf 82' lang='lat' dir='ltr'><em>repet.</em></span> <span class='ocrx_word' id='word_1_341' title='bbox 1471 3363 1510 3404; x_wconf 86' lang='lat'><em>2.</em></span> <span class='ocrx_word' id='word_1_342' title='bbox 1544 3363 1705 3403; x_wconf 74' lang='lat' dir='ltr'><strong><em>Restitui</em></strong></span> <span class='ocrx_word' id='word_1_343' title='bbox 1729 3362 1798 3401; x_wconf 85' lang='lat' dir='ltr'><em>hoc</em></span> <span class='ocrx_word' id='word_1_344' title='bbox 1821 3363 1907 3407; x_wconf 80' lang='grc' dir='ltr'><em>τοῖς</em></span> <span class='ocrx_word' id='word_1_345' title='bbox 1924 3390 1935 3407; x_wconf 90' lang='grc'><em>,</em></span> <span class='ocrx_word' id='word_1_346' title='bbox 1971 3361 2074 3410; x_wconf 82' lang='lat' dir='ltr'><em>quod</em></span> <span class='ocrx_word' id='word_1_347' title='bbox 2099 3362 2140 3400; x_wconf 79' lang='lat' dir='ltr'><em>in</em></span> <span class='ocrx_word' id='word_1_348' title='bbox 2168 3361 2347 3403; x_wconf 57' lang='lat' dir='ltr'><strong><em>edian-</em></strong></span> 
     </span>
     <span class='ocr_line' id='line_1_38' title="bbox 484 3413 2349 3468; baseline -0.001 -9"><span class='ocrx_word' id='word_1_349' title='bbox 484 3419 578 3459; x_wconf 74' lang='lat' dir='ltr'>CAP.</span> <span class='ocrx_word' id='word_1_350' title='bbox 616 3421 667 3459; x_wconf 84' lang='lat' dir='ltr'><em>H.</em></span> <span class='ocrx_word' id='word_1_351' title='bbox 696 3442 751 3450; x_wconf 88' lang='lat'><em>--</em></span> <span class='ocrx_word' id='word_1_352' title='bbox 812 3418 847 3460; x_wconf 90' lang='lat'><em>1.</em></span> <span class='ocrx_word' id='word_1_353' title='bbox 898 3421 1056 3460; x_wconf 79' lang='lat' dir='ltr'><strong><em>Correxi</em></strong></span> <span class='ocrx_word' id='word_1_354' title='bbox 1097 3413 1169 3460; x_wconf 71' lang='grc' dir='ltr'><em>ἀπ’</em></span> <span class='ocrx_word' id='word_1_355' title='bbox 1214 3414 1357 3461; x_wconf 64' lang='grc' dir='ltr'><em>αὐτοῦ.</em></span> <span class='ocrx_word' id='word_1_356' title='bbox 1415 3423 1495 3459; x_wconf 81' lang='grc' dir='ltr'><em>ταυ.</em></span> <span class='ocrx_word' id='word_1_357' title='bbox 1523 3431 1601 3459; x_wconf 78' lang='lat' dir='ltr'><em>non</em></span> <span class='ocrx_word' id='word_1_358' title='bbox 1623 3421 1749 3467; x_wconf 76' lang='lat' dir='ltr'><strong><em>extat,</em></strong></span> <span class='ocrx_word' id='word_1_359' title='bbox 1793 3428 1840 3457; x_wconf 78' lang='lat' dir='ltr'><em>ex</em></span> <span class='ocrx_word' id='word_1_360' title='bbox 1869 3420 2028 3468; x_wconf 81' lang='lat' dir='ltr'><strong><em>utroque</em></strong></span> <span class='ocrx_word' id='word_1_361' title='bbox 2055 3418 2166 3458; x_wconf 80' lang='lat' dir='ltr'><strong><em>codd.</em></strong></span> <span class='ocrx_word' id='word_1_362' title='bbox 2195 3429 2286 3459; x_wconf 81' lang='lat' dir='ltr'><strong><em>mss.</em></strong></span> <span class='ocrx_word' id='word_1_363' title='bbox 2313 3421 2349 3459; x_wconf 81' lang='lat' dir='ltr'><em>et</em></span> 
     </span>
     <span class='ocr_line' id='line_1_39' title="bbox 423 3470 1661 3528; baseline -0.001 -12"><span class='ocrx_word' id='word_1_364' title='bbox 423 3477 532 3517; x_wconf 82' lang='lat' dir='ltr'><strong><em>Libri</em></strong></span> <span class='ocrx_word' id='word_1_365' title='bbox 555 3478 671 3528; x_wconf 73' lang='lat' dir='ltr'><em>vulyo</em></span> <span class='ocrx_word' id='word_1_366' title='bbox 710 3470 777 3518; x_wconf 68' lang='grc' dir='ltr'><em>ὑπ’</em></span> <span class='ocrx_word' id='word_1_367' title='bbox 804 3470 946 3518; x_wconf 65' lang='grc' dir='ltr'><em>αὐτοῦ.</em></span> <span class='ocrx_word' id='word_1_368' title='bbox 1010 3477 1220 3517; x_wconf 81' lang='lat' dir='ltr'><strong><em>Gornarius</em></strong></span> <span class='ocrx_word' id='word_1_369' title='bbox 1250 3479 1363 3516; x_wconf 82' lang='lat' dir='ltr'><strong><em>vertit</em></strong></span> <span class='ocrx_word' id='word_1_370' title='bbox 1418 3478 1509 3517; x_wconf 80' lang='lat' dir='ltr'><strong><em>edit.</em></strong></span> <span class='ocrx_word' id='word_1_371' title='bbox 1533 3477 1661 3526; x_wconf 83' lang='lat' dir='ltr'><strong><em>princ.</em></strong></span> 
     </span>
    </p>
   </div>
  </div>
 </body>
</html>
