2508 4134
534 290 758 332 PANARn
788 290 891 341 Lm,
911 290 983 329 111.
1011 290 1146 331 ToM.
1168 291 1199 329 1.
1230 290 1390 330 HAER.
1415 290 1611 330 Lxxiv.
1918 276 2014 327 173

127 398 283 442 autem
314 406 378 440 ex
410 389 621 456 pluribus
651 405 798 458 pauca
832 386 1064 455 quaedam
1094 404 1178 453 pro
1209 387 1332 436 virili
1365 387 1674 454 colligemus3
1728 403 1787 437 ne
1818 384 2017 436 catholi-

126 492 231 526 cum
274 474 385 524 illud
424 474 482 523 de
527 472 696 540 spiritu
721 479 889 523 sancto
928 471 1095 538 dogma
1135 470 1240 519 sine
1271 470 1378 520 ullis
1408 473 1735 522 confirmatum
1760 471 2019 523 auctorita-

126 557 252 608 tibus
291 557 379 607 boc
418 557 523 607 loco
563 565 937 624 praetereamuS.
1017 551 1237 621 Inprimis
1277 553 1400 603 enim
1433 563 1566 621 pater
1590 556 1692 623 ipse
1722 556 1779 606 de
1811 555 2019 606 adventu

125 640 207 691 filii
234 640 304 691 sic
329 640 564 708 loquitur:
613 644 811 698 Ponam,
852 638 1034 705 inquit,
1072 641 1286 702 spernam
1318 655 1462 685 meum
1489 642 1535 687 z'n
1566 643 1688 703 ipso,
1730 649 1777 689 et
1798 643 2015 689 iudicium
2038 639 2255 686 Esai.42,1.

120 728 338 790 gentibus
375 726 622 775 nuntiabit.
703 721 891 790 Quibus
930 720 1092 772 verbis
1134 721 1351 788 spiritum
1382 739 1519 772 suum
1551 733 1766 773 sanctum
1803 723 2018 774 fidelibus

126 809 345 859 omnibus
391 810 449 858 ad
494 808 799 858 obtinendam
844 806 1046 856 salutem
1092 822 1259 855 verum
1301 822 1357 854 ac
1398 823 1678 871 germanum
1725 808 1862 857 deum
1908 824 2018 858 esse

124 892 387 960 praedicat.
464 892 667 943 Accedit
697 891 753 942 ad
787 890 874 940 hoc
906 888 1229 940 testimonium
1269 888 1500 956 unigeniti
1539 890 1688 958 ipsius
1726 891 2016 941 auctoritas:

124 979 360 1042 Spiritus,
418 975 599 1043 inquit,
651 978 827 1024 domini
848 992 988 1039 snper·
1011 993 1108 1034 me,
1159 983 1352 1038 propter
1376 977 1499 1038 quod
1532 977 1671 1023 unxit
1695 993 1763 1023 me
1774 997 1789 1035 ,·
1845 994 1937 1043 quo
1964 975 2020 1026 il·
2037 979 2138 1015 Esai.
2153 979 2207 1024 Μ,
2222 979 2252 1013 ¹·

125 1060 217 1111 lius
268 1060 599 1110 incarnatione
652 1067 700 1109 et
747 1058 915 1126 spiritu
964 1066 1133 1109 sancto
1180 1058 1390 1108 stabilita
1442 1059 1499 1108 de
1547 1058 1764 1108 fidelibus
1810 1059 2023 1110 nuntiata

123 1143 373 1212 ipsiusmet
404 1140 587 1194 Christi
619 1142 957 1193 testificatione
989 1150 1124 1192 certo
1151 1141 1264 1191 illud
1299 1157 1600 1205 asseramuS‚
1642 1142 1845 1194 alienum
1881 1160 1908 1192 a
1934 1144 2023 1193 deo

125 1245 423 1296 nequaquam
465 1244 574 1278 esse
612 1227 828 1296 spiritum
881 1235 1118 1277 sanctum.
1195 1224 1407 1276 Rursum
1459 1227 1516 1276 de
1563 1226 1732 1295 spiritu
1782 1226 2019 1289 dominuS,

124 1315 361 1377 Spiritus,
413 1310 592 1379 iuquit,
625 1315 782 1376 patres
807 1316 899 1360 mei
916 1321 1011 1371 est,
1053 1314 1137 1376 qui
1157 1313 1363 1376 loquitur
1391 1314 1438 1359 e'n
1465 1312 1609 1361 vobis.
1684 1309 1946 1361 Praeterea
1973 1319 2023 1361 ut
2080 1319 2219 1399 ssat-ztan.

125 1397 310 1465 abipsa
341 1396 587 1447 divinitate
617 1413 709 1445 non
740 1396 1090 1446 excludendum
1125 1412 1234 1445 esse
1267 1393 1482 1462 spiritum
1516 1396 1819 1458 ostenderet,
1871 1393 2023 1445 vultui
2130 1390 2140 1407 ’
2200 1390 2208 1399 ’

125 1481 450 1549 apostolorum
480 1480 681 1544 afflavit,
723 1490 771 1530 et
798 1480 947 1541 dixit,
987 1482 1202 1544 Accipite
1228 1483 1441 1544 spiritum
1465 1489 1691 1528 sanetum.
1771 1479 1845 1529 Ad
1880 1479 2018 1542 haec,
2086 1490 2211 1567 123³&

124 1574 176 1615 ut
201 1565 447 1632 aequalem
474 1581 529 1614 ac
555 1563 1010 1615 consubstantialem
1037 1581 1125 1613 sno
1155 1564 1396 1631 patrisque
1424 1563 1610 1631 spiritui
1639 1569 1813 1614 sancto
1834 1580 1887 1614 se
1914 1580 2023 1614 esse
2131 1559 2142 1575 '
2208 1558 2217 1568 ⁶

125 1656 442 1710 monstraret,
484 1650 759 1712 Se'de'lzgz‘tzls
787 1667 883 1708 me,
925 1648 1106 1715 inquit,
1148 1651 1362 1697 mandata
1389 1666 1487 1697 mea
1513 1658 1719 1708 servate,
1762 1658 1811 1698 et
1832 1666 1917 1712 ego
1943 1667 2022 1697 ro·
2077 1658 2206 1736 llqanlq.

119 1734 243 1797 gabo
275 1742 482 1797 patrem,
536 1741 587 1781 et
620 1734 761 1781 allam
794 1735 1084 1782 Paracletum
1123 1735 1256 1782 dabit
1290 1734 1431 1782 vobis.
1515 1730 1665 1798 Quasi
1713 1741 1759 1782 et
1802 1732 2020 1783 dominus
2129 1729 2140 1747 '
2201 1728 2211 1738 ’

122 1818 225 1886 ipse
254 1815 535 1867 Paracletus
576 1814 667 1878 sit,
722 1825 768 1866 et
798 1817 994 1885 spiritus
1036 1825 1230 1868 sanctus
1261 1817 1427 1867 eodem
1455 1818 1595 1867 modo
1620 1816 1682 1867 sit
1715 1814 2019 1868 Paracletus·

125 1900 349 1970 Apostoli
397 1917 546 1962 vero,
600 1909 652 1950 ut
693 1902 1005 1951 ostenderent
1042 1902 1257 1968 spiritum
1304 1910 1522 1951 sanctum
1562 1919 1656 1951 non
1686 1918 1797 1951 esse
1829 1918 2022 1951 servum

123 1986 208 2036 sed
239 1986 401 2035 eadem
434 1983 683 2034 divinitate
713 1985 1007 2053 praeditum,
1050 1985 1176 2036 illius
1205 1985 1536 2037 auctoritatem
1576 2003 1632 2036 ac
1664 1986 1920 2053 potentiam
1953 1985 2024 2036 his

128 2068 287 2120 verbis
315 2070 616 2138 significant:
656 2073 721 2118 Et
757 2073 882 2118 dclx-it
900 2073 1094 2134 spiritus
1124 2080 1341 2130 sanctus,
1394 2074 1654 2135 Segregate
1693 2073 1809 2119 mila·
1845 2075 2025 2120 Barna—
2057 2085 2253 2129 Aet-13‚2.

126 2155 225 2203 bam
250 2164 300 2203 et
324 2157 516 2204 Saulem
545 2159 592 2204 in
620 2172 732 2220 opus
761 2157 825 2203 ad
849 2157 971 2219 quod
997 2173 1072 2204 eos
1101 2158 1282 2214 vocavi,
1327 2163 1420 2205 etc.
1502 2153 1628 2205 Tum
1669 2155 1916 2223 apostolus
1944 2171 2025 2205 ea—

127 2238 231 2288 dem
271 2239 449 2289 diserte
485 2240 725 2290 declarat:
766 2242 989 2288 Dominus
1016 2257 1148 2299 vero,
1187 2239 1368 2307 inquit,
1408 2243 1601 2304 spir-itus
1627 2249 1722 2288 est.-
1763 2241 1846 2288 ubi
1870 2249 2019 2289 autem
2037 2254 2207 2298 21:023,
2224 2255 2275 2291 ιτ,

125 2326 322 2387 spiritus
359 2326 536 2372 domini
568 2333 665 2383 est,
718 2325 817 2372 ille'e
853 2325 1072 2384 le'berta85
1126 2324 1268 2374 item:
1330 2328 1418 2373 Vos
1441 2327 1652 2389 templum
1685 2328 1764 2374 dez'
1788 2328 1923 2384 estes,
1978 2334 2275 2384 et1.00r.3,16.

125 2409 321 2471 spm'tus
358 2410 533 2457 domini
564 2409 747 2457 habitat
791 2411 837 2457 in
875 2409 1017 2456 vobis.
1097 2405 1195 2458 lam
1228 2425 1346 2458 vero
1374 2426 1479 2459 cum
1514 2410 1738 2477 templum
1766 2409 1840 2459 dei
1874 2409 1933 2459 ob
1967 2408 2025 2459 il-

126 2490 219 2541 lam
261 2491 414 2541 sancti
454 2491 649 2559 spiritus
689 2491 1027 2542 habitationem
1064 2509 1322 2557 vocemur,
1378 2493 1482 2561 quis
1521 2494 1740 2562 spiritum
1773 2492 2026 2562 repudiare

126 2576 318 2637 audeat,
360 2584 409 2625 et
433 2593 458 2624 a
487 2575 561 2625 dei
590 2575 853 2626 substantia
883 2577 1106 2639 reficere,
1149 2595 1253 2627 cum
1286 2576 1464 2628 diserte
1498 2578 1587 2629 hoc
1617 2579 1863 2647 apostolus
1891 2595 2025 2629 asse-

127 2667 230 2723 rat,
290 2662 518 2724 Templum
562 2678 645 2709 nos
676 2678 774 2709 esse
801 2664 900 2720 dei,
946 2671 1142 2726 propter
1169 2666 1382 2727 spei-itum
1409 2665 1539 2712 illam
1574 2673 1783 2712 sanetum
1800 2701 1813 2723 ,
1869 2663 1946 2730 qui
1976 2663 2023 2712 in

127 2743 282 2811 dignis
323 2743 532 2794 habitat?
603 2741 863 2793 Praeterea
909 2763 1114 2811 quonam
1156 2755 1293 2814 pacto
1331 2747 1516 2797 alienus
1550 2765 1576 2797 a
1608 2748 1697 2797 deo
1730 2756 1886 2816 potest
1915 2762 2025 2797 esse

127 2827 321 2896 spiritus
352 2828 430 2878 ille
456 2827 534 2895 qui
565 2830 888 2894 dez'profunda
913 2836 1193 2879 serutatur?
1263 2829 1372 2881 Nec
1405 2832 1625 2899 estquod
1657 2832 1769 2882 illud
1796 2831 2014 2894 obiiciaS,
2069 2845 2210 2899 1.·cor.

126 2912 331 2962 scrutari
362 2911 441 2962 illa
474 2912 693 2979 quidem,
734 2929 822 2961 nec
850 2913 955 2962 dum
988 2921 1143 2963 tamen
1175 2932 1490 2982 cognoscere,
1531 2925 1583 2966 ut
1611 2915 1823 2966 nonnulli
1852 2923 2018 2966 contu·
2083 2888 2137 2932 12,
2160 2889 2212 2923 ω’

128 2996 324 3046 meliose
365 2997 524 3047 iacere
564 3014 667 3046 cum
699 3014 783 3047 sua
815 2995 1026 3064 pernicie
1057 2998 1158 3048 ausi
1187 3008 1316 3049 sunt.
1392 2998 1527 3050 Nihil
1567 3001 1691 3050 enim
1734 3009 1866 3050 vetat
1910 2999 2021 3066 quin

126 3079 250 3130 idem
279 3082 335 3131 de
359 3090 492 3149 patre
520 3080 704 3142 dicant,
747 3081 803 3130 de
831 3098 923 3147 quo
956 3081 1182 3148 scriptum
1213 3092 1305 3142 est,
1343 3087 1568 3133 Scrutarz'
1588 3087 1717 3133 illum
1746 3087 1917 3133 ventris
1947 3101 2019 3131 re·
2032 3097 2276 3143 Prov‚2o,2⁷.

126 3182 297 3214 cessus.
377 3162 540 3232 Quare
582 3166 620 3215 si
655 3174 903 3233 propterea
934 3166 1055 3231 quod
1097 3167 1153 3215 ad
1186 3169 1428 3218 scrutandi
1463 3169 1660 3218 verbum
1701 3166 2024 3233 cognoscendi

128 3249 252 3300 aliud
295 3267 389 3300 non
429 3258 504 3300 est
541 3250 843 3310 adiunctum,
901 3248 1132 3299 eiusmodi
1168 3250 1388 3317 quiddam
1427 3252 1568 3320 impie
1601 3252 1657 3301 de
1688 3251 1858 3319 spiritu
1889 3260 2023 3319 potes

127 3332 286 3383 animo
315 3334 598 3402 concipere,
651 3352 746 3384 non
784 3333 940 3383 minus
983 3333 1029 3382 in
1069 3342 1247 3399 patrem
1279 3334 1452 3403 impius
1490 3336 1557 3386 sis
1589 3343 1805 3403 oportet,
1847 3336 1903 3385 de
1932 3353 2023 3403 quo

129 3418 325 3467 eandem
370 3418 560 3485 cogeris
601 3420 817 3486 proferre
858 3417 1164 3467 sententiam.
1243 3415 1431 3487 Quippe
1461 3438 1564 3469 eum
1595 3420 1781 3470 ventris
1813 3419 1918 3470 illos
1948 3437 2024 3470 re-

128 3517 294 3551 cessus
331 3503 622 3570 perscrutari
664 3511 796 3569 pater
819 3503 1018 3562 dicitnr,
1075 3501 1202 3552 nulla
1249 3503 1295 3551 lit
1328 3502 1616 3569 cognitionis
1647 3504 1843 3554 mentio.
1918 3502 2024 3555 Ne-

129 3601 219 3651 que
252 3602 370 3635 vero
402 3603 602 3637 necesse
637 3586 722 3636 l'uit
749 3586 871 3636 istud
899 3585 1103 3647 addere,
1156 3602 1260 3634 cum
1298 3585 1372 3635 dei
1400 3585 1655 3654 anticipata
1694 3587 1769 3637 illa
1814 3586 2023 3655 cognitio

129 3668 378 3737 perspicue
420 3670 741 3738 significetur,
797 3679 845 3720 et
871 3687 935 3720 ex
974 3668 1077 3736 ipso
1107 3669 1351 3718 scrutandi
1381 3670 1612 3721 vocabulo
1660 3673 1872 3739 perfecta
1913 3688 2024 3722 sen-

183 3767 219 3806 ὃ.
249 3768 327 3817 τῆς
356 3766 511 3815 κοιλίας
540 3770 619 3808 cod.
653 3769 809 3818 Rlzediy.
1098 3770 1226 3806 torum
1255 3769 1448 3807 librorum.

182 3820 222 3862 6.
254 3819 300 3864 τὸ
330 3824 438 3863 codd.
467 3836 555 3864 mss.
606 3823 667 3877 τῷ
706 3826 842 3863 vitium
872 3827 924 3863 est
963 3824 1043 3863 edi·
1155 3826 1193 3867 7.
1222 3822 1473 3878 παρεκφέρει
1500 3826 1611 3865 codd.
1643 3837 1734 3867 mss,
