2508 4134
217 336 332 394 Κεφ.
359 335 439 382 λα’.

472 230 570 282 130
1181 238 1388 281 SANCTI
1414 239 1700 281 ΕΡΙΡΗΑΝΠ

603 334 803 403 Ἐπειδὴ
834 335 887 388 δὲ
911 339 1009 388 τῶν
1033 336 1084 388 ἐν
1106 342 1213 397 ταῖς
1247 343 1462 406 γραφαῖς
1492 337 1730 404 κειμένων
1767 337 1945 399 λέξεων
1971 334 2060 389 τᾶν
2087 342 2208 390 νοῦν
2238 356 2394 407 παρα·

466 421 724 491 τρέποντὲς
759 440 910 484 τινες,
968 422 1053 473 καὶ
1082 420 1258 491 ἑτέρως
1283 419 1319 489 ἢ
1347 427 1592 493 προςῆκεν
1619 419 1990 490 ἑρμηνεύοντες,
2039 422 2122 474 καὶ
2154 421 2273 490 μήτε
2298 427 2397 475 τῶν

466 504 699 576 ῥημάτων
723 502 814 572 τὴν
840 504 1077 573 δύναμιν,
1135 504 1253 573 μήτε
1278 512 1378 559 τῶν
1406 504 1707 576 πραγμάτων
1733 504 1822 574 τὴν
1848 505 2000 572 φύσιν
2022 512 2398 572 κατανοοῦντες,

464 596 707 658 τολμῶσιν
736 590 933 643 ἀθετεῖν
959 588 1048 658 την
1085 589 1299 658 θεότητα
1334 597 1422 644 τοῦ
1466 594 1609 656 υἱοῦ,
1667 590 2056 660 προςκόπτοντες
2080 597 2141 665 τῇ
2161 592 2293 655 λέξει-
2312 597 2400 660 τῆς

463 679 666 738 κτίσεως
692 681 752 749 τῇ
782 677 1092 750 ἐμφερομένῃ
1120 683 1228 739 ταῖς
1256 679 1581 747 Παροιμίαις,
1634 676 1823 746 Κύριος
1849 675 1941 747 γάρ
1972 678 2126 730 ἔκτισέ
2159 697 2218 744 με
2244 674 2400 746 ἀρχὴν

464 758 600 814 ὁδῶν
633 757 789 814 αὐτοῦ
820 763 889 823 εἰς
921 763 1039 832 ἔργα
1083 759 1264 827 αὐτοῦ,
1318 760 1408 824 οὓς
1444 762 1555 815 δέον
1591 768 1661 835 τῷ
1696 760 1933 829 πνεύματι
1971 768 2041 834 τῷ
2076 767 2402 826 ζωοποιοῦντι

463 845 782 910 ἀκολουθεῖν,
822 848 907 899 καὶ
934 845 1002 914 μῆ
1026 851 1094 920 τῷ
1120 845 1368 917 γράμματι
1389 852 1458 918 τῷ
1487 844 1824 900 ἀποκτείνοντι
1853 845 1925 909 (τὸ
1951 845 2043 917 γάρ
2066 853 2260 915 πνεῦμα
2282 851 2400 912 ζωο-

463 935 646 1002 ποιεῖ),
699 933 818 1002 φέρε
845 930 906 999 δὴ
934 933 1251 1000 τολμήσωμεν
1278 933 1364 985 καὶ
1399 929 1543 999 ἡμεῖς
1579 930 1728 1001 μικρά
1765 933 1877 1002 περὶ
1906 931 2096 986 τούτων
2135 935 2400 1001 διαλαβεῖν,

471 1024 490 1054 ¹
510 1017 601 1086 οὐχ
630 1016 706 1071 ὅτι
735 1019 933 1080 ἐντελῶς
970 1020 1157 1089 εἴρηται
1183 1025 1288 1080 τοῖς
1317 1015 1415 1086 πρὸ
1445 1014 1587 1084 ἡμῶν
1621 1017 1868 1087 εἰρηκόσιν
1894 1016 1947 1085 (ἢ
1970 1017 2062 1088 γάρ
2088 1016 2151 1071 ἂν
2176 1015 2401 1086 μαίνοιτό

462 1125 560 1168 τις,
616 1105 662 1155 εἰ
691 1107 837 1156 τοῦτο
874 1104 1050 1173 λέγοι),
1105 1100 1222 1156 οὐδὲ
1258 1102 1334 1156 ὅτι
1367 1101 1559 1175 χρῄζετε
1598 1102 1919 1165 διδάσκοντος
1949 1102 2112 1166 (αὐτοὶ
2137 1102 2231 1174 γάρ
2260 1100 2400 1170 ὖμεῖς

437 1190 780 1242 ’θεοδίδακτοί
809 1190 928 1252 ἐστε)
947 1230 960 1253 ,
1013 1185 1112 1240 ἀλλ’
1142 1190 1226 1240 ἵνα
1253 1193 1629 1258 φανερωθῶμεν
1658 1190 1711 1241 ἐν
1739 1195 1847 1249 ταῖς
1875 1187 2205 1256 συνειδήσεσιν
2240 1185 2398 1256 ἡμῶν,

246 2396 332 2434 pag.
353 2388 428 2424 880.

461 1271 539 1328 ὅτι
567 1279 667 1327 τῶν
694 1272 1077 1341 ἐπιθυμούντων
1103 1273 1247 1341 ἐσμὲν
1270 1275 1567 1343 χαρίσματος
1588 1270 1707 1340 ύμῖν
1730 1275 2024 1341 μεταδοῦναι
2052 1279 2398 1342 πνευματικοῦ.

606 1446 881 1497 Πίστευσον
917 1439 1009 1497 οὖν
1038 1442 1116 1496 ὅτι
1154 1441 1269 1496 οὕτε
1306 1443 1515 1512 ἀλλαχοῦ
1542 1449 1629 1511 τῆς
1661 1449 1883 1513 γραφῆς,
1935 1441 2047 1498 οῦτε
2077 1445 2161 1498 ἐπὶ
2188 1449 2280 1497 τοῦ
2304 1465 2400 1497 ’πα-

462 1528 635 1601 ρόντος
663 1533 844 1600 χωρίου
877 1531 1071 1582 ἐναντία
1101 1525 1160 1582 τά
1192 1527 1386 1599 ῥήματα
1422 1534 1510 1596 τῆς
1536 1534 1731 1599 γραφῆς
1758 1528 1981 1598 ἀλλήλοις
2009 1531 2136 1595 ἐστὶ,
2187 1527 2283 1582 κᾶν
2310 1527 2402 1598 μά-

461 1624 638 1683 χεσθαι
666 1619 793 1688 δοκῇ
818 1612 953 1684 παρά
992 1622 1093 1676 τοῖς
1121 1620 1181 1687 τῇ
1209 1617 1366 1667 πίστει
1398 1611 1467 1681 μὴ
1498 1610 1831 1684 ὑγιαίνουσιν,
1882 1613 1993 1682 ἢτοι
2030 1614 2303 1668 ἀσθενοῦσι
2339 1619 2399 1688 τῇ

461 1699 661 1774 γνώμῃ·
715 1701 801 1753 καὶ
839 1697 907 1762 ὥς
948 1697 1094 1752 οὐδὲν
1122 1705 1222 1752 τῶν
1262 1696 1389 1752 κατά
1424 1697 1509 1752 τόν
1549 1699 1737 1767 κόσμον
1776 1699 2185 1771 παραδειγμάτων
2214 1697 2324 1754 οἷόν
2349 1701 2401 1753 τέ

462 1788 593 1840 ἐστιν
619 1782 888 1855 εύρεθῆναι
914 1783 1034 1854 ὅπερ
1066 1786 1259 1854 ἐξαρκεῖ
1280 1782 1399 1838 καθ’
1425 1782 1570 1838 ἕαυτὸ
1598 1792 1774 1851 σαφῶς
1802 1791 2110 1854 παραστῆσαι
2142 1790 2233 1839 τοῦ
2253 1805 2399 1853 μονο-

460 1877 637 1942 γενοῦς
664 1869 754 1939 τήν
780 1869 944 1937 φύσιν.
1022 1872 1124 1923 Καὶ
1153 1868 1236 1923 διά
1257 1876 1401 1923 τοῦτο
1433 1867 1464 1938 ἦ
1487 1869 1656 1940 γραφὴ
1682 1878 1883 1934 πολλαῖς
1909 1873 2148 1934 ἐπινοίαις
2174 1871 2283 1940 περὶ
2309 1875 2401 1923 τοῦ

461 1961 755 2027 μονογενοῦς
795 1957 880 2008 καὶ
923 1957 1229 2023 ἐπωνυμίαις
1264 1956 1515 2025 κέχρηται,
1572 1958 1618 2008 εἶ’
1658 1978 1764 2018 πως
1809 1959 2142 2024 δυνηθείημεν
2180 1954 2264 2009 διά
2301 1961 2400 2009 τῶν

458 2039 578 2095 καθ’
611 2039 742 2110 ἡμᾶς
767 2040 821 2095 vd
849 2039 972 2112 ύπὲρ
998 2038 1130 2109 ὑμᾶς
1156 2043 1474 2108 καταλαβεῖν,
1528 2042 1613 2093 καὶ
1638 2039 1723 2094 διά
1750 2047 1849 2094 τῶν
1870 2043 2245 2112 γινωσκομένων
2276 2062 2398 2107 φαν-

458 2132 704 2195 τασθῆναι
742 2124 802 2180 τά
836 2126 1170 2197 ἀγνοούμενα,
1223 2125 1384 2195 ἠρέμα
1416 2127 1500 2178 καὶ
1541 2124 1666 2179 κατά
1704 2125 1881 2197 μικρὸν
1913 2124 2014 2180 ἀπό
2041 2133 2142 2180 ταῖν
2169 2131 2400 2197 φανερῶν

459 2211 586 2282 πρὸς
622 2210 683 2264 τοὶ
724 2213 1033 2282 κεκρυμμένα
1079 2209 1506 2281 προβιβαζόμενοι.
1580 2208 1716 2264 Ἐπεὶ
1760 2215 1927 2265 τοίνυν
1984 2211 2267 2266 2πιστεύειν
2300 2213 2400 2265 ἔδει

457 2295 578 2358 τούς
616 2296 939 2358 πιστεύοντας
974 2298 1042 2358 εἰς
1077 2294 1294 2366 Χριστόν
1324 2293 1391 2357 ὥς
1422 2293 1593 2363 ὅμοιός
1638 2298 1767 2351 ἐστιν
1801 2295 1832 2351 ὅ
1856 2296 1966 2360 υἱός
1992 2303 2061 2370 τῷ
2085 2299 2260 2367 πατρὶ,
2313 2295 2399 2350 ἅτε

461 2379 525 2449 δὴ
547 2380 694 2434 εἰκών
735 2378 970 2451 ύπάρχων
995 2387 1083 2435 τοῦ
1125 2382 1207 2435 ἐπὶ
1235 2380 1463 2447 πάντων,
1519 2379 1547 2435 ὁ
1579 2380 1662 2435 διά
1690 2381 1917 2448 πάντων,
1968 2381 2030 2437 δι’
2061 2377 2122 2437 οὗ
2149 2381 2211 2435 τοὶ
2236 2382 2398 2436 πάντα

460 2464 893 2537 δεδημιούργηται,
932 2466 992 2519 τά
1019 2488 1070 2520 τε
1097 2468 1149 2519 ἐν
1173 2473 1278 2528 τοῖς
1307 2464 1536 2536 οὐρανοῖς
1566 2469 1648 2520 καὶ
1681 2465 1740 2521 τά
1769 2469 1852 2521 ἐπὶ
1882 2474 1998 2537 γῆς,
2038 2467 2184 2522 εἰκών
2218 2469 2273 2522 δὲ
2305 2467 2397 2537 οὐχ

462 2548 531 2614 ὦς
559 2549 757 2621 ἄψυχον
786 2550 1044 2620 ἐμψύχου,
1098 2549 1204 2605 οὐδ’
1236 2548 1304 2614 ὥς
1328 2552 1542 2622 ἐνέργεια
1582 2554 1775 2621 τέχνης,
1831 2550 1940 2606 οὐδ’
1981 2551 2050 2616 ὥς
2090 2553 2395 2621 ἀποτέλεσμα

462 2639 724 2708 ἐνεργείας,
764 2635 883 2690 ἀλλά
911 2639 1122 2707 γέννημα
1144 2642 1234 2691 τοῦ
1260 2635 1611 2707 γεννήσαντος,
1649 2641 1734 2692 καὶ
1759 2638 1836 2693 ὅτι
1863 2638 1925 2693 οὗ
1960 2640 2107 2707 θέμις
2135 2640 2235 2693 ἐστὶ
2266 2645 2288 2676 ³
2308 2645 2397 2707 τῆς

460 2729 742 2790 σωματικῆς
777 2723 1103 2793 ἀνθρωπίνης
1139 2721 1406 2793 γεννήσεως
1444 2721 1535 2790 τήν
1571 2730 1661 2777 τοῦ
1702 2731 2000 2796 μονογενοῦς
2046 2726 2271 2794 γέννησιν
2307 2723 2397 2793 τήν

461 2805 559 2878 πρό
599 2813 699 2861 τῶν
740 2808 936 2861 αἰώνων
973 2811 1431 2878 χαρακτηρίζεσθαι,
1482 2810 1566 2862 καὶ
1605 2807 1674 2873 ὥς
1708 2809 1833 2864 κατά
1874 2808 1928 2864 τό
1966 2808 2278 2880 παράδειγμα
2309 2815 2397 2878 τῆς

461 2897 643 2960 σοφίας
667 2900 754 2962 τῆς
779 2899 1087 2965 περιεκτικῆς
1121 2899 1219 2946 τῶν
1249 2890 1580 2962 ἀνθρωπίνων
1607 2895 1973 2964 ἐνθυμημάτων
2000 2901 2090 2948 τοῦ
2111 2893 2299 2965 πατρός
2332 2892 2395 2949 ού

462 2976 560 3046 μὴν
585 2977 927 3042 ἀνυπόστατός
954 3000 1004 3032 τε
1032 2980 1117 3032 καὶ
1145 2977 1479 3049 ἀνύπαρκτος,
1532 2981 1784 3051 ἑκατέραις
1814 2988 1920 3044 ταῖς
1945 2981 2124 3044 λέξεσιν
2161 2979 2394 3048 ἐχρήσατο

461 3061 496 3131 ἡ
527 3061 723 3134 γραφὴ,
773 3070 860 3132 τῆς
901 3085 951 3117 τε
994 3067 1195 3126 κτίσεως
1231 3065 1314 3117 καὶ
1352 3069 1412 3137 τῇ
1441 3071 1527 3132 τῆς
1564 3065 1857 3136 γεννήσεως,
1910 3071 1972 3138 τῇ
2004 3085 2055 3118 τε
2080 3070 2171 3117 τοῦ
2196 3062 2417 3119 ''Exue-s*

461 3150 546 3201 καὶ
575 3155 665 3202 τοῦ
686 3146 993 3218 Ἐγέννησεν,
1045 3147 1132 3217 ούχ
1171 3151 1254 3202 ἵνα
1290 3148 1350 3201 τοὶ
1387 3151 1578 3203 ἐναντία
1620 3154 1748 3224 δοκῇ
1772 3152 1857 3204 καὶ
1884 3148 2009 3203 κατά
2047 3147 2101 3202 τό
2132 3147 2251 3203 αύτὸ
2280 3151 2392 3222 περὶ

463 3239 561 3286 τῶν
599 3234 764 3287 αὐτῶν
789 3235 1043 3305 λέγεσθαι,
1094 3231 1193 3286 ἀλλ’
1222 3237 1304 3287 ἵνα
1332 3231 1413 3286 διά
1444 3235 1530 3301 μὲν
1564 3241 1653 3289 τοῦ
1674 3233 1870 3288 ’Έκτισε
1903 3232 1956 3288 τό
1985 3233 2320 3298 ἐνυπόστατόν
2342 3255 2393 3289 τε

463 3320 548 3371 καὶ
585 3317 825 3387 μόνιμον,
878 3317 961 3372 διά
1000 3319 1053 3372 δὲ
1081 3325 1169 3372 τοῦ
1200 3317 1449 3389 Ἐγέννησε
1487 3318 1542 3373 τό
1578 3322 1818 3390 ἐξαίρετον
1853 3325 1939 3373 τοῦ
1980 3325 2278 3390 μονογενοῦς
2306 3321 2392 3374 καὶ

466 3401 650 3466 ἰδιάζον
690 3408 920 3477 παριστᾷ.
986 3402 1144 3474 Ἐγώ,
1197 3408 1345 3472 φησὶ,
1400 3406 1459 3458 ἐκ
1494 3411 1583 3458 τοῦ
1627 3402 1812 3475 πατρός
1852 3407 2092 3472 ἐξῆλθον,
2145 3407 2231 3458 καὶ
2268 3404 2388 3474 ἥκω.

524 3503 618 3544 Cup.
649 3506 817 3547 XXXI.
845 3530 901 3538 ——·
962 3506 996 3548 l.
1041 3507 1293 3546 Scribendum
1323 3502 1400 3562 οὐχ
1457 3506 1551 3546 dem
1577 3505 1702 3560 igitur
1727 3505 1947 3559 oportebat
1975 3505 2190 3546 credentes
2209 3506 2251 3546 in
2274 3506 2390 3548 Chri-

465 3553 530 3601 ὅτι
566 3555 641 3602 οὐκ
680 3560 877 3614 ἐντελῶς,
919 3565 979 3603 vel
1014 3557 1091 3617 οὔχ
1122 3556 1187 3605 ὅτι
1221 3558 1396 3611 ἀτελῶς.
1453 3571 1561 3602 stum
1587 3562 1754 3604 credere
1777 3561 1889 3617 quod
1910 3561 2050 3603 similis
2074 3571 2137 3603 est
2156 3562 2260 3604 filius
2280 3563 2389 3619 patri

520 3617 558 3655 2.
593 3619 826 3659 Vocabulum
861 3614 1094 3671 πιστεύειν,
1136 3620 1239 3669 quod
1263 3621 1397 3659 absor-
1453 3623 1533 3660 cett.

458 3674 570 3720 ptum
596 3678 693 3721 erat,
721 3678 924 3725 revocavi,
953 3688 1064 3716 sensu
1087 3677 1318 3725 postulante,
1346 3688 1394 3715 ex
1505 3674 1545 3716 3.
1586 3676 1841 3716 Scribendum
1878 3672 1926 3717 ἐκ
1964 3676 2046 3729 τῆς
2085 3678 2146 3716 vel
2185 3672 2255 3719 διὰ
2296 3675 2388 3731 τῆς.

463 3728 615 3776 syllaba
641 3730 712 3770 τῖεῖ
735 3733 912 3771 vocabuli
937 3729 1027 3772 ἐπεὶ
1052 3736 1086 3770 el
1109 3733 1288 3771 vocabuli
1311 3730 1394 3773 τοί·
1447 3732 1622 3784 „Parum
1650 3731 1863 3785 expeditus
1900 3731 1967 3771 hic
2003 3732 2148 3773 locus“
2183 3734 2323 3783 legitur
2346 3734 2388 3773 in

459 3796 547 3825 νυν.
602 3786 685 3824 lam
727 3788 941 3827 Carnarius
974 3790 1085 3827 vertit
1124 3787 1393 3842 Quandoqui-
1453 3800 1579 3839 marg.
1608 3789 1697 3828 edil.
1724 3790 1858 3829 Pelav.
1908 3790 2106 3830 Genilivus
2130 3789 2202 3831 τοῦ
2229 3785 2389 3844 πατρὸς
