2508 4134
555 301 778 342 PANARu
807 301 907 342 Lm.
936 299 1006 340 ιιι.
1036 301 1167 342 ΤοΜ.
1197 302 1229 340 ι.
1260 301 1419 341 HAER.
1450 301 1647 343 Lxxw.
1948 285 2045 337 155

146 397 269 451 Cum
296 398 421 466 quod
448 398 615 449 eodem
642 398 768 449 istud
796 397 991 448 recidit:
1043 401 1159 446 Dico
1185 409 1336 448 autem
1364 418 1478 464 ego,
1529 418 1620 449 non
1651 402 1885 458 dominus,
1925 415 2043 446 αωο-
2067 403 2297 448 1.00r.v‚1o.

142 502 240 533 rem
273 484 333 532 ab
367 485 548 532 homine
585 501 676 532 non
703 486 941 547 separari:
992 484 1317 545 Peragrarunt
1349 502 1456 532 vero
1485 487 1737 548 Phrygiam
1761 492 1809 532 et
1839 484 2050 531 Galatiae
2070 489 2147 524 Act·
2172 488 2225 533 16,
2244 488 2277 522 6·

141 577 342 617 tractum
355 605 369 627 ,
417 567 650 632 prohibiti
679 584 708 615 a
732 570 902 631 spirim
940 575 1101 616 sancto
1132 569 1410 630 praedicare
1449 569 1634 616 verbum
1663 572 1709 617 in
1733 570 1855 617 Asia
1870 587 1885 614 .-
1938 568 2050 614 Cum

143 663 294 703 autem
314 655 638 719 pervenissent
657 654 704 700 in
730 654 956 715 Mysiam,
998 651 1287 699 conabantur
1312 653 1360 698 in
1384 654 1645 714 Bithyniam
1669 653 1925 716 proficisci,
1966 668 2047 699 ne·-

143 757 232 804 que
257 741 368 787 sivit
396 754 472 786 eos
495 739 691 800 spiritus
715 744 921 784 sanctus.
997 731 1209 784 Perinde
1239 750 1294 783 ac
1326 730 1551 785 Christus
1584 734 1725 798 dixit,
1765 739 1942 784 Euntes
1969 735 2048 783 ba·
2070 742 2211 777 Matth

137 826 320 887 ptizate
346 838 498 870 omnes
522 829 715 886 gentes.-
754 821 913 868 Nolite
930 828 1127 883 portare
1145 836 1332 883 peram,
1375 836 1520 883 neque
1549 822 1745 882 virgam,
1787 837 1931 884 neque
1955 820 2053 867 cal·
2094 785 2236 911 ᾒῖιιὶέῗί.

144 915 403 955 ceamenta:
446 907 540 968 Qui
559 907 766 969 quidem,
808 902 980 969 inquit,
1019 904 1165 951 Paulo
1190 903 1403 951 dicebant
1420 920 1511 967 per
1536 905 1770 967 spiritum,
1812 921 1869 951 ne
1894 920 2052 951 ascen·
2076 916 2115 947 et
2138 871 2260 947 Malaio-

142 994 289 1040 deret
295 991 633 1052 Hierosolyma.
714 984 833 1037 Item
862 985 1092 1052 Agabus:
1150 990 1277 1042 Haec
1310 990 1424 1035 dicit
1449 990 1672 1051 spiritus:
1730 990 1888 1034 Virum
1915 990 2048 1035 cuius
2068 956 2227 1075 Αοῖἐέᾔ,
2249 996 2279 1030 4.

143 1084 216 1124 est
235 1077 348 1123 haec
373 1090 513 1129 zona.
593 1067 685 1122 Cui
713 1070 867 1121 simile
897 1078 971 1120 est
999 1070 1112 1120 illud
1142 1070 1375 1138 apostoli·
1414 1074 1495 1119 An
1526 1073 1884 1135 experimentum
1912 1088 2050 1135 quae·
2073 1083 2194 1118 2..cor
2207 1082 2260 1126 13,
2270 1080 2303 1114 3.

141 1161 250 1207 ritis
277 1160 504 1223 loquentis
529 1158 577 1205 in
602 1173 672 1204 me
699 1157 912 1204 Christi?
961 1154 1067 1204 vel.
1109 1158 1385 1204 Mementote
1414 1156 1655 1204 verborum
1686 1157 1862 1202 dominz
1870 1191 1884 1213 ,
1941 1172 2051 1219 quo·
2072 1168 2151 1202 Act
2159 1166 2215 1210 2⁰,
2237 1164 2289 1200 3⁵

143 1246 265 1292 niam
292 1245 389 1306 ipse
417 1244 564 1299 divit,
616 1242 789 1288 Melius
822 1248 895 1287 est
914 1241 1029 1287 dare
1055 1256 1189 1304 quam
1218 1243 1444 1304 accipere.
1524 1236 1585 1288 ΕΙ
1613 1256 1736 1287 nunc
1767 1255 1853 1302 ego
1883 1241 2053 1302 spiritu

143 1329 369 1391 alligatus
398 1326 527 1375 abeo.
607 1321 761 1390 Quasi
792 1323 945 1385 dieat,
998 1326 1172 1372 Paulus
1208 1327 1388 1372 vinctus
1424 1326 1530 1373 Iesu
1569 1325 1771 1372 Christi.-
1823 1331 2051 1371 verumta-
2092 1328 2187 1379 Ibiq.
2208 1328 2261 1363 22.

142 1430 243 1461 men
269 1414 463 1476 spiritus
494 1417 782 1458 contestatur
811 1410 928 1456 mihi
946 1425 1035 1472 per
1062 1409 1199 1457 urbes
1235 1411 1407 1456 dicens.
1489 1404 1770 1458 Cuiusmodi
1798 1415 1874 1456 est
1902 1405 2046 1456 illud:
2102 1371 2262 1457 Pfflizum.

146 1499 367 1545 Dominus
395 1497 524 1543 testis
550 1502 620 1542 est
649 1496 830 1542 animae
864 1510 1014 1551 meae,
1056 1495 1179 1557 quod
1205 1511 1296 1542 non
1329 1495 1555 1541 mentior.-
1607 1494 1663 1540 In
1694 1494 1866 1539 virtute
1890 1509 2053 1540 secun·
2083 1457 2168 1492 Gal.
2192 1458 2225 1500 1,
2247 1455 2304 1490 π’

142 1584 248 1629 dum
271 1582 484 1643 spiritum
509 1578 909 1642 sanctificationis.
990 1573 1159 1627 Simile
1192 1585 1266 1626 est
1297 1576 1432 1626 huic.
1475 1580 1677 1626 Sanctus
1705 1580 1752 1625 in
1774 1579 1950 1625 sanctis
1974 1593 2049 1624 re-
2070 1583 2244 1669 &ffb-11³
2257 1582 2304 1658 Ῑέ

143 1667 396 1730 quiescens.
473 1659 625 1711 Item:
684 1664 983 1710 Circumciszo
1026 1664 1180 1710 cordis
1221 1664 1267 1710 in
1304 1664 1490 1725 spiri.tu
1572 1658 1664 1713 Cui
1705 1660 1966 1728 respondet
1991 1659 2048 1709 il·
2066 1670 2172 1704 Rom·
2198 1668 2233 1713 2,
2229 1650 2307 1703 ’2⁹2

142 1748 251 1798 lud:
305 1750 374 1796 Et
405 1748 707 1795 circumcisus
741 1748 1091 1794 circumcisione
1124 1764 1214 1794 non
1251 1763 1390 1795 manu
1412 1748 1579 1812 sacta,
1636 1750 1683 1795 in
1720 1747 2054 1810 exspoliatione
2070 1753 2150 1788 col.
2167 1753 2201 1798 ²,
2226 1752 2281 1786 11

143 1834 352 1896 corporis
385 1840 682 1895 peccatorum
707 1833 754 1879 in
786 1833 1132 1878 circumcisione
1160 1833 1350 1878 Christi.
1431 1830 1546 1880 {llud
1575 1847 1722 1880 vero:
1780 1833 1840 1879 Si
1863 1833 2057 1895 spiritus
2072 1837 2191 1873 1.Gor.
2205 1838 2240 1881 3,
2256 1836 2310 1873 16·

143 1919 221 1965 dei
249 1916 431 1964 habitat
452 1918 499 1964 in
531 1915 683 1974 vobis,
740 1914 848 1964 huic
886 1921 959 1963 est
997 1914 1163 1964 affine:
1221 1917 1602 1977 Quemadmodum
1638 1917 1881 1979 accepistis
1920 1916 2055 1962 Chri-
2088 1923 2168 1959 σοι.
2192 1922 2226 1967 2,
2247 1922 2279 1956 6.

147 2010 296 2059 stum,
341 2003 387 2049 in
414 2004 512 2065 ipso
539 2001 798 2049 ambulate.-
840 2007 918 2060 et‚
957 2002 1151 2063 spiritus
1178 2002 1352 2047 domini
1374 2002 1556 2048 locutus
1581 2009 1655 2048 est
1673 2002 1720 2047 in
1746 2016 1840 2057 me,
1883 2007 1932 2046 et
1954 2015 2056 2046 ver-
2097 2010 2128 2043 2.
2152 2008 2247 2051 Reg-

145 2086 251 2133 bum
281 2087 381 2133 eius
412 2089 460 2134 in
492 2103 573 2134 ore
598 2081 1222 2145 me0.1tem‚Pri'mztias
1250 2087 1445 2148 spiritus
1469 2085 1711 2142 habentes,
1754 2083 1810 2132 ad
1836 2081 1948 2132 illud
1978 2099 2058 2131 ac·
2078 2051 2187 2128 3333.
2202 2052 2238 2136 ἔ,
2256 2090 2311 2125 23.

147 2171 302 2221 cedit:
343 2173 583 2220 Primitiae
610 2171 840 2218 Christus
920 2170 1017 2216 Sed
1040 2171 1136 2232 ipse
1162 2171 1356 2232 spiritus
1382 2170 1598 2232 postulat
1614 2186 1707 2232 pro
1730 2169 1885 2226 nobis,
1928 2166 2051 2216 idem
2098 2137 2151 2221 li»,
2162 2119 2250 2212 {gr

148 2263 223 2305 est
248 2272 353 2304 eum
382 2254 493 2304 illo:
549 2256 643 2316 Qui
670 2262 742 2301 est
763 2255 826 2301 ad
851 2255 1087 2301 dexteram
1116 2255 1216 2311 dei,
1273 2256 1357 2317 qui
1383 2254 1651 2317 interpellat
1666 2270 1756 2316 pro
1781 2252 1939 2301 nobis.-
1998 2253 2056 2299 Ut
2069 2263 2178 2297 Rom.
2201 2262 2235 2304 Β,
2258 2261 2311 2295 26.

145 2343 211 2389 sit
237 2340 406 2388 oblatio
436 2342 646 2403 gentium
687 2346 901 2401 accepta,
954 2338 1249 2401 sanctificata
1283 2341 1330 2386 in
1368 2341 1539 2402 spiritu
1571 2346 1748 2386 sancto.
1828 2331 1920 2385 Cui
1965 2334 2054 2383 hoo
2072 2304 2190 2382 thi'xiil
2193 2287 2311 2391 1Ξ410.

147 2423 303 2475 simile
328 2430 434 2473 est:
473 2426 696 2472 Dominus
720 2431 871 2470 autem
896 2423 1161 2486 sanctificet
1192 2439 1296 2480 vos,
1339 2431 1395 2470 ut
1415 2425 1520 2470 sitis
1543 2424 1739 2480 sinceri,
1794 2429 1841 2468 et
1861 2422 1961 2468 sine
1986 2420 2057 2484 of·
2079 2431 2177 2467 Phil.
2202 2432 2233 2475 1,
2259 2431 2310 2465 16.

142 2511 353 2575 sensione
383 2510 431 2556 in
457 2509 573 2555 diem
601 2509 798 2555 domini:
837 2507 985 2554 Nobis
1013 2524 1120 2554 vero
1148 2509 1370 2555 revelavit
1394 2510 1603 2555 dominus
1627 2523 1716 2570 per
1742 2508 1887 2569 ipsius
1916 2506 2057 2568 spiri·
2069 2518 2098 2553 1.
2112 2517 2200 2552 Gor.
2213 2516 2248 2560 z,
2259 2516 2311 2551 1⁰.

148 2603 271 2652 tum,
329 2592 455 2641 idem
487 2607 590 2640 cum
619 2589 713 2639 isto
745 2589 851 2639 loco
881 2589 1148 2656 signifieat:
1205 2593 1395 2653 Quando
1417 2593 1600 2656 placuit
1625 2594 1672 2639 ei
1696 2593 1781 2655 qui
1802 2607 1870 2637 me
1898 2606 2057 2652 segre-
2088 2602 2221 2646 Ga1.1,
2239 2600 2290 2636 15.

143 2681 280 2742 gavit
321 2678 380 2725 ab
417 2685 548 2724 utero
589 2678 753 2722 matris
791 2692 943 2733 meae,
993 2692 1083 2739 per
1107 2679 1314 2739 gratiam
1347 2679 1516 2740 ipsius,
1577 2678 1786 2724 revelare
1821 2677 1868 2722 in
1897 2691 1966 2722 me
1996 2673 2060 2734 fi-

148 2765 259 2810 lium
287 2778 448 2810 suum.-
500 2761 601 2807 Nos
635 2767 785 2806 autem
822 2776 912 2807 non
948 2762 1111 2808 mundi
1139 2763 1353 2824 spiritum
1391 2762 1673 2825 accepimus,
1729 2762 1813 2807 sed
1839 2760 2052 2822 spiritum
2072 2770 2192 2807 neor.
2209 2771 2243 2815 2,
2260 2768 2312 2804 12.

148 2848 237 2894 dei.
318 2841 442 2896 Cum
486 2860 545 2893 eo
583 2842 926 2891 conferendum
962 2841 1086 2892 istud
1127 2852 1231 2893 est.-
1290 2848 1472 2893 Vosmet
1516 2847 1639 2908 ipsos
1670 2844 1892 2908 probate,
1949 2858 2056 2889 num
2072 2853 2310 2897 2.Cor.13‚5.

152 2932 366 2978 Christus
406 2932 474 2977 sit
505 2931 551 2976 in
587 2928 741 2975 vobis.-
803 2928 1031 2990 Templum
1068 2930 1147 2976 dei
1177 2932 1312 2988 estis,
1362 2938 1423 2997 *et
1452 2932 1647 2993 spiritus
1683 2931 1761 2976 dei
1791 2928 1972 2975 habitat
2009 2927 2055 2973 in
2076 2938 2312 2982 1.cor.3‚16.

150 3015 304 3074 vobis,-
346 3013 544 3081 perinde
574 3020 715 3078 atque
747 3008 890 3059 illud:
945 3011 1173 3059 Habitabo
1206 3015 1253 3060 in
1285 3015 1405 3072 illis,
1461 3022 1507 3062 et
1534 3012 1853 3069 inambulabo,
1907 3008 1956 3058 et
1977 3026 2056 3057 ero
2079 3023 2199 3059 2.cor.
2213 3023 2313 3068 6,16.

155 3100 342 3146 illorum
378 3100 517 3157 deus,
559 3106 606 3145 et
640 3098 734 3160 ipsi
765 3103 904 3143 erunt
937 3096 1053 3142 mihi
1077 3098 1294 3160 populus.

206 3236 272 3277 23.
305 3231 498 3293 ’Ἅγαβός
537 3249 667 3290 φησι,
713 3230 841 3287 τάδε,
882 3235 1079 3284 particula
1191 3240 1258 3284 31
1288 3236 1342 3302 τῇ
1371 3249 1448 3276 mm
1475 3238 1586 3276 habet
1605 3237 1743 3277 Ancor.

150 3308 179 3345 η
211 3296 378 3343 omissa,
397 3295 537 3335 Ancor.
1191 3296 1255 3339 3).
1287 3287 1480 3359 α’παρχῆς
1498 3294 1637 3333 Ancor

208 3347 275 3389 24·
307 3344 464 3401 ομοίως
491 3343 589 3396 ωςεὶ
619 3346 736 3400 ἔλεγε
755 3348 893 3388 -.Amor
1191 3350 1257 3394 33.
1290 3362 1339 3394 ος
1366 3348 1439 3389 καὶ
1467 3344 1703 3400 ἐντυγχάνει
1722 3347 1861 3387 Ancor.

207 3404 275 3444 25.
307 3405 524 3457 ζητοῦντες
548 3406 686 3445 Ancor.
1191 3403 1256 3447 34.
1287 3401 1454 3456 ἁγιάζει
1473 3405 1612 3444 Ancor.

208 3457 275 3500 26.
306 3460 404 3502 θεοῦ
425 3461 562 3501 Ancor.
1190 3462 1255 3503 35.
1286 3458 1471 3510 Χριστοῦ
1492 3460 1631 3500 Amor.

208 3516 275 3557 27.
306 3513 390 3567 ἐγώ
424 3511 510 3558 ἰδοὺ
542 3517 624 3555 cod.
654 3516 814 3565 Rhediy.
1190 3511 1255 3558 36.
1286 3512 1491 3581 Χριστος
1500 3510 1570 3555 διὰ
1597 3524 1830 3566 πνευματος
1848 3515 1986 3555 Ancor.

210 3571 277 3613 25.
311 3568 380 3612 ἐὰν
409 3584 481 3611 om.
507 3573 646 3612 Ancor.
1190 3571 1257 3613 37.
1288 3586 1308 3610 0
1341 3565 1441 3615 bede
1470 3584 1489 3610 0
1522 3563 1726 3634 αφορίσας
1755 3567 1804 3610 ἐκ
1823 3571 1962 3611 Ancor

210 3625 279 3667 29.
307 3628 367 3682 τῷ
401 3626 527 3668 εἰπεῖν
548 3629 688 3668 A.ncor
1191 3626 1256 3667 38.
1286 3621 1356 3666 τὸν
1388 3622 1474 3666 υἱὸν
1506 3620 1632 3665 αἰτοῦ
1665 3624 1705 3667 ἐν
1737 3623 1830 3678 ἐμοὶ
1850 3627 1988 3667 Ancor-

209 3682 275 3723 30.
313 3670 386 3724 καὶ
403 3679 715 3748 περιετμήἓητε
735 3681 938 3736 περιτομῇ
966 3679 1080 3735 ἀχει-
1191 3677 1333 3722 39.τό
1364 3678 1414 3721 ἐκ
1444 3680 1541 3722 Ξεεοῦ
1565 3682 1701 3721 Ancor
1761 3682 1858 3724 ἓεοῢ
1888 3684 1968 3722 sine
1993 3694 2058 3722 ar-

157 3752 241 3791 ροπ
275 3736 316 3781 ἐν
349 3734 601 3788 ἀπεκδύσει,
631 3741 787 3790 reliquis
815 3740 978 3790 omissis,
999 3740 1080 3779 An-
1136 3739 1251 3778 ticulo
1279 3738 1391 3780 habet
1417 3738 1499 3780 cod.
1529 3737 1688 3790 Rhediy.

157 3806 231 3834 cor.
