2508 4134
462 248 565 300 662
1037 255 1308 298 ADDENDA
1338 256 1412 300 ET
1444 256 1816 298 coRmGENDA.

462 364 559 412 post
588 355 649 405 είς
674 360 787 405 νῖκος
813 354 1099 409 καταλείψειν.
1119 379 1178 387 -
1233 355 1263 399 l.
1284 355 1349 399 16.
1375 358 1438 414 τῷ
1461 358 1630 414 πονηρῷ
1658 353 1820 406 οἷδίκως
1840 351 1943 400 αὐτὸ
1976 354 2251 412 λυμηναμένῳ
2278 357 2386 403 Ven.

464 452 514 458 —
545 427 574 468 1.
603 426 666 470 17.
714 421 926 481 οἷνατηξας
969 421 1143 470 ἔδευσεν
1164 450 1191 458 -
1216 450 1243 458 -
1268 425 1479 483 κεραμεὺς
1516 426 1539 472 0‘
1563 424 1842 473 οἷναπλάσσων
1869 421 2001 483 ἄγγος
2025 429 2129 476 Ven.
2158 451 2214 460 -
2270 427 2300 469 1.
2320 427 2387 472 18.

464 498 633 553 Corrige
659 495 738 547 οἷα,
772 513 861 538 cum
894 498 1152 549 Combefisi0‚
1185 513 1262 554 pro
1287 498 1366 550 οῗα,
1397 499 1510 556 quod
1532 500 1688 540 habent
1714 498 1816 540 editi
1843 512 2006 540 omnes.
2024 522 2080 534 —
2135 498 2166 540 l.
2185 495 2254 543 24.
2286 493 2390 542 ἅνα-

463 566 690 624 κοσμτῖσας
720 568 839 617 ἰδίως
868 567 1040 612 ἕκαστον
1068 570 1171 612 Ven.
1199 594 1256 601 —-
1311 570 1340 612 l.
1358 570 1424 614 26.
1457 568 1669 627 βιώσαντα
1692 571 1796 611 Ven.
1828 593 1883 601 —
1938 569 1967 610 1.
1982 569 2023 613 7.
2046 569 2102 611 ab
2123 569 2200 612 inf.
2232 567 2389 625 Δανιὴλ

462 640 536 685 καὶ
560 640 703 684 πολλοὶ
737 642 842 682 ven.
877 663 930 671 —
987 639 1016 681 1.
1037 636 1078 682 4.
1110 640 1161 681 ab
1190 641 1267 682 inf.
1312 641 1425 696 ῥίζαν
1459 640 1632 689 τελείως
1669 640 1752 695 τῆς
1790 655 1876 684 πον.
1916 641 2020 685 ven.
2078 640 2194 682 Idem
2218 640 2247 682 1.
2266 639 2307 683 3.
2335 640 2387 682 ab

460 711 538 752 inf·
572 710 740 755 ἔκτασιν
767 708 916 765 αὖτῆς-
949 736 1002 742 -
1059 711 1088 752 l.
1113 712 1271 766 penult.
1313 714 1476 756 παντελ.
1507 707 1655 761 αὐταῖς
1692 711 1826 766 ῥίζαις
1851 707 1989 767 αὐτῆς
2015 712 2118 755 Ven.
2147 730 2203 744 --h
2258 711 2288 754 l.
2311 711 2387 754 ult.

463 779 546 833 ὥς,
579 790 674 837 post
705 780 928 836 σώματος,
960 797 1042 825 om.
1077 783 1181 827 Ven.
1712 795 1722 805 ’

579 853 857 911 Pag.296.
912 853 940 894 l.
964 854 1002 896 2.
1021 869 1025 870 ⁷
1046 852 1225 911 βλαστὸν
1256 850 1323 909 ἐφ’
1358 852 1482 909 ημῶν
1509 854 1615 895 ven.
1678 852 1795 894 Idem
1833 851 1986 894 deinde
2022 851 2303 909 ἐκθρέψαντα.
2332 878 2390 890 ...-

462 923 493 966 l.
513 923 555 966 3.
598 919 706 967 οἷλλοὶ
737 922 798 980 μη
842 922 1127 980 στειριόσαντοι
1162 927 1267 968 Ven.
1299 949 1351 956 -
1410 925 1438 965 1.
1463 921 1503 966 4.
1547 923 1622 967 καὶ
1660 922 2015 979 συμπιπλώσαντα
2049 924 2110 979 (h.
2132 939 2169 966 e.
2197 925 2240 966 ni
2266 925 2391 970 fallor

465 993 812 1051 συμπιλώσαντα)
840 997 942 1036 Ven.
1004 995 1077 1040 καὶ
1102 992 1442 1051 συμπειλῆσαντα
1468 997 1558 1036 Bas.
1593 1019 1646 1026 —
1691 995 1731 1041 Α1.
1751 996 1791 1037 5.
1825 993 2002 1052 βλάπτον
2028 994 2107 1050 πρὸ
2128 997 2201 1040 τοῦ
2229 995 2391 1052 συμφέή-

464 1079 602 1120 ροντος
627 1066 779 1120 μᾶλλον
805 1067 984 1122 τιμῆσαι
1013 1068 1119 1108 Ven.
1151 1090 1207 1098 —
1265 1067 1292 1107 1.
1314 1066 1354 1108 8.
1387 1065 1540 1116 κακίας
1569 1060 1603 1120 η’
1640 1061 1801 1121 ἀρετῆς
1828 1067 1934 1107 Ven.
1995 1065 2111 1107 Idem
2135 1067 2165 1115 1.
2185 1067 2251 1110 10.
2279 1063 2392 1111 πλά-

465 1150 553 1191 σμα
578 1135 642 1193 τῷ
667 1133 896 1191 πλάσαντι,
928 1146 971 1179 et
999 1138 1123 1193 paulo
1152 1146 1250 1193 post
1277 1132 1412 1186 οὕτως
1435 1131 1466 1192 ἧ“
1494 1132 1654 1188 οὕτως
1711 1137 1820 1186 Πῶς
1849 1134 1943 1193 γὰρ.
1976 1162 2027 1168 —-
2086 1138 2113 1179 1.
2136 1141 2197 1181 11.
2229 1137 2389 1191 εἵλατο;

462 1207 537 1252 καὶ
564 1206 616 1251 σὺ
648 1207 746 1265 λέξῃ
779 1209 887 1261 (sine
918 1207 1014 1264 Διὸ)
1055 1211 1159 1250 Ven.
1190 1233 1244 1241 —
1301 1209 1330 1249 1.
1361 1207 1425 1250 14.
1473 1203 1608 1258 οὕτως
1636 1206 1888 1263 κατακριθὲν
1927 1207 1989 1258 εἰς
2024 1206 2072 1252 τὸ
2112 1203 2389 1265 άλγύνεσθαι;

462 1277 662 1335 Προσχὲς
696 1277 777 1335 γὰρ
818 1275 936 1329 ’ὅπως
979 1275 1115 1334 ὥςπερ
1155 1276 1290 1324 οἷκοντ.
1322 1278 1345 1325 ὁ
1371 1276 1522 1324 οἶπόστ.
1549 1283 1588 1324 δ.
1620 1278 1962 1335 συνεστραμμένα
2000 1275 2170 1335 ῥήματα
2197 1277 2308 1322 Vens
2338 1303 2391 1313 --

462 1350 491 1391 1.
518 1350 583 1393 17.
612 1345 682 1406 οἷγ.
713 1348 967 1406 ἐγκύπτουσι
1000 1356 1087 1401 τοῖς
1126 1349 1264 1407 λόγοις
1291 1353 1394 1392 Ven.
1427 1376 1478 1382 —-
1537 1351 1654 1394 1.21.
1696 1350 2031 1404 καταλείψαντες
2059 1342 2109 1394 οὗ
2134 1349 2213 1406 τὴν
2243 1350 2394 1405 σκέψιν

465 1420 587 1465 ἕνεκα
611 1419 769 1476 ταύτην
799 1411 904 1463 v'en.
936 1449 991 1457 -
1048 1423 1077 1463 l.
1103 1422 1142 1464 8.
1170 1422 1220 1464 ab
1249 1422 1326 1463 ins.
1373 1419 1460 1477 μή,
1492 1431 1589 1464 ante
1615 1420 1685 1466 ἐπὶ
1711 1422 1858 1478 κακῷ,
1891 1436 1972 1466 om.
1998 1423 2104 1464 ven.
2162 1421 2278 1464 Idem
2300 1422 2329 1464 l.
2351 1423 2392 1468 7.

463 1493 515 1534 ab
555 1492 631 1533 inf.
683 1490 892 1548 ὠφέλιμον
929 1491 952 1536 ὁ
995 1491 1087 1538 θάν.
1119 1518 1171 1525 ——
1228 1494 1257 1535 1.
1280 1495 1322 1535 ὃ.
1348 1494 1399 1535 ab
1427 1493 1505 1534 ins.
1550 1488 1848 1549 αὕστηρότατα
1881 1493 1944 1551 τῷ
1981 1494 2168 1538 νοσοῦντι
2202 1494 2307 1537 Ven.
2340 1517 2393 1532 -ς

463 1563 492 1605 l.
516 1563 555 1607 3.
585 1564 637 1605 ab
666 1563 743 1604 inf.
779 1561 899 1621 ᾠδῆς
929 1563 990 1608 ἔτι
1017 1566 1089 1608 τοῦ
1121 1567 1229 1608 Ven.

577 1636 710 1693 Pag.
739 1636 865 1680 298.
924 1635 952 1676 l·
972 1637 1012 1678 2.
1055 1631 1086 1692 ἢ
1111 1635 1158 1680 τὸ
1190 1635 1263 1681 διά
1289 1637 1412 1680 τοῦτο
1439 1637 1550 1679 ven.
1585 1659 1634 1666 --
1693 1636 1721 1677 1.
1747 1633 1787 1678 4.
1822 1637 1996 1692 Repone
2024 1637 2132 1682 σῶον
2158 1651 2236 1693 pro
2268 1638 2386 1690 ζῶον.

464 1731 515 1738 -
547 1706 577 1747 1.
595 1704 636 1748 6.
671 1701 719 1749 οὔ
746 1702 897 1755 σκότος
925 1721 1005 1749 om.
1038 1709 1143 1750 Ven.
1204 1708 1317 1749 Idem
1348 1708 1379 1749 1.
1400 1709 1441 1752 7.
1475 1704 1557 1751 ἀπὸ
1598 1707 1681 1762 τῆς
1718 1702 1892 1763 οἷγάπης
1928 1704 2119 1764 χωρήσει
2159 1708 2239 1764 (ita
2267 1709 2394 1752 etiam

465 1777 580 1833 Bas.)
611 1777 684 1820 τοῦ
724 1776 890 1832 κυρίους
938 1772 961 1822 ὃ
1004 1777 1096 1834 ὲρμ.
1131 1803 1179 1810 --
1239 1779 1267 1820 l.
1298 1780 1361 1822 10.
1395 1773 1523 1830 ”Οτι,
1568 1786 1665 1819 ante
1702 1777 1866 1834 ἕνεκεν,
1912 1793 1993 1822 om.
2023 1780 2127 1820 Ven.
2160 1804 2209 1811 —
2272 1779 2301 1820 1.
2323 1779 2390 1822 12.

465 1855 575 1889 Ante
599 1843 897 1903 Ἀληθέστατα
936 1864 1014 1905 pro
1044 1850 1203 1906 virgula
1234 1865 1345 1906 pone
1372 1858 1583 1906 punctum.
1617 1874 1668 1880 —
1727 1849 1755 1893 l.
1783 1849 1847 1892 13.
1880 1848 2080 1906 πατάξω,
2121 1850 2195 1895 καὶ
2221 1847 2396 1906 ἰάσομαι

463 1922 572 1963 Ven.
633 1919 749 1960 Idem
774 1919 801 1962 l.
830 1918 894 1962 14.
927 1916 1010 1965 άπὸ
1038 1922 1118 1977 τῆς
1144 1919 1332 1978 ἀγάπης.
1366 1945 1418 1953 -
1475 1921 1588 1963 1.15.
1618 1916 1765 1976 Ἰησοῦ
1794 1935 1875 1962 om.
1903 1923 2009 1964 Ven.
2043 1946 2097 1953 —
2153 1922 2181 1965 1.
2209 1922 2273 1966 17.
2305 1920 2393 1977 μὲν,

465 1999 564 2047 post
586 1992 745 2046 ταῦτα,
777 2005 857 2034 om,
886 1994 990 2034 Ven.
1030 2017 1077 2024 -
1134 1994 1164 2034 l.
1182 1994 1238 2035 20
1281 1991 1530 2047 προςιόντων
1557 1991 1664 2048 γὰρ,
1695 1991 1826 2049 φησὶν
1852 1993 1957 2035 Ven.
1993 2017 2041 2024 —
2101 1992 2127 2034 1.
2151 1991 2219 2035 22.
2250 1989 2394 2048 ιῖγιαί-

465 2078 547 2114 νει,
596 2057 661 2107 ὅτι
686 2061 745 2119 μὴ
775 2068 892 2107 νοσεῖ
913 2066 1017 2107 Ven.
1055 2089 1102 2096 —
1161 2065 1189 2105 1.
1210 2063 1277 2107 26.
1308 2058 1340 2119 ἦ
1365 2063 1437 2108 καὶ
1464 2061 1772 2119 ἀπογινομένων
1800 2065 1905 2106 ven.
1965 2062 2079 2105 Idem
2101 2064 2130 2106 l.
2150 2064 2219 2109 27.
2251 2063 2301 2109 δὲ
2321 2057 2395 2109 ἄν·

467 2135 635 2189 θρωπος
664 2135 773 2189 (sine
803 2131 862 2189 ὁ).
894 2160 941 2166 -
1005 2137 1034 2177 l.
1055 2135 1096 2178 6.
1122 2136 1173 2177 ab
1202 2136 1278 2177 inf.
1325 2136 1395 2190 αἱ,
1439 2144 1536 2177 ante
1560 2134 1719 2191 ψυχαὶ,
1751 2149 1832 2176 om.
1865 2128 1969 2177 Veri.
2003 2159 2056 2167 —
2113 2135 2141 2176 1.
2162 2134 2204 2179 6.
2231 2135 2284 2176 ab
2313 2136 2391 2178 inf.

468 2202 645 2255 αὐτοὺς,
689 2205 762 2249 καὶ
800 2207 844 2250 αἱ
888 2207 1022 2264 ψυχαὶ
1058 2210 1163 2250 Ven.
1206 2209 1350 2249 Recte.
1410 2209 1455 2247 In
1495 2208 1585 2247 Bas.
1625 2214 1686 2248 est
1716 2206 1760 2248 αἱ
1784 2205 1858 2249 καὶ
1886 2209 1934 2259 ψ.
1991 2206 2098 2248 Ibid.
2125 2207 2226 2248 Ven.
2259 2206 2396 2263 pergit

465 2272 577 2319 Ἀλλ’
601 2271 710 2320 οὔτε.
737 2301 791 2310 -
848 2279 876 2320 l.
896 2277 937 2320 4.
962 2280 1014 2320 ab
1035 2279 1112 2320 inf.
1148 2276 1417 2336 βεβούλευται
1441 2279 1545 2319 ven.
1566 2301 1621 2308 —
1677 2276 1706 2320 1.
1727 2277 1800 2318 ult.
1831 2274 2068 2335 καταβάσει
2095 2274 2156 2327 ὥς
2179 2278 2264 2327 πᾶς
2289 2279 2394 2320 Ven.

578 2349 712 2406 Pag.
737 2349 865 2394 300.
922 2350 949 2391 l.
970 2350 1010 2392 2.
1053 2351 1127 2394 τοῦ
1161 2349 1222 2406 μή
1255 2347 1358 2394 εἶναι
1382 2347 1429 2394 τὸ
1458 2345 1561 2392 εἶναι
1591 2349 1694 2389 Ven.
1727 2373 1777 2379 —-
1838 2348 1865 2389 l.
1885 2347 1925 2390 3.
1965 2346 2014 2393 τὸ
2044 2348 2171 2406 χείρω
2199 2342 2346 2404 ἤρειτο
2371 2345 2399 2394 0‘

463 2417 648 2471 *not-doaz
672 2434 709 2462 τ.
736 2435 775 2462 κ.
808 2417 831 2464 ὁ
863 2418 986 2471 θεός;
1045 2417 1159 2464 Ἀλλ’
1197 2418 1316 2466 οὐδὲν
1344 2417 1367 2465 ὁ
1393 2417 1494 2469 θεὸς
1534 2419 1724 2474 ματαίως
1759 2417 1883 2477 ἐχειρ.
1919 2420 2022 2461 Ven.
2081 2421 2162 2461 Pro
2185 2415 2331 2477 γῖρεῖτο
2352 2419 2396 2461 in

466 2493 557 2531 Bas.
600 2497 663 2531 est
704 2489 850 2545 ἐρεῖτο.
884 2516 936 2523 -
993 2492 1081 2534 1.5.
1126 2490 1158 2547 τί
1199 2491 1346 2547 Σοφία
1389 2490 1607 2546 συνίστησι
1641 2492 1746 2533 Ven.
1787 2493 1909 2532 Bene.
1941 2505 2016 2522 —·
2052 2491 2080 2532 I.
2100 2489 2141 2534 6.
2186 2490 2298 2547 λέγ.,
2342 2489 2397 2535 τὰ

464 2559 603 2605 πάντα
637 2562 742 2602 ven.
803 2562 919 2604 Idem
946 2563 973 2604 l.
1004 2564 1044 2608 7.
1077 2563 1211 2605 omitt.
1252 2560 1276 2607 0‘
1304 2570 1401 2603 ante
1440 2561 1625 2611 Παῦλος.
1656 2585 1709 2593 -
1766 2562 1794 2605 l.
1820 2562 1885 2604 12.
1933 2559 2206 2618 ματαιότητι,
2249 2561 2394 2617 φησὶν,

465 2632 498 2689 ἐἶ
529 2634 664 2683 κτίσις
691 2635 796 2675 Ven.
828 2656 883 2665 -—-
940 2634 1056 2677 1.18.
1090 2636 1180 2678 διοῦ
1214 2635 1276 2689 (h.
1308 2648 1344 2675 e.
1377 2628 1430 2677 δι’
1460 2626 1531 2689 οὗ)
1567 2630 1755 2685 στενάζει
1789 2635 1894 2676 Ven.
1953 2633 2069 2674 Idem
2095 2633 2123 2673 l.
2146 2632 2210 2677 19.
2245 2630 2402 2688 σώμα-

465 2720 536 2755 τος
561 2703 837 2761 ἐκδεχομένη.
863 2729 917 2736 ——
974 2705 1003 2746 1.
1024 2705 1090 2747 21.
1125 2702 1354 2760 ἀνάστηθι,
1387 2704 1460 2748 καὶ
1486 2702 1660 2748 κάθισον
1684 2705 1790 2746 Ven.
1847 2704 1963 2746 Idem
1984 2704 2011 2745 1.
2029 2704 2097 2747 22.
2126 2703 2397 2760 ἐλευθερώθη

467 2774 525 2831 δη
554 2776 627 2819 καὶ
652 2771 778 2831 αὕτη.
810 2800 863 2807 —-
922 2776 950 2818 l.
974 2776 1042 2820 23.
1076 2777 1263 2832 Οἴδαμεν
1294 2774 1390 2831 γὰρ,
1422 2775 1566 2831 φησὶν,
1598 2770 1663 2820 ὅτι
1693 2777 1796 2818 Ven.
1830 2799 1880 2807 -
1939 2776 1968 2817 1.
1989 2772 2058 2817 24.
2087 2772 2195 2819 οἷλλοὶ
2221 2774 2293 2819 καὶ1
2319 2771 2396 2819 αὖ·

465 2845 544 2902 τὴν
568 2845 647 2902 την
678 2849 765 2888 Bas.
800 2871 851 2878 —
908 2847 936 2888 1.
959 2848 1027 2889 25.
1073 2846 1150 2903 την
1189 2847 1401 2891 υἱοθεσίαν
1432 2849 1536 2889 ven.
1571 2872 1621 2878 --
1677 2847 1704 2890 1.
1729 2846 1798 2890 27.
1841 2844 1890 2896 ὁ,
1933 2855 2032 2888 ante
2070 2842 2266 2901 οὐρανὸς,
2311 2859 2392 2887 om.

466 2921 571 2961 Ven.
631 2918 745 2960 Idem
771 2918 872 2959 ibid.
907 2918 1012 2962 ποιῶ
1038 2918 1170 2973 μένειν
1197 2916 1379 2962 ἐνώπιον.
1414 2942 1467 2949 -
1524 2918 1552 2959 l.
1571 2918 1597 2962 7
1625 2926 1667 2959 et
1691 2917 1731 2961 6.
1759 2918 1810 2960 ab
1832 2918 1908 2959 inf.
1941 2909 2060 2967 οὗτος
2087 2915 2187 2967 θεὸς
2216 2914 2240 2962 ό
2267 2931 2396 2961 κατα-

469 2987 684 3039 σκευάσας
714 2992 818 3031 Ven.
878 2989 994 3031 Idem
1023 2990 1052 3031 1.
1081 2992 1121 3032 5.
1152 2990 1203 3032 ab
1231 2990 1307 3031 inf.
1355 2989 1415 3040 εἰς
1442 2987 1560 3034 κενὸν
1598 2985 1759 3045 αὐτὴν,
1803 2986 1923 3033 ἀλλὰ.
1955 3013 2007 3022 —-
2065 2988 2094 3030 1.
2120 2985 2276 3045 pen'ult.
2307 2985 2394 3049 τὸν,

467 3070 565 3104 ante
594 3056 791 3116 ου’ρανόν,
823 3076 904 3104 om.
935 3063 1039 3103 Ven.

579 3134 712 3190 Pag.
732 3134 860 3178 302.
914 3132 942 3173 1.
965 3133 1006 3174 2.
1043 3130 1237 3187 τοιαύτην
1265 3129 1590 3176 ἐπικατάστασιν
1634 3131 1720 3177 οἵαν
1758 3132 1831 3176 καὶ
1863 3130 1942 3187 πρὸ
1970 3133 2053 3188 τῆς
2076 3136 2186 3181 διακ.
2216 3123 2269 3189 ἦν
2297 3136 2394 3178 δια-

468 3202 589 3248 λυθὲν
622 3206 723 3245 ven.
755 3228 810 3236 —-
867 3204 954 3249 1.7.
985 3202 1209 3260 προφήτης
1234 3199 1467 3248 ἀπολέσθαι
1497 3203 1569 3260 μὲν
1594 3202 1664 3249 τὸν
1690 3200 1862 3259 οὐρανὸν
1890 3206 1995 3245 ven.
2056 3204 2169 3244 Idem
2195 3203 2221 3246 l.
2243 3203 2283 3246 8.
2316 3198 2396 3247 'E-

469 3269 675 3331 πειδῆπερ
705 3273 812 3325 ἔθος.
845 3300 900 3307 -
958 3276 985 3316 1.
1005 3274 1046 3317 9.
1093 3274 1353 3330 ἐνδοξοτέραν
1384 3272 1466 3319 οἷπό
1497 3272 1657 3331 ταύτης
1685 3277 1766 3331 τῆς
1800 3271 2102 3323 καταστάσεως
2128 3274 2200 3317 τοῦ
2230 3271 2395 3330 κόσμου

468 3348 570 3388 Ven.
603 3369 659 3377 -·
728 3347 755 3389 l.
779 3346 842 3388 14.
888 3343 1195 3402 εὖμορφοτέραν
1235 3345 1391 3401 τροπήν
1435 3344 1610 3401 (τροπήν
1651 3347 1789 3402 utique
1829 3345 2126 3388 restituendum
2166 3345 2247 3399 est)
2288 3347 2393 3390 Ven.

468 3418 583 3458 Idem
609 3416 708 3458 ibid.
737 3413 946 3461 οἶπώλειαν
972 3418 1104 3473 λέγειν
1130 3420 1209 3473 τῆς
1234 3420 1308 3460 τοῦ
1335 3415 1444 3461 κατὰ
1471 3416 1541 3461 τὸν
1565 3416 1722 3472 νήπιον.
1753 3442 1811 3451 --
1865 3417 1893 3458 1.
1918 3415 1982 3459 16.
2013 3414 2087 3458 καὶ
2114 3412 2290 3466 κάλλους
2311 3418 2394 3472 τῆς

468 3485 537 3543 ηλ.
565 3490 668 3529 Ven.
731 3488 842 3529 Idem
868 3488 896 3530 l.
923 3489 984 3531 18.
1015 3485 1147 3544 dvm,
1191 3485 1444 3543 κατήργηκα
1469 3486 1522 3532 τὰ
1548 3489 1619 3531 τοῦ
1647 3488 1807 3543 νηπίου.
1840 3511 1892 3518 -
1949 3486 1977 3528 l.
1998 3486 2065 3528 20.
2097 3485 2165 3529 ἵνα
2191 3487 2264 3531 καὶ
2287 3482 2391 3532 οἰνα-

470 3560 626 3615 κτισθῇ
653 3562 760 3601 Ven.
821 3560 936 3601 Idem
973 3560 1073 3601 ibid.
1112 3559 1413 3615 προςδοκητέον
1443 3554 1508 3603 ὅτι
1535 3558 1594 3609 ὥς
1625 3561 1674 3603 οἱ.
1732 3559 1868 3601 Verba
1899 3570 2003 3613 quae
2040 3557 2164 3611 paulo
2195 3567 2292 3614 post
2319 3575 2390 3602 se-

472 3642 673 3686 quuntur,
705 3631 746 3676 ἐν
773 3629 1183 3685 άνακαινοποιηθέντι
1206 3632 1308 3672 Ven.
1337 3644 1418 3671 non
1442 3631 1593 3680 habet,
1624 3644 1795 3685 pergens
1823 3628 1884 3684 τῷ
1912 3624 2064 3684 κόσμῳ
2092 3623 2161 3683 ἅγ.
2191 3631 2224 3673 λ.
2253 3646 2390 3686 κατη-

471 3702 708 3757 κοισόμενοι
745 3703 844 3758 (sic)
889 3701 996 3747 κατὰ
1034 3700 1081 3746 τὸ
1114 3700 1259 3759 λεχθὲν
1290 3725 1307 3733 -
1335 3701 1407 3745 καὶ
1446 3698 1795 3755 κεκτισθῆσονται
1824 3697 1864 3741 ἐν
1893 3697 1955 3753 ργ’
1983 3700 2154 3756 ψαλμῷ.
2185 3724 2239 3732 -
2295 3701 2323 3742 1.
2350 3700 2388 3744 9.

472 3772 522 3811 ab
551 3773 628 3812 inf.
662 3770 995 3828 ἐππροπεύοντες
1022 3775 1126 3816 Ven.
1162 3797 1212 3805 —-
1270 3773 1301 3813 l.
1323 3773 1363 3816 7.
1393 3773 1444 3812 ab
1473 3772 1549 3812 inf.
1581 3768 1721 3818 πάσας
1750 3768 1925 3812 ἔσεσθαι
1950 3784 1989 3811 κ.
2019 3785 2055 3812 τ.
2088 3770 2163 3814 οἰκ.
2192 3769 2268 3815 οὐκ
2297 3771 2388 3814 ἐπι-

471 3842 793 3901 τεθνηξομένους
822 3846 924 3887 Ven.
960 3869 1011 3878 --
1070 3845 1099 3888 1.
1123 3843 1163 3887 6.
1193 3843 1244 3885 ab
1270 3843 1347 3884 inf.
1393 3838 1664 3899 γαμήσοντας
1705 3838 1778 3883 καὶ
1813 3838 2161 3896 τεθνηξομένους,
2204 3838 2292 3887 ἀλλ’
2330 3838 2391 3892 ὥς
