2508 4134
528 278 753 318 PANARn
784 276 885 317 Lm.
909 274 981 318 111.
1013 279 1146 320 TOM.
1179 281 1209 320 1.
1241 272 1406 320 HAER.
1438 280 1638 320 Lxxvt.
1938 255 2034 319 193

127 372 284 424 odium
313 374 589 443 iampridem
625 376 874 438 foverent,
916 375 1149 426 eiusmodi
1178 376 1306 427 illum
1335 395 1515 445 genere
1550 376 1719 428 mortis
1749 376 2036 428 affecerunt.

127 454 284 523 Quem
313 458 370 508 ad
398 459 502 509 eius
545 477 708 510 casum
747 459 1248 521 commemorandum,
1305 470 1353 510 et
1385 462 1738 512 atrocissimum
1782 461 1895 512 illud
1926 478 2037 529 sup-

125 540 352 609 plicium,
407 561 500 610 quo
542 545 702 594 statim
740 552 882 611 atque
914 541 1074 593 audita
1109 539 1382 594 Constantii
1424 563 1554 596 mors
1582 554 1685 610 est,
1736 545 1794 596 ab
1821 545 2040 596 Alexan-

123 624 274 675 drinis
325 625 642 696 interemptus
686 635 789 690 est,
851 627 979 677 nulla
1028 626 1121 677 alia
1170 626 1427 678 occasione
1473 646 1577 679 sum
1625 630 1856 680 deductus
1899 646 2039 696 quam

124 709 249 776 quod
288 710 345 760 de
383 709 530 762 Aetio
579 711 910 780 disputandum
958 710 1097 762 nobis
1147 718 1307 774 esset,
1365 710 1444 778 qni
1482 712 1539 762 ab
1578 713 1658 763 illo
1697 714 1926 764 diaconus
1966 721 2040 764 est

124 793 393 844 ordinatuS.

263 875 356 928 Hic
387 877 535 945 igitur
560 877 734 930 Aetius
763 879 820 930 ad
851 879 1058 930 adultam
1088 887 1294 930 aetatem
1335 896 1485 946 usque
1515 887 1790 930 exterarum
1826 880 2033 951 discipli·
2068 891 2235 947 Cap.11.

122 978 325 1024 narum,
382 963 446 1013 nti
490 971 720 1026 narrant,
774 963 860 1014 fuit
899 963 1094 1014 omnino
1140 963 1289 1013 rudis,
1370 962 1590 1013 Tandem
1629 980 1749 1013 vero
1785 982 1889 1015 cum
1921 966 2040 1016 Ale-

121 1045 362 1095 xandriae
393 1047 712 1098 Aristotelico
753 1048 939 1098 cuidam
975 1047 1259 1116 philosopho
1292 1065 1349 1098 ac
1381 1047 1627 1115 sophistae
1669 1058 1898 1100 navasset
1926 1067 2039 1119 ope-

122 1146 253 1193 ram,
295 1129 354 1180 ab
384 1147 538 1198 eoque
571 1131 864 1182 dialecticam
893 1131 1169 1195 didicisset,
1223 1139 1353 1182 totus
1383 1131 1430 1181 in
1458 1131 1570 1181 illud
1603 1130 1850 1196 incubuit,
1892 1143 1942 1184 ut
1971 1135 2039 1184 di-

120 1212 343 1264 vinarum
381 1231 544 1265 rerum
587 1215 822 1266 rationem
862 1233 1050 1266 omnem
1092 1215 1370 1284 quibusdam
1417 1215 1582 1283 figuris
1627 1215 1912 1284 explicaret.
1990 1218 2040 1268 ld

123 1297 247 1364 quod
282 1315 469 1349 summo
498 1298 548 1349 in
582 1299 680 1350 otio
707 1316 734 1350 a
765 1299 914 1369 prima
955 1300 1060 1351 luce
1100 1300 1157 1350 ad
1187 1317 1441 1368 vesperam
1484 1317 1635 1367 usque
1679 1301 1855 1350 sedens
1895 1302 2041 1369 perti-

119 1381 226 1431 naci
259 1400 405 1450 opera
437 1383 788 1448 contendebat3
847 1384 1068 1434 nimirum
1111 1392 1161 1434 ut
1191 1383 1513 1451 geometricas
1546 1384 1724 1452 figuras
1760 1383 1948 1435 divinas
1980 1386 2036 1435 ad

119 1482 201 1515 res
229 1468 530 1531 tractandaS,
584 1467 879 1519 definiendas
904 1468 1240 1536 docendasqne
1273 1469 1583 1518 transferret.
1660 1467 1821 1536 Atque
1852 1477 1901 1518 ut
1929 1486 2039 1519 sese

119 1548 168 1600 in
200 1549 495 1602 Arianorum
528 1561 708 1602 sectam
741 1552 882 1602 altius
922 1551 1256 1615 immerserat,
1309 1561 1355 1603 et
1378 1552 1598 1602 insanam
1629 1551 1741 1602 Arii
1774 1552 2040 1602 doctrinam

121 1634 379 1699 hauserat,
432 1636 620 1686 illorum
663 1636 793 1687 velut
822 1636 1010 1687 affrictu
1042 1637 1243 1704 quodam
1275 1637 1534 1704 attrituque
1566 1635 1708 1702 longe
1738 1636 2041 1704 pestilentior

121 1719 305 1782 evasit,
347 1728 394 1769 et
424 1720 658 1771 adversus
687 1721 762 1771 dei
793 1720 966 1783 filium,
1008 1738 1063 1771 ac
1091 1720 1308 1788 spiritum
1338 1729 1555 1771 sanctum
1584 1721 1794 1788 linguam
1827 1738 1963 1772 suam
1990 1721 2038 1771 in

120 1802 223 1854 dies
255 1803 470 1855 exacuit.
547 1802 645 1856 Sed
676 1823 700 1854 a
733 1804 974 1855 nonnullis
1004 1805 1061 1854 ad
1096 1801 1434 1856 Constantium
1474 1804 1659 1855 delatus
1690 1804 1737 1853 in
1772 1804 2036 1855 subiectam

122 1885 292 1938 Tauro
333 1887 482 1939 monti
519 1889 765 1955 regionem
806 1889 1070 1955 relegatur.
1149 1888 1217 1939 lbi
1248 1888 1566 1957 perniciosam
1601 1907 1733 1940 suam
1766 1889 2034 1940 doctrinam

116 1970 259 2040 longe
286 1972 475 2040 lateque
510 1973 822 2042 propagavit,
862 1991 917 2023 ac
951 1973 1102 2041 palam
1134 1981 1182 2023 et
1214 1974 1443 2023 audacter
1475 1972 1864 2041 perfrictiorique
1893 1992 2032 2041 quam

116 2064 257 2106 antea
299 2058 457 2107 fronte
502 2056 867 2108 acerbissimum
914 2057 1097 2107 erroris
1142 2056 1269 2107 illius
1314 2075 1452 2125 quem
1493 2067 1776 2109 evomuerat
1815 2057 1950 2108 virus
1988 2058 2035 2108 in

117 2140 323 2192 medium
358 2141 463 2192 sine
492 2141 587 2192 ulla
613 2140 977 2192 intermissione
1007 2141 1222 2209 protulit.
1300 2141 1467 2192 Ausus
1498 2150 1573 2193 est
1599 2142 1724 2193 enim
1756 2140 2038 2192 dissimilem

115 2224 238 2292 patri
269 2225 446 2289 filium,
501 2243 590 2276 nec
629 2226 831 2276 eundem
872 2224 1122 2276 divinitate
1165 2243 1274 2277 esse
1310 2243 1415 2276 cum
1454 2226 1536 2276 illo
1574 2226 1808 2296 profiteri.
1883 2223 2033 2293 Atqui

118 2325 178 2358 ne
224 2326 311 2359 nos
354 2309 541 2377 quidem
581 2309 891 2360 similitudine
940 2310 1045 2379 ipsa
1092 2327 1386 2377 magnopere
1434 2310 1649 2362 nitimur.
1727 2308 1916 2379 Quippe
1958 2309 2036 2376 qui

116 2392 165 2444 in
197 2393 313 2457 filio,
353 2394 393 2443 si
423 2411 528 2443 cum
557 2402 692 2462 patre
722 2395 1020 2456 conferatur,
1061 2394 1371 2444 similitudine
1403 2394 1620 2461 quiddam
1654 2393 1858 2463 amplius
1888 2411 2037 2461 agno-

118 2477 329 2542 scimuS,
387 2494 445 2527 eo
478 2479 601 2545 quod
630 2478 752 2528 idem
789 2477 1039 2529 divinitate
1072 2478 1135 2529 sit
1159 2486 1207 2528 et
1238 2479 1482 2546 aequaliS,
1541 2495 1631 2529 nec
1663 2478 1758 2528 ullo
1799 2477 1940 2528 modo
1969 2477 2038 2527 di-

117 2579 312 2615 versus.
390 2557 622 2611 Ceterum
649 2560 741 2612 etsi
772 2562 997 2631 pleraque
1030 2562 1288 2613 assimilari
1317 2564 1407 2613 deo
1439 2563 1687 2627 dicantur,
1731 2580 1826 2613 non
1856 2571 2033 2625 tamen,

119 2648 159 2698 si
191 2647 248 2698 de
281 2645 567 2713 aequalitate
602 2645 882 2712 loquamur,
938 2647 1104 2697 eadem
1147 2664 1253 2697 eum
1294 2645 1544 2697 divinitate
1584 2655 1714 2697 sunt.
1794 2643 1878 2697 Sic
1910 2646 2034 2696 enim

119 2731 262 2782 homo
296 2733 359 2779 ad
387 2732 631 2794 imaginem
668 2732 746 2778 dei
778 2732 1209 2796 similitudinemque
1230 2734 1424 2798 factm,
1481 2748 1577 2781 non
1618 2730 1745 2782 idem
1791 2748 1897 2782 cum
1937 2729 2021 2781 illo
2058 2753 2152 2788 Gen,
2177 2754 2209 2796 1,
2235 2753 2288 2787 26,

122 2815 412 2884 aequalitate
442 2821 535 2864 est.
613 2810 696 2864 Sic
728 2831 922 2878 regnum
956 2817 1184 2863 coelorum
1218 2834 1372 2879 grano
1398 2819 1574 2880 sinapis·
1600 2818 1749 2864 simile
1779 2823 1883 2878 est,
1938 2832 2035 2864 non
2080 2836 2221 2872 Matth.

121 2909 282 2951 tamen
309 2916 507 2966 granum
544 2897 656 2948 illud
686 2896 810 2947 idem
844 2905 918 2947 est
954 2915 1059 2948 cum
1098 2915 1279 2966 reguo,
1336 2916 1426 2949 nec
1455 2899 1668 2949 eiusdem
1701 2917 1807 2949 cum
1838 2898 1920 2949 illo
1950 2916 2035 2948 na·
2092 2881 2145 2922 ¹3⁹
2169 2880 2222 2915 ³¹·

123 2993 259 3035 turae
297 2983 536 3052 particeps
575 2990 667 3032 est.
747 2982 872 3031 Idem
913 2989 1162 3049 praeterea
1199 3000 1399 3050 regnum
1446 2983 1586 3034 modo
1614 2985 1838 3047 fermenti
1859 2985 2025 3042 simile,
2096 3004 2236 3040 Mam„

121 3069 264 3120 modo
313 3071 464 3116 decem
503 3070 765 3130 virginum,
826 3065 965 3115 modo
1013 3068 1373 3131 patrisfamilias
1408 3066 1663 3117 asseritur.
1751 3064 1893 3132 Quod
1930 3065 2032 3132 qui-
2075 3048 2244 3136 ei5403‘1.

124 3153 230 3203 dem
261 3153 317 3203 de
351 3149 688 3213 similitudine,
745 3167 839 3199 non
882 3149 1046 3199 eadem
1088 3149 1356 3201 substantia
1400 3168 1485 3218 par
1524 3159 1598 3201 est
1634 3149 1804 3217 accipi.
1880 3147 2034 3202 Filius

124 3245 280 3287 autem
310 3253 415 3286 cum
445 3243 494 3285 et
522 3233 641 3303 patri
670 3233 839 3284 similis
865 3233 954 3296 sit,
1011 3241 1059 3282 et
1086 3233 1189 3299 plns
1218 3251 1356 3300 quam
1386 3234 1584 3296 similis,
1642 3233 1766 3300 quod
1794 3232 1920 3284 idem
1955 3251 2037 3286 ae-

126 3320 374 3389 qualisque
406 3321 498 3383 sit,
550 3336 643 3368 non
678 3318 827 3368 solam
855 3316 902 3366 in
936 3334 992 3367 eo
1025 3316 1383 3368 similitudinem
1428 3316 1744 3384 comprobare
1786 3317 1913 3367 omni
1943 3334 2034 3386 ope

125 3405 400 3467 studemuS,
441 3403 523 3453 sed
551 3402 754 3453 eundem
783 3400 1123 3468 aequalemque
1154 3409 1453 3462 monstrare,
1494 3401 1691 3468 perinde
1719 3418 1773 3451 ac
1807 3400 1944 3452 deum
1978 3403 2035 3452 de

127 3488 247 3552 deo,
302 3495 351 3538 et
389 3504 451 3538 ex
485 3495 621 3556 patre
663 3486 838 3548 filium,
896 3501 983 3535 nec
1013 3483 1071 3534 ab
1103 3483 1208 3533 eius
1242 3484 1505 3534 substantia
1536 3484 1808 3548 diversum,
1862 3485 1947 3535 sed
1975 3484 2034 3535 ab

125 3571 232 3641 ipso
269 3570 511 3639 genitum,
569 3570 692 3638 quod
722 3569 876 3638 ipsum
908 3569 966 3618 de
996 3566 1166 3636 spiritu
1200 3576 1368 3617 sancto
1409 3584 1502 3617 non
1538 3567 1693 3618 minus
1722 3569 2031 3620 affirmamus.

128 3656 199 3707 At
228 3655 453 3723 egregius
482 3655 562 3705 ille
594 3653 769 3705 Ae'tius
798 3670 859 3704 ne
895 3652 1096 3718 similem
1130 3651 1329 3718 *quidem
1373 3651 1496 3718 patri
1534 3651 1676 3702 filium
1718 3654 2034 3720 pronuntiare

184 3767 223 3808 2.
269 3768 453 3817 Suspicor
491 3767 749 3816 reponendum
787 3778 863 3806 esse
892 3759 1225 3817 οἷποτριῴάμενός
1252 3775 1298 3804 τε
1325 3758 1372 3804 τὸ
1398 3777 1439 3816 μ.

225 3832 371 3878 Corpus
395 3832 617 3871 Haereseol.
639 3832 686 3865 11.
709 3832 742 3866 3.
1639 3839 1699 3889 13
