2508 4134
577 298 798 338 PANARH
828 298 932 338 LIB.
957 298 1027 338 [Π.
1053 298 1186 339 ΤΟΜ.
1209 300 1262 338 ΙΙ.
1294 298 1457 339 ΗΑΕΒ.
1484 299 1688 339 LXXIX.
1984 286 2084 334 457

189 404 234 446 ta
262 395 506 459 narravit,
546 400 794 461 Ingressus
820 406 914 456 est,
958 396 1138 463 inquit,
1189 400 1252 445 ad
1269 400 1622 461 prophetes-sam.
1703 396 1890 464 Quibus
1918 393 2083 445 verbis
2106 400 2297 446 Euat-8³

189 476 432 531 Gabrielis
482 479 730 530 introitum
779 480 837 530 ad
883 479 1120 547 virginem
1176 480 1417 543 declarat,
1477 481 1611 531 cuius
1652 481 1699 531 in
1741 479 1996 548 cvangelio
2038 476 2090 526 fit

187 563 397 626 mentio3
453 563 530 630 qui
570 564 756 630 quidem
785 581 813 612 a
839 566 921 612 deo
951 568 1118 612 mels-sus
1145 573 1239 623 est,
1294 572 1346 613 ut
1376 564 1503 613 unici
1533 565 1608 614 dei
1638 565 1715 614 filii
1745 566 2000 615 adventum
2034 560 2086 613 in
2141 564 2233 600 Luc.
2259 563 2291 597 ¹·

184 647 309 697 hunc
334 647 558 696 mundum
597 658 644 697 et
683 655 837 698 ortum
881 663 946 697 ex
985 644 1145 696 Maria
1190 646 1451 697 nuntiaret.
1483 716 1488 719 ι
1527 651 1592 696 Et
1618 653 1848 713 concepit,
1907 648 2078 715 inquit,
2107 647 2305 691 mai-3⁹³·

186 741 235 780 et
252 734 435 795 peperit
453 733 643 796 filium.-
681 741 727 781 et
754 734 879 781 dtinz't
897 734 1107 780 dominus
1133 734 1196 780 ad
1216 749 1311 790 me,
1356 735 1477 780 Voea
1506 750 1666 781 nomen
1697 736 1819 791 eius,
1861 737 1951 781 cito
1978 750 2087 796 spo-

187 817 251 863 lz'a
279 817 495 873 detrahe,
554 819 768 865 celeriter
802 818 1033 880 praedare
1046 836 1060 863 :
1116 826 1358 880 antequam
1398 820 1525 864 norit
1548 834 1671 880 puer
1715 834 1879 865 vocare
1901 826 2085 881 patrem

185 909 233 948 et
259 907 476 958 matrem,
533 901 777 964 occupabit
804 903 925 948 vires
961 903 1201 959 Damasci,
1256 909 1303 948 et
1324 902 1473 964 spolia
1501 902 1742 949 Samariae
1771 908 1864 950 etc.
1944 897 2086 966 Quae

186 982 346 1033 omnia
375 983 582 1032 nondum
612 983 805 1052 impleta
838 984 1054 1045 fuerant,
1098 994 1239 1050 atque
1270 983 1316 1033 in
1348 983 1444 1033 filio
1472 984 1546 1034 dei
1579 993 1682 1051 post
1712 1001 1864 1034 annos
1893 984 2087 1033 circiter

184 1066 311 1116 mille
352 1082 407 1116 ac
444 1076 707 1117 sexcentos
750 1067 910 1136 perfici
953 1067 1207 1117 debebant.
1285 1065 1450 1133 Quare
1491 1084 1612 1134 quae
1645 1077 1750 1135 post
1788 1077 1857 1118 tot
1883 1084 2090 1134 genera-

185 1151 341 1200 tiones
385 1158 617 1201 eventura
653 1151 762 1201 olim
809 1160 974 1213 erant,
1028 1151 1222 1218 perinde
1263 1169 1318 1200 ac
1357 1150 1397 1201 si
1432 1152 1554 1201 facta
1589 1152 1681 1201 iam
1723 1161 1915 1214 essent,
1979 1170 2090 1220 pro-

186 1233 324 1303 pheta
365 1235 611 1285 cernebat.
702 1233 832 1286 Num
870 1235 1019 1302 igitur
1057 1234 1355 1285 mendacium
1397 1235 1509 1285 illud
1561 1236 1694 1286 erat?
1766 1234 2083 1303 Nequaquam

182 1335 350 1369 verum
385 1319 507 1385 quod
549 1318 740 1370 divinae
771 1318 1102 1387 providentiae
1142 1319 1344 1369 consilio
1381 1320 1642 1386 gerendum
1675 1330 1723 1370 et
1749 1322 2087 1371 administran-

186 1401 292 1452 dum
326 1410 460 1465 erat,
513 1403 645 1470 quasi
685 1404 946 1471 perfectum
981 1403 1072 1453 iam
1102 1412 1260 1466 esset,
1317 1404 1589 1454 certissime
1634 1405 1969 1468 nuntiabatur,
2028 1421 2087 1454 ne

184 1503 279 1535 non
309 1486 504 1536 veritati
534 1487 652 1537 fides
691 1486 980 1549 haberetur,
1035 1504 1157 1537 neve
1199 1488 1256 1537 ad
1291 1496 1385 1538 tam
1416 1490 1699 1557 stupendum
1735 1499 1781 1540 et
1807 1490 2087 1541 inusitatum

185 1569 498 1637 mysterium,
549 1572 672 1638 quod
701 1571 952 1639 aliquando
991 1572 1199 1622 futurum
1239 1581 1369 1635 erat,
1425 1574 1684 1641 prophetae
1715 1573 1901 1625 animus
1931 1574 2088 1624 haesi-

182 1661 326 1703 taret.
403 1652 583 1706 Nonne
626 1655 903 1706 vaticinium
949 1655 1060 1706 illud
1105 1657 1449 1707 animadvertis
1491 1659 1614 1725 quod
1662 1658 1887 1727 deinceps
1928 1658 2089 1710 subte-

182 1740 291 1790 xuit
319 1739 519 1803 Esaias,
574 1756 681 1790 cum
715 1739 776 1789 ita
813 1740 1049 1807 loquitur,
1110 1743 1342 1805 Tanquam
1388 1745 1484 1790 ovis
1519 1745 1582 1791 ad
1611 1747 1880 1792 occisionem
1919 1747 2086 1792 ductus
2109 1750 2210 1786 Esai.
2225 1749 2279 1794 53,
2294 1748 2326 1782 ⁷-

184 1834 278 1884 est,
335 1834 383 1873 et
413 1834 468 1873 ut
491 1841 646 1887 agnus
687 1841 841 1872 eoram
882 1828 1093 1873 tondente
1127 1826 1380 1885 obmutuit,
1439 1830 1507 1875 sic
1536 1845 1625 1876 non
1665 1832 1817 1892 aperit
1844 1846 1894 1876 os
1921 1846 2083 1876 suum:

178 1912 522 1972 generationem
551 1911 650 1956 eius
681 1925 829 1973 porro
868 1912 971 1973 quis
1000 1910 1274 1957 enarrabit?
1320 1914 1532 1974 quoniam
1575 1915 1756 1960 tollitur
1786 1931 1810 1961 e
1838 1922 1964 1961 terra
1994 1916 2087 1960 vita

183 1995 354 2056 apsens,
395 2002 443 2040 et
470 1993 587 2040 dabo
617 1994 821 2040 nomines
847 2010 1039 2057 nequam
1063 2011 1154 2057 pro
1189 1996 1430 2057 sepultura
1462 1998 1594 2043 eius?
1667 1993 1816 2046 Vides
1849 2005 1900 2047 ut
1929 1997 2088 2064 priora

183 2075 453 2143 posteriore
482 2075 587 2125 loco
617 2084 811 2138 narret,
868 2084 916 2125 et
942 2076 1211 2143 posteriora
1253 2086 1476 2145 tanquam
1519 2079 1611 2128 iam
1657 2081 1779 2130 sacta
1808 2080 1903 2131 sint
1941 2098 2087 2148 expo-

184 2168 284 2210 nat.
367 2163 599 2225 Tanquam
642 2163 766 2219 ovis,
823 2159 1006 2227 inquit,
1061 2164 1124 2209 ad
1150 2165 1419 2211 occisionem
1448 2166 1614 2211 ductus
1653 2174 1748 2224 est‚·
1804 2166 1926 2232 quod
1957 2165 2089 2216 velut

182 2244 493 2312 praeteritum
520 2243 837 2311 significatur.
914 2243 1029 2295 Non
1059 2246 1185 2296 enim
1215 2246 1358 2309 dixit,
1398 2251 1623 2296 Duc-etur.
1703 2249 1851 2316 Atqui
1879 2250 2085 2299 nondum

185 2328 354 2378 ductus
396 2328 475 2378 ille
522 2329 678 2378 fuerat
715 2328 771 2378 de
817 2345 910 2396 quo
944 2329 1296 2381 vaticinabatur
1339 2329 1545 2395 EsaiaS‚
1605 2341 1654 2382 et
1683 2341 1841 2383 tamen
1876 2350 1955 2383 res
1984 2333 2087 2401 ipsa

184 2418 408 2478 tanquam
453 2413 665 2479 perfecta
707 2430 731 2461 a
774 2412 1004 2480 propheta
1049 2415 1346 2482 proponitur.
1440 2414 1568 2466 Nam
1617 2417 1959 2486 mysteriorum
2008 2418 2089 2467 illa

185 2495 448 2563 prophetae
478 2495 632 2545 oblata
675 2495 903 2547 divinitus
949 2497 1184 2549 institutio
1218 2500 1484 2567 praeterire
1525 2508 1604 2550 aut
1635 2501 1810 2552 infecta
1851 2519 1960 2552 esse
1994 2520 2089 2552 non

184 2587 390 2646 poterat.
467 2579 535 2629 At
575 2579 799 2648 deinceps
840 2598 1126 2648 progressus
1161 2592 1322 2634 cetera
1367 2603 1461 2634 non
1507 2585 1598 2635 iam
1649 2586 1780 2636 velut
1820 2588 1945 2637 facta
1980 2604 2090 2655 pro-

185 2663 404 2725 nuntiat3
446 2679 506 2713 ne
545 2663 726 2714 fraudis
750 2673 890 2732 atque
918 2667 1099 2717 erroris
1129 2668 1444 2735 praeberetur
1466 2670 1676 2720 occasio.
1755 2669 1939 2738 Itaque,
1987 2674 2091 2720 Tol-

189 2750 331 2807 litur,
387 2747 566 2814 inquit,
622 2767 647 2796 e
678 2757 804 2797 terra
834 2753 927 2798 vita
959 2754 1120 2814 ipsius.
1200 2749 1431 2803 Ceterum
1477 2754 1660 2804 duobus
1704 2754 1796 2804 illis
1835 2772 2092 2822 argumen-

187 2833 248 2882 tis
285 2831 466 2882 oraculi
498 2829 751 2880 veritatem
784 2832 1099 2885 demonstrat.
1177 2834 1305 2886 Nam
1335 2837 1454 2888 haec
1484 2856 1611 2902 vox,
1653 2842 1818 2888 ductus
1846 2850 1943 2899 est,
1988 2858 2088 2890 rem

186 2916 278 2966 iam
310 2924 407 2966 tum
441 2916 701 2984 perfectam
744 2916 890 2966 fuisse
928 2918 1183 2985 significat.
1261 2919 1381 2971 Illud
1417 2939 1566 2984 vere,
1621 2926 1828 2982 tollitur,
1882 2932 2092 2991 postmo-

187 3001 295 3051 dum
339 3009 413 3050 est
442 3000 720 3069 impletum3
773 3008 824 3050 ut
851 3018 914 3051 ex
951 3018 1008 3051 eo
1044 3004 1166 3069 quod
1205 3005 1378 3054 factum
1419 3006 1593 3056 dicitur
1627 3007 1818 3058 divinae
1859 3007 2092 3075 pollicita-

186 3083 333 3135 tionis
370 3084 624 3134 veritatem
668 3101 723 3134 ac
764 3084 1072 3135 stabilitatem
1104 3087 1365 3155 intelligaS.
1442 3088 1523 3139 Ex
1554 3107 1612 3140 eo
1649 3107 1768 3140 vero
1808 3093 1929 3157 quod
1965 3093 2090 3141 sutu-

185 3186 291 3219 rum
336 3168 645 3218 denuntiatur
682 3169 740 3218 de
783 3169 1156 3237 mysteriorum,
1214 3189 1334 3238 quae
1370 3180 1467 3223 tum
1511 3173 1748 3241 explicata
1779 3183 1917 3238 sunt,
1973 3184 2090 3224 tem-

185 3270 301 3322 pore
341 3252 664 3302 coniecturam
706 3255 867 3303 facere
905 3253 1081 3321 possis.

329 3335 411 3387 Sic
447 3337 505 3386 de
535 3335 693 3387 Maria
725 3338 963 3405 praedixit
1006 3338 1233 3405 angelus,
1293 3357 1446 3407 eaque
1478 3341 1768 3408 significavit
1802 3359 1922 3409 quae
1962 3342 2087 3394 illius
2120 3358 2218 3412 Cap.
2250 3358 2340 3400 VII.

186 3430 324 3489 pater
366 3422 552 3471 domum
606 3437 835 3471 reversus
877 3439 902 3469 a
943 3422 1032 3471 deo
1073 3432 1421 3474 consecuturus
1474 3434 1632 3487 esset,
1692 3443 1812 3491 quae
1864 3427 2085 3478 nimirum

188 3514 390 3573 uterque
434 3522 607 3573 parens
647 3505 843 3555 summis
887 3523 914 3555 a
953 3506 1041 3555 deo
1080 3507 1301 3573 precibus
1345 3508 1628 3575 postularet.
1705 3513 1851 3569 Ecce,
1908 3511 2080 3578 inquit,

187 3608 309 3639 uoeor·
350 3600 430 3638 tua
459 3594 666 3654 concepit
695 3594 741 3639 z'n
768 3600 926 3651 utero;
978 3600 1030 3640 ut
1056 3590 1129 3640 his
1161 3590 1324 3642 verbis
1372 3592 1527 3641 fidelis
1567 3593 1771 3643 hominis
1801 3604 2007 3645 mentem
2035 3596 2081 3646 in

189 3731 293 3769 Certe
318 3732 357 3768 in
384 3731 495 3769 codd.
520 3741 609 3771 mss.
638 3733 718 3771 eius
741 3734 889 3772 nullum
915 3735 1019 3771 extat
1042 3742 1104 3771 ve·
1219 3730 1256 3773 3.
1287 3734 1459 3772 Fortasse
1486 3734 1726 3774 scribendum
1756 3728 1999 3791 οἷπεικάσῃς.

186 3787 349 3836 stiyium.
