2508 4134
588 258 814 299 PANARn
842 260 948 300 Lm.
974 260 1204 301 111.T0M.
1227 263 1258 301 1.
1286 261 1448 303 ΗΑΕΒ.
1471 262 1612 302 Lxx.
1988 256 2050 304 17

135 371 436 419 medullarum
450 406 464 428 ,
519 378 566 417 et
592 372 875 434 disceptator
900 374 1231 434 cogitationum
1259 383 1306 421 et
1326 378 1628 423 intentionum
1657 378 1836 433 cordes,
1894 392 2040 439 neque

134 462 205 501 est
239 460 456 500 ereatura
491 454 674 501 occulta
721 471 876 502 eor-am
905 457 1031 518 ipso,
1089 463 1184 506 etc.
1263 455 1345 507 Ex
1377 458 1549 524 quibus
1589 458 1810 508 euntibus
1851 458 2042 508 illorum

136 535 300 604 opinio
339 536 592 587 refellitur.

283 617 394 670 Nec
441 619 597 669 minus
648 628 696 669 et
734 619 934 670 aliorum
989 620 1252 670 reiicienda
1310 624 1580 686 sententia,
1641 627 1717 692 qni
1771 642 1946 691 corpus
1992 625 2048 674 ad

135 702 391 767 imaginem
420 703 494 752 dei
523 718 632 752 esse
662 704 834 752 fartum
879 704 1176 770 praedicant.
1252 703 1379 754 Nam
1414 705 1495 772 qui
1525 708 1624 757 lieri
1660 718 1819 776 potest.
1849 717 1898 759 ut
1926 710 2048 775 quod

136 785 429 854 aspectabile
459 794 532 835 est
563 786 605 836 ei
637 785 792 836 simile
821 787 886 836 sit
912 788 1035 853 quod
1075 787 1226 837 videri
1273 806 1367 838 non
1409 792 1599 855 potest?
1651 802 1732 841 ant
1763 810 2049 861 corporenm

136 870 353 938 corporis
390 869 614 936 experti?
653 877 735 920 aut
759 871 881 937 qnod
912 871 1203 921 contrectari
1235 881 1391 939 potest
1421 871 1464 921 ei
1493 875 1615 939 quod
1648 876 1937 942 apprehendi
1968 892 2051 925 ne-

136 955 265 1022 quit?
349 951 613 1003 Praeterea
657 970 745 1003 nos
791 954 1036 1003 anteriora
1082 956 1320 1005 duntaxat
1365 957 1518 1006 oculis
1562 960 1741 1006 nostris
1785 960 2048 1019 cernimus,

136 1054 257 1105 qnae
286 1053 408 1104 pone
443 1045 555 1086 sunt
588 1036 885 1103 ignoramus.
961 1035 1122 1087 Penes
1156 1041 1295 1089 deum
1329 1049 1486 1090 autem
1529 1057 1685 1107 neque
1712 1041 1903 1090 affectio
1934 1042 2046 1103 ulla,

137 1138 292 1188 neque
322 1121 537 1170 defectus
567 1129 669 1182 est,
721 1121 805 1170 sed
837 1122 1168 1189 undecumque
1210 1123 1366 1172 lumen
1414 1131 1516 1186 est,
1572 1126 1903 1191 undecumque
1938 1143 2052 1175 ocn-

137 1205 238 1267 lus,
293 1205 622 1271 undecumque
661 1204 834 1271 gloria.
912 1203 1123 1273 Spiritus
1158 1206 1281 1255 enim
1315 1207 1431 1257 deus
1461 1216 1563 1271 est,
1621 1208 1698 1274 qui
1730 1225 1918 1256 omnem
1953 1208 2052 1275 spi-

135 1288 278 1338 ritum
309 1296 597 1355 exsuperat,
654 1297 702 1338 et
729 1289 815 1339 lux
847 1288 951 1339 luce
976 1288 1104 1338 omni
1135 1290 1480 1357 praestantior.
1562 1289 1801 1359 Quicquid
1834 1291 1959 1340 enim
1995 1291 2051 1341 ab

137 1372 241 1440 ipso
279 1372 525 1421 eonditum
570 1380 674 1435 est,
733 1372 858 1423 infra
904 1373 1028 1423 illius
1072 1374 1219 1423 decus
1264 1391 1320 1423 ac
1357 1374 1559 1440 gloriam
1600 1383 1694 1424 est.
1772 1373 1890 1425 Sola
1932 1391 2053 1424 vero

139 1454 328 1505 trinitas
372 1455 712 1523 comprehendi
748 1474 842 1506 non
876 1465 1061 1524 potest,
1120 1465 1166 1506 et
1195 1457 1426 1509 infinitam
1461 1459 1695 1524 quandam
1738 1458 1940 1524 gloriam
1970 1457 2054 1507 ob-

139 1540 285 1601 tinet,
351 1556 473 1607 quae
522 1557 610 1590 nee
655 1539 934 1590 coniectura
986 1540 1201 1608 capitur,
1260 1558 1349 1591 nec
1396 1541 1716 1608 intelligentia
1768 1540 2051 1609 percipitur.

140 1621 279 1689 Quod
311 1623 368 1673 ad
404 1624 511 1673 illos
543 1640 660 1674 vero
701 1624 909 1691 pertinet
939 1625 1016 1691 qni
1046 1624 1090 1674 in
1125 1624 1302 1676 virtute
1346 1625 1669 1676 conditionem
1714 1625 1842 1675 illam
1885 1623 2055 1692 imagi-

139 1707 213 1757 nis
241 1707 508 1769 colloeant,
553 1724 611 1757 ne
641 1707 705 1757 illi
738 1707 928 1775 quidem
961 1716 1092 1757 recte
1123 1708 1354 1759 sentiunt.
1432 1707 1561 1759 Nam
1593 1710 1746 1760 virtus
1784 1710 1890 1759 sine
1919 1725 2054 1758 man-

139 1791 355 1841 datorum
397 1790 739 1841 observatione
780 1791 1049 1842 consistere
1094 1809 1188 1841 non
1228 1800 1405 1859 potest.
1485 1791 1582 1843 Sed
1623 1802 1670 1843 et
1698 1793 1875 1844 virtute
1911 1792 2056 1860 pleri-

141 1892 232 1943 que
264 1875 470 1926 invieem
517 1875 842 1938 antecellunt,
899 1875 1022 1942 qnod
1066 1875 1257 1925 virtutis
1289 1893 1472 1942 genera
1509 1877 1607 1926 sint.
1647 1878 1903 1945 permulta.
1980 1877 2056 1925 Ac

143 1976 231 2010 nos
271 1958 527 2008 nonnullos
564 1976 590 2006 e
623 1958 984 2008 confessoribus
1029 1959 1251 2009 novimus
1296 1960 1372 2026 qni
1419 1977 1595 2027 corpus
1633 1968 1681 2009 et
1712 1960 1922 2010 animum
1969 1976 2054 2027 pro

141 2041 334 2092 domino
368 2060 456 2093 suo
499 2042 826 2106 tradiderunt,
879 2050 927 2092 et
965 2043 1012 2092 in
1051 2042 1361 2092 confessione
1403 2060 1459 2093 ac
1500 2043 1785 2093 castimonia
1825 2059 2056 2111 perseve-

139 2135 305 2177 rantes
342 2126 718 2177 sincerissimam
757 2127 896 2176 fidem
924 2125 1014 2176 sibi
1054 2134 1422 2193 compararunt,
1480 2143 1536 2175 ac
1575 2128 1781 2194 pietate,
1838 2125 2055 2176 humani-

141 2219 268 2273 tate,
325 2210 559 2277 religione
603 2210 975 2277 praestiterunt,
1029 2208 1078 2259 in
1119 2209 1311 2260 ieiuniis
1353 2208 1534 2259 assidui
1568 2212 1792 2271 fuerunt,
1846 2209 1894 2257 in
1926 2207 2057 2258 omni

141 2294 345 2362 denique
379 2293 616 2362 probitate
646 2312 701 2344 ac
730 2294 924 2345 virtutis
954 2292 1218 2362 specimine
1245 2293 1533 2343 floruerunt.
1612 2292 1760 2343 lidem
1793 2300 1953 2341 tamen
1983 2290 2055 2340 vi-

141 2378 207 2429 tio
234 2379 392 2445 aliquo
421 2377 590 2428 suffusi
627 2388 767 2442 sunt,
826 2386 875 2428 nt
907 2386 989 2427 aut
1018 2377 1065 2426 in
1099 2377 1320 2428 convicia
1363 2375 1682 2444 procliviores
1723 2383 1917 2437 essent,
1972 2382 2055 2424 ant

119 2462 216 2513 'dei
246 2478 420 2512 nomen
448 2460 750 2524 deierarent,
806 2470 889 2512 ant
920 2460 1225 2529 loquaciores
1256 2469 1449 2522 essent,
1506 2468 1585 2509 aut
1615 2459 1864 2509 iracundia
1893 2475 2054 2526 prom-

142 2547 236 2615 pti,
277 2554 359 2597 aut
383 2562 550 2596 aurum
584 2554 898 2613 argentumve
938 2546 1271 2613 possiderent,
1327 2553 1409 2594 aut.
1440 2544 1547 2594 aliis
1579 2542 1786 2610 denique
1826 2541 2052 2591 sordibus

141 2630 536 2693 obsolescerent,
594 2647 716 2696 quae
758 2629 972 2680 nonnihil
1015 2630 1072 2679 de
1111 2629 1237 2679 iusta
1276 2627 1468 2680 virtutis
1508 2644 1733 2677 mensura
1771 2627 2049 2677 detrabunt.

143 2711 218 2764 De
253 2713 424 2781 quibus
468 2712 578 2780 qnid
621 2713 810 2763 tandem
850 2713 1023 2764 dicturi
1055 2713 1254 2763 sumus?
1325 2711 1404 2761 An
1435 2711 1543 2761 illos
1571 2709 1793 2776 imaginis
1824 2712 1970 2760 decus
1997 2709 2055 2759 il-

142 2798 220 2849 lud
248 2815 332 2849 sua
362 2797 451 2847 sibi
483 2797 661 2846 virtute
693 2797 1014 2864 quaesivisse,
1056 2797 1139 2846 sed
1169 2804 1363 2864 propter
1390 2794 1623 2845 humanos
1652 2795 1839 2861 aliquos
1870 2811 2055 2844 naevos

142 2882 265 2932 banc
294 2882 446 2948 ipsam
475 2879 730 2947 imaginem
756 2860 924 2948 ‘specie
961 2891 1099 2930 tenus
1139 2880 1198 2930 ab
1229 2880 1321 2929 illis
1355 2878 1486 2945 geri,
1545 2895 1635 2928 nec
1675 2880 1938 2945 perlectam
1974 2877 2056 2926 ab-

143 2967 444 3032 solutamque
477 2963 711 3014 retineri?
781 2963 866 3015 Sic
896 2964 1084 3014 illorum
1125 2963 1325 3029 explosa
1361 2962 1604 3012 sententia
1634 2970 1727 3011 est.
1806 2960 1903 3011 lam
1937 2978 2057 3011 vero

144 3050 222 3118 qui
274 3049 324 3100 in
372 3049 608 3117 baptismo
656 3048 819 3098 inesse
871 3048 1034 3097 dicunt
1086 3046 1373 3114 imaginem,
1435 3045 1750 3097 vehementer
1804 3045 2051 3094 aberrant.

142 3132 271 3184 Nam
302 3151 392 3184 nec
423 3132 634 3183 Abraam
676 3131 912 3200 baptismo
939 3130 1152 3180 initiatus
1192 3139 1294 3191 est,
1353 3147 1443 3179 nec
1477 3127 1643 3191 lsaae,
1698 3145 1853 3194 neque
1890 3125 2052 3189 iacob,

145 3234 234 3268 nec
280 3215 444 3277 Elias,
505 3233 662 3283 neque
697 3213 932 3284 MoyseS,
988 3230 1076 3263 nec
1114 3212 1414 3281 antiquiores
1456 3212 1549 3262 illis
1588 3210 1730 3271 Noe‘,
1785 3219 1832 3259 et
1860 3209 2052 3271 Hence,

146 3318 302 3369 neque
345 3300 636 3369 prophetae,
694 3308 745 3349 ut
790 3297 974 3362 isaias,
1029 3306 1076 3347 et
1107 3298 1277 3347 ceteri.
1356 3294 1483 3362 Quid
1526 3295 1705 3362 igitur?
1778 3294 1858 3343 An
1888 3292 2057 3360 imagi-

147 3403 255 3436 nem
287 3385 352 3435 illi
383 3383 459 3433 dei
492 3401 586 3434 non
620 3382 920 3433 habuerunt?
994 3379 1174 3447 Magna
1215 3379 1355 3430 nobis
1387 3387 1779 3445 argumentorum
1820 3378 2058 3428 adversus

144 3468 254 3520 illos
283 3468 421 3536 copia
453 3476 557 3530 est,
616 3475 669 3517 ut
699 3475 747 3517 et
774 3475 944 3516 contra
974 3465 1213 3528 Andium,
1271 3462 1351 3530 qui
1383 3462 1638 3528 imaginem
1670 3462 1719 3511 in
1750 3477 1954 3529 corpore
1985 3460 2059 3510 in-

147 3569 257 3603 esse
295 3551 553 3621 pertendit.

2094 623 2195 678 Cap.
2223 626 2275 666 V.

285 3634 400 3686 Alia
436 3642 547 3686 sunt
591 3633 861 3701 scripturae
903 3630 1179 3683 testimonia
1222 3646 1343 3696 quae
1388 3627 1445 3678 ab
1486 3627 1726 3678 Audianis
1769 3628 2054 3677 efferuntur.
2080 3640 2281 3693 cap.V1.

147 3718 297 3772 Velut
312 3713 332 3782 ,⁵
383 3721 522 3769 Oculi
539 3721 716 3767 domini
747 3720 794 3767 z‘n
826 3734 1075 3783 pauperem
1102 3717 1386 3779 respiciunt,
1446 3721 1494 3761 et
1514 3729 1653 3761 aures
1690 3716 1789 3761 elus
1826 3716 1873 3760 z'n
1895 3727 2059 3775 preces

237 3801 384 3845 Corpus
408 3798 737 3834 Haereseol,11.3.
1698 3800 1729 3848 2

2137 3719 2274 3754 Psalm.

2168 3786 2179 3805 ¹)
2201 3761 2254 3795 28¹
