2508 4134
713 286 865 335 'rom
883 292 1096 333 Pmoms
1126 292 1261 334 PARS
1289 284 1466 335 PmoR.
1952 274 2052 330 595

146 395 173 434 l.
189 393 255 435 21.
288 391 453 443 ἐδίδαξε
477 394 578 434 Ven.
611 416 664 424 -·-
721 391 748 431 l.
770 387 836 432 24.
868 391 1038 444 Repone
1066 389 1161 434 θεὸν
1192 389 1340 445 μόνον,
1371 405 1447 444 pro
1483 392 1569 446 {lt-:qb
1604 388 1745 445 μόνῳ,
1791 403 1841 431 ex
1868 388 2053 428 auctori-

143 471 232 511 tate
257 462 416 503 Veneti.
449 486 499 493 —-
557 461 662 503 lbid.
697 460 769 516 μὲν
811 451 880 503 οὖν
916 474 993 515 pro
1024 458 1098 514 μὲν
1127 459 1236 500 idem
1264 461 1380 500 liber.
1412 484 1463 492 --
1520 460 1548 505 l.
1573 461 1639 501 25.
1670 454 1738 502 ἀεὶ
1766 472 1845 499 om.
1868 459 1972 499 Ven.
2005 481 2055 496 -,-

145 534 171 574 l.
195 532 263 574 26.
302 528 396 585 παρ’
438 527 580 580 αὖτοῖς
619 530 729 587 ἐξοχ.
766 531 869 571 ven.
930 532 1022 580 Quo
1052 530 1179 583 magis
1210 530 1443 570 coniectura
1473 544 1563 570 mea
1591 529 1786 569 firmatur.
1817 552 1867 559 --
1926 528 1953 568 l.
1986 527 2055 569 30.

145 603 183 645 οἱ
212 598 330 649 αὐτοὶ
358 602 397 644 οἱ
423 598 621 645 Ἰουδαῖοι
649 602 750 642 Ven.
781 623 834 632 —
892 599 918 639 l.
949 599 1199 654 antepenult.
1232 596 1369 642 αὐτῶν
1399 598 1742 653 ἐγκαταλέγουσιν
1770 601 1875 640 ven.

256 673 387 729 l’ag.
415 673 502 717 58.
558 672 586 712 1.
616 673 649 714 1.
679 671 758 725 τῆς
783 668 1073 725 αἰχμαλωσίας
1095 670 1196 709 ven.
1230 692 1281 699 -
1338 668 1365 707 l.
1393 668 1433 709 4.
1466 668 1566 722 ἕκτη
1590 693 1637 700 -
1656 667 1821 724 ἑβδόμη
1846 693 1892 700 —-
1921 665 2055 723 σ’γδόη

146 765 197 778 ..-.
217 740 343 795 ἐνάτη
365 764 412 780 —·
431 741 589 796 δεκάτη
611 765 659 777 -ν-
681 737 882 793 ἓνδεκάτη
911 748 990 779 etc.
1027 740 1129 779 Ven.
1154 762 1203 770 —-
1258 738 1340 786 1.6.
1372 738 1602 792 Παροιμίαι
1626 741 1729 779 Ven.
1762 763 1813 770 —
1854 738 1938 781 1.7.
1970 742 2058 782 δω-

146 808 306 865 δεκάτη
336 810 471 866 (quod
499 811 782 866 reponendum
814 814 895 859 est)
918 810 1021 851 Ven.
1079 802 1396 861 δωδεκαικάτην
1421 810 1508 847 Bas.
1538 832 1594 839 -—
1652 810 1728 848 Pro
1753 807 1799 852 τὸ
1833 801 1953 865 ᾆσμα
1976 808 2058 849 τῶν

146 877 348 938 ᾀσμάτων
376 882 479 921 Ven.
509 881 636 922 habet
665 878 717 923 τὰ
749 871 933 935 ᾅσματα.
961 903 1016 910 -
1073 879 1098 918 l.
1124 878 1151 919 9
1180 886 1223 919 et
1256 878 1317 919 10.
1362 876 1720 933 ἑπτακαιδεκάτης
1765 879 1982 934 βασιλειῶν
1999 863 2057 927 ἶ,

146 960 187 991 et
213 951 271 992 ita
300 951 423 992 eniam
452 951 493 991 in
522 965 639 1006 seqq.
670 951 772 990 Veu.
802 973 856 980 —
913 949 940 989 l.
959 949 1023 990 12.
1054 945 1242 996 “Ησα“ίἀς
1271 943 1293 990 ὁ
1323 946 1544 1002 προφήτης
1575 948 1652 1002 (sic
1692 949 1814 988 etiam
1850 946 2060 1002 sequentia

146 1022 329 1074 nomina)
360 1023 462 1062 Ven.
490 1045 548 1056 ·--
603 1021 630 1061 l.
660 1021 723 1063 17.
751 1017 827 1073 την
858 1018 994 1075 βίβλον
1024 1020 1112 1060 Bas.
1143 1042 1200 1050 ——-
1257 1017 1359 1057 Ibid.
1391 1019 1495 1059 Ven.
1535 1013 1718 1071 Ἐσθήρ.
1754 1019 1813 1060 τῶ
1846 1021 1938 1073 βητ.
1971 1017 2058 1059 ἰου-

147 1094 242 1146 δηὲἳ.
275 1084 412 1138 αὗται.
471 1094 574 1131 Sunt
617 1104 714 1143 ergo
759 1089 976 1129 inserenda
1016 1102 1090 1131 suo
1131 1088 1227 1128 loco
1257 1087 1350 1127 libri
1379 1087 1525 1144 Τωβίτ
1554 1097 1596 1127 et
1621 1084 1792 1131 Ἰουδίξῐ.
1827 1111 1879 1117 -
1936 1086 1962 1126 l.
1996 1087 2060 1129 18.

147 1156 355 1209 εἰκοσιδύο
392 1160 441 1204 δέ
481 1160 607 1209 εἰσιν,
649 1155 709 1207 ιιὶς
744 1161 848 1201 Ven.
879 1182 933 1194 .—-
990 1158 1018 1198 l.
1043 1157 1083 1200 6.
1116 1158 1166 1198 ab
1195 1158 1271 1199 inf.
1302 1156 1540 1212 καὲτοδηγὸν
1568 1154 1693 1212 ήμῶν
1722 1159 1826 1199 Ven.
1860 1181 1910 1189 —-
1968 1153 2060 1198 1.4.

146 1234 198 1274 ab
227 1233 303 1273 inf.
331 1232 393 1288 τῷ
427 1231 556 1284 ἰῶτα,
586 1221 638 1284 ήν
668 1227 715 1272 δὲ
746 1227 818 1271 καὶ
846 1226 892 1271 τὸ
926 1228 1089 1282 πρῶτον
1117 1230 1221 1270 Ven.

257 1303 389 1360 rag.
414 1302 502 1345 6⁰.
557 1299 584 1340 1.
614 1300 653 1341 3.
684 1297 762 1352 τήν
791 1296 921 1354 χαρὰν
949 1299 1022 1341 τοῦ
1054 1294 1196 1352 ειῖαγγ.
1227 1299 1330 1338 Ven.
1366 1322 1414 1330 —-
1474 1298 1500 1338 l.
1528 1298 1565 1341 7.
1598 1299 1721 1347 εἴτις
1745 1296 1859 1354 ψυχή
1887 1301 1989 1339 Ven.
2011 1323 2060 1332 -

147 1373 174 1415 l.
201 1372 262 1414 13.
295 1371 450 1413 Vocab.
473 1369 603 1426 κυρίῳ
633 1383 713 1411 om.
743 1370 845 1410 Ven.
867 1393 921 1399 —-
959 1369 986 1409 l.
1012 1369 1078 1408 22.
1109 1368 1246 1409 Verba
1275 1368 1346 1410 τοῦ
1375 1367 1697 1424 βασιλεύσαντος
1724 1367 1772 1411 ἐκ
1795 1369 1933 1423 φυλῆς
1954 1365 2063 1412 Ἰού-

147 1446 228 1493 δα,
270 1441 490 1484 ἐκαλοῦντο
526 1436 724 1483 Ἰουδαῖοί
761 1453 808 1481 τε
848 1437 920 1481 καὶ
958 1434 1218 1492 Ἰσραηλῖται
1265 1439 1399 1480 πᾶσαι
1439 1439 1587 1479 omissa
1627 1439 1668 1478 in
1698 1439 1800 1479 Ven.
1830 1462 1887 1469 -
1942 1440 1970 1480 1.
1995 1437 2062 1491 24,

148 1512 421 1565 Σολομῶντος
447 1511 570 1551 etiam
602 1513 688 1549 Bas.
715 1532 772 1540 —
828 1508 853 1547 l.
881 1508 947 1550 28.
991 1507 1034 1550 αἱ
1071 1507 1187 1551 ἐννέα
1229 1503 1364 1562 ἥμισυ
1406 1505 1666 1562 Ἰσραηλῖται
1705 1510 1807 1549 Ven.
1837 1534 1891 1542 -
1948 1509 1976 1549 l.
1996 1508 2065 1551 30.

149 1583 193 1624 αἱ
222 1580 272 1625 δὲ
301 1577 377 1625 δύο
405 1575 543 1635 ἥμισυ
572 1579 633 1628 εἰς
659 1581 763 1621 ven.
792 1601 844 1610 -—
900 1578 929 1618 l.
955 1578 1022 1620 31.
1052 1579 1222 1632 Repone
1251 1579 1522 1632 Σολομῶνος,
1556 1587 1600 1618 ut
1628 1579 1783 1619 habent
1808 1579 1930 1619 codd.
1961 1580 2064 1620 Ven.

149 1660 191 1692 et
222 1650 392 1705 Bhedig.
411 1682 421 1701 ‚
463 1651 564 1690 item
596 1652 711 1702 Bas.,
762 1661 836 1703 pro
866 1648 1151 1702 Σολομῶντος.
1183 1673 1231 1679 -
1291 1648 1317 1688 l.
1349 1649 1416 1691 32.
1447 1644 1554 1692 Ἀσά
1584 1649 1704 1703 γεννᾶ
1733 1647 1804 1692 τὸν
1843 1645 2064 1703 Ἰωσαφὰτ

149 1724 254 1763 Ven.
290 1744 338 1751 -—
399 1721 426 1761 l.
458 1721 529 1761 ult.
563 1716 697 1776 Ἀχάζ
725 1721 828 1760 Ven.

261 1793 393 1849 Pag.
421 1793 509 1835 6⁶2.
563 1790 590 1831 l.
621 1789 684 1832 19.
718 1786 820 1831 edm)
861 1790 961 1829 Ven.
992 1812 1047 1820 -
1105 1790 1131 1828 l.
1162 1789 1224 1830 10.
1271 1789 1353 1831 τῶν
1394 1797 1488 1843 post
1531 1785 1708 1842 οἶμαὲὥν
1753 1804 1835 1829 uon
1877 1789 2066 1843 agnoscit

149 1865 251 1904 Ven.
284 1885 341 1894 -—
395 1861 423 1901 l.
452 1861 515 1903 12.
547 1859 669 1915 μέχρι
696 1859 768 1902 τοῦ
801 1860 899 1899 ven.
930 1884 981 1889 —
1042 1859 1068 1899 l.
1101 1859 1160 1900 13.
1192 1859 1348 1899 Vulnus
1378 1859 1674 1912 gravissimum,
1707 1860 1818 1914 quod
1845 1860 1970 1900 traxit
1996 1860 2065 1900 hic

149 1933 262 1973 locus
290 1932 331 1972 in
362 1930 535 1984 vulgatis
565 1929 888 1984 exemplaribu8‚
931 1937 1048 1969 sanat
1080 1930 1256 1969 Venetus
1291 1929 1420 1978 liber,
1460 1937 1555 1983 post
1584 1930 1898 1983 δεκατέσσαρας
1932 1930 2066 1970 inter-

149 2017 289 2042 serens
317 2000 390 2044 καὶ
418 1997 499 2044 ἀπὸ
529 2000 601 2042 τοῦ
634 1999 769 2055 Δαβὶδ
800 1998 880 2046 ἕως
908 1999 989 2052 τῆς
1018 1998 1309 2054 αἰχμαλωσίας
1337 1997 1483 2053 γενεὰς
1511 1999 1851 2054 δεκατεσσάρας,
1883 1998 1955 2044 καὶ
1983 1995 2063 2043 οἷπό

148 2073 228 2126 τῆς
271 2070 561 2127 αἰχμαλωσίας
605 2069 686 2118 ἕως
723 2070 796 2112 τοῦ
838 2069 1022 2122 Χριστοῦ
1064 2067 1210 2123 γενεὰς
1253 2067 1581 2123 δεκατεσσάρας.
1640 2071 1701 2110 Cf.
1734 2070 1919 2124 Exposit.
1949 2069 2068 2109 Fidei

150 2157 238 2196 cap.
261 2139 300 2183 4.
329 2156 369 2195 p.
394 2142 508 2182 1081.
555 2164 590 2172 -—
651 2140 677 2179 1.
709 2139 758 2181 16
788 2148 830 2179 et
856 2140 917 2181 17.
952 2138 1056 2195 ἔχων
1083 2137 1130 2182 τὸ
1156 2137 1368 2193 πλήρωμα
1393 2142 1495 2182 Ven.
1522 2165 1569 2171 —
1615 2141 1716 2181 lbid.
1742 2139 1849 2188 τινὲς
1877 2135 2067 2193 εὖρόντες

151 2208 346 2268 Ἰεχονίαν
372 2212 475 2252 ven.
533 2205 626 2264 ἅμα
653 2205 753 2265 Ἰεχ.
781 2208 838 2251 ὲτ.
871 2207 1083 2252 ἐπιτοοιυτό
1116 2207 1310 2263 ἐνόμισαν
1337 2212 1440 2251 Ven.
1500 2210 1612 2250 Idem
1638 2211 1741 2251 liber
1768 2225 1853 2251 non
1881 2210 2070 2264 agnoscit

152 2296 242 2322 voc.
275 2278 378 2323 εἶναι
398 2280 439 2320 in
477 2279 653 2320 clausula
683 2279 881 2319 enuntiati
912 2279 1144 2319 adiecti.-·-
1173 2280 1198 2321 l.
1216 2281 1281 2320 20.
1313 2279 1466 2334 ἐλλεπῆ
1490 2281 1589 2335 (sic)
1618 2283 1719 2321 Ven.
1759 2281 1867 2321 Hinc
1896 2280 2069 2320 restitu-

154 2352 302 2392 endum
327 2350 495 2392 omnino
522 2359 584 2390 est
607 2349 752 2403 ἐλλιπῆ
776 2348 1024 2403 ἐποιήσαντο
1052 2350 1133 2403 τῆς
1166 2347 1407 2398 ὖποῦέσεως
1436 2348 1543 2392 κατὰ
1571 2349 1649 2405 τήν
1678 2348 1822 2405 ὁμάδα
1850 2351 1920 2394 τοῦ
1946 2345 2067 2405 cipe&-

155 2423 234 2476 μοῦ
260 2422 342 2463 τῶν
371 2420 511 2464 δεκατ.
569 2415 781 2473 ὀνομάτων
810 2419 886 2473 τήν
930 2417 1184 2476 ιῖπόσχεσιν,
1228 2419 1301 2462 καὶ
1329 2429 1426 2461 cett.
1458 2445 1510 2451 -
1582 2421 1609 2460 l.
1638 2422 1704 2463 28.
1748 2419 2065 2475 ὖλωμηνησασα

154 2490 389 2546 ἐρημωθείν
422 2490 549 2531 habet
590 2492 694 2532 Ven.
738 2496 842 2543 (non
872 2487 1179 2544 ὗλομηνήσασα
1222 2490 1485 2545 ἐρεμωῧείη,
1530 2499 1574 2530 ut
1601 2491 1643 2531 in
1672 2501 1814 2533 annot.
1843 2491 2068 2531 indicatum

156 2566 252 2614 est).
313 2563 503 2601 Ceterum
530 2561 733 2614 excerpsit
761 2561 871 2602 hunc
898 2561 1035 2602 locum
1064 2561 1298 2601 Anastasius
1329 2562 1414 2601 Sin.
1443 2563 1628 2611 Quaestt.
1658 2577 1697 2616 p.
1718 2561 1813 2604 338.
1841 2563 1904 2602 ed.
1932 2563 2066 2602 Grets.

154 2633 300 2687 Neque
329 2631 401 2671 abs
438 2645 482 2670 re
509 2629 586 2670 erit
625 2630 863 2684 apposuisse
893 2631 1019 2671 verba
1044 2631 1216 2679 Nicetae
1243 2632 1466 2672 Choniatae
1496 2646 1544 2672 ex
1567 2632 1674 2672 libro
1704 2634 1733 2672 1.
1762 2633 1961 2674 Thesauri
1986 2635 2068 2672 Or-

157 2701 270 2746 thod.
301 2700 418 2741 Fidei
446 2700 604 2753 petita,
655 2701 723 2754 qui
758 2700 935 2755 scriptor
973 2701 1332 2742 innumerabilibus
1367 2702 1409 2742 in
1435 2702 1536 2743 locis
1566 2702 1618 2742 de
1646 2703 1819 2743 Panario
1849 2702 2069 2757 Epiphanii

156 2772 316 2822 hausit,
347 2785 428 2825 quo
455 2770 502 2811 fit
528 2778 572 2810 ut
595 2770 764 2810 multum
790 2770 996 2811 interdum
1029 2771 1216 2812 conferat
1242 2772 1294 2812 ad
1324 2773 1446 2813 verba
1474 2772 1558 2813 eius
1587 2772 1672 2814 sive
1700 2773 1953 2813 emendanda
1980 2773 2067 2812 sive

154 2841 408 2882 illustranda.
456 2840 589 2881 Verba
619 2840 717 2891 eius,
751 2841 907 2881 Graece
935 2841 989 2881 ad
1011 2842 1120 2882 hunc
1149 2856 1276 2896 usque
1306 2843 1416 2882 diem
1445 2843 1629 2883 nondum
1660 2843 1784 2892 edita,
1813 2843 1915 2883 haec
1943 2850 2062 2881 sunt:

157 2914 229 2955 τοῦ
259 2910 307 2955 δὲ
335 2909 701 2967 Ναβουχοδόνοσορ
729 2909 837 2954 κατὰ
866 2908 942 2963 τήν
970 2907 1249 2965 Ἰερουσαλὴμ
1272 2910 1467 2965 ἐπιόντος,
1498 2913 1570 2956 καὶ
1594 2912 1749 2966 ταύτην
1776 2918 2067 2966 καταστρεψα-

155 2982 309 3037 μένου,
354 2981 426 3024 καὶ
453 2979 523 3024 τὸν
556 2978 628 3034 μὲν
656 2978 753 3023 ναόν
785 2979 1099 3034 ἐμπρήσαντος,
1141 2979 1211 3024 τὸν
1241 2981 1288 3025 δὲ
1318 2982 1414 3027 λαὸν
1445 2983 1847 3039 αἰχμαλωτίσαντος,
1894 2981 1963 3024 ἐπὶ
1986 2984 2068 3033 τῆς

159 3052 372 3109 βασιλείας
399 3053 470 3094 τοῦ
498 3047 719 3107 Ἰεχονίου,
763 3051 800 3093 οἱ
828 3048 1100 3106 πρεσβύτεροι
1126 3052 1208 3094 τῶν
1238 3050 1456 3097 Ἰουδαίων
1485 3055 1565 3096 τῶν
1596 3049 1723 3097 ὅντων
1752 3053 1794 3096 ἐν
1822 3055 1875 3108 τῇ
1909 3052 2066 3107 αἰχμα-

160 3122 294 3178 λωσίᾳ
315 3121 375 3178 τῷ
401 3123 566 3178 βασιλεῖ
587 3120 835 3177 Βαβυλῶνος
862 3118 1154 3174 προςελῖςόντες
1178 3121 1519 3176 παρεκλήτευσαν
1551 3127 1707 3166 στεῖλαι
1737 3125 1796 3172 εἰς
1823 3121 1901 3176 τήν
1929 3119 2068 3176 Ἰσρα-

159 3193 325 3246 ηλίτιδα
364 3192 472 3246 γῆν,
514 3189 667 3244 μήπως
707 3190 842 3233 τέλεον
883 3186 1183 3244 ὁλομανήσασα
1227 3192 1387 3246 ἓηρίοις
1423 3192 1559 3247 μόνοις
1589 3193 1745 3236 ἐσεῖται
1787 3193 1880 3247 (leg.
1910 3191 2064 3246 ἔσεται)

160 3258 394 3316 ἄνάπαυμα.
451 3257 620 3315 Ἀμέλει
662 3261 734 3303 καὶ
773 3259 989 3314 πέπομφεν
1033 3260 1082 3303 ἐκ
1110 3263 1191 3303 τῶν
1238 3257 1506 3306 ὑποσπόνδων
1537 3260 1663 3306 αὐτοῦ
1693 3263 1822 3306 ἐθνῶν
1850 3262 1949 3317 γένη
1974 3262 2068 3304 τέσ-

163 3346 296 3385 σαρα,
341 3329 439 3380 τούς
477 3330 712 3379 Κουσαίους
755 3331 964 3385 (Cumaeos
991 3331 1115 3371 habet
1143 3331 1277 3372 versio
1310 3333 1519 3388 Morelli),
1566 3333 1638 3376 καὶ
1665 3333 1950 3383 Κουδδαίους,
1996 3332 2069 3374 καὶ

163 3401 437 3457 Σεφωραίους
466 3402 619 3456 (versio
638 3400 800 3441 Mox-elli
834 3401 1166 3454 Sepharuraeos),
1199 3401 1271 3443 καὶ
1298 3398 1646 3457 Ἀνεγωγαναίους
1676 3404 1961 3458 καλουμένους.
1990 3400 2069 3452 Ἐς

162 3471 217 3526 δή
249 3468 493 3526 Σαμάρειαν
523 3465 634 3515 οὗτοι
665 3470 770 3525 μετὰ
798 3472 879 3514 τῶν
908 3471 1068 3514 οἰκείων
1100 3468 1282 3514 εἰδώλων
1313 3468 1583 3526 ἀφικόμενοι,
1628 3469 1803 3516 κοῖκεῖσε
1831 3473 1907 3523 τὰς
1936 3474 2069 3522 οἰκίας

162 3539 412 3596 πηξάμενοι,
451 3539 531 3585 ὐπὸ
566 3543 722 3596 θηρίων
751 3537 1036 3595 ἀνηλίσκοντα.
1093 3541 1331 3597 Πρεσβείαν
1360 3542 1489 3585 τοίνυν
1520 3543 1580 3591 εἰς
1619 3541 1688 3586 τὸν
1719 3545 1945 3597 κρατοῦντα
1985 3548 2067 3589 τῶν

161 3608 392 3666 Ἀσσυρίων
433 3611 599 3665 θέμενοι
635 3611 840 3655 αἰτοῦνται
871 3607 1069 3668 βοήθειάν
1117 3626 1235 3666 σφισι
1276 3613 1594 3668 παρασχεξπῆναι
1633 3611 1738 3667 πρὸς
1765 3611 1958 3670 ἀφάνισιν
1985 3618 2067 3658 τῶν

165 3681 343 3735 Ξηρίων,
387 3675 417 3734 ἦ
445 3678 522 3735 τήν
552 3681 713 3725 ἐκεῐὲεν
742 3681 992 3735 κελευῧῆναί
1022 3696 1139 3737 σφισι
1169 3680 1420 3738 μετάβασιν,
1463 3681 1505 3725 ἐν
1535 3682 1720 3738 θαύματι
1759 3680 1850 3738 ἅμα
1876 3683 2068 3739 ποιούμε-

165 3766 248 3801 νοι,
281 3746 395 3798 ὅπως
424 3750 461 3793 οἱ
488 3749 679 3806 πρότεροι
706 3750 781 3806 τήν
814 3749 1057 3806 Σαμάρειαν
1089 3752 1248 3808 ἔχοντες
1278 3750 1490 3806 οἰκήτορες
1518 3755 1772 3810 διεβίωσκον.
1829 3752 1880 3796 Ὁ
1910 3754 1958 3799 δὲ
1989 3760 2067 3811 βα-

168 3818 307 3869 σιλεὺς
346 3818 442 3869 τοὺς
485 3819 526 3863 ἐν
568 3818 751 3879 ὗπεροχῇ
794 3826 876 3866 τῶν
916 3820 1125 3878 Ἑβραίων
1170 3821 1545 3877 μεταπεμψάμενος
1574 3820 1700 3879 ἤρετο
1719 3824 1796 3878 τήν
1826 3826 1957 3869 αἰτίαν
1987 3827 2067 3880 τῆς

1608 3900 1673 3950 38
1705 3898 1732 3929 *
