2508 4134
463 234 564 287 660
1028 244 1298 285 ADDENDA
1327 234 1808 288 ET'coRfflGENDA.

459 359 500 387 τι
525 343 635 397 (sine
659 341 741 395 δεῖ)
764 343 867 384 ven.
925 341 1160 383 Delendum
1187 341 1314 397 igitur'
1343 346 1442 399 δεῖ,
1485 331 1597 399 quod
1625 343 1850 386 accrevisse
1881 342 2043 385 videtur
2074 359 2125 398 ex
2152 344 2264 386 finali
2289 345 2379 402 syl-

459 414 553 454 laba
572 412 702 453 'verbi
738 412 1034 467 praecedenti&
1067 437 1122 444 --
1179 412 1292 455 l.15.
1338 410 1616 469 ὁμολογήσει,
1664 412 1735 458 ἐὰν
1764 410 1825 470 μή
1859 428 1901 457 τι
1938 412 2071 471 βλέπῃ
2108 417 2214 458 ven.
2256 417 2380 470 Bene.

460 484 578 525 Idem
608 483 760 524 deinde
788 483 916 524 habet
939 480 962 526 ὁ
989 480 1129 537 πατήρ
1153 488 1287 535 ποιεῖ,
1327 499 1363 527 τ.
1390 484 1465 527 καὶ
1489 482 1513 528 ὁ
1540 483 1629 534 υἱὸς
1652 481 1810 539 ὁμοίως
1833 489 1953 527 ποιεῖ.
2012 480 2129 530 Οὐδὲ
2153 484 2236 542 μὴν
2260 485 2379 531 πολέ-

460 553 554 609 μιόν
594 569 635 597 τι
664 548 694 609 ἦ
721 551 902 606 ἀντιξουν
939 553 1038 609 (sic)
1066 555 1169 596 Ven.
1197 579 1251 594 -,-
1299 550 1339 597 ’1.
1364 555 1431 597 21.
1475 556 1600 599 λῦσαι
1639 552 1759 610 μόνον
1792 554 1872 599 ,καὶ
1908 556 2010 597 ven.
2038 579 2094 589 >-·
2152 557 2180 599 1.
2200 557 2266 599 22.
2299 559 2380 599 Pro

460 624 580 682 ἔσχον
611 625 770 680 corrige
797 621 901 682 ἔχον.
932 649 987 656 -
1044 625 1072 666 l.
1088 625 1157 667 23.
1189 625 1338 667 Venet.
1369 625 1473 666 facit
1500 641 1592 667 cum
1621 626 1756 680 vulg„
1786 625 1864 666 nisi
1889 625 2002 681 quod
2028 622 2168 683 ὥςπερ
2193 627 2265 683 δὴ,
2298 629 2380 670 Ga·

457 695 591 737 takeri
617 696 972 747 emendationem,
1003 695 1151 738 firmat.
1181 720 1234 727 —
1292 697 1320 737 l.
1343 693 1409 738 24.
1442 692 1512 739 ἀπ’
1540 693 1669 739 αὐτοῦ
1697 697 1801 737 Ven.
1861 696 1978 738 Idem
2002 696 2029 740 l.
2055 697 2123 740 25.
2152 713 2380 750 πεπιστευή-

459 767 593 822 μένον.
625 791 680 799 -
737 767 766 808 l.
782 764 823 809 4.
849 768 900 808 ab
925 767 1003 808 inf.
1043 764 1295 822 παντελικῆν
1323 766 1397 810 καὶ
1422 762 1674 821 ἀγενητικην
1703 768 1807 809 Ven.
1867 767 1986 811 Idem
2009 767 2037 810 1.
2059 766 2100 810 3.
2127 769 2180 810 ab
2197 769 2286 814 inf..
2310 771 2379 813 fa·-

402 883 408 888 ,
460 838 518 878 cit
550 853 642 879 cum
669 837 736 879 ed.
763 839 907 881 Petav.
938 863 995 872 —
1049 837 1078 878 1.
1110 838 1183 879 ult.
1214 838 1252 881 οἱ
1280 836 1349 881 ἐπὶ
1376 836 1531 880 τούτων
1562 837 1640 893 (ita
1667 838 1853 892 restitue)
1881 853 1918 881 τ.
1950 833 2134 894 ἄγγελοι.
2192 836 2328 886 Ἀλλὰ
2344 841 2382 886 οἱ

459 907 534 964 μὲν
564 911 668 951 Ven.
727 909 865 951 Verba
894 909 932 952 οἱ
957 907 1026 954 ἐπὶ
1051 923 1087 953 τ.
1112 924 1149 953 τ.
1180 903 1353 965 ἄγγελοι
1376 908 1664 950 desiderantur
1685 908 1948 951 solummodo
1970 909 2014 951 in
2040 910 2107 952 ed.
2134 911 2275 957 Petav.
2300 913 2381 954 Co·

454 979 538 1021 lon.
555 1012 570 1031 ,
600 995 687 1022 non
715 980 759 1021 in
787 980 980 1022 Parisina.

1844 1088 1850 1097 ,
2049 1068 2075 1097 ν

569 1110 704 1167 Pag.
729 1109 858 1155 282.
911 1108 940 1150 -1,
960 1107 995 1151 1.
1039 1108 1224 1160 διέταξεν
1252 1104 1275 1152 ὁ
1303 1105 1406 1157 Βεός
1429 1109 1537 1149 Ven.
1596 1107 1712 1150 Idem
1738 1108 1767 1151 1.
1788 1109 1828 1151 2.
1857 1109 1954 1164 περὶ
1977 1067 2060 1153 'tra-'ik
2092 1109 2190 1166 (sic)
2216 1109 2379 1158 πεπιστ.

456 1178 618 1236 ἐγένετο
657 1180 863 1236 διοίκησιν
889 1180 1013 1237 (sine
1053 1179 1263 1236 articulo).
1292 1203 1347 1213 --
1416 1178 1443 1222 l.
1468 1176 1507 1221 4.
1551 1177 1612 1229 εἰς
1648 1180 1887 1235 φιληδονίαν
1927 1178 2247 1237 ἐνομιλήσαντες
2286 1184 2378 1239 §uy-

455 1253 558 1295 Ven.
618 1251 732 1293 Idem
761 1252 791 1293 l.
807 1251 848 1295 6.
892 1247 942 1296 ἵν’
980 1252 1018 1295 οἰ
1043 1249 1287 1305 πειὲςόμενοι
1312 1250 1375 1308 τῷ
1402 1246 1514 1307 λόγῳ
1544 1251 1747 1294 συνοῦσιν.
1778 1275 1834 1283 -
1890 1251 1920 1294 1.
1937 1251 1977 1296 7.
2021 1247 2268 1310 ἀπολάβωσι
2293 1270 2379 1310 μα-

455 1338 548 1378 καρ.
580 1325 668 1374 Bas?
700 1347 751 1355 --
810 1323 837 1363 l.
856 1323 896 1366 8.
945 1323 1079 1364 Verba
1119 1322 1228 1370 Πῶς
1265 1319 1459 1373 ἐξέπεσεν
1497 1320 1546 1365 ἐκ
1572 1337 1609 1364 τ.
1643 1318 1730 1377 οὔρ.
1757 1319 1781 1366 ο“
1809 1319 2056 1378 Ἑωςφόρος
2094 1323 2380 1371 desiderantur

453 1395 496 1436 in
523 1397 703 1437 Veneto.
763 1394 879 1435 Idem
904 1394 1004 1435 ibid.
1044 1390 1291 1437 ἀνατέλλων.
1343 1383 1428 1437 Ἦν
1456 1390 1565 1448 μετὰ
1591 1392 1672 1437 τῶν
1711 1391 1899 1449 ἀγγέλων
1925 1389 2158 1439 ἀνατέλλων
2184 1395 2257 1439 τοῦ
2283 1410 2379 1452 φω-

452 1463 548 1518 τός,
579 1457 634 1521 ’ἦν
661 1467 749 1509 κτλ.
778 1490 833 1497 -
890 1465 1002 1507 1.11.
1045 1460 1241 1508 τάναντία
1275 1465 1379 1506 Ven.
1439 1464 1568 1505 Paulo
1597 1472 1695 1520 post
1731 1465 1908 1520 νεμέσαν
1951 1467 2061 1517 Bas„
2097 1474 2145 1523 ισε
2169 1465 2379 1521 ἐνμέτρως

451 1540 558 1580 Ven.
587 1563 644 1569 —
699 1537 728 1578 1.
753 1533 816 1579 14.
842 1527 907 1577 Ὠ
930 1537 1077 1587 πᾶσιν,
1110 1539 1190 1579 Ios.
1221 1534 1419 1590 Scaliger-i
1447 1535 1807 1586 emendationem,
1839 1551 1948 1577 nunc
1973 1536 2110 1578 firmat
2134 1537 2283 1581 Veneti
2306 1553 2379 1580 au·

453 1609 638 1651 cton‘tas.
695 1607 812 1649 Idem
838 1607 944 1648 liber
981 1606 1094 1648 delet
1132 1606 1256 1647 etiam
1282 1606 1473 1648 voculam
1500 1604 1549 1658 ὃ,
1591 1615 1688 1648 ante
1717 1601 1839 1663 ὄφις,
1885 1622 1989 1664 quae
2013 1608 2137 1665 vulgo
2159 1609 2202 1650 in
2231 1610 2377 1652 ceteris
2424 1606 2436 1612 ’

449 1680 667 1736 reperitur.
686 1703 743 1711 —
800 1678 827 1720 l.
846 1678 911 1720 15.
944 1672 1042 1734 ὄφις
1068 1673 1116 1721 οὗ
1140 1678 1201 1721 τῶ
1230 1677 1334 1734 (sic3
1365 1677 1610 1719 vocabulum
1641 1673 1738 1734 ὄφις
1762 1678 1825 1720 bis
1853 1678 2017 1720 videtur
2041 1679 2084 1720 in
2113 1679 2202 1722 cod.
2235 1689 2378 1722 extare

448 1751 668 1806 scriptum)
698 1746 827 1807 βαρὺν
847 1751 953 1792 Ven.
983 1773 1036 1781 —-
1094 1749 1123 1790 1.
1144 1749 1212 1791 21.
1242 1748 1334 1790 Alia
1361 1763 1532 1800 manus,
1562 1758 1605 1790 et
1634 1749 1865 1791 accuratior
1890 1749 1950 1790 uti
1979 1749 2166 1804 videtur,
2197 1760 2377 1794 annota-

452 1822 512 1864 vit
533 1822 778 1877 scripturam
807 1821 958 1862 Veneti
986 1819 1111 1865 ἔπισα
1136 1817 1207 1864 τόν
1235 1821 1316 1876 γῆν
1343 1818 1417 1864 καὶ
1440 1820 1524 1863 τῶν
1551 1819 1597 1875 ἐξ
1623 1816 1747 1876 ἀκηρ.
1806 1822 1854 1862 In
1879 1822 1973 1863 Bas.
1996 1822 2148 1877 legitur
2182 1821 2376 1874 ἐπείσατο

447 1895 555 1948 γῆν,
589 1892 661 1936 καὶ
686 1893 769 1936 τῶν
794 1892 838 1944 ἐξ
863 1889 990 1948 ἀκηρ.
1051 1892 1243 1932 Ceterum
1267 1891 1380 1947 quod
1407 1905 1492 1932 non
1514 1887 1744 1935 Ἐπείσατε
1768 1893 1863 1948 γῆν,
1894 1900 1940 1933 ut
1966 1901 2029 1934 est
2051 1893 2094 1934 in
2122 1893 2186 1935 ed.
2216 1895 2375 1950 Petav.,

447 1964 523 2005 sed
564 1961 795 2008 Ἐπείσατο
839 1961 918 2017 τὴν
959 1963 1040 2019 γῆν
1086 1971 1300 2004 exaratum
1341 1963 1502 2004 invenis
1550 1978 1625 2019 per
1668 1963 1987 2018 typothetarum
2029 1954 2169 2006 errore
2218 1965 2375 2007 factum

448 2044 526 2076 est.
556 2060 615 2067 —
670 2035 700 2076 l.
721 2032 762 2077 4.
790 2035 842 2077 ab
869 2035 947 2077 inf,
980 2033 1054 2078 καὶ
1078 2032 1299 2092 χωρισμὸς
1325 2035 1429 2076 Ven.
1451 2059 1509 2067 —
1565 2034 1594 2076 1.
1612 2034 1653 2078 3.
1682 2034 1734 2075 ab
1759 2034 1837 2075 inf.
1867 2032 1988 2080 πάλιν
2012 2033 2092 2093 γὰρ
2115 2032 2245 2086 αὐτὸς
2269 2036 2374 2094 (sine

447 2104 490 2160 ὅ)
521 2108 625 2148 Ven.

558 2180 692 2237 Pag.
713 2178 842 2224 284.
898 2178 924 2218 l·
949 2177 990 2221 8.
1034 2175 1179 2227 ἐνδοὺς
1214 2176 1475 2218 desideratur
1502 2177 1636 2218 solum
1662 2176 1706 2218 in
1733 2177 1798 2218 ed.
1832 2179 1974 2221 Petav.
2007 2177 2150 2220 Colon.
2167 2210 2182 2231 ,
2222 2193 2306 2220 non
2328 2178 2372 2220 in

445 2249 640 2292 Parisina.
674 2275 726 2282 —
785 2250 812 2292 l.
835 2250 897 2292 11.
931 2248 1102 2304 Corrige
1127 2244 1228 2293 οὐδέ
1253 2247 1357 2292 ἐστι.
1387 2273 1444 2280 --
1501 2248 1528 2289 l.
1548 2245 1613 2290 14.
1655 2243 1848 2304 τηρῆσαν
1872 2249 1952 2302 (εἰσ
1978 2248 2264 2300 scribendum,
2288 2263 2374 2291 non

442 2310 658 2377 τηρῆσαν,
700 2329 744 2362 ut
782 2336 911 2376 prave
951 2329 1164 2361 exaratum
1207 2319 1381 2375 legitur)
1421 2318 1621 2374 λέγεσθαι
1646 2321 1753 2361 Ven.
1786 2343 1835 2350 --
1894 2320 2007 2364 1.18.
2041 2320 2193 2370 κακίας
2218 2320 2375 2376 πολλῆς

442 2394 547 2435 Ven.
613 2393 737 2443 Quod
763 2392 1065 2433 restituendum
1090 2390 1275 2442 videtur,
1307 2390 1549 2446 praesertim
1576 2405 1668 2432 cum
1693 2391 1818 2432 etiam
1848 2391 1912 2433 ed.
1938 2392 2069 2447 princ.
2097 2407 2194 2436 κακ.
2219 2392 2375 2440 πολλᾶς

443 2464 671 2518 praebeat,
701 2478 785 2504 non
813 2479 908 2506 καχ.
941 2460 1108 2511 πολλὰς.
1140 2486 1195 2494 -
1252 2462 1279 2502 l.
1304 2462 1367 2504 19.
1399 2459 1470 2505 τόν
1495 2455 1712 2516 ἅνδρωπον
1736 2460 1958 2517 φαντάζειν
1982 2459 2050 2506 ἀεὶ
2075 2460 2181 2518 πρὸς
2208 2459 2373 2507 ἀδικίαν

446 2534 523 2591 ἔχῃ
556 2537 658 2576 Ven.
720 2537 768 2575 In
798 2536 888 2575 Bas.
925 2548 1002 2588 pro
1032 2533 1109 2589 ἔχῃ
1142 2540 1254 2589 extat
1282 2531 1382 2589 ἔχει,
1444 2532 1546 2573 Cod.
1575 2534 1730 2574 Venet.
1758 2533 1909 2574 deinde
1933 2533 2072 2589 pergit
2099 2531 2198 2583 itt-:og
2222 2530 2245 2577 0‘
2268 2548 2373 2577 παν-

443 2602 660 2660 τοκράτωρ
700 2602 906 2648 ἀθάνατον
937 2603 979 2648 ἐν
1010 2602 1243 2648 ἐλαττώσει
1283 2603 1574 2659 κεκακωμένον
1615 2603 1659 2657 ἐξ
1689 2603 1913 2662 ἐπιβουλῆς
1948 2605 2021 2649 τοῦ
2051 2601 2246 2663 διαβόλου
2273 2601 2373 2649 ἰδών

446 2671 572 2720 αυ’τόν
597 2675 898 2732 γεγενημένον,
941 2672 1017 2718 οὔκ
1047 2676 1165 2719 εἴασε
1193 2676 1440 2732 μεταλαβεῖν
1476 2677 1548 2719 τοῦ
1590 2673 1712 2727 ξύλου
1749 2676 1831 2731 τῆς
1860 2677 1997 2731 ζωῆς,
2040 2672 2148 2719 ἀλλά
2183 2674 2372 2727 ἐνέδυσεν

445 2743 572 2791 αὐτόν
608 2762 655 2791 τε
684 2746 759 2791 καὶ
793 2744 871 2802 την
901 2745 1077 2802 σύζυγον
1106 2741 1225 2790 Εὕαν
1256 2747 1436 2803 χιτῶνας
1474 2746 1769 2802 δερματίνους,
1809 2747 1883 2790 καὶ
1910 2744 2092 2790 ἀπέλυσε
2117 2748 2189 2790 τοῦ
2219 2746 2372 2802 Παρα-

446 2818 611 2871 δείσου,
656 2818 856 2872 νέκρωσιν
884 2813 1029 2866 αὐτοῖς
1056 2814 1223 2872 ὁρίσας,
1266 2817 1420 2873 λέγων,
1466 2817 1534 2873 Γῆ
1565 2814 1624 2868 εἷ,
1667 2817 1741 2861 καὶ
1769 2816 1830 2867 εἰς
1857 2818 1936 2874 γῆν
1963 2814 2213 2872 ἀπελεύσει,
2257 2812 2373 2866 ὅπως

444 2889 682 2945 καῖταρίσας
707 2890 789 2945 τῆς
825 2887 1099 2938 ἐλαττώσεως
1127 2888 1168 2933 ἐν
1194 2886 1250 2946 τῇ
1280 2885 1533 2941 ἀναστάσει,
1576 2885 1636 2938 ὣς
1673 2883 1843 2942 ἄριστος
1868 2887 2102 2944 κεραμεὺς,
2144 2885 2263 2933 πάλιν
2288 2883 2371 2932 ἀπὸ

445 2962 516 3005 τοῦ
547 2961 651 3006 ἰδίου
675 2958 921 3018 φυράματος
945 2956 1043 3004 ἄνευ
1071 2959 1345 3010 ἐλαττώσεως
1369 2957 1615 3014 ἀναστήσει.
1674 2956 1982 3015 Προηπόρηται
2011 2959 2059 3005 δὲ
2083 2954 2179 3017 ’ἤδη
2194 2960 2285 3002 κτλ.
2315 2981 2371 2989 —-

446 3033 473 3074 l.
494 3034 564 3077 21.
595 3035 694 3074 Post
724 3029 823 3077 ἰδών
847 3046 1004 3086 repone
1028 3028 1177 3084 αὗτόν,
1224 3032 1337 3087 quod
1361 3031 1560 3073 excidisse
1587 3031 1709 3072 video
1738 3030 1863 3072 etiam
1890 3030 1934 3071 in
1958 3031 2025 3072 ed.
2054 3032 2191 3073 Petav.
2223 3028 2369 3070 Colon.

446 3129 500 3136 —
529 3105 556 3145 1.
575 3105 644 3149 27.
690 3104 828 3145 Verba
852 3101 1092 3158 φράζωμεν.
1152 3099 1291 3152 Αὔτός
1316 3118 1401 3144 non
1429 3103 1557 3158 magis
1583 3102 1769 3158 agnoscit
1791 3104 1939 3144 Veneti
1971 3116 2093 3158 quam
2116 3114 2220 3156 quae
2245 3099 2369 3154 paulo

446 3184 544 3232 post
571 3184 797 3231 sequuntur
814 3170 978 3215 ver‘ba
955 3189 976 3217 0
994 3172 1331 3228 πρωτόπλαστος
1351 3199 1408 3206 -
1465 3175 1493 3215 l.
1515 3176 1542 3219 7
1570 3184 1613 3214 et
1638 3173 1678 3217 6.
1707 3174 1758 3215 ab
1781 3173 1858 3216 inf.
1887 3177 2064 3230 γυναῖκα
2086 3170 2371 3227 apog-evexerat-

448 3262 523 3291 σαν
555 3242 672 3304 αυτῷ
705 3249 806 3287 Ven.
868 3245 982 3289 Idem
1012 3244 1040 3285 l.
1067 3245 1139 3286 ult.
1171 3242 1402 3301 φληνάφων
1431 3245 1513 3289 τῶν
1541 3260 1662 3289 τινων
1693 3244 1806 3300 (sic)

559 3316 931 3376 Pag.286.1
966 3316 1000 3358 1
1048 3331 1308 3374 προχωρησῃ
1347 3316 1474 3357 habet
1514 3316 1636 3357 etiam
1672 3317 1775 3358 Ven.
1807 3339 1859 3348 —
1918 3315 1947 3356 1.
1967 3314 2008 3357 2.
2053 3310 2224 3368 νοητὰς,
2272 3320 2370 3368 post

450 3389 635 3444 σάρκας,
676 3404 756 3430 om.
799 3390 903 3430 Ven.
960 3387 1075 3428 Idem
1103 3388 1130 3428 1.
1156 3389 1196 3430 3.
1230 3386 1347 3432 κάτω
1388 3384 1739 3444 υποβαλλομένων.
1773 3411 1828 3419 -
1885 3385 1990 3428 Ibid.
2035 3384 2205 3438 Corrige
2236 3379 2370 3443 οὕτως

450 3476 521 3510 ως.
552 3484 607 3491 -
662 3460 691 3501 l.
717 3459 758 3502 6.
802 3454 1091 3514 ἀποκρίνεται,
1138 3455 1233 3502 Ουκ
1265 3454 1474 3514 ἀνέγνωτε
1508 3453 1573 3503 ότι
1600 3460 1703 3499 Ven.
1736 3482 1790 3490 —
1847 3456 1952 3498 Ibid.
1983 3454 2122 3498 Verba
2146 3453 2219 3498 καὶ
2243 3451 2368 3507 εἶπεν,

450 3540 546 3587 post
569 3530 755 3585 ἐποίησε,
786 3545 871 3571 non
896 3530 1022 3571 habet
1048 3532 1154 3572 ven.
1182 3554 1235 3561 —
1292 3529 1321 3570 l.
1347 3531 1410 3571 10.
1441 3524 1482 3580 ὃ,
1513 3537 1610 3585 post
1635 3524 1864 3584 ἄνθρωπον,
1896 3541 1975 3568 om.
2002 3527 2109 3569 Ven.
2138 3549 2194 3557 —
2250 3526 2278 3566 1.
2304 3527 2368 3568 15.

450 3600 776 3657 ἐπισκεψάμενοι
802 3602 906 3643 Ven.
938 3625 994 3632 —
1051 3601 1165 3645 1.17.
1208 3602 1396 3643 Praestat
1434 3600 1585 3643 Veneti
1621 3600 1823 3655 scriptura
1860 3593 1941 3642 ἀπὸ
1980 3596 2054 3639 τοῦ
2093 3591 2255 3651 ἀλόγου
2284 3596 2367 3641 τῶν

454 3671 584 3722 ζώων.
614 3696 666 3704 ——
723 3673 752 3713 1.
772 3673 840 3715 20.
885 3667 1059 3716 ἐδύνατο
1097 3673 1202 3713 Ven.
1235 3696 1287 3703 —-
1346 3670 1461 3714 1.23.
1505 3668 1753 3715 ἀπέστελλεν
1791 3670 1894 3711 ven.
1953 3666 2070 3708 Idem
2102 3667 2203 3708 ibid.
2242 3667 2367 3723 paulo

451 3750 548 3795 post
576 3737 691 3797 ἅνὲρ.
715 3740 1035 3799 ἀγευστήσαντα
1056 3739 1292 3787 ἀποθανεῖν.
1318 3766 1371 3775 -
1427 3742 1458 3783 1.
1472 3739 1541 3784 24.
1572 3740 1678 3797 φαίη
1704 3741 1826 3782 τοῦτο
1849 3739 1954 3780 ven.
1985 3762 2040 3770 —
2096 3738 2122 3778 l.
2143 3738 2209 3780 25.
2239 3734 2367 3782 ἀσθε-

448 3811 527 3868 νὴς
568 3809 683 3868 αυτῷ
722 3811 745 3857 ὁ
787 3812 909 3869 λόγος
947 3817 1052 3859 Ven.
1110 3814 1228 3855 Idem
1261 3813 1287 3853 1.
1311 3811 1378 3855 26.
1406 3807 1585 3861 ἀσύετος
1624 3809 1713 3866 (εἰσ)
1744 3809 1817 3853 τοῦ
1855 3809 2072 3864 μέλλοντος
2108 3806 2131 3853 ἆ
2168 3805 2281 3858 3263.
2314 3831 2366 3840 -—-
