2508 4134
461 232 564 284 302
1165 242 1370 285 sANcT1
1398 244 1686 288 EPIPHANII

462 337 529 401 ῶς
557 344 673 410 τιμᾷ
694 335 784 391 τόν
816 338 1018 406 πατέρα.
1098 337 1230 392 Οὐδὲ
1265 337 1413 392 πάλιν
1439 337 1610 406 εἶπεν,
1660 338 1715 393 Ὁ
1751 339 1817 408 μη
1845 343 1930 394 καὶ
1960 340 2048 396 τόν
2075 341 2189 397 υἷὸν
2215 350 2389 412 τιμῶν,

459 422 597 488 ἀλλά,
640 422 761 476 Τῖὁν
787 420 855 484 ὥς
878 421 965 476 τὸν
993 424 1192 493 πατέρα.
1261 421 1512 487 Ὡςαύτως
1542 425 1634 491 ὅτι,
1679 424 1788 479 Οὐκ
1812 425 2122 494 ἀφεθήσεται
2143 434 2213 503 τῷ
2238 432 2308 493 εἰς
2325 429 2388 484 ,vd

458 514 652 577 πνεῦμα
677 512 1065 576 βλασφημοῦντι,
1106 507 1218 562 οὔτε
1244 503 1356 572 ῶδε,
1395 509 1509 564 οὔτε
1534 513 1584 564 έν
1615 516 1684 584 τῷ
1710 512 1928 579 μέλλοντι
1954 515 2113 579 αἰῶνι,
2150 516 2235 567 ἵνα
2264 521 2388 583 8οή-

457 594 588 667 μάνη
615 600 702 661 τῆς
731 592 930 663 τριάδος
957 592 1013 648 τὸ
1041 592 1309 664 ἀπρόςιτον
1335 598 1419 649 καὶ
1443 593 1735 666 ἀσύγκριτον
1761 598 1813 650 ἐν
1836 599 2003 668 πατρὶ,
2042 600 2128 652 καὶ
2154 601 2264 673 υἱῷ,
2303 601 2385 654 καὶ

457 677 581 752 ἁγίῳ
619 677 873 747 πνεύματι.

588 763 779 817 Ἀετίου
815 763 984 830 κεφάλ.
1016 763 1068 816 λ’.
1143 768 1215 817 Εἰ
1247 764 1479 836 ὑπεράγει
1520 764 1684 834 πάσης
1722 765 1918 834 φύσεως
1954 765 1983 821 6
2010 768 2384 842 παντοκράτωρ,

453 847 536 902 διά
564 848 617 902 τὸ
646 848 917 919 ἀγέννητον
943 847 1193 920 ὖπεράγει,
1231 850 1352 920 ὅπερ
1385 853 1516 905 ἐστὶν
1541 854 1700 905 αἴτιον
1727 861 1828 915 τοῖς
1853 861 2104 923 γεννητοῖς
2127 857 2381 924 διαμονῆς.

455 938 528 987 Εἰ
552 935 604 988 δὲ
632 933 700 1003 μὴ
726 936 857 988 ἔστιν
885 933 1056 997 οὐσίας
1084 934 1350 1003 δηλωτικὸν
1375 935 1429 989 τό
1466 936 1756 1007 ἀγέννητον,
1811 938 1976 992 πόθεν
2003 937 2065 992 ἂν
2098 936 2131 1007 ἦ
2154 945 2253 994 τῶν
2279 961 2384 1012 γεν-

457 1027 617 1089 νητῶν
654 1019 806 1088 φύσις
842 1021 935 1084 ἕξει
970 1019 1025 1074 ‘cd
1065 1019 1392 1085 διασώζεσθαι
1404 1044 1419 1085 ,·
2372 1011 2390 1035 ”

585 1191 779 1262 Ἀνατρ.
857 1192 1044 1261 Πρέπει
1075 1192 1227 1262 λέγειν
1254 1192 1338 1244 καὶ
1366 1188 1647 1261 ὁμολογεῖν,
1699 1194 1783 1249 καὶ
1817 1191 1977 1257 οὕτως
2006 1196 2250 1264 κατέχειν,
2304 1194 2381 1251 ὅτι

450 1276 613 1346 πάσης
652 1277 848 1344 φύσεως
885 1274 1104 1347 ὑπερέχει
1143 1274 1171 1330 6
1198 1275 1576 1348 παντοκράτωρ,
1628 1278 1677 1340 ἐξ
1704 1271 1860 1348 οὗπερ
1904 1275 2024 1347 ἡμῖν
2054 1277 2085 1332 6
2106 1281 2379 1350 μονογενὴς

451 1361 812 1433 ἀνεκδιηγήτως
845 1368 1093 1431 προῆλθεν
1131 1359 1160 1415 6
1195 1360 1316 1424 θεὸς
1354 1360 1526 1432 λόγος,
1576 1363 1659 1414 καὶ
1700 1361 1754 1416 vd
1799 1362 1940 1434 ἅγιον
1973 1363 2130 1422 αὐτοῦ
2170 1372 2381 1434 πνεῦμα.

454 1451 554 1502 Καὶ
585 1446 667 1503 διά
693 1454 835 1501 τοῦτο
862 1448 1096 1514 ἀσφαλῶς
1121 1447 1180 1501 οὐ
1207 1451 1362 1500 κτίσιν
1387 1453 1752 1517 θεολογοῦμεν,
1801 1451 1885 1502 ἵνα
1914 1448 1981 1518 μή
2015 1456 2377 1520 μωρανθῶμᾱν,

451 1534 541 1603 τὴν
568 1534 620 1587 δὲ
647 1532 1044 1602 ὖπερβαίνουσαν
1082 1539 1248 1585 πᾶσαν
1290 1531 1442 1595 φύσιν
1482 1531 1657 1602 τριάδα
1696 1536 2080 1605 δοξολογοῦμεν,
2132 1533 2248 1595 νῖὁν
2285 1534 2379 1595 (Sim

451 1622 625 1691 πατρὶ,
678 1621 762 1672 καὶ
803 1617 858 1672 τὸ
897 1618 1037 1689 ἅγιον
1073 1616 1228 1672 αὐτοῦ
1265 1623 1483 1686 πνεῦμα,
1537 1618 1663 1676 διότι
1704 1618 1970 1689 ἀγέννητον
2013 1621 2099 1677 καὶ
2138 1618 2379 1683 ι’έκτισπον.

443 1703 652 1773 Ἐπειδὴ
695 1702 788 1775 γάρ
827 1702 939 1757 οὔτε
979 1701 1125 1772 ἄλλης
1165 1702 1362 1770 φύσεως
1397 1700 1426 1757 6
1457 1702 1724 1774 μονογενὴς
1761 1706 1847 1758 καὶ,
1885 1702 1940 1759 vd
1983 1704 2125 1775 ἅγιον
2165 1713 2377 1776 πνεῦμα,

451 1789 567 1847 ἀλλά
592 1788 714 1852 θεὸς
742 1792 797 1844 ἐκ
823 1796 975 1855 θεοῦ,
1029 1791 1112 1843 καὶ
1141 1795 1252 1856 φῶς
1275 1791 1329 1843 ἐκ
1356 1787 1547 1854 φωτός,
1599 1788 1690 1843 σῦν
1716 1795 1785 1863 τῷ
1810 1788 2177 1862 παντοκράτορι
2206 1793 2372 1864 πατρὶ,

451 1879 535 1932 καὶ
566 1874 715 1938 αὐτός
751 1873 779 1929 6
805 1874 1071 1946 μονογενὴς
1108 1873 1459 1945 παντοκράτωρ
1502 1872 1746 1941 ἀκούσας,
1799 1873 1866 1938 ὥς
1893 1877 1979 1929 καὶ
2013 1883 2187 1943 σαφῶς
2223 1879 2316 1946 ἔχει
2343 1875 2379 1946 η’

448 1966 564 2017 θεία
590 1960 774 2033 γραφή.
853 1961 927 2013 Οὐ
958 1959 1049 2032 γάρ
1088 1959 1283 2022 ἀλλοῖός
1320 1962 1419 2014 ἐστι
1444 1959 1578 2030 παρὰ
1603 1958 1656 2014 τό
1681 1967 1770 2015 τοῦ
1799 1961 1988 2032 πατρὸς
2014 1962 2203 2030 ἀξίωμα
2233 1960 2263 2021 6
2289 1984 2375 2031 μη-

449 2047 674 2119 νογενης,
733 2048 1021 2117 συμπρέπον
1051 2047 1104 2100 δὲ
1129 2052 1199 2119 τῷ
1226 2050 1314 2099 τοῦ
1343 2045 1527 2116 πατρὸς
1557 2044 1817 2115 ἀξιώματι·
1858 2045 1925 2110 ὥς
1952 2047 2226 2119 διαρρήδην
2254 2071 2374 2119 μαρ-

449 2142 588 2205 τυρεῖ
623 2155 708 2202 μοι
742 2131 771 2186 6
798 2130 943 2203 ἅγιος
972 2130 1243 2193 ἀπόστολος
1273 2133 1326 2189 ἐν
1351 2130 1588 2199 πνεύματι
1630 2129 1753 2206 άγίφ
1791 2131 1956 2200 φήσας
1982 2135 2095 2203 περὶ
2126 2139 2225 2188 τῶν
2252 2136 2375 2193 υἱῶν

246 2258 329 2295 pag.
353 2248 426 2282 9⁷8.
444 2218 659 2291 Ἰσραὴλ,
692 2213 811 2284 Ὧν,
850 2219 1004 2286 φησὶν
1031 2215 1065 2286 ἡ
1093 2221 1312 2287 λατρεία,
1362 2219 1447 2270 καὶ
1484 2220 1538 2271 αἱ
1559 2220 1823 2285 διαθῆκαι,
1861 2219 1946 2270 καὶ
1980 2211 2050 2271 ῶν
2075 2220 2126 2270 οἱ
2150 2220 2372 2290 πατέρες,

450 2309 499 2370 ἐξ
530 2300 600 2359 ῶν
629 2302 658 2358 6
689 2302 900 2375 Χριστός
926 2302 978 2357 τὸ
1007 2301 1127 2356 κατά
1150 2301 1335 2372 σάρκα,
1383 2300 1413 2355 6
1438 2301 1510 2355 ῶν
1540 2304 1620 2356 ἐπὶ
1647 2302 1844 2359 πάντων
1869 2301 1991 2366 θεὸς
2013 2301 2274 2373 εὐλογητὸς
2302 2306 2373 2370 εἰς

446 2390 562 2459 τούς
601 2393 807 2455 αἰῶνας,
861 2388 1006 2456 ἀμήν.
1081 2386 1180 2441 Διά
1221 2394 1366 2441 τοῦτο
1411 2387 1504 2458 γάρ
1544 2390 1628 2441 καὶ
1663 2386 1998 2459 προςκυνητὸς
2034 2385 2063 2442 6
2089 2387 2372 2459 μονογενὴς,

445 2478 529 2530 καὶ
555 2473 678 2537 θεὸς
709 2473 738 2528 6
761 2472 1050 2544 μονογενὴς,
1102 2475 1187 2527 καὶ
1215 2481 1358 2527 θεῖον
1388 2479 1580 2541 πνεῦμα
1609 2471 1663 2527 το“
1700 2473 1840 2543 ἅγιον
1867 2479 2086 2542 πνεῦμα,
2139 2475 2222 2528 καὶ
2253 2472 2374 2543 μετὰ

447 2560 535 2629 τὴν
561 2559 703 2631 ἀγίαν
731 2559 904 2630 τριάδα
935 2559 1030 2612 οὐκ
1059 2560 1190 2612 ἔστιν
1221 2561 1385 2630 ἕτερος
1413 2558 1547 2621 θεός.
1618 2556 1682 2611 ‘O
1715 2559 1768 2612 δὲ
1798 2557 1961 2628 πατὴρ
1997 2558 2370 2631 παντοκράτωρ,

445 2649 531 2706 καὶ
558 2644 585 2700 6
612 2643 881 2716 μονογενής
913 2643 1069 2697 αὐτοῦ
1104 2653 1223 2707 παῖς
1245 2644 1435 2712 Ἰησοῦς
1471 2643 1686 2715 Χριστός
1726 2646 2028 2715 συμπρέπων
2052 2650 2121 2717 τῷ
2154 2650 2242 2698 τοῦ
2276 2666 2370 2703 πα-

446 2730 562 2804 τρός
588 2730 848 2799 ἀξιώματι,
886 2732 969 2783 καὶ
999 2729 1158 2799 πατὴρ
1192 2729 1492 2798 καλούμενος
1520 2736 1609 2784 τοῦ
1637 2731 1889 2798 μέλλοντος
1914 2731 2118 2794 αἰῶνος,
2156 2731 2371 2802 συμπρέ-

446 2839 557 2871 πων
591 2824 605 2853 ¹
625 2817 678 2870 δὲ
706 2818 788 2869 καὶ
819 2821 885 2889 τῷ
913 2813 1034 2889 άγίῳ
1064 2814 1218 2869 αὐτοῦ
1245 2815 1483 2884 πνεύματι
1508 2816 1772 2880 ἀκτίστως,
1811 2815 1888 2868 ἀεὶ
1915 2812 1948 2883 ἦ
1971 2813 2108 2885 τριάς
2128 2836 2369 2885 φανερόν,-

449 2904 566 2971 μένη
592 2904 675 2959 καὶ
700 2903 1032 2972 γινωσκομένη
1049 2945 1060 2966 ,
1101 2904 1149 2965 ἐξ
1173 2895 1233 2969 ἧς
1258 2901 1459 2972 τριάδος
1487 2909 1592 2963 τοῖς
1615 2907 1736 2954 πᾶσι
1758 2899 1977 2970 γεγονόσι
2002 2898 2056 2954 τό
2085 2902 2243 2954 αἴτιον
2271 2902 2370 2960 ἔνε-

447 3006 576 3052 στιν,
648 2990 812 3057 2εἴπερ
869 2988 997 3040 ἐστὶν
1046 2987 1217 3050 οὐσίας
1256 2985 1568 3057 ἀκραιφνοῦς
1614 2988 1697 3040 καὶ
1742 2985 2040 3055 ἀσυγκρίτου
2082 2983 2368 3053 δηλωτικόν,

446 3072 605 3142 πατὴρ
633 3076 683 3127 ἐν
709 3075 829 3145 υἱῷ,
881 3070 992 3134 υἷός
1023 3074 1074 3125 ἐν
1099 3074 1275 3143 πατρὶ,
1325 3070 1415 3124 σύν
1445 3069 1567 3145 άγίῳ
1598 3071 1863 3139 πνεύματι,
1914 3069 1990 3122 ἀεὶ
2016 3075 2102 3137 τῆς
2128 3073 2369 3139 διαμονῆς

445 3158 499 3212 τὸ
529 3157 690 3212 ἀΐδιον
719 3161 768 3211 ἐν
793 3159 942 3230 ἑαυτῇ
971 3156 1198 3226 ἐχούσης,
1252 3160 1300 3221 ἐξ
1326 3151 1388 3225 ἧς
1419 3156 1619 3227 τριάδος
1653 3164 1754 3218 τοῖς
1792 3154 2012 3226 γεγονόσι
2049 3153 2104 3208 τὸ
2143 3154 2366 3221 διασώζε-

444 3252 567 3297 σθαι
602 3242 871 3314 πρόςεστιν.

583 3412 771 3468 Ἀετίου
799 3412 966 3479 κεφάλ.
996 3413 1080 3465 λα’.
1154 3415 1225 3465 Εἰ
1242 3407 1395 3466 ὀὐδὲν
1421 3418 1518 3466 τῶν
1551 3408 1777 3481 ἀοράτων
1815 3414 1835 3445 ¹
1854 3407 1974 3462 αὗτὸ
2012 3410 2191 3464 ἑαυτοῦ
2219 3427 2365 3482 σπερ-

446 3506 662 3564 ματικῶς
689 3498 1020 3570 προῦπάρχει,
1061 3500 1275 3566 διαμένει
1304 3499 1356 3551 δὲ
1391 3499 1442 3551 ἐν
1471 3496 1616 3563 φύσει
1643 3492 2116 3569 ἀποκεκληρωμένῃ,
2158 3501 2307 3558 2πῶς
2334 3491 2365 3550 6

444 3579 704 3653 ἀγέννητος
734 3583 853 3647 θεὸς
880 3582 1135 3655 ἐλεύθερος
1176 3579 1567 3655 ἀποκληρῶσεως
1600 3577 1834 3650 ὑπάρχων
1875 3584 1965 3632 νῦν
2007 3580 2094 3648 μὲν
2121 3579 2212 3649 τὴν
2251 3582 2361 3634 ἕαυ-

501 3725 539 3766 8.
573 3727 756 3783 σημαίνῃ
787 3731 875 3770 edit.
897 3731 1033 3776 Petav.
1486 3726 1525 3767 2.
1554 3720 1663 3778 ἥπερ
1691 3727 1840 3766 volebat
1867 3726 2063 3765 Petavius.

504 3782 539 3823 1.
570 3782 616 3827 δὲ
645 3788 798 3834 reposui
821 3799 868 3826 ex
897 3788 1008 3826 codd.
1031 3798 1123 3826 mss.
1178 3786 1286 3825 Edita·
1312 3798 1371 3827 τε.
1435 3810 1441 3822 t
1490 3785 1524 3823 1.
1557 3784 1688 3833 Supra
1717 3784 1832 3833 vulgo
1863 3776 1992 3829 αὗτός
2020 3776 2160 3823 αὐτοῦ.
