<?xml version="1.0" encoding="UTF-8"?>
<!DOCTYPE html PUBLIC "-//W3C//DTD XHTML 1.0 Transitional//EN"
    "http://www.w3.org/TR/xhtml1/DTD/xhtml1-transitional.dtd">
<html xmlns="http://www.w3.org/1999/xhtml" xml:lang="en" lang="en">
 <head>
  <title>
</title>
<meta http-equiv="Content-Type" content="text/html;charset=utf-8" />
  <meta name='ocr-system' content='tesseract 3.04.00' />
  <meta name='ocr-capabilities' content='ocr_page ocr_carea ocr_par ocr_line ocrx_word'/>
</head>
<body>
  <div class='ocr_page' id='page_1' title='image "./pt3corporishaere02epipuoft/pt3corporishaere02epipuoft_0240.png"; bbox 0 0 2508 4134; ppageno 0'>
   <div class='ocr_carea' id='block_1_1' title="bbox 235 2877 419 2922">
    <p class='ocr_par' dir='ltr' id='par_1_1' title="bbox 235 2877 419 2922">
     <span class='ocr_line' id='line_1_1' title="bbox 235 2877 419 2922; baseline -0.005 -10"><span class='ocrx_word' id='word_1_1' title='bbox 235 2886 322 2922; x_wconf 83' lang='lat' dir='ltr'><strong>pag.</strong></span> <span class='ocrx_word' id='word_1_2' title='bbox 344 2877 419 2912; x_wconf 79' lang='grc'><strong>936.</strong></span> 
     </span>
    </p>
   </div>
   <div class='ocr_carea' id='block_1_2' title="bbox 430 273 1652 326">
    <p class='ocr_par' dir='ltr' id='par_1_2' title="bbox 430 273 1652 326">
     <span class='ocr_line' id='line_1_2' title="bbox 430 273 1652 326; baseline -0.003 0"><span class='ocrx_word' id='word_1_3' title='bbox 430 273 534 326; x_wconf 84' lang='grc'><strong><em>230</em></strong></span> <span class='ocrx_word' id='word_1_4' title='bbox 1143 279 1347 323; x_wconf 76' lang='lat' dir='ltr'><strong>SANGTI</strong></span> <span class='ocrx_word' id='word_1_5' title='bbox 1369 281 1652 322; x_wconf 77' lang='lat' dir='ltr'>EPIPHANH</span> 
     </span>
    </p>
   </div>
   <div class='ocr_carea' id='block_1_3' title="bbox 1255 375 1434 397">
    <p class='ocr_par' dir='ltr' id='par_1_3' title="bbox 1255 375 1434 397">
     <span class='ocr_line' id='line_1_3' title="bbox 1255 375 1434 397; baseline -0.011 0"><span class='ocrx_word' id='word_1_6' title='bbox 1255 377 1267 397; x_wconf 64' lang='grc' dir='ltr'>ἱ</span> <span class='ocrx_word' id='word_1_7' title='bbox 1304 376 1331 396; x_wconf 77' lang='lat' dir='ltr'><strong><em>P!</em></strong></span> <span class='ocrx_word' id='word_1_8' title='bbox 1408 375 1434 395; x_wconf 73' lang='lat' dir='ltr'><strong><em>,l</em></strong></span> 
     </span>
    </p>
   </div>
   <div class='ocr_carea' id='block_1_4' title="bbox 429 375 2374 1473">
    <p class='ocr_par' dir='ltr' id='par_1_4' title="bbox 429 375 2374 1473">
     <span class='ocr_line' id='line_1_4' title="bbox 430 375 2367 450; baseline 0.001 -16"><span class='ocrx_word' id='word_1_9' title='bbox 430 379 526 434; x_wconf 69' lang='grc' dir='ltr'><strong><em>κᾶν</em></strong></span> <span class='ocrx_word' id='word_1_10' title='bbox 551 380 604 431; x_wconf 78' lang='grc' dir='ltr'><strong><em>ἐν</em></strong></span> <span class='ocrx_word' id='word_1_11' title='bbox 627 382 696 449; x_wconf 78' lang='grc' dir='ltr'><strong><em>τῷ</em></strong></span> <span class='ocrx_word' id='word_1_12' title='bbox 721 375 942 445; x_wconf 80' lang='grc' dir='ltr'><strong><em>τυχόντι;</em></strong></span> <span class='ocrx_word' id='word_1_13' title='bbox 1018 375 1195 450; x_wconf 75' lang='grc' dir='ltr'><em>Γνῶσῃ</em></span> <span class='ocrx_word' id='word_1_14' title='bbox 1219 380 1272 430; x_wconf 89' lang='grc' dir='ltr'><strong><em>δε</em></strong></span> <span class='ocrx_word' id='word_1_15' title='bbox 1300 399 1376 430; x_wconf 88' lang='grc' dir='ltr'><strong><em>οτι</em></strong></span> <span class='ocrx_word' id='word_1_16' title='bbox 1401 399 1611 448; x_wconf 86' lang='grc' dir='ltr'><strong><em>αναρχος</em></strong></span> <span class='ocrx_word' id='word_1_17' title='bbox 1636 375 1785 443; x_wconf 77' lang='grc' dir='ltr'><strong><em>θεός,</em></strong></span> <span class='ocrx_word' id='word_1_18' title='bbox 1835 379 1921 431; x_wconf 87' lang='grc' dir='ltr'><strong><em>καὶ</em></strong></span> <span class='ocrx_word' id='word_1_19' title='bbox 1952 375 2216 450; x_wconf 85' lang='grc' dir='ltr'><strong><em>ἀγέννητος</em></strong></span> <span class='ocrx_word' id='word_1_20' title='bbox 2245 378 2367 443; x_wconf 77' lang='grc' dir='ltr'><strong><em>θεός</em></strong></span> 
     </span>
     <span class='ocr_line' id='line_1_5' title="bbox 432 460 2368 536; baseline 0.002 -21"><span class='ocrx_word' id='word_1_21' title='bbox 432 466 687 534; x_wconf 74' lang='grc' dir='ltr'><strong><em>ἐγέννησεν</em></strong></span> <span class='ocrx_word' id='word_1_22' title='bbox 733 463 781 525; x_wconf 77' lang='grc' dir='ltr'><strong><em>ἐξ</em></strong></span> <span class='ocrx_word' id='word_1_23' title='bbox 830 462 984 515; x_wconf 82' lang='grc' dir='ltr'><strong><em>αὐτοῦ</em></strong></span> <span class='ocrx_word' id='word_1_24' title='bbox 1024 460 1148 515; x_wconf 77' lang='grc' dir='ltr'><strong><em>θεὸν</em></strong></span> <span class='ocrx_word' id='word_1_25' title='bbox 1188 461 1364 530; x_wconf 76' lang='grc' dir='ltr'><strong><em>ὅμοιον</em></strong></span> <span class='ocrx_word' id='word_1_26' title='bbox 1407 465 1589 536; x_wconf 77' lang='grc' dir='ltr'><strong><em>ἑαυτῷ,</em></strong></span> <span class='ocrx_word' id='word_1_27' title='bbox 1644 461 1705 517; x_wconf 79' lang='grc' dir='ltr'><strong><em>οὐ</em></strong></span> <span class='ocrx_word' id='word_1_28' title='bbox 1745 461 1922 531; x_wconf 90' lang='grc' dir='ltr'><strong><em>μόνον,</em></strong></span> <span class='ocrx_word' id='word_1_29' title='bbox 1968 461 2088 517; x_wconf 70' lang='grc' dir='ltr'><strong><em>’ἀλλὰ</em></strong></span> <span class='ocrx_word' id='word_1_30' title='bbox 2135 466 2221 518; x_wconf 85' lang='grc' dir='ltr'><strong><em>καὶ</em></strong></span> <span class='ocrx_word' id='word_1_31' title='bbox 2260 468 2368 519; x_wconf 69' lang='grc' dir='ltr'><strong><em>ἴσον</em></strong></span> 
     </span>
     <span class='ocr_line' id='line_1_6' title="bbox 431 545 2369 620; baseline 0.001 -17"><span class='ocrx_word' id='word_1_32' title='bbox 431 546 555 603; x_wconf 76' lang='grc' dir='ltr'><strong><em>κατά</em></strong></span> <span class='ocrx_word' id='word_1_33' title='bbox 576 545 749 600; x_wconf 90' lang='grc' dir='ltr'><strong><em>πάντα.</em></strong></span> <span class='ocrx_word' id='word_1_34' title='bbox 828 549 928 600; x_wconf 84' lang='grc' dir='ltr'><strong><em>Καὶ</em></strong></span> <span class='ocrx_word' id='word_1_35' title='bbox 953 545 1045 600; x_wconf 76' lang='grc' dir='ltr'><strong><em>οὐκ</em></strong></span> <span class='ocrx_word' id='word_1_36' title='bbox 1077 549 1286 610; x_wconf 72' lang='grc' dir='ltr'><strong><em>ἔκτισεν,</em></strong></span> <span class='ocrx_word' id='word_1_37' title='bbox 1340 551 1423 601; x_wconf 78' lang='grc' dir='ltr'><strong><em>ἵνα</em></strong></span> <span class='ocrx_word' id='word_1_38' title='bbox 1451 547 1519 616; x_wconf 79' lang='grc' dir='ltr'><strong><em>μὴ</em></strong></span> <span class='ocrx_word' id='word_1_39' title='bbox 1546 546 1783 616; x_wconf 89' lang='grc' dir='ltr'><strong><em>ἀνόμοιος</em></strong></span> <span class='ocrx_word' id='word_1_40' title='bbox 1809 546 1838 602; x_wconf 82' lang='grc' dir='ltr'><em>ὅ</em></span> <span class='ocrx_word' id='word_1_41' title='bbox 1863 550 2086 612; x_wconf 80' lang='grc' dir='ltr'><strong><em>κτισθεὶς</em></strong></span> <span class='ocrx_word' id='word_1_42' title='bbox 2110 548 2369 620; x_wconf 83' lang='grc' dir='ltr'><strong><em>γενόμενος</em></strong></span> 
     </span>
     <span class='ocr_line' id='line_1_7' title="bbox 433 630 2367 706; baseline 0.001 -19"><span class='ocrx_word' id='word_1_43' title='bbox 433 633 653 706; x_wconf 82' lang='grc' dir='ltr'><strong><em>ἀφανίσῃ</em></strong></span> <span class='ocrx_word' id='word_1_44' title='bbox 697 631 751 685; x_wconf 85' lang='grc' dir='ltr'><strong><em>τό</em></strong></span> <span class='ocrx_word' id='word_1_45' title='bbox 797 638 930 685; x_wconf 81' lang='grc' dir='ltr'><strong><em>5τοῦ</em></strong></span> <span class='ocrx_word' id='word_1_46' title='bbox 966 631 1088 694; x_wconf 75' lang='grc' dir='ltr'><strong><em>θεὸς</em></strong></span> <span class='ocrx_word' id='word_1_47' title='bbox 1129 630 1282 701; x_wconf 73' lang='grc' dir='ltr'><strong><em>ὄνομα</em></strong></span> <span class='ocrx_word' id='word_1_48' title='bbox 1329 632 1411 686; x_wconf 80' lang='grc' dir='ltr'><strong><em>διά</em></strong></span> <span class='ocrx_word' id='word_1_49' title='bbox 1449 640 1538 702; x_wconf 81' lang='grc' dir='ltr'><strong><em>τῆς</em></strong></span> <span class='ocrx_word' id='word_1_50' title='bbox 1581 633 1879 696; x_wconf 75' lang='grc' dir='ltr'><em>διαστάσεως</em></span> <span class='ocrx_word' id='word_1_51' title='bbox 1913 639 2000 702; x_wconf 84' lang='grc' dir='ltr'><strong><em>τῆς</em></strong></span> <span class='ocrx_word' id='word_1_52' title='bbox 2040 641 2367 706; x_wconf 81' lang='grc' dir='ltr'><strong><em>παραλλαγῆς.</em></strong></span> 
     </span>
     <span class='ocr_line' id='line_1_8' title="bbox 429 712 2368 790; baseline 0 -16"><span class='ocrx_word' id='word_1_53' title='bbox 429 712 700 774; x_wconf 83' lang='grc' dir='ltr'><strong><em>Ἀδύνατον</em></strong></span> <span class='ocrx_word' id='word_1_54' title='bbox 729 715 821 788; x_wconf 77' lang='grc' dir='ltr'><strong><em>γάρ</em></strong></span> <span class='ocrx_word' id='word_1_55' title='bbox 856 715 942 771; x_wconf 79' lang='grc' dir='ltr'><strong><em>τόν</em></strong></span> <span class='ocrx_word' id='word_1_56' title='bbox 968 723 1212 788; x_wconf 78' lang='grc' dir='ltr'><strong><em>γεννῶντα</em></strong></span> <span class='ocrx_word' id='word_1_57' title='bbox 1247 715 1481 786; x_wconf 87' lang='grc' dir='ltr'><strong><em>ἀνόμοιον</em></strong></span> <span class='ocrx_word' id='word_1_58' title='bbox 1510 721 1592 772; x_wconf 87' lang='grc' dir='ltr'><strong><em>καὶ</em></strong></span> <span class='ocrx_word' id='word_1_59' title='bbox 1621 717 1792 773; x_wconf 70' lang='grc' dir='ltr'><strong><em>ἄνισον</em></strong></span> <span class='ocrx_word' id='word_1_60' title='bbox 1825 725 2000 790; x_wconf 78' lang='grc' dir='ltr'><strong><em>γεννᾶν</em></strong></span> <span class='ocrx_word' id='word_1_61' title='bbox 2025 720 2231 785; x_wconf 76' lang='grc' dir='ltr'><strong><em>ἑαυτοῦ,</em></strong></span> <span class='ocrx_word' id='word_1_62' title='bbox 2282 722 2368 774; x_wconf 76' lang='grc' dir='ltr'><strong><em>καὶ</em></strong></span> 
     </span>
     <span class='ocr_line' id='line_1_9' title="bbox 431 801 2371 875; baseline -0.001 -15"><span class='ocrx_word' id='word_1_63' title='bbox 431 805 518 860; x_wconf 86' lang='grc' dir='ltr'><strong><em>τὸν</em></strong></span> <span class='ocrx_word' id='word_1_64' title='bbox 539 804 890 875; x_wconf 82' lang='grc' dir='ltr'><strong><em>γεγεννημένον</em></strong></span> <span class='ocrx_word' id='word_1_65' title='bbox 919 802 1156 871; x_wconf 80' lang='grc' dir='ltr'><strong><em>ἀνόμοιον</em></strong></span> <span class='ocrx_word' id='word_1_66' title='bbox 1185 801 1310 856; x_wconf 86' lang='grc' dir='ltr'><strong><em>εἶναι</em></strong></span> <span class='ocrx_word' id='word_1_67' title='bbox 1349 810 1440 857; x_wconf 85' lang='grc' dir='ltr'><strong><em>τοῦ</em></strong></span> <span class='ocrx_word' id='word_1_68' title='bbox 1467 804 1825 874; x_wconf 86' lang='grc' dir='ltr'><strong><em>γεγεννηκότος.</em></strong></span> <span class='ocrx_word' id='word_1_69' title='bbox 1903 803 1997 858; x_wconf 85' lang='grc' dir='ltr'><strong><em>Διὸ</em></strong></span> <span class='ocrx_word' id='word_1_70' title='bbox 2029 807 2249 859; x_wconf 76' lang='grc' dir='ltr'><strong><em>ἐνταῦθα</em></strong></span> <span class='ocrx_word' id='word_1_71' title='bbox 2286 827 2371 859; x_wconf 85' lang='grc' dir='ltr'><strong><em>πε-</em></strong></span> 
     </span>
     <span class='ocr_line' id='line_1_10' title="bbox 434 887 2368 963; baseline -0.001 -18"><span class='ocrx_word' id='word_1_72' title='bbox 434 891 695 963; x_wconf 78' lang='grc' dir='ltr'><strong><em>ριλήψεται</em></strong></span> <span class='ocrx_word' id='word_1_73' title='bbox 730 895 819 956; x_wconf 82' lang='grc' dir='ltr'><strong><em>τῆς</em></strong></span> <span class='ocrx_word' id='word_1_74' title='bbox 861 887 1157 957; x_wconf 90' lang='grc' dir='ltr'><strong><em>ταυτότητος</em></strong></span> <span class='ocrx_word' id='word_1_75' title='bbox 1193 887 1248 942; x_wconf 78' lang='grc' dir='ltr'><strong><em>τὸ</em></strong></span> <span class='ocrx_word' id='word_1_76' title='bbox 1291 887 1415 942; x_wconf 78' lang='grc' dir='ltr'><strong><em>κατά</em></strong></span> <span class='ocrx_word' id='word_1_77' title='bbox 1453 888 1605 955; x_wconf 83' lang='grc' dir='ltr'><strong><em>φύσιν</em></strong></span> <span class='ocrx_word' id='word_1_78' title='bbox 1650 892 1717 953; x_wconf 77' lang='grc' dir='ltr'><strong><em>ἐξ</em></strong></span> <span class='ocrx_word' id='word_1_79' title='bbox 1743 888 2056 960; x_wconf 73' lang='grc' dir='ltr'><strong><em>εὖαγγελικῆς</em></strong></span> <span class='ocrx_word' id='word_1_80' title='bbox 2086 894 2368 962; x_wconf 83' lang='grc' dir='ltr'><strong><em>μαρτυρίας,</em></strong></span> 
     </span>
     <span class='ocr_line' id='line_1_11' title="bbox 434 972 2369 1047; baseline -0.001 -15"><span class='ocrx_word' id='word_1_81' title='bbox 434 978 526 1042; x_wconf 79' lang='grc' dir='ltr'><strong><em>ὅτι,</em></strong></span> <span class='ocrx_word' id='word_1_82' title='bbox 560 974 738 1030; x_wconf 87' lang='grc' dir='ltr'><strong><em>Πάντα</em></strong></span> <span class='ocrx_word' id='word_1_83' title='bbox 762 973 822 1026; x_wconf 79' lang='grc' dir='ltr'><strong><em>τά</em></strong></span> <span class='ocrx_word' id='word_1_84' title='bbox 848 980 938 1028; x_wconf 87' lang='grc' dir='ltr'><strong><em>τοῦ</em></strong></span> <span class='ocrx_word' id='word_1_85' title='bbox 962 972 1148 1044; x_wconf 74' lang='grc' dir='ltr'><strong><em>πατρὸς</em></strong></span> <span class='ocrx_word' id='word_1_86' title='bbox 1175 972 1267 1042; x_wconf 80' lang='grc' dir='ltr'><strong><em>ἐμά</em></strong></span> <span class='ocrx_word' id='word_1_87' title='bbox 1296 976 1412 1039; x_wconf 78' lang='grc' dir='ltr'><strong><em>ἐστι,</em></strong></span> <span class='ocrx_word' id='word_1_88' title='bbox 1441 976 1660 1029; x_wconf 85' lang='grc' dir='ltr'><strong><em>τουτέστι</em></strong></span> <span class='ocrx_word' id='word_1_89' title='bbox 1684 974 1807 1038; x_wconf 74' lang='grc' dir='ltr'><strong><em>θεὸς</em></strong></span> <span class='ocrx_word' id='word_1_90' title='bbox 1836 974 1863 1029; x_wconf 86' lang='grc' dir='ltr'>ὁ</span> <span class='ocrx_word' id='word_1_91' title='bbox 1886 974 2067 1046; x_wconf 80' lang='grc' dir='ltr'><strong><em>πατὴρ,</em></strong></span> <span class='ocrx_word' id='word_1_92' title='bbox 2103 974 2227 1038; x_wconf 79' lang='grc' dir='ltr'><strong><em>θεός</em></strong></span> <span class='ocrx_word' id='word_1_93' title='bbox 2255 974 2369 1047; x_wconf 61' lang='grc' dir='ltr'><strong><em>ἐγώ,</em></strong></span> 
     </span>
     <span class='ocr_line' id='line_1_12' title="bbox 433 1057 2373 1135; baseline -0.002 -18"><span class='ocrx_word' id='word_1_94' title='bbox 433 1061 531 1131; x_wconf 77' lang='grc' dir='ltr'><strong><em>ζωὴ</em></strong></span> <span class='ocrx_word' id='word_1_95' title='bbox 568 1059 597 1116; x_wconf 81' lang='grc' dir='ltr'><em>ὅ</em></span> <span class='ocrx_word' id='word_1_96' title='bbox 623 1058 810 1131; x_wconf 79' lang='grc' dir='ltr'><strong><em>πατὴρ,</em></strong></span> <span class='ocrx_word' id='word_1_97' title='bbox 848 1058 946 1128; x_wconf 78' lang='grc' dir='ltr'><strong><em>ζωὴ</em></strong></span> <span class='ocrx_word' id='word_1_98' title='bbox 975 1058 1096 1130; x_wconf 73' lang='grc' dir='ltr'><strong><em>ἐγώ,</em></strong></span> <span class='ocrx_word' id='word_1_99' title='bbox 1135 1060 1216 1112; x_wconf 82' lang='grc' dir='ltr'><strong><em>καὶ</em></strong></span> <span class='ocrx_word' id='word_1_100' title='bbox 1242 1057 1303 1111; x_wconf 79' lang='grc' dir='ltr'><strong><em>τά</em></strong></span> <span class='ocrx_word' id='word_1_101' title='bbox 1330 1060 1444 1127; x_wconf 78' lang='grc' dir='ltr'><strong><em>ἑξῆς</em></strong></span> <span class='ocrx_word' id='word_1_102' title='bbox 1474 1058 1638 1112; x_wconf 89' lang='grc' dir='ltr'><strong><em>πάντα</em></strong></span> <span class='ocrx_word' id='word_1_103' title='bbox 1668 1060 1761 1114; x_wconf 73' lang='grc' dir='ltr'><strong><em>ὅσα</em></strong></span> <span class='ocrx_word' id='word_1_104' title='bbox 1789 1063 1965 1131; x_wconf 81' lang='grc' dir='ltr'><strong><em>πρέπει</em></strong></span> <span class='ocrx_word' id='word_1_105' title='bbox 1991 1063 2139 1132; x_wconf 81' lang='grc' dir='ltr'><strong><em>πατρὶ</em></strong></span> <span class='ocrx_word' id='word_1_106' title='bbox 2166 1063 2252 1114; x_wconf 87' lang='grc' dir='ltr'><strong><em>καὶ</em></strong></span> <span class='ocrx_word' id='word_1_107' title='bbox 2277 1064 2373 1135; x_wconf 78' lang='grc' dir='ltr'><strong><em>υἱῷ</em></strong></span> 
     </span>
     <span class='ocr_line' id='line_1_13' title="bbox 434 1143 2373 1220; baseline -0.001 -18"><span class='ocrx_word' id='word_1_108' title='bbox 434 1151 520 1203; x_wconf 88' lang='grc' dir='ltr'><strong><em>καὶ</em></strong></span> <span class='ocrx_word' id='word_1_109' title='bbox 547 1145 670 1220; x_wconf 77' lang='grc' dir='ltr'><strong><em>άγίῳ</em></strong></span> <span class='ocrx_word' id='word_1_110' title='bbox 695 1144 934 1213; x_wconf 85' lang='grc' dir='ltr'><strong><em>πνεύματι</em></strong></span> <span class='ocrx_word' id='word_1_111' title='bbox 965 1147 1016 1199; x_wconf 82' lang='grc' dir='ltr'><strong><em>ἐν</em></strong></span> <span class='ocrx_word' id='word_1_112' title='bbox 1053 1150 1141 1217; x_wconf 74' lang='grc' dir='ltr'><strong><em>μιᾷ</em></strong></span> <span class='ocrx_word' id='word_1_113' title='bbox 1165 1143 1391 1211; x_wconf 84' lang='grc' dir='ltr'><strong><em>θεότητι,</em></strong></span> <span class='ocrx_word' id='word_1_114' title='bbox 1445 1145 1597 1212; x_wconf 85' lang='grc' dir='ltr'><strong><em>μηδὲν</em></strong></span> <span class='ocrx_word' id='word_1_115' title='bbox 1631 1145 1949 1216; x_wconf 73' lang='grc' dir='ltr'><strong><em>τῆςτριάδος</em></strong></span> <span class='ocrx_word' id='word_1_116' title='bbox 1976 1148 2373 1218; x_wconf 80' lang='grc' dir='ltr'><strong><em>παρηλλαγμένον</em></strong></span> 
     </span>
     <span class='ocr_line' id='line_1_14' title="bbox 438 1227 2372 1304; baseline -0.001 -16"><span class='ocrx_word' id='word_1_117' title='bbox 438 1233 670 1304; x_wconf 80' lang='grc' dir='ltr'><strong><em>ἐχούσης,</em></strong></span> <span class='ocrx_word' id='word_1_118' title='bbox 719 1237 892 1298; x_wconf 78' lang='grc' dir='ltr'><strong><em>σαφῶς</em></strong></span> <span class='ocrx_word' id='word_1_119' title='bbox 930 1229 1047 1299; x_wconf 71' lang='grc' dir='ltr'><strong><em>ἡμῖν</em></strong></span> <span class='ocrx_word' id='word_1_120' title='bbox 1087 1228 1310 1300; x_wconf 84' lang='grc' dir='ltr'><strong><em>ἀνάρχως</em></strong></span> <span class='ocrx_word' id='word_1_121' title='bbox 1343 1231 1429 1282; x_wconf 86' lang='grc' dir='ltr'><strong><em>καὶ</em></strong></span> <span class='ocrx_word' id='word_1_122' title='bbox 1477 1227 1698 1301; x_wconf 87' lang='grc' dir='ltr'><strong><em>ἀχρόνως</em></strong></span> <span class='ocrx_word' id='word_1_123' title='bbox 1735 1237 1826 1285; x_wconf 80' lang='grc' dir='ltr'><strong><em>τοῦ</em></strong></span> <span class='ocrx_word' id='word_1_124' title='bbox 1854 1230 2190 1286; x_wconf 83' lang='grc' dir='ltr'><strong><em>ένυποστάτου</em></strong></span> <span class='ocrx_word' id='word_1_125' title='bbox 2221 1231 2372 1302; x_wconf 89' lang='grc' dir='ltr'><strong><em>λόγου</em></strong></span> 
     </span>
     <span class='ocr_line' id='line_1_15' title="bbox 435 1313 2374 1390; baseline -0.002 -16"><span class='ocrx_word' id='word_1_126' title='bbox 435 1326 525 1374; x_wconf 84' lang='grc' dir='ltr'><strong><em>τοῦ</em></strong></span> <span class='ocrx_word' id='word_1_127' title='bbox 550 1317 738 1390; x_wconf 75' lang='grc' dir='ltr'><strong><em>πατρὸς</em></strong></span> <span class='ocrx_word' id='word_1_128' title='bbox 763 1319 847 1370; x_wconf 87' lang='grc' dir='ltr'><strong><em>καὶ</em></strong></span> <span class='ocrx_word' id='word_1_129' title='bbox 874 1322 962 1370; x_wconf 88' lang='grc' dir='ltr'><strong><em>τοῦ</em></strong></span> <span class='ocrx_word' id='word_1_130' title='bbox 988 1314 1326 1369; x_wconf 77' lang='grc' dir='ltr'><strong><em>ἐνυποστάτου</em></strong></span> <span class='ocrx_word' id='word_1_131' title='bbox 1347 1315 1625 1384; x_wconf 84' lang='grc' dir='ltr'><strong><em>πνεύματος</em></strong></span> <span class='ocrx_word' id='word_1_132' title='bbox 1652 1320 1743 1370; x_wconf 83' lang='grc' dir='ltr'><strong><em>τοῦ</em></strong></span> <span class='ocrx_word' id='word_1_133' title='bbox 1766 1313 1910 1387; x_wconf 82' lang='grc' dir='ltr'><strong><em>άγίου</em></strong></span> <span class='ocrx_word' id='word_1_134' title='bbox 1945 1319 1998 1372; x_wconf 77' lang='grc' dir='ltr'><strong><em>ἐκ</em></strong></span> <span class='ocrx_word' id='word_1_135' title='bbox 2023 1315 2210 1387; x_wconf 76' lang='grc' dir='ltr'><strong><em>πατρὸς</em></strong></span> <span class='ocrx_word' id='word_1_136' title='bbox 2246 1324 2268 1356; x_wconf 84' lang='lat'><strong>⁶</strong></span> <span class='ocrx_word' id='word_1_137' title='bbox 2286 1321 2374 1372; x_wconf 78' lang='grc' dir='ltr'><strong><em>καὶ</em></strong></span> 
     </span>
     <span class='ocr_line' id='line_1_16' title="bbox 438 1399 1885 1473; baseline -0.002 -14"><span class='ocrx_word' id='word_1_138' title='bbox 438 1411 536 1461; x_wconf 80' lang='grc' dir='ltr'><strong><em>τῶν</em></strong></span> <span class='ocrx_word' id='word_1_139' title='bbox 572 1410 662 1458; x_wconf 83' lang='grc' dir='ltr'><strong><em>τοῦ</em></strong></span> <span class='ocrx_word' id='word_1_140' title='bbox 698 1406 815 1457; x_wconf 85' lang='grc' dir='ltr'><strong><em>υἴοῦ</em></strong></span> <span class='ocrx_word' id='word_1_141' title='bbox 853 1400 970 1471; x_wconf 77' lang='grc' dir='ltr'><strong><em>ἡμῖν</em></strong></span> <span class='ocrx_word' id='word_1_142' title='bbox 1008 1403 1060 1455; x_wconf 82' lang='grc' dir='ltr'><strong><em>ἐν</em></strong></span> <span class='ocrx_word' id='word_1_143' title='bbox 1096 1399 1272 1471; x_wconf 77' lang='grc' dir='ltr'><strong><em>γνώσει</em></strong></span> <span class='ocrx_word' id='word_1_144' title='bbox 1308 1404 1462 1473; x_wconf 75' lang='grc' dir='ltr'><strong><em>τελείᾳ</em></strong></span> <span class='ocrx_word' id='word_1_145' title='bbox 1498 1400 1885 1470; x_wconf 80' lang='grc' dir='ltr'><strong><em>ἠσφαλισμένου.</em></strong></span> 
     </span>
    </p>
   </div>
   <div class='ocr_carea' id='block_1_5' title="bbox 439 1742 2383 3527">
    <p class='ocr_par' dir='ltr' id='par_1_5' title="bbox 439 1742 2377 2075">
     <span class='ocr_line' id='line_1_17' title="bbox 580 1742 2376 1816; baseline 0 -17"><span class='ocrx_word' id='word_1_146' title='bbox 580 1742 767 1799; x_wconf 82' lang='grc' dir='ltr'><strong><em>Ἀετίου</em></strong></span> <span class='ocrx_word' id='word_1_147' title='bbox 794 1750 963 1812; x_wconf 87' lang='grc' dir='ltr'><strong><em>κεφαλ.</em></strong></span> <span class='ocrx_word' id='word_1_148' title='bbox 986 1742 1046 1812; x_wconf 85' lang='grc' dir='ltr'><strong><em>β’.</em></strong></span> <span class='ocrx_word' id='word_1_149' title='bbox 1086 1746 1157 1796; x_wconf 84' lang='grc' dir='ltr'><strong><em>Εἰ</em></strong></span> <span class='ocrx_word' id='word_1_150' title='bbox 1180 1743 1343 1812; x_wconf 82' lang='grc' dir='ltr'><strong><em>πάσης</em></strong></span> <span class='ocrx_word' id='word_1_151' title='bbox 1368 1746 1527 1807; x_wconf 85' lang='grc' dir='ltr'><strong><em>αἰτίας</em></strong></span> <span class='ocrx_word' id='word_1_152' title='bbox 1555 1748 1787 1816; x_wconf 86' lang='grc' dir='ltr'><strong><em>κρείττων</em></strong></span> <span class='ocrx_word' id='word_1_153' title='bbox 1818 1743 2025 1816; x_wconf 70' lang='grc' dir='ltr'><strong><em>ὑπάρχει</em></strong></span> <span class='ocrx_word' id='word_1_154' title='bbox 2055 1743 2085 1798; x_wconf 79' lang='grc' dir='ltr'><em>ὅ</em></span> <span class='ocrx_word' id='word_1_155' title='bbox 2112 1742 2376 1816; x_wconf 83' lang='grc' dir='ltr'><strong><em>άγέννητος</em></strong></span> 
     </span>
     <span class='ocr_line' id='line_1_18' title="bbox 439 1829 2375 1901; baseline -0.001 -15"><span class='ocrx_word' id='word_1_156' title='bbox 439 1830 586 1898; x_wconf 84' lang='grc' dir='ltr'><strong><em>θεὸς,</em></strong></span> <span class='ocrx_word' id='word_1_157' title='bbox 638 1829 722 1884; x_wconf 82' lang='grc' dir='ltr'><strong><em>διά</em></strong></span> <span class='ocrx_word' id='word_1_158' title='bbox 762 1837 908 1885; x_wconf 89' lang='grc' dir='ltr'><strong><em>τοῦτο</em></strong></span> <span class='ocrx_word' id='word_1_159' title='bbox 944 1831 1028 1883; x_wconf 89' lang='grc' dir='ltr'><strong><em>καὶ</em></strong></span> <span class='ocrx_word' id='word_1_160' title='bbox 1074 1831 1340 1900; x_wconf 85' lang='grc' dir='ltr'><strong><em>1γενέσεως</em></strong></span> <span class='ocrx_word' id='word_1_161' title='bbox 1378 1834 1610 1901; x_wconf 85' lang='grc' dir='ltr'><strong><em>κρείττων</em></strong></span> <span class='ocrx_word' id='word_1_162' title='bbox 1657 1830 1720 1884; x_wconf 74' lang='grc' dir='ltr'><strong><em>άν</em></strong></span> <span class='ocrx_word' id='word_1_163' title='bbox 1764 1834 1851 1899; x_wconf 75' lang='grc' dir='ltr'><strong><em>εἴη.</em></strong></span> <span class='ocrx_word' id='word_1_164' title='bbox 1926 1833 1999 1883; x_wconf 85' lang='grc' dir='ltr'><strong><em>Εἰ</em></strong></span> <span class='ocrx_word' id='word_1_165' title='bbox 2049 1831 2103 1884; x_wconf 80' lang='grc' dir='ltr'><strong><em>δὲ</em></strong></span> <span class='ocrx_word' id='word_1_166' title='bbox 2142 1833 2375 1901; x_wconf 84' lang='grc' dir='ltr'><strong><em>κρείττων</em></strong></span> 
     </span>
     <span class='ocr_line' id='line_1_19' title="bbox 441 1914 2377 1988; baseline -0.002 -16"><span class='ocrx_word' id='word_1_167' title='bbox 441 1919 544 1973; x_wconf 80' lang='grc' dir='ltr'><strong><em>ἐστὶ</em></strong></span> <span class='ocrx_word' id='word_1_168' title='bbox 579 1916 743 1985; x_wconf 81' lang='grc' dir='ltr'><strong><em>πάσης</em></strong></span> <span class='ocrx_word' id='word_1_169' title='bbox 770 1919 945 1979; x_wconf 83' lang='grc' dir='ltr'><strong><em>αἰτίας,</em></strong></span> <span class='ocrx_word' id='word_1_170' title='bbox 983 1914 1207 1983; x_wconf 85' lang='grc' dir='ltr'><strong><em>δηλονότι</em></strong></span> <span class='ocrx_word' id='word_1_171' title='bbox 1235 1917 1319 1969; x_wconf 88' lang='grc' dir='ltr'><strong><em>καὶ</em></strong></span> <span class='ocrx_word' id='word_1_172' title='bbox 1348 1918 1590 1986; x_wconf 83' lang='grc' dir='ltr'><strong><em>γενέσεως.</em></strong></span> <span class='ocrx_word' id='word_1_173' title='bbox 1670 1914 1797 1969; x_wconf 76' lang='grc' dir='ltr'><strong><em>Οὔτε</em></strong></span> <span class='ocrx_word' id='word_1_174' title='bbox 1825 1915 1915 1987; x_wconf 78' lang='grc' dir='ltr'><strong><em>γάρ</em></strong></span> <span class='ocrx_word' id='word_1_175' title='bbox 1940 1914 2054 1986; x_wconf 87' lang='grc' dir='ltr'><strong><em>παρ’</em></strong></span> <span class='ocrx_word' id='word_1_176' title='bbox 2080 1917 2247 1988; x_wconf 80' lang='grc' dir='ltr'><strong><em>ἑτέρας</em></strong></span> <span class='ocrx_word' id='word_1_177' title='bbox 2280 1914 2377 1984; x_wconf 81' lang='grc' dir='ltr'><strong><em>φύ-</em></strong></span> 
     </span>
     <span class='ocr_line' id='line_1_20' title="bbox 441 1999 2136 2075; baseline -0.002 -17"><span class='ocrx_word' id='word_1_178' title='bbox 441 2022 564 2067; x_wconf 90' lang='grc' dir='ltr'><strong><em>σεως</em></strong></span> <span class='ocrx_word' id='word_1_179' title='bbox 601 2005 769 2071; x_wconf 73' lang='grc' dir='ltr'><strong><em>εἴληφε</em></strong></span> <span class='ocrx_word' id='word_1_180' title='bbox 807 2000 859 2056; x_wconf 84' lang='grc' dir='ltr'>τὸ</span> <span class='ocrx_word' id='word_1_181' title='bbox 900 1999 1050 2066; x_wconf 81' lang='grc' dir='ltr'><strong><em>εἶναι,</em></strong></span> <span class='ocrx_word' id='word_1_182' title='bbox 1092 1999 1203 2055; x_wconf 77' lang='grc' dir='ltr'><strong><em>οὔτε</em></strong></span> <span class='ocrx_word' id='word_1_183' title='bbox 1243 2000 1436 2064; x_wconf 55' lang='grc' dir='ltr'><strong><em>Ξαύτὸς</em></strong></span> <span class='ocrx_word' id='word_1_184' title='bbox 1472 2003 1630 2075; x_wconf 73' lang='grc' dir='ltr'><strong><em>ἑαυτῷ</em></strong></span> <span class='ocrx_word' id='word_1_185' title='bbox 1665 2000 1720 2056; x_wconf 77' lang='grc' dir='ltr'><strong><em>τὸ</em></strong></span> <span class='ocrx_word' id='word_1_186' title='bbox 1753 1999 1879 2062; x_wconf 53' lang='grc' dir='ltr'><strong><em>,εἶναι</em></strong></span> <span class='ocrx_word' id='word_1_187' title='bbox 1915 2004 2136 2073; x_wconf 80' lang='grc' dir='ltr'><strong><em>παρέσχε.</em></strong></span> 
     </span>
    </p>

    <p class='ocr_par' dir='ltr' id='par_1_6' title="bbox 444 2084 2383 3527">
     <span class='ocr_line' id='line_1_21' title="bbox 577 2084 2379 2174; baseline 0.001 -34"><span class='ocrx_word' id='word_1_188' title='bbox 577 2088 774 2158; x_wconf 85' lang='grc' dir='ltr'><strong><em>Ἀνατρ.</em></strong></span> <span class='ocrx_word' id='word_1_189' title='bbox 849 2090 921 2139; x_wconf 84' lang='grc' dir='ltr'><strong><em>Εἰ</em></strong></span> <span class='ocrx_word' id='word_1_190' title='bbox 945 2087 1108 2154; x_wconf 90' lang='grc' dir='ltr'><strong><em>πάσης</em></strong></span> <span class='ocrx_word' id='word_1_191' title='bbox 1132 2088 1289 2174; x_wconf 70' lang='grc' dir='ltr'><strong><em>αἰτίας</em></strong></span> <span class='ocrx_word' id='word_1_192' title='bbox 1314 2091 1547 2156; x_wconf 85' lang='grc' dir='ltr'><strong><em>κρείττων</em></strong></span> <span class='ocrx_word' id='word_1_193' title='bbox 1568 2085 1778 2158; x_wconf 71' lang='grc' dir='ltr'><strong><em>ὑπάρχει</em></strong></span> <span class='ocrx_word' id='word_1_194' title='bbox 1803 2085 1834 2141; x_wconf 79' lang='grc' dir='ltr'><em>ὅ</em></span> <span class='ocrx_word' id='word_1_195' title='bbox 1858 2084 2121 2158; x_wconf 83' lang='grc' dir='ltr'><strong><em>ἀγέννητος</em></strong></span> <span class='ocrx_word' id='word_1_196' title='bbox 2149 2086 2296 2155; x_wconf 75' lang='grc' dir='ltr'><strong><em>θεὸς,</em></strong></span> <span class='ocrx_word' id='word_1_197' title='bbox 2350 2085 2379 2142; x_wconf 79' lang='grc' dir='ltr'><em>ὅ</em></span> 
     </span>
     <span class='ocr_line' id='line_1_22' title="bbox 444 2170 2377 2246; baseline -0.001 -18"><span class='ocrx_word' id='word_1_198' title='bbox 444 2175 497 2229; x_wconf 79' lang='grc' dir='ltr'><strong><em>δὲ</em></strong></span> <span class='ocrx_word' id='word_1_199' title='bbox 523 2172 752 2246; x_wconf 83' lang='grc' dir='ltr'><strong><em>γεννητὸς</em></strong></span> <span class='ocrx_word' id='word_1_200' title='bbox 782 2176 832 2237; x_wconf 78' lang='grc' dir='ltr'><strong><em>ἐξ</em></strong></span> <span class='ocrx_word' id='word_1_201' title='bbox 861 2171 1016 2226; x_wconf 77' lang='grc' dir='ltr'><strong><em>αὐτοῦ</em></strong></span> <span class='ocrx_word' id='word_1_202' title='bbox 1048 2170 1256 2236; x_wconf 82' lang='grc' dir='ltr'><strong><em>ἀναξίως</em></strong></span> <span class='ocrx_word' id='word_1_203' title='bbox 1287 2170 1440 2226; x_wconf 75' lang='grc' dir='ltr'><strong><em>αὐτοῦ</em></strong></span> <span class='ocrx_word' id='word_1_204' title='bbox 1467 2174 1775 2243; x_wconf 89' lang='grc' dir='ltr'><strong><em>γεγέννηται,</em></strong></span> <span class='ocrx_word' id='word_1_205' title='bbox 1826 2175 1911 2226; x_wconf 88' lang='grc' dir='ltr'><strong><em>καὶ</em></strong></span> <span class='ocrx_word' id='word_1_206' title='bbox 1942 2172 2004 2226; x_wconf 82' lang='grc' dir='ltr'><strong><em>οὐ</em></strong></span> <span class='ocrx_word' id='word_1_207' title='bbox 2030 2171 2133 2226; x_wconf 87' lang='grc' dir='ltr'><strong><em>κατ’</em></strong></span> <span class='ocrx_word' id='word_1_208' title='bbox 2160 2172 2377 2242; x_wconf 85' lang='grc' dir='ltr'><strong><em>ἰσότητα,</em></strong></span> 
     </span>
     <span class='ocr_line' id='line_1_23' title="bbox 444 2255 2381 2333; baseline -0.001 -19"><span class='ocrx_word' id='word_1_209' title='bbox 444 2262 529 2314; x_wconf 85' lang='grc' dir='ltr'><strong><em>καὶ</em></strong></span> <span class='ocrx_word' id='word_1_210' title='bbox 559 2262 609 2314; x_wconf 79' lang='grc' dir='ltr'><strong><em>ἓν</em></strong></span> <span class='ocrx_word' id='word_1_211' title='bbox 630 2266 699 2333; x_wconf 79' lang='grc' dir='ltr'><strong><em>τῷ</em></strong></span> <span class='ocrx_word' id='word_1_212' title='bbox 723 2266 812 2313; x_wconf 81' lang='grc' dir='ltr'><strong><em>τοῦ</em></strong></span> <span class='ocrx_word' id='word_1_213' title='bbox 840 2257 1027 2328; x_wconf 77' lang='grc' dir='ltr'><strong><em>πατρὸς</em></strong></span> <span class='ocrx_word' id='word_1_214' title='bbox 1054 2259 1327 2332; x_wconf 80' lang='grc' dir='ltr'><strong><em>προκριτέῳ</em></strong></span> <span class='ocrx_word' id='word_1_215' title='bbox 1357 2257 1562 2326; x_wconf 86' lang='grc' dir='ltr'><strong><em>ὀνόματι</em></strong></span> <span class='ocrx_word' id='word_1_216' title='bbox 1593 2260 1808 2326; x_wconf 76' lang='grc' dir='ltr'><strong><em>ἕστηκεν,</em></strong></span> <span class='ocrx_word' id='word_1_217' title='bbox 1846 2255 2045 2326; x_wconf 85' lang='grc' dir='ltr'><strong><em>ἀτιμίαν</em></strong></span> <span class='ocrx_word' id='word_1_218' title='bbox 2066 2263 2134 2332; x_wconf 75' lang='grc' dir='ltr'><strong><em>τῷ</em></strong></span> <span class='ocrx_word' id='word_1_219' title='bbox 2159 2280 2381 2330; x_wconf 89' lang='grc' dir='ltr'><strong><em>γεγεννη-</em></strong></span> 
     </span>
     <span class='ocr_line' id='line_1_24' title="bbox 444 2341 2381 2416; baseline -0.001 -17"><span class='ocrx_word' id='word_1_220' title='bbox 444 2344 552 2400; x_wconf 86' lang='grc' dir='ltr'><strong><em>κότι</em></strong></span> <span class='ocrx_word' id='word_1_221' title='bbox 579 2344 632 2399; x_wconf 85' lang='grc' dir='ltr'>τὸ</span> <span class='ocrx_word' id='word_1_222' title='bbox 661 2346 877 2416; x_wconf 87' lang='grc' dir='ltr'><strong><em>γέννημα</em></strong></span> <span class='ocrx_word' id='word_1_223' title='bbox 906 2350 1257 2414; x_wconf 85' lang='grc' dir='ltr'><strong><em>περιποιεῖται,</em></strong></span> <span class='ocrx_word' id='word_1_224' title='bbox 1313 2345 1480 2413; x_wconf 77' lang='grc' dir='ltr'><strong><em>ἑτέρου</em></strong></span> <span class='ocrx_word' id='word_1_225' title='bbox 1509 2341 1750 2412; x_wconf 76' lang='grc' dir='ltr'><strong><em>ὀνόματος</em></strong></span> <span class='ocrx_word' id='word_1_226' title='bbox 1775 2342 1909 2414; x_wconf 72' lang='grc' dir='ltr'><strong><em>παρὰ</em></strong></span> <span class='ocrx_word' id='word_1_227' title='bbox 1939 2343 1998 2397; x_wconf 76' lang='grc' dir='ltr'><strong><em>τά</em></strong></span> <span class='ocrx_word' id='word_1_228' title='bbox 2027 2344 2258 2415; x_wconf 86' lang='grc' dir='ltr'><strong><em>γεγονότα</em></strong></span> <span class='ocrx_word' id='word_1_229' title='bbox 2281 2347 2381 2398; x_wconf 87' lang='grc' dir='ltr'><strong><em>κτί-</em></strong></span> 
     </span>
     <span class='ocr_line' id='line_1_25' title="bbox 446 2427 2381 2503; baseline -0.001 -19"><span class='ocrx_word' id='word_1_230' title='bbox 446 2449 605 2500; x_wconf 91' lang='grc' dir='ltr'><strong><em>σματα</em></strong></span> <span class='ocrx_word' id='word_1_231' title='bbox 626 2433 748 2499; x_wconf 73' lang='grc' dir='ltr'><strong><em>ἔχων</em></strong></span> <span class='ocrx_word' id='word_1_232' title='bbox 773 2428 828 2482; x_wconf 84' lang='grc' dir='ltr'><strong><em>τὸ</em></strong></span> <span class='ocrx_word' id='word_1_233' title='bbox 853 2427 1058 2497; x_wconf 81' lang='grc' dir='ltr'><strong><em>ἀξίωμα,</em></strong></span> <span class='ocrx_word' id='word_1_234' title='bbox 1101 2431 1183 2481; x_wconf 78' lang='grc' dir='ltr'><strong><em>καὶ</em></strong></span> <span class='ocrx_word' id='word_1_235' title='bbox 1212 2427 1272 2482; x_wconf 78' lang='grc' dir='ltr'><strong><em>οὗ</em></strong></span> <span class='ocrx_word' id='word_1_236' title='bbox 1296 2427 1421 2481; x_wconf 77' lang='grc' dir='ltr'><strong><em>κατά</em></strong></span> <span class='ocrx_word' id='word_1_237' title='bbox 1447 2427 1508 2481; x_wconf 78' lang='grc' dir='ltr'><strong><em>τά</em></strong></span> <span class='ocrx_word' id='word_1_238' title='bbox 1534 2428 1768 2500; x_wconf 89' lang='grc' dir='ltr'><strong><em>γεγονότα</em></strong></span> <span class='ocrx_word' id='word_1_239' title='bbox 1793 2428 1884 2497; x_wconf 80' lang='grc' dir='ltr'><strong><em>τήν</em></strong></span> <span class='ocrx_word' id='word_1_240' title='bbox 1906 2427 2050 2498; x_wconf 81' lang='grc' dir='ltr'><strong><em>τιμὴν</em></strong></span> <span class='ocrx_word' id='word_1_241' title='bbox 2076 2435 2144 2503; x_wconf 81' lang='grc' dir='ltr'><strong><em>τῷ</em></strong></span> <span class='ocrx_word' id='word_1_242' title='bbox 2173 2451 2381 2498; x_wconf 82' lang='grc' dir='ltr'><strong><em>πεποιη-</em></strong></span> 
     </span>
     <span class='ocr_line' id='line_1_26' title="bbox 445 2512 2383 2589; baseline -0.001 -19"><span class='ocrx_word' id='word_1_243' title='bbox 445 2515 552 2570; x_wconf 87' lang='grc' dir='ltr'><strong><em>κότι</em></strong></span> <span class='ocrx_word' id='word_1_244' title='bbox 571 2514 1001 2586; x_wconf 86' lang='grc' dir='ltr'><strong><em>περιποιούμενον.</em></strong></span> <span class='ocrx_word' id='word_1_245' title='bbox 1083 2512 1153 2566; x_wconf 78' lang='grc' dir='ltr'><strong><em>Τά</em></strong></span> <span class='ocrx_word' id='word_1_246' title='bbox 1183 2515 1270 2582; x_wconf 81' lang='grc' dir='ltr'><strong><em>μὲν</em></strong></span> <span class='ocrx_word' id='word_1_247' title='bbox 1295 2512 1388 2584; x_wconf 75' lang='grc' dir='ltr'><strong><em>γάρ</em></strong></span> <span class='ocrx_word' id='word_1_248' title='bbox 1417 2513 1556 2577; x_wconf 80' lang='grc' dir='ltr'><strong><em>ἕκτὸς</em></strong></span> <span class='ocrx_word' id='word_1_249' title='bbox 1582 2515 1740 2568; x_wconf 82' lang='grc' dir='ltr'><strong><em>αὐτοῦ</em></strong></span> <span class='ocrx_word' id='word_1_250' title='bbox 1765 2515 1913 2579; x_wconf 82' lang='grc' dir='ltr'><strong><em>δόξαν</em></strong></span> <span class='ocrx_word' id='word_1_251' title='bbox 1938 2521 2007 2589; x_wconf 79' lang='grc' dir='ltr'><strong><em>τῷ</em></strong></span> <span class='ocrx_word' id='word_1_252' title='bbox 2033 2514 2280 2577; x_wconf 11' lang='grc' dir='ltr'><strong><em>κεκτικότιγ</em></strong></span> <span class='ocrx_word' id='word_1_253' title='bbox 2301 2535 2383 2568; x_wconf 86' lang='grc' dir='ltr'><strong><em>πε-</em></strong></span> 
     </span>
     <span class='ocr_line' id='line_1_27' title="bbox 447 2598 2382 2673; baseline 0 -18"><span class='ocrx_word' id='word_1_254' title='bbox 447 2609 725 2672; x_wconf 86' lang='grc' dir='ltr'><strong><em>ριποιεῖται,</em></strong></span> <span class='ocrx_word' id='word_1_255' title='bbox 764 2598 857 2657; x_wconf 73' lang='grc' dir='ltr'><strong><em>οὐκ</em></strong></span> <span class='ocrx_word' id='word_1_256' title='bbox 887 2599 1006 2654; x_wconf 78' lang='grc' dir='ltr'><strong><em>ὄντα</em></strong></span> <span class='ocrx_word' id='word_1_257' title='bbox 1030 2603 1111 2653; x_wconf 82' lang='grc' dir='ltr'><strong><em>ἰ’σα</em></strong></span> <span class='ocrx_word' id='word_1_258' title='bbox 1131 2606 1197 2673; x_wconf 79' lang='grc' dir='ltr'><strong><em>τῷ</em></strong></span> <span class='ocrx_word' id='word_1_259' title='bbox 1224 2599 1533 2668; x_wconf 84' lang='grc' dir='ltr'><strong><em>πεποιηκότι,</em></strong></span> <span class='ocrx_word' id='word_1_260' title='bbox 1571 2598 1687 2654; x_wconf 76' lang='grc' dir='ltr'><strong><em>οὐδὲ</em></strong></span> <span class='ocrx_word' id='word_1_261' title='bbox 1709 2598 1911 2668; x_wconf 78' lang='grc' dir='ltr'><strong><em>ὀνόματι</em></strong></span> <span class='ocrx_word' id='word_1_262' title='bbox 1938 2608 2027 2655; x_wconf 85' lang='grc' dir='ltr'><strong><em>τοῦ</em></strong></span> <span class='ocrx_word' id='word_1_263' title='bbox 2049 2599 2382 2669; x_wconf 87' lang='grc' dir='ltr'><strong><em>πεποιηκότος</em></strong></span> 
     </span>
     <span class='ocr_line' id='line_1_28' title="bbox 444 2684 2382 2756; baseline 0 -16"><span class='ocrx_word' id='word_1_264' title='bbox 444 2686 750 2755; x_wconf 86' lang='grc' dir='ltr'><strong><em>καλούμενα,</em></strong></span> <span class='ocrx_word' id='word_1_265' title='bbox 807 2684 926 2739; x_wconf 81' lang='grc' dir='ltr'><strong><em>ἀλλά</em></strong></span> <span class='ocrx_word' id='word_1_266' title='bbox 964 2689 1115 2739; x_wconf 86' lang='grc' dir='ltr'><strong><em>δοῦλα</em></strong></span> <span class='ocrx_word' id='word_1_267' title='bbox 1155 2686 1393 2756; x_wconf 87' lang='grc' dir='ltr'><strong><em>γενόμενα</em></strong></span> <span class='ocrx_word' id='word_1_268' title='bbox 1444 2689 1512 2749; x_wconf 86' lang='grc' dir='ltr'><strong><em>εἰς</em></strong></span> <span class='ocrx_word' id='word_1_269' title='bbox 1564 2685 1714 2749; x_wconf 83' lang='grc' dir='ltr'><strong><em>δόξαν</em></strong></span> <span class='ocrx_word' id='word_1_270' title='bbox 1750 2693 1839 2740; x_wconf 84' lang='grc' dir='ltr'><strong><em>τοῦ</em></strong></span> <span class='ocrx_word' id='word_1_271' title='bbox 1884 2685 2243 2754; x_wconf 84' lang='grc' dir='ltr'><strong><em>πεποιηκότος,</em></strong></span> <span class='ocrx_word' id='word_1_272' title='bbox 2297 2689 2382 2740; x_wconf 74' lang='grc' dir='ltr'><strong><em>’ἵνα</em></strong></span> 
     </span>
     <span class='ocr_line' id='line_1_29' title="bbox 445 2769 2382 2842; baseline -0.001 -14"><span class='ocrx_word' id='word_1_273' title='bbox 445 2771 547 2828; x_wconf 78' lang='grc' dir='ltr'><strong><em>ἀπὸ</em></strong></span> <span class='ocrx_word' id='word_1_274' title='bbox 580 2779 678 2826; x_wconf 81' lang='grc' dir='ltr'><strong><em>τῶν</em></strong></span> <span class='ocrx_word' id='word_1_275' title='bbox 720 2772 932 2835; x_wconf 78' lang='grc' dir='ltr'><strong><em>ἐνδόξων</em></strong></span> <span class='ocrx_word' id='word_1_276' title='bbox 969 2774 1023 2825; x_wconf 83' lang='grc' dir='ltr'><strong><em>ἐκ</em></strong></span> <span class='ocrx_word' id='word_1_277' title='bbox 1067 2777 1201 2825; x_wconf 78' lang='grc' dir='ltr'><strong><em>3τοῦ</em></strong></span> <span class='ocrx_word' id='word_1_278' title='bbox 1245 2769 1373 2842; x_wconf 73' lang='grc' dir='ltr'><strong><em>’ὑπὲρ</em></strong></span> <span class='ocrx_word' id='word_1_279' title='bbox 1417 2770 1478 2825; x_wconf 77' lang='grc' dir='ltr'><strong><em>τά</em></strong></span> <span class='ocrx_word' id='word_1_280' title='bbox 1518 2774 1692 2836; x_wconf 76' lang='grc' dir='ltr'><strong><em>ἔνδοξα</em></strong></span> <span class='ocrx_word' id='word_1_281' title='bbox 1727 2772 1963 2842; x_wconf 87' lang='grc' dir='ltr'><strong><em>γεγονότα</em></strong></span> <span class='ocrx_word' id='word_1_282' title='bbox 2002 2770 2056 2825; x_wconf 83' lang='grc' dir='ltr'>τὸ</span> <span class='ocrx_word' id='word_1_283' title='bbox 2089 2773 2382 2842; x_wconf 87' lang='grc' dir='ltr'><strong><em>προκριτέον</em></strong></span> 
     </span>
     <span class='ocr_line' id='line_1_30' title="bbox 444 2855 2381 2930; baseline -0.001 -18"><span class='ocrx_word' id='word_1_284' title='bbox 444 2860 529 2913; x_wconf 87' lang='grc' dir='ltr'><strong><em>καὶ</em></strong></span> <span class='ocrx_word' id='word_1_285' title='bbox 556 2856 680 2927; x_wconf 74' lang='grc' dir='ltr'><strong><em>ὑπὲρ</em></strong></span> <span class='ocrx_word' id='word_1_286' title='bbox 718 2856 842 2911; x_wconf 75' lang='grc' dir='ltr'><strong><em>αὐτοὶ</em></strong></span> <span class='ocrx_word' id='word_1_287' title='bbox 876 2856 935 2910; x_wconf 77' lang='grc' dir='ltr'><strong><em>ὂν</em></strong></span> <span class='ocrx_word' id='word_1_288' title='bbox 964 2856 1214 2928; x_wconf 88' lang='grc' dir='ltr'><strong><em>ἀναλόγως</em></strong></span> <span class='ocrx_word' id='word_1_289' title='bbox 1251 2863 1517 2928; x_wconf 84' lang='grc' dir='ltr'><strong><em>θεωρῆται.</em></strong></span> <span class='ocrx_word' id='word_1_290' title='bbox 1586 2855 1643 2910; x_wconf 87' lang='grc' dir='ltr'><strong><em>Ὁ</em></strong></span> <span class='ocrx_word' id='word_1_291' title='bbox 1671 2858 1724 2911; x_wconf 81' lang='grc' dir='ltr'><strong><em>δὲ</em></strong></span> <span class='ocrx_word' id='word_1_292' title='bbox 1757 2855 1919 2911; x_wconf 80' lang='grc' dir='ltr'><strong><em>οὐκέτι</em></strong></span> <span class='ocrx_word' id='word_1_293' title='bbox 1954 2862 2015 2930; x_wconf 82' lang='grc' dir='ltr'><strong><em>τῇ</em></strong></span> <span class='ocrx_word' id='word_1_294' title='bbox 2048 2856 2235 2911; x_wconf 83' lang='grc' dir='ltr'><strong><em>τούτων</em></strong></span> <span class='ocrx_word' id='word_1_295' title='bbox 2266 2857 2381 2911; x_wconf 85' lang='grc' dir='ltr'><strong><em>ὀνο-</em></strong></span> 
     </span>
     <span class='ocr_line' id='line_1_31' title="bbox 446 2941 2380 3017; baseline -0.001 -19"><span class='ocrx_word' id='word_1_296' title='bbox 446 2947 597 3017; x_wconf 76' lang='grc' dir='ltr'><strong><em>μασίᾳ</em></strong></span> <span class='ocrx_word' id='word_1_297' title='bbox 626 2943 1034 3011; x_wconf 88' lang='grc' dir='ltr'><strong><em>κικλησκόμενος,</em></strong></span> <span class='ocrx_word' id='word_1_298' title='bbox 1087 2949 1145 3016; x_wconf 80' lang='grc' dir='ltr'><strong><em>τῇ</em></strong></span> <span class='ocrx_word' id='word_1_299' title='bbox 1179 2943 1231 2996; x_wconf 83' lang='grc' dir='ltr'><strong><em>δὲ</em></strong></span> <span class='ocrx_word' id='word_1_300' title='bbox 1260 2945 1555 3013; x_wconf 84' lang='grc' dir='ltr'><strong><em>προκριτέου</em></strong></span> <span class='ocrx_word' id='word_1_301' title='bbox 1580 2941 1924 3011; x_wconf 82' lang='grc' dir='ltr'><strong><em>ὁμοουσιότητι</em></strong></span> <span class='ocrx_word' id='word_1_302' title='bbox 1954 2944 2009 2995; x_wconf 81' lang='grc' dir='ltr'><strong><em>ἐκ</em></strong></span> <span class='ocrx_word' id='word_1_303' title='bbox 2035 2948 2125 2995; x_wconf 81' lang='grc' dir='ltr'><strong><em>τοῦ</em></strong></span> <span class='ocrx_word' id='word_1_304' title='bbox 2151 2942 2380 3011; x_wconf 75' lang='grc' dir='ltr'><strong><em>τετάχθαι</em></strong></span> 
     </span>
     <span class='ocr_line' id='line_1_32' title="bbox 446 3026 2376 3099; baseline -0.002 -16"><span class='ocrx_word' id='word_1_305' title='bbox 446 3030 802 3099; x_wconf 86' lang='grc' dir='ltr'><strong><em>συνηνωμένως</em></strong></span> <span class='ocrx_word' id='word_1_306' title='bbox 827 3030 950 3097; x_wconf 75' lang='grc' dir='ltr'><strong><em>ἔχων</em></strong></span> <span class='ocrx_word' id='word_1_307' title='bbox 978 3026 1031 3082; x_wconf 77' lang='grc' dir='ltr'><strong><em>τό</em></strong></span> <span class='ocrx_word' id='word_1_308' title='bbox 1062 3029 1276 3096; x_wconf 81' lang='grc' dir='ltr'><strong><em>ἀξίωμα,</em></strong></span> <span class='ocrx_word' id='word_1_309' title='bbox 1316 3030 1360 3081; x_wconf 86' lang='grc' dir='ltr'><strong><em>εἰ</em></strong></span> <span class='ocrx_word' id='word_1_310' title='bbox 1384 3031 1551 3082; x_wconf 83' lang='grc' dir='ltr'><strong><em>διοίσει</em></strong></span> <span class='ocrx_word' id='word_1_311' title='bbox 1578 3034 1668 3082; x_wconf 84' lang='grc' dir='ltr'><strong><em>τοῦ</em></strong></span> <span class='ocrx_word' id='word_1_312' title='bbox 1697 3029 1991 3099; x_wconf 88' lang='grc' dir='ltr'><strong><em>προκριτέου</em></strong></span> <span class='ocrx_word' id='word_1_313' title='bbox 2021 3027 2108 3096; x_wconf 76' lang='grc' dir='ltr'><strong><em>τήν</em></strong></span> <span class='ocrx_word' id='word_1_314' title='bbox 2133 3034 2376 3098; x_wconf 88' lang='grc' dir='ltr'><strong><em>παραλλα-</em></strong></span> 
     </span>
     <span class='ocr_line' id='line_1_33' title="bbox 444 3112 2378 3189; baseline -0.001 -20"><span class='ocrx_word' id='word_1_315' title='bbox 444 3114 564 3186; x_wconf 81' lang='grc' dir='ltr'><strong><em>γὴν,</em></strong></span> <span class='ocrx_word' id='word_1_316' title='bbox 615 3117 700 3169; x_wconf 84' lang='grc' dir='ltr'><strong><em>καὶ</em></strong></span> <span class='ocrx_word' id='word_1_317' title='bbox 752 3121 819 3188; x_wconf 82' lang='grc' dir='ltr'><strong><em>τῷ</em></strong></span> <span class='ocrx_word' id='word_1_318' title='bbox 869 3115 1140 3186; x_wconf 79' lang='grc' dir='ltr'><strong><em>προκριτέῳ</em></strong></span> <span class='ocrx_word' id='word_1_319' title='bbox 1188 3116 1384 3167; x_wconf 73' lang='grc' dir='ltr'><strong><em>ἔλαττον</em></strong></span> <span class='ocrx_word' id='word_1_320' title='bbox 1427 3113 1617 3183; x_wconf 80' lang='grc' dir='ltr'><strong><em>ἀξίωμα</em></strong></span> <span class='ocrx_word' id='word_1_321' title='bbox 1656 3112 2054 3189; x_wconf 76' lang='grc' dir='ltr'><strong><em>περιποιήσεται,</em></strong></span> <span class='ocrx_word' id='word_1_322' title='bbox 2106 3115 2378 3167; x_wconf 87' lang='grc' dir='ltr'><strong><em>διαλλαττο-</em></strong></span> 
     </span>
     <span class='ocr_line' id='line_1_34' title="bbox 447 3196 2378 3270; baseline 0.001 -17"><span class='ocrx_word' id='word_1_323' title='bbox 447 3202 596 3268; x_wconf 86' lang='grc' dir='ltr'><strong><em>μένης</em></strong></span> <span class='ocrx_word' id='word_1_324' title='bbox 626 3206 716 3268; x_wconf 81' lang='grc' dir='ltr'><strong><em>τῆς</em></strong></span> <span class='ocrx_word' id='word_1_325' title='bbox 758 3198 885 3253; x_wconf 75' lang='grc' dir='ltr'><strong><em>κατά</em></strong></span> <span class='ocrx_word' id='word_1_326' title='bbox 931 3196 986 3254; x_wconf 80' lang='grc' dir='ltr'><strong><em>τὸ</em></strong></span> <span class='ocrx_word' id='word_1_327' title='bbox 1038 3201 1328 3270; x_wconf 87' lang='grc' dir='ltr'><strong><em>προκριτέον</em></strong></span> <span class='ocrx_word' id='word_1_328' title='bbox 1362 3206 1451 3253; x_wconf 88' lang='grc' dir='ltr'><strong><em>τοῦ</em></strong></span> <span class='ocrx_word' id='word_1_329' title='bbox 1489 3198 1789 3270; x_wconf 88' lang='grc' dir='ltr'><strong><em>γεννήματος</em></strong></span> <span class='ocrx_word' id='word_1_330' title='bbox 1813 3200 2191 3261; x_wconf 68' lang='grc' dir='ltr'><strong><em>’ἔπικοινωνίας</em></strong></span> <span class='ocrx_word' id='word_1_331' title='bbox 2283 3197 2378 3254; x_wconf 81' lang='grc' dir='ltr'><strong><em>Διό</em></strong></span> 
     </span>
     <span class='ocr_line' id='line_1_35' title="bbox 448 3281 2379 3354; baseline -0.001 -14"><span class='ocrx_word' id='word_1_332' title='bbox 448 3286 620 3354; x_wconf 79' lang='grc' dir='ltr'><strong><em>ὅμοιος</em></strong></span> <span class='ocrx_word' id='word_1_333' title='bbox 647 3288 696 3350; x_wconf 79' lang='grc' dir='ltr'><strong><em>ἐξ</em></strong></span> <span class='ocrx_word' id='word_1_334' title='bbox 720 3281 928 3354; x_wconf 78' lang='grc' dir='ltr'><strong><em>ὁμοίου,</em></strong></span> <span class='ocrx_word' id='word_1_335' title='bbox 978 3287 1063 3338; x_wconf 88' lang='grc' dir='ltr'><strong><em>καὶ</em></strong></span> <span class='ocrx_word' id='word_1_336' title='bbox 1101 3288 1207 3347; x_wconf 82' lang='grc' dir='ltr'><strong><em>ἰ’σος</em></strong></span> <span class='ocrx_word' id='word_1_337' title='bbox 1236 3287 1284 3348; x_wconf 81' lang='grc' dir='ltr'><strong><em>ἕξ</em></strong></span> <span class='ocrx_word' id='word_1_338' title='bbox 1320 3287 1431 3338; x_wconf 87' lang='grc' dir='ltr'><strong><em>ἰ’σου</em></strong></span> <span class='ocrx_word' id='word_1_339' title='bbox 1461 3283 1581 3353; x_wconf 74' lang='grc' dir='ltr'><strong><em>ἡμῖν</em></strong></span> <span class='ocrx_word' id='word_1_340' title='bbox 1619 3283 1649 3338; x_wconf 80' lang='grc' dir='ltr'><em>ὅ</em></span> <span class='ocrx_word' id='word_1_341' title='bbox 1680 3282 1911 3353; x_wconf 81' lang='grc' dir='ltr'><strong><em>βλαστός,</em></strong></span> <span class='ocrx_word' id='word_1_342' title='bbox 1967 3281 2062 3337; x_wconf 71' lang='grc' dir='ltr'><strong><em>οὐκ</em></strong></span> <span class='ocrx_word' id='word_1_343' title='bbox 2095 3282 2192 3338; x_wconf 76' lang='grc' dir='ltr'><strong><em>ἀπὸ</em></strong></span> <span class='ocrx_word' id='word_1_344' title='bbox 2216 3302 2379 3352; x_wconf 81' lang='grc' dir='ltr'><strong><em>σωμα-</em></strong></span> 
     </span>
     <span class='ocr_line' id='line_1_36' title="bbox 446 3366 2380 3445; baseline -0.002 -20"><span class='ocrx_word' id='word_1_345' title='bbox 446 3378 584 3439; x_wconf 86' lang='grc' dir='ltr'><strong><em>τικῆς</em></strong></span> <span class='ocrx_word' id='word_1_346' title='bbox 622 3374 837 3437; x_wconf 77' lang='grc' dir='ltr'><strong><em>ἑννοίας,</em></strong></span> <span class='ocrx_word' id='word_1_347' title='bbox 875 3377 936 3445; x_wconf 84' lang='grc' dir='ltr'><strong><em>τῇ</em></strong></span> <span class='ocrx_word' id='word_1_348' title='bbox 958 3375 1115 3424; x_wconf 87' lang='grc' dir='ltr'><strong><em>πίστει</em></strong></span> <span class='ocrx_word' id='word_1_349' title='bbox 1141 3374 1480 3438; x_wconf 87' lang='grc' dir='ltr'><strong><em>κατείληπται,</em></strong></span> <span class='ocrx_word' id='word_1_350' title='bbox 1530 3369 1629 3424; x_wconf 85' lang='grc' dir='ltr'><strong><em>ἀλλ’</em></strong></span> <span class='ocrx_word' id='word_1_351' title='bbox 1659 3367 1726 3431; x_wconf 75' lang='grc' dir='ltr'><strong><em>ὥς</em></strong></span> <span class='ocrx_word' id='word_1_352' title='bbox 1755 3366 1877 3430; x_wconf 76' lang='grc' dir='ltr'><strong><em>θεὸς</em></strong></span> <span class='ocrx_word' id='word_1_353' title='bbox 1901 3369 1955 3421; x_wconf 81' lang='grc' dir='ltr'><strong><em>ἐκ</em></strong></span> <span class='ocrx_word' id='word_1_354' title='bbox 1980 3375 2135 3434; x_wconf 73' lang='grc' dir='ltr'><strong><em>θεοῦ,</em></strong></span> <span class='ocrx_word' id='word_1_355' title='bbox 2188 3375 2298 3436; x_wconf 78' lang='grc' dir='ltr'><strong><em>φῶς</em></strong></span> <span class='ocrx_word' id='word_1_356' title='bbox 2326 3371 2380 3424; x_wconf 78' lang='grc' dir='ltr'><strong><em>ἐκ</em></strong></span> 
     </span>
     <span class='ocr_line' id='line_1_37' title="bbox 450 3453 2379 3527; baseline -0.001 -16"><span class='ocrx_word' id='word_1_357' title='bbox 450 3456 641 3523; x_wconf 80' lang='grc' dir='ltr'><strong><em>φωτός,</em></strong></span> <span class='ocrx_word' id='word_1_358' title='bbox 694 3459 780 3510; x_wconf 86' lang='grc' dir='ltr'><strong><em>καὶ</em></strong></span> <span class='ocrx_word' id='word_1_359' title='bbox 814 3455 958 3527; x_wconf 87' lang='grc' dir='ltr'><strong><em>λόγος</em></strong></span> <span class='ocrx_word' id='word_1_360' title='bbox 997 3454 1184 3527; x_wconf 76' lang='grc' dir='ltr'><strong><em>πατρὸς</em></strong></span> <span class='ocrx_word' id='word_1_361' title='bbox 1222 3454 1577 3520; x_wconf 87' lang='grc' dir='ltr'><strong><em>ε’νυπόστατος,</em></strong></span> <span class='ocrx_word' id='word_1_362' title='bbox 1631 3455 1902 3522; x_wconf 84' lang='grc' dir='ltr'><strong><em>σωζομένης</em></strong></span> <span class='ocrx_word' id='word_1_363' title='bbox 1939 3460 2027 3522; x_wconf 85' lang='grc' dir='ltr'><strong><em>τῆς</em></strong></span> <span class='ocrx_word' id='word_1_364' title='bbox 2069 3453 2379 3522; x_wconf 85' lang='grc' dir='ltr'><strong><em>ἀμεταθέτου</em></strong></span> 
     </span>
    </p>
   </div>
   <div class='ocr_carea' id='block_1_6' title="bbox 448 3601 2379 3826">
    <p class='ocr_par' dir='ltr' id='par_1_7' title="bbox 506 3601 1558 3654">
     <span class='ocr_line' id='line_1_38' title="bbox 506 3601 1558 3654; baseline 0.001 -14"><span class='ocrx_word' id='word_1_365' title='bbox 506 3601 543 3640; x_wconf 84' lang='grc'><strong><em>5.</em></strong></span> <span class='ocrx_word' id='word_1_366' title='bbox 575 3601 648 3644; x_wconf 73' lang='grc' dir='ltr'><strong><em>τοῦ</em></strong></span> <span class='ocrx_word' id='word_1_367' title='bbox 678 3604 842 3654; x_wconf 76' lang='lat' dir='ltr'><strong><em>fortasse</em></strong></span> <span class='ocrx_word' id='word_1_368' title='bbox 871 3603 1078 3642; x_wconf 78' lang='lat' dir='ltr'><em>delendum</em></span> <span class='ocrx_word' id='word_1_369' title='bbox 1107 3606 1173 3642; x_wconf 77' lang='grc' dir='ltr'><strong><em>εει.</em></strong></span> <span class='ocrx_word' id='word_1_370' title='bbox 1441 3605 1558 3653; x_wconf 79' lang='lat' dir='ltr'><strong><em>repet.</em></strong></span> 
     </span>
    </p>

    <p class='ocr_par' dir='ltr' id='par_1_8' title="bbox 448 3655 2379 3769">
     <span class='ocr_line' id='line_1_39' title="bbox 505 3655 2379 3709; baseline 0.001 -13"><span class='ocrx_word' id='word_1_371' title='bbox 505 3655 545 3697; x_wconf 88' lang='grc'><strong><em>6.</em></strong></span> <span class='ocrx_word' id='word_1_372' title='bbox 579 3661 716 3698; x_wconf 73' lang='lat' dir='ltr'><strong><em>Vitiose</em></strong></span> <span class='ocrx_word' id='word_1_373' title='bbox 747 3662 787 3699; x_wconf 84' lang='lat' dir='ltr'><strong><em>in</em></strong></span> <span class='ocrx_word' id='word_1_374' title='bbox 816 3661 906 3699; x_wconf 78' lang='lat' dir='ltr'><strong><em>edit.</em></strong></span> <span class='ocrx_word' id='word_1_375' title='bbox 935 3660 1071 3699; x_wconf 78' lang='lat' dir='ltr'><strong><em>Petav.</em></strong></span> <span class='ocrx_word' id='word_1_376' title='bbox 1106 3660 1234 3700; x_wconf 83' lang='lat' dir='ltr'><em>Colon.</em></span> <span class='ocrx_word' id='word_1_377' title='bbox 1268 3661 1387 3709; x_wconf 78' lang='lat' dir='ltr'><strong><em>repet.</em></strong></span> <span class='ocrx_word' id='word_1_378' title='bbox 1498 3658 1536 3699; x_wconf 83' lang='lat'><strong><em>3.</em></strong></span> <span class='ocrx_word' id='word_1_379' title='bbox 1567 3658 1650 3700; x_wconf 78' lang='grc' dir='ltr'><strong><em>τῶν</em></strong></span> <span class='ocrx_word' id='word_1_380' title='bbox 1676 3658 1859 3698; x_wconf 83' lang='lat' dir='ltr'><strong><em>mendum</em></strong></span> <span class='ocrx_word' id='word_1_381' title='bbox 1887 3661 1940 3698; x_wconf 82' lang='lat' dir='ltr'><strong><em>est</em></strong></span> <span class='ocrx_word' id='word_1_382' title='bbox 1961 3659 2050 3698; x_wconf 82' lang='lat' dir='ltr'><strong><em>edit.</em></strong></span> <span class='ocrx_word' id='word_1_383' title='bbox 2079 3659 2216 3699; x_wconf 77' lang='lat' dir='ltr'><strong><em>Petav.</em></strong></span> <span class='ocrx_word' id='word_1_384' title='bbox 2249 3658 2379 3698; x_wconf 80' lang='lat' dir='ltr'><em>Colon.</em></span> 
     </span>
     <span class='ocr_line' id='line_1_40' title="bbox 448 3711 2378 3769; baseline -0.001 -16"><span class='ocrx_word' id='word_1_385' title='bbox 448 3718 655 3754; x_wconf 77' lang='lat' dir='ltr'><strong><em>exaratum</em></strong></span> <span class='ocrx_word' id='word_1_386' title='bbox 679 3718 819 3766; x_wconf 73' lang='lat' dir='ltr'><em>leyitur</em></span> <span class='ocrx_word' id='word_1_387' title='bbox 844 3712 1004 3757; x_wconf 73' lang='grc' dir='ltr'><strong><em>καὶτὸν</em></strong></span> <span class='ocrx_word' id='word_1_388' title='bbox 1023 3714 1095 3757; x_wconf 78' lang='grc' dir='ltr'><strong><em>τοῦ</em></strong></span> <span class='ocrx_word' id='word_1_389' title='bbox 1117 3715 1220 3766; x_wconf 78' lang='grc' dir='ltr'><strong><em>υἱοῦ,</em></strong></span> <span class='ocrx_word' id='word_1_390' title='bbox 1247 3711 1384 3769; x_wconf 61' lang='grc' dir='ltr'><strong><em>ἡμῶν.</em></strong></span> <span class='ocrx_word' id='word_1_391' title='bbox 1440 3719 1557 3765; x_wconf 81' lang='lat' dir='ltr'><strong><em>repet.</em></strong></span> <span class='ocrx_word' id='word_1_392' title='bbox 1617 3716 1789 3754; x_wconf 77' lang='lat' dir='ltr'><strong><em>Ceterum</em></strong></span> <span class='ocrx_word' id='word_1_393' title='bbox 1819 3716 1913 3754; x_wconf 81' lang='lat' dir='ltr'><strong><em>haec</em></strong></span> <span class='ocrx_word' id='word_1_394' title='bbox 1946 3717 2064 3755; x_wconf 86' lang='lat' dir='ltr'><strong><em>verba</em></strong></span> <span class='ocrx_word' id='word_1_395' title='bbox 2089 3716 2182 3754; x_wconf 75' lang='lat' dir='ltr'><strong><em>vitio</em></strong></span> <span class='ocrx_word' id='word_1_396' title='bbox 2208 3727 2286 3754; x_wconf 82' lang='lat' dir='ltr'><strong><em>non</em></strong></span> <span class='ocrx_word' id='word_1_397' title='bbox 2311 3725 2378 3754; x_wconf 86' lang='lat' dir='ltr'><strong><em>ca-</em></strong></span> 
     </span>
    </p>

    <p class='ocr_par' dir='ltr' id='par_1_9' title="bbox 510 3766 2377 3826">
     <span class='ocr_line' id='line_1_41' title="bbox 510 3766 2377 3826; baseline 0.001 -14"><span class='ocrx_word' id='word_1_398' title='bbox 510 3771 545 3812; x_wconf 89' lang='lat'><strong><em>1.</em></strong></span> <span class='ocrx_word' id='word_1_399' title='bbox 576 3769 802 3823; x_wconf 70' lang='grc' dir='ltr'><strong><em>γεννέσεως</em></strong></span> <span class='ocrx_word' id='word_1_400' title='bbox 832 3774 914 3812; x_wconf 84' lang='lat' dir='ltr'><strong><em>cod.</em></strong></span> <span class='ocrx_word' id='word_1_401' title='bbox 953 3773 1114 3822; x_wconf 76' lang='lat' dir='ltr'><strong><em>Rhedi9.</em></strong></span> <span class='ocrx_word' id='word_1_402' title='bbox 1440 3774 1536 3811; x_wconf 82' lang='lat' dir='ltr'><strong><em>rent.</em></strong></span> <span class='ocrx_word' id='word_1_403' title='bbox 1598 3772 1851 3811; x_wconf 81' lang='lat' dir='ltr'><strong><em>Scribendum</em></strong></span> <span class='ocrx_word' id='word_1_404' title='bbox 1886 3776 1979 3821; x_wconf 80' lang='lat' dir='ltr'><em>puto</em></span> <span class='ocrx_word' id='word_1_405' title='bbox 2017 3769 2065 3813; x_wconf 80' lang='grc' dir='ltr'><strong><em>ἐκ</em></strong></span> <span class='ocrx_word' id='word_1_406' title='bbox 2095 3769 2169 3815; x_wconf 79' lang='grc' dir='ltr'><strong><em>τοῦ</em></strong></span> <span class='ocrx_word' id='word_1_407' title='bbox 2196 3767 2298 3826; x_wconf 71' lang='grc' dir='ltr'><strong><em>ὑπὲρ</em></strong></span> <span class='ocrx_word' id='word_1_408' title='bbox 2325 3766 2377 3815; x_wconf 76' lang='grc' dir='ltr'><strong><em>τὰ</em></strong></span> 
     </span>
    </p>
   </div>
   <div class='ocr_carea' id='block_1_7' title="bbox 506 3822 1902 3885">
    <p class='ocr_par' dir='ltr' id='par_1_10' title="bbox 506 3822 1902 3885">
     <span class='ocr_line' id='line_1_42' title="bbox 506 3822 1902 3885; baseline -0.001 -16"><span class='ocrx_word' id='word_1_409' title='bbox 506 3827 545 3869; x_wconf 80' lang='grc'><strong><em>’2.</em></strong></span> <span class='ocrx_word' id='word_1_410' title='bbox 579 3822 703 3870; x_wconf 70' lang='grc' dir='ltr'><strong><em>αὐτὸν</em></strong></span> <span class='ocrx_word' id='word_1_411' title='bbox 740 3830 877 3868; x_wconf 77' lang='lat' dir='ltr'><strong><em>vicium</em></strong></span> <span class='ocrx_word' id='word_1_412' title='bbox 906 3832 958 3868; x_wconf 82' lang='lat' dir='ltr'><strong><em>est</em></strong></span> <span class='ocrx_word' id='word_1_413' title='bbox 995 3829 1055 3871; x_wconf 80' lang='lat' dir='ltr'><strong><em>ed.</em></strong></span> <span class='ocrx_word' id='word_1_414' title='bbox 1083 3831 1218 3869; x_wconf 79' lang='lat' dir='ltr'><em>Petav.</em></span> <span class='ocrx_word' id='word_1_415' title='bbox 1251 3829 1381 3870; x_wconf 73' lang='lat' dir='ltr'><em>Coton.</em></span> <span class='ocrx_word' id='word_1_416' title='bbox 1442 3825 1524 3871; x_wconf 80' lang='grc' dir='ltr'><strong><em>ἐνδ.</em></strong></span> <span class='ocrx_word' id='word_1_417' title='bbox 1555 3824 1725 3885; x_wconf 75' lang='grc' dir='ltr'><strong><em>γεγονὸς</em></strong></span> <span class='ocrx_word' id='word_1_418' title='bbox 1753 3823 1799 3871; x_wconf 79' lang='grc' dir='ltr'><strong><em>τὸ</em></strong></span> <span class='ocrx_word' id='word_1_419' title='bbox 1832 3840 1902 3882; x_wconf 86' lang='grc' dir='ltr'><strong><em>πρ.</em></strong></span> 
     </span>
    </p>
   </div>
  </div>
 </body>
</html>
