2508 4134
466 245 568 297 608
790 258 799 263 ’
1034 253 1307 297 ADDENDA
1338 255 1412 297 ET
1443 254 1816 298 CORRIGENDA.

466 379 518 385 -
547 354 575 395 1.
598 353 666 394 20.
698 354 881 394 Venetus
904 350 1042 393 firmat
1070 352 1403 396 emendationem
1432 354 1618 395 Ceruarii
1643 352 1799 404 ἕωθεν,
1844 361 1886 394 et
1912 353 2060 396 inserit
2083 356 2157 399 καὶ
2182 362 2279 397 ante
2305 351 2395 399 α’νι-

467 421 676 478 στάμενοι.
711 448 762 454 -
822 422 847 462 l.
871 422 936 464 21.
981 426 1068 471 τοῖς
1092 423 1173 476 τῆς
1202 425 1306 466 Ven.
1336 448 1391 456 -—
1447 425 1474 466 l.
1490 425 1557 467 22.
1599 420 1954 479 άναξὲεματίζουσι
1985 423 2077 479 τρὶς
2111 427 2195 481 τῆς
2227 424 2395 482 ἠμέρας

465 491 700 547 φάσκοντες
730 496 834 535 Ven.
864 517 918 524 —
977 493 1002 534 l.
1023 492 1091 536 23.
1127 493 1237 546 Ναζ.
1297 495 1436 550 Δῆῦεν
1461 494 1541 551 γὰρ
1572 497 1675 537 Ven.
1715 519 1760 526 —-
1830 494 1946 541 1.,30.
1997 495 2182 553 βληχρὰν
2208 496 2285 541 καὶ
2322 493 2392 541 σ’δ.

464 562 743 619 ἐμποιητικῆν
774 567 877 606 Veu.
898 554 903 564 ¹

578 636 710 692 Pag.
732 635 859 681 242.
915 635 943 676 l.
968 637 1007 677 5.
1038 634 1243 692 κοσμῆση
1271 639 1374 678 Ven.
1396 662 1450 668 —
1507 635 1535 677 l.
1558 637 1620 678 15.
1654 634 1841 690 ἔμπνεον,
1869 650 1948 690 pro
1975 635 2177 695 ἔμπλεων,
2210 640 2316 680 Ven.
2336 661 2393 669 —

462 706 489 746 l.
511 706 574 748 18.
607 704 715 762 ἔχειν
739 703 787 750 τό
818 703 1033 761 ἐπώνυμον
1073 705 1195 762 μόνον
1224 702 1293 762 (ού
1320 706 1402 762 γὰρ
1432 705 1569 761 δηπου
1594 703 1673 760 τήν
1699 708 1786 749 κτλ.
1813 709 1917 749 Veu.
1948 731 2001 738 —
2059 708 2089 751 1.
2109 706 2178 751 24.
2210 706 2284 765 μὲν
2311 705 2392 763 γὰρ

463 771 521 820 ὧν
551 778 652 819 Ven.
678 801 730 809 —-
789 777 814 817 1.
834 778 902 822 27.
935 772 1027 820 κατ’
1055 774 1181 822 αύτόν
1204 780 1306 820 Ven.
1338 803 1385 810 -
1446 778 1473 818 l.
1493 778 1559 820 33.
1591 777 1674 820 τῶν
1699 772 1917 821 Ἰουδαίων
1939 775 1988 821 οὗ
2008 779 2267 838 προςανέχειν
2288 779 2391 838 ven.

462 873 516 880 —
544 848 572 889 1.
593 847 646 890 35
677 857 720 889 et
747 847 816 891 36.
847 848 984 889 Verba
1014 846 1264 892 ἐπιτελεῖται
1290 873 1317 880 -
1346 873 1372 879 -
1409 846 1706 902 διαπράττεται
1740 848 1890 890 absunt
1918 863 1943 889 a
1975 851 2077 891 Ven.

575 920 710 978 Pag.
731 919 859 964 244.
914 919 941 960 1.
958 919 998 961 3.
1029 915 1234 976 Ἰάκωβον
1263 917 1334 964 διὰ
1357 916 1428 963 τὸν
1454 915 1636 973 ἀδελφὸν
1661 920 1765 959 Ven.
1790 942 1845 950 -
1902 919 1930 960 l.
1948 918 1989 962 6.
2016 919 2184 976 Πέρεαν
2208 921 2314 962 Veu.
2338 943 2392 951 —

462 990 489 1032 1.
509 991 547 1034 7.
580 988 625 1034 τὸ
658 992 863 1044 πλεῖστον,
894 989 936 1033 ἐν
961 990 1108 1047 Πέλλῃ
1136 993 1241 1032 Veu.
1267 1015 1319 1022 —
1376 990 1402 1030 l.
1426 990 1466 1033 8.
1495 990 1578 1042 τῆς
1600 987 1765 1038 Βανέας
1787 991 1892 1031 Veu.
1918 1014 1976 1023 —
2031 991 2060 1034 1.
2083 994 2144 1034 11.
2173 991 2256 1046 τῆς
2276 991 2393 1046 Καρ-

461 1061 586 1116 ναῒμ,
618 1059 798 1116 Καρνάμ
828 1060 901 1104 καὶ
931 1063 1034 1105 Ven.
1064 1087 1117 1093 —
1175 1061 1204 1102 1.
1231 1059 1294 1104 14.
1325 1062 1498 1117 Repone
1527 1075 1576 1101 ex
1602 1062 1706 1101 Ven.
1735 1060 1985 1116 Ναζαραῖοι.
2015 1085 2067 1093 —
2126 1062 2154 1103 l.
2175 1062 2244 1103 20.
2275 1053 2395 1110 οὗτος

464 1131 486 1177 0‘
511 1129 672 1190 Ἐβίων
701 1133 829 1174 habet
870 1132 994 1173 etiam
1023 1135 1127 1175 ven.
1158 1157 1213 1165 --
1275 1131 1374 1172 zbid.
1418 1130 1459 1174 ἐν
1500 1130 1564 1186 (Ρ)
1595 1131 1832 1186 σπέρματος
1872 1130 2088 1188 ἀνάνδρως
2123 1133 2196 1176 τοῦ
2221 1127 2393 1188 Ἰωσὴφ

462 1206 568 1246 Veu.
598 1228 653 1240 --
710 1204 735 1244 l.
756 1204 822 1246 25.
868 1205 971 1245 Ven.
1016 1204 1273 1258 Σαμῴηνοῖς
1310 1202 1384 1246 καὶ
1419 1199 1647 1257 Ἐσσηνοῖς
1684 1202 1824 1245 habet.
1851 1226 1909 1235 —
1964 1203 1992 1246 l.
2013 1202 2080 1246 29.
2121 1199 2298 1250 ἄνωθεν,
2319 1201 2393 1259 μὲν

463 1272 589 1320 αὐτὸν
621 1270 752 1330 ὄντα,
788 1273 867 1329 πρὸ
898 1270 1062 1319 πάντων
1092 1272 1141 1318 δὲ
1170 1271 1296 1317 αύτόν
1327 1272 1551 1317 κτισὲέντα
1580 1275 1684 1314 Veu.

576 1348 710 1405 Pag.
731 1347 859 1391 246.
914 1346 942 1386 l.
966 1347 1005 1388 5.
1039 1347 1137 1387 Post
1165 1342 1376 1400 Κήρινθον
1401 1344 1536 1386 insere
1560 1343 1633 1388 καὶ
1661 1342 1906 1400 Μηρινῖτον,
1938 1360 2043 1402 quae
2071 1345 2198 1389 verba
2227 1359 2294 1386 me
2321 1344 2392 1386 iu-

462 1418 548 1462 vito
579 1418 831 1459 exciderunt.
890 1418 1049 1457 Desunt
1094 1416 1218 1457 etiam
1258 1416 1301 1456 in
1331 1425 1502 1472 utraque
1546 1415 1646 1456 edit.
1680 1417 1819 1458 Petav.
1853 1441 1901 1448 —
1962 1417 1990 1458 l.
2019 1416 2082 1460 16.
2113 1417 2287 1473 Repone
2307 1407 2392 1459 Ἠν

459 1490 511 1535 δέ
538 1506 600 1540 τις
628 1488 673 1541 ἐξ
700 1485 850 1532 αύτῶν.
882 1512 934 1519 —-
994 1487 1099 1529 Ibid.
1123 1489 1230 1529 Ven.
1262 1487 1390 1528 habet
1412 1482 1667 1541 Ἰώσηππος.
1699 1512 1749 1518 -
1810 1488 1836 1528 1.
1861 1487 1922 1530 18.
1953 1488 2027 1531 τοῦ
2054 1486 2261 1545 βασιλέως
2287 1487 2391 1528 Veu.

461 1586 512 1594 —
544 1562 572 1602 l.
592 1559 659 1603 24.
705 1564 749 1601 [n
777 1559 869 1601 cod.
904 1560 1001 1600 Ven.
1040 1558 1226 1613 margine
1253 1566 1453 1601 annotata
1491 1559 1683 1613 leguntur
1710 1559 1838 1600 haec:
1879 1557 1970 1602 Καὶ
1994 1558 2036 1602 ἐν
2060 1564 2147 1608 τοῖς
2171 1553 2393 1606 Ἰουδαίοις

459 1630 682 1677 ἀπόστολοι
708 1630 941 1675 ἐκαλοῦντο.
970 1654 1027 1661 -
1082 1630 1110 1673 l.
1139 1630 1205 1672 30.
1227 1624 1391 1673 ’Έσται
1418 1627 1467 1674 δὲ
1494 1630 1767 1685 διανοηῖῑῆναι
1805 1627 1865 1679 ὦς
1893 1630 1965 1674 καὶ
2002 1625 2119 1674 ἄλλοι
2147 1623 2222 1680 οὓς
2250 1628 2392 1673 ἔῧεντο

461 1706 564 1747 Ven.
597 1728 651 1736 --
709 1704 736 1745 1.
759 1701 798 1745 4.
828 1702 880 1743 ab
910 1701 1033 1744 infer.
1064 1700 1146 1757 γὰρ
1176 1699 1246 1745 τὸν
1276 1700 1498 1745 ἐπίσκοπον
1534 1698 1606 1745 διοὶ
1638 1701 1710 1744 τοῦ
1741 1703 1846 1744 ven.

571 1777 704 1833 rag.
728 1775 856 1819 248.
912 1773 940 1814 1.
960 1773 998 1815 3.
1032 1769 1262 1826 ἐγνώκασιν
1290 1774 1395 1815 Ven.
1428 1798 1479 1803 —-
1536 1772 1564 1813 l.
1595 1773 1642 1814 11
1671 1780 1714 1813 et
1740 1772 1801 1815 12.
1834 1771 2077 1828 Βαρκέλλας
2101 1770 2290 1822 πόλεως,
2324 1767 2386 1820 ὥς

458 1844 562 1902 ἐξορ.
595 1849 699 1887 Ven.
730 1870 784 1877 —
840 1845 868 1887 l.
890 1846 950 1887 15.
982 1841 1075 1888 κατ’
1102 1841 1241 1888 αὐτῶν
1267 1846 1373 1886 ven.
1404 1868 1453 1875 --
1514 1845 1544 1884 1.
1567 1844 1620 1886 25
1642 1852 1685 1884 et
1705 1842 1772 1886 26.
1803 1840 1930 1899 κόμις
1953 1835 2007 1899 τῖν
2033 1846 2138 1885 Veu.
2164 1867 2217 1876 —
2273 1842 2301 1884 l.
2319 1841 2389 1887 27.

460 1918 552 1963 ἐπεὶ
579 1914 656 1962 ούκ
686 1911 734 1961 ἂν
765 1914 834 1960 ύπ.
867 1910 945 1960 κᾶν
974 1915 1015 1959 ἐν
1040 1931 1075 1958 τ.
1105 1930 1147 1959 π.
1177 1913 1397 1972 διατριβήν
1427 1917 1532 1956 Ven.
1562 1939 1617 1947 —-
1673 1914 1702 1956 1.
1722 1914 1761 1958 6.
1792 1914 1844 1955 ab
1871 1914 2005 1957 infer..
2038 1909 2086 1963 ὃς
2111 1909 2208 1958 οὔτε
2234 1910 2392 1969 ἐτόλμα

460 1991 564 2030 Ven.
598 2014 648 2020 —-
707 1988 811 2029 Ibid.
848 1987 950 2029 Dele
989 1987 1062 2030 καὶ
1087 1995 1183 2027 ante
1212 1985 1430 2042 κρυφαίως
1459 2001 1510 2026 ex
1538 1979 1787 2027 auctoritate
1812 1985 1990 2036 Veneti,
2033 1985 2102 2040 qui
2130 1985 2258 2026 habet
2284 1979 2391 2029 ἀλλὰ

459 2060 662 2117 κρυφίως.
691 2084 744 2092 --
802 2060 829 2112 Ι.
862 2057 903 2102 4.
942 2059 994 2101 ab
1029 2059 1152 2100 inser.
1200 2056 1318 2114 οἶμαι
1345 2055 1394 2102 δὲ
1427 2054 1540 2114 τάχα
1579 2052 1646 2101 ὅτι
1683 2059 1790 2099 ven.
1824 2082 1874 2087 --
1934 2057 1964 2098 l.
1993 2056 2033 2100 3.
2074 2056 2126 2098 ab
2162 2055 2284 2098 infer.
2326 2051 2393 2110 μή

459 2147 550 2182 πως
580 2135 680 2174 Ven.

572 2205 705 2263 Pag.
723 2205 851 2250 250.
908 2203 937 2244 l.
958 2203 993 2245 1.
1026 2201 1246 2246 ἐπίσκοπον
1271 2198 1398 2245 αύτόν
1422 2200 1684 2254 καταστῆναι
1702 2201 1738 2239 V
1741 2213 1806 2240 en.
1829 2224 1882 2231 —-
1940 2199 1968 2240 l.
1986 2200 2025 2241 2.
2058 2198 2271 2254 συνῆφθαι
2294 2200 2390 2242 δευ-

458 2275 560 2333 τέρᾳ
587 2276 643 2332 τῇ
672 2278 776 2316 Veu.
808 2300 859 2307 --
919 2275 947 2315 1.
974 2271 1013 2316 4.
1062 2273 1231 2328 Corrige
1263 2271 1360 2316 ύπό.
1392 2296 1442 2304 -
1500 2272 1527 2312 l.
1549 2270 1589 2313 9.
1634 2270 1724 2314 Καὶ
1757 2268 1837 2326 γὰρ
1879 2269 1953 2314 καὶ
1990 2269 2163 2327 χρυσίου
2203 2270 2305 2311 ven..
2334 2292 2390 2301 —

458 2348 486 2389 1.
512 2348 559 2389 10
593 2356 635 2388 et
669 2348 734 2390 11.
779 2351 927 2404 χεῖρα,
972 2345 1109 2401 φημὶ,
1151 2344 1343 2389 ἐπέδωκε
1378 2346 1485 2386 Ven.
1518 2366 1569 2374 —
1627 2342 1656 2382 l.
1676 2343 1744 2385 21.
1773 2341 1926 2398 χειροὶν
1955 2340 2019 2396 (ἲ)
2047 2336 2173 2384 αύτόν
2200 2341 2304 2382 Veu.
2333 2363 2390 2372 -

459 2417 486 2458 l.
504 2418 571 2461 27.
603 2410 730 2473 ηὗρεν
763 2423 865 2461 Ven.
900 2441 949 2448 -—
1007 2417 1034 2456 l.
1057 2417 1125 2459 30.
1168 2412 1330 2470 τίύρατο
1366 2416 1470 2456 Ven.
1502 2438 1551 2445 -—-
1611 2414 1640 2454 l.
1658 2413 1727 2456 31.
1770 2414 1945 2469 Repone
1973 2427 2023 2453 ex
2065 2414 2233 2454 Veneto
2260 2407 2389 2466 Πρά-

461 2489 556 2541 ξεις,
590 2485 638 2532 ού
668 2487 752 2543 μην
778 2485 883 2533 ἀλλὰ
911 2487 984 2531 καὶ
1006 2486 1052 2531 τὸ
1081 2485 1190 2530 κατὰ
1214 2487 1432 2530 Ματὲαῖον
1458 2480 1696 2541 εύαγγέλιον
1717 2481 1948 2541 Ἑβραῖκόν
1973 2479 2101 2539 φύσει
2125 2476 2186 2537 ὂν,
2216 2481 2267 2526 ἐκ
2293 2478 2390 2526 τού-

458 2575 552 2605 των.
584 2584 636 2592 -
694 2560 722 2600 1.
741 2561 781 2602 5.
814 2560 865 2601 ab
894 2560 970 2600 inf.
1014 2557 1305 2613 καταληφετεὶς
1344 2559 1460 2609 Bas„
1506 2557 1608 2598 vitio
1643 2571 1727 2597 non
1766 2556 1949 2597 insolito.
1978 2579 2031 2588 -
2089 2556 2135 2595 1n
2175 2568 2268 2596 voc.
2305 2544 2386 2598 ν’πό

459 2631 631 2673 restitue
657 2631 859 2687 spiritum.
886 2655 935 2661 —-
996 2630 1023 2670 l.
1053 2630 1127 2672 ult.
1160 2629 1225 2672 Ad
1250 2629 1376 2670 verba
1405 2626 1520 2684 οἶμαι
1546 2625 1715 2677 Ἰούδας
1740 2627 1934 2683 leguntur
1957 2626 2001 2667 in
2029 2626 2122 2668 cod.
2151 2627 2254 2667 Veu.
2283 2625 2388 2666 haec

459 2703 502 2743 in
531 2717 659 2757 marg.
685 2711 906 2743 annotata:
937 2696 1022 2745 Ἐκ
1047 2697 1197 2745 τούτου
1224 2698 1398 2745 δυνατὸν
1420 2702 1560 2758 λαβεῖν
1584 2697 1687 2743 πότε
1711 2699 1773 2756 τῷ
1803 2694 1912 2754 οἱγίῳ
1936 2694 2174 2755 Ἐπιφανίῳ
2200 2693 2255 2741 τὰ
2279 2693 2388 2740 κατὰ

462 2774 663 2829 αἱρέσεων
692 2771 909 2829 συνήχθη,
957 2773 999 2815 εἴ
1021 2787 1071 2827 γε
1098 2770 1168 2816 τὸν
1196 2766 1270 2828 μὲν
1294 2768 1505 2826 Ἰώσηπον
1536 2770 1578 2815 ἐν
1605 2771 1668 2828 τῷ
1694 2768 1803 2814 κατὰ
1830 2767 2055 2812 Κωσταντὶ
2082 2768 2181 2824 (sic)
2208 2765 2387 2823 διωγμῷ

460 2843 538 2900 την
562 2844 658 2901 περὶ
685 2845 758 2889 τοῦ
785 2840 1038 2900 πατριάρχου
1064 2844 1246 2899 ἱστορίαν
1276 2843 1387 2899 λέγει
1417 2839 1544 2887 αύτόν
1576 2839 1825 2897 chassoim,
1859 2837 1984 2885 αὐτὸν
2010 2838 2059 2884 δὲ
2085 2836 2156 2883 διὰ
2183 2836 2254 2883 τὸν
2282 2834 2387 2896 χρό-

461 2931 525 2960 νον
559 2916 764 2968 ἐξεκείνου
792 2918 1080 2970 παραδραμεῖν
1111 2911 1189 2959 ούκ
1221 2915 1328 2972 ἔχειν
1358 2910 1546 2971 ἀκριβῶς
1572 2912 1626 2957 τὰ
1658 2910 1847 2968 ὀνόματα
1876 2910 2160 2968 μνημονεύειν.

574 2987 852 3046 Pag.252.
908 2987 938 3027 l.
959 2989 997 3029 8-
1041 2984 1249 3043 παρῄνουν
1287 2983 1440 3036 αύτῶς.
1500 2983 1553 3028 Ὅ
1593 2985 1641 3030 δὲ
1673 2985 1823 3041 μᾶλλον
1852 2987 1954 3026 Ven.
1987 3006 2042 3014 —
2097 2982 2127 3023 l.
2151 2981 2216 3024 11.
2247 2980 2308 3030 εἰς
2333 2979 2388 3025 τοὶ

461 3059 585 3116 δάρα,
618 3060 678 3109 εἰς
709 3062 811 3102 ven.
836 3083 889 3090 ——
947 3059 974 3099 l.
999 3058 1061 3101 17.
1095 3056 1318 3115 ἐτύγχανεν
1347 3060 1451 3099 Ven.
1478 3082 1529 3088 —
1589 3057 1617 3098 l.
1637 3058 1711 3099 25?
1733 3054 1838 3112 πρὸς
1866 3052 1944 3110 τὴν
1968 3057 2144 3109 γυναῖκα
2171 3051 2244 3096 καὶ
2268 3052 2388 3107 ὃῶρα

461 3135 565 3174 Ven.
597 3155 649 3162 —
708 3131 735 3174 l.
753 3130 820 3174 31.
852 3124 1031 3185 ’Άγουσι
1059 3127 1138 3185 γὰρ
1168 3131 1273 3171 Ven.
1308 3154 1360 3160 -
1419 3129 1523 3171 Ibid.
1565 3127 1851 3183 πλησιετέροις
1875 3128 1979 3167 Ven.
2007 3148 2063 3157 —
2119 3123 2146 3165 l.
2165 3120 2206 3165 4.
2231 3123 2282 3164 ab
2309 3123 2386 3164 inf.

461 3200 757 3258 ἐπιορκισμοῦς
786 3204 887 3243 Ven.
918 3226 971 3232 —
1030 3201 1058 3241 1.
1083 3201 1239 3256 penult.
1270 3201 1406 3244 ταῦτα
1431 3201 1549 3241 abest
1576 3215 1600 3241 a
1626 3202 1728 3242 Ven.
1762 3223 1814 3232 -
1872 3197 1898 3240 l.
1927 3196 2000 3238 ult.
2026 3191 2259 3251 πρεσβύτου
2279 3195 2387 3237 Ven.

573 3272 855 3333 Pag.254.
910 3273 934 3313 1.
957 3274 993 3316 1.
1038 3271 1281 3327 ταλανῆσας
1321 3273 1424 3312 Veu.
1455 3294 1511 3304 —-
1576 3269 1660 3314 l.9.
1705 3267 1908 3326 άμυδρῶς
1933 3268 2038 3308 Ven.
2068 3289 2122 3298 —-
2178 3266 2292 3308 1.11.
2333 3263 2388 3310 τὰ

462 3341 569 3390 ἄλλα
598 3360 679 3387 om.
708 3348 813 3387 Ven.
839 3370 896 3376 —
952 3344 980 3387 l.
1005 3345 1064 3386 12.
1111 3343 1185 3387 καὶ
1218 3341 1514 3399 ἐμαμῆξαντες
1555 3342 1628 3386 καὶ
1663 3358 1699 3385 κ.
1743 3343 1846 3383 Ven.
1878 3363 1931 3372 -
1987 3338 2016 3378 l.
2036 3337 2103 3379 23.
2149 3351 2222 3381 σου
2251 3341 2388 3393 γονεῖς

463 3420 564 3460 Ven.
596 3442 648 3450 -—
709 3418 736 3458 l.
756 3417 824 3458 25.
871 3414 1097 3470 ἰαῖῐησεται
1124 3417 1227 3456 Ven.
1258 3439 1314 3446 —
1371 3415 1398 3455 1.
1417 3414 1482 3457 26.
1530 3412 1835 3469 σκληραυχενίᾳ
1871 3418 2011 3451 tuetur
2049 3408 2172 3449 etiam
2197 3410 2300 3452 Ven.
2331 3431 2386 3441 —

461 3488 490 3530 1.
507 3489 575 3531 28.
604 3485 699 3543 παρ’
727 3484 870 3537 αὐτοῖς
897 3490 997 3529 Ven.
1045 3486 1168 3538 Quod
1193 3486 1479 3543 reponendum
1505 3494 1579 3527 est.
1608 3509 1658 3516 --
1714 3485 1742 3525 l.
1759 3483 1826 3526 29.
1855 3496 1918 3530 τις
1941 3475 2183 3537 πρεσβύτης
2205 3482 2311 3523 Veu.
2329 3503 2386 3513 -

463 3560 490 3600 l.
509 3560 577 3603 31.
612 3560 780 3615 Corrige
810 3558 1119 3615 γεγεννημένον.
1151 3582 1203 3591 -
1260 3559 1286 3600 l.
1307 3554 1346 3600 4.
1377 3557 1428 3599 ab
1458 3557 1579 3599 infer.-
1610 3553 1692 3601 οἷπό
1723 3551 1846 3600 ἄλλου
1876 3555 1980 3595 ven.

575 3633 706 3689 Pag.
732 3632 858 3676 256.
913 3630 941 3671 l.
968 3631 1004 3672 1.
1040 3625 1179 3685 ὄρινήν
1205 3631 1307 3672 Ven.
1340 3652 1395 3662 -—·
1450 3629 1479 3670 1.
1498 3629 1537 3671 3.
1584 3623 1875 3681 Θαυμάζοντος
1905 3622 1954 3667 δέ
1982 3638 2059 3678 μου
2089 3622 2162 3666 καὶ
2191 3622 2385 3679 ἐρωτῶν·-

464 3714 533 3750 τος
558 3699 633 3756 τὴν
663 3703 767 3744 Ven.
799 3726 852 3732 —
911 3701 938 3744 l.
963 3701 1027 3743 10.
1061 3698 1203 3757 νόσσῳ
1231 3702 1333 3742 Ven.
1392 3702 1457 3741 Ita
1484 3700 1567 3741 hoc
1590 3697 1733 3740 vocab.
1760 3695 2001 3751 plerumque
2028 3694 2226 3749 scriptum
2251 3701 2314 3735 est
2340 3693 2384 3734 in

466 3783 516 3811 eo
551 3771 670 3813 libro.
702 3795 755 3804 --
827 3771 931 3813 Ibid.
976 3772 1210 3829 πρεσβύτου
1253 3772 1358 3813 ven.
1390 3794 1446 3802 --
1501 3771 1527 3811 l.
1554 3769 1618 3812 18.
1661 3765 1903 3811 ἐπικαλέσαι
1945 3779 1998 3820 με
2035 3763 2156 3822 κάγῶ
2195 3767 2298 3807 Veu.
2329 3787 2383 3797 —-

466 3840 495 3883 1.
517 3840 584 3884 19.
626 3842 786 3897 περιείη
826 3844 931 3885 Ven.
963 3866 1015 3876 —
1072 3843 1100 3883 l.
1122 3843 1191 3887 23.
1233 3839 1280 3886 τὸ
1328 3836 1442 3896 ὕδωρ
1483 3854 1574 3882 cum
1613 3838 1745 3882 Vatic.
1783 3837 1909 3878 habet
1951 3837 2076 3879 etiam
2116 3839 2219 3881 Veu.
2281 3839 2384 3878 [tem
