2508 4134
661 300 800 343 ‘rom
829 299 1036 341 pmoms
1065 300 1199 341 PARS
1229 298 1544 341 PosTEmoss.
1953 283 2051 336 633

158 415 290 444 νονται
317 397 390 443 καὶ
418 399 600 454 λέγουσιν
624 393 714 452 ὅτι,
758 394 906 453 Ταύτῃ
935 399 988 453 τῇ
1020 393 1111 453 ῶρᾳ
1141 397 1322 452 σήμερον
1349 395 1381 451 τῖ
1404 393 1552 451 Κόρη,
1592 394 1797 440 τουτέστιν
1825 390 1856 448 ή
1886 393 2057 447 Παρθέ-

161 485 230 519 νος
252 468 446 524 ἐγέννησε
472 467 542 512 τὸν
570 467 723 512 Αἰῶνα.
779 466 916 510 Τοῦτο
942 465 990 510 δὲ
1016 466 1088 510 καὶ
1116 466 1157 511 ἐν
1181 467 1328 523 Πέτρᾳ
1365 467 1420 523 τῇ
1446 464 1564 510 πόλει
1594 463 1867 520 (μητρόπολις
1891 463 1939 508 δέ
1967 462 2058 507 ἐστι

157 540 236 592 τῆς
261 535 482 596 Ἀραβίας,
525 533 622 592 ῆτις
649 536 758 582 ἐστὶν
779 532 922 591 Ἐδόμ
943 533 976 591 ή
1003 535 1044 579 ἐν
1065 541 1159 584 ταῖς
1186 537 1381 591 Γραφαῖς
1406 535 1724 590 γεγραμμένη),
1766 533 1807 577 ἐν
1831 535 1891 590 τῷ
1919 532 2059 576 ἐκεῖσε

159 608 337 664 εἰδωλίῳ
360 603 499 657 ,οὕτως
519 608 695 663 γίνεται,
726 606 798 650 καὶ
822 602 1027 662 Ἀραβικῇ
1056 605 1261 661 διαλέκτῳ
1290 604 1508 661 ἐξυμνοῦσι
1529 603 1605 658 τήν
1629 604 1851 659 παρθένον,
1884 603 2057 647 καλοῦν-

157 693 227 727 τες
255 673 385 732 αύτῆν
425 674 643 734 Ἀραβιστὶ
679 676 882 733 Χααβοῦ,
921 675 1129 718 τουτέστιν
1162 672 1330 728 Κόρην,
1370 671 1498 729 ἤγουν
1536 674 1773 728 Παρθένον,
1818 674 1891 717 καὶ
1917 671 1988 717 τόν
2013 672 2059 724 ἐξ

159 745 292 800 αύτῆς
317 748 608 802 γεγεννημένον
631 745 868 801 Δουσάρην,
896 744 1104 789 τουτέστιν
1129 745 1343 799 Μονογενῆ
1372 745 1444 787 τοῦ
1474 743 1693 788 δεσπότου.
1752 743 1888 787 Τοῦτο
1915 741 1962 787 δὲ
1987 743 2060 786 καὶ

158 817 199 861 ἐν
225 813 413 872 Ἐλούσῃ
455 817 609 871 γίνεται
635 817 690 873 τῇ
714 813 834 860 πόλει
869 811 960 859 κατ’
987 814 1146 869 ἐκείνην
1172 812 1248 868 τῆν
1274 813 1426 863 νύκτα,
1469 810 1528 862 ῶς
1553 813 1647 856 ἐκεῖ
1670 812 1710 856 ἐν
1733 814 1787 869 τῇ
1816 812 1962 867 Πέτρᾳ
1986 811 2060 855 καὶ

158 886 199 930 ἐν
221 882 525 943 Ἀλεξανδρείᾳ.
580 883 663 931 Ἐκ
685 886 843 929 πολλῶν
868 883 916 930 δὲ
940 881 1269 939 ήναγκάσθημεν
1290 885 1560 939 παραστῆσαι
1581 881 1650 926 διὰ
1670 881 1767 931 τοὺς
1789 879 2061 930 ἀπειθοῦντας

159 952 222 1000 ὅτι
243 954 297 1000 τοὶ
322 952 574 1011 Ἐπιφάνεια
597 956 739 1004 καλῶς
763 956 923 1010 εἴρηται
945 951 976 1009 ή
1003 954 1201 1009 ἔνσαρκος
1227 953 1415 1008 γέννησις
1440 954 1512 996 τοῦ
1542 953 1756 1007 σωτῆρος,
1797 951 2060 1007 γεννηθέντος

157 1023 283 1070 αὐτοῦ
316 1025 388 1069 καὶ
412 1025 674 1080 ἐπιφανέντος
706 1030 793 1074 τοῖς
814 1024 982 1080 ποιμέσι
1010 1024 1164 1081 καὶτῷ
1190 1022 1341 1079 κόσμῳ
1368 1021 1439 1067 διὰ
1464 1024 1543 1077 τῆς
1576 1023 1658 1065 τῶν
1689 1019 1875 1077 ἀγγέλων
1899 1037 2058 1076 μαρτυ-

159 1096 262 1151 ρίας.
319 1092 538 1150 Ἐπεφάνη
580 1094 628 1139 δὲ
666 1092 740 1139 καὶ
762 1096 817 1152 τῇ
843 1095 986 1152 Μαρίᾳ
1023 1094 1095 1137 καὶ
1123 1094 1184 1149 τῷ
1211 1089 1391 1148 Ἰωσήφ.
1447 1089 1523 1135 Ἐν
1555 1091 1692 1148 ἐκείνῃ
1717 1091 1763 1136 δὲ
1788 1093 1841 1148 τῇ
1871 1087 1962 1148 ῶρᾳ
1988 1091 2060 1134 καὶ

158 1165 181 1210 ό
207 1162 344 1220 ἀστῆρ
370 1162 503 1220 ἐφάνη
529 1164 570 1209 ἐν
595 1166 651 1221 τῇ
675 1161 852 1221 ἀνατολῇ
878 1169 965 1213 τοῖς
986 1161 1151 1219 Μάγοις
1171 1161 1250 1216 πρὸ
1277 1161 1352 1207 δύο
1378 1161 1480 1205 ἐτῶν
1502 1164 1583 1217 τῆς
1606 1157 1742 1205 αύτῶν
1768 1162 1828 1210 εἰς
1851 1159 2060 1215 Ἰερουσα-

157 1233 247 1289 λήμ
272 1234 344 1277 καὶ
369 1233 569 1289 Βηθλεὲμ
592 1232 799 1290 ἀφίξεως,
843 1229 915 1277 ὅτε
940 1233 1008 1277 καὶ
1038 1229 1226 1290 ἀκριβῶς
1250 1230 1272 1277 ό
1301 1229 1503 1286 Ἡρώδης
1539 1227 1784 1275 ἐπυνθάνετο
1811 1228 1949 1274 αύτῶν
1977 1232 2059 1274 τῶν

155 1303 316 1359 Μάγων
341 1303 411 1348 τὸν
438 1303 581 1361 χρόνον
617 1305 690 1348 τοῦ
720 1303 916 1359 φανέντος
951 1299 1150 1357 ἀστέρος,
1193 1303 1265 1346 καὶ
1293 1298 1453 1356 ῆκουσε
1479 1300 1575 1355 παρ’
1600 1298 1736 1344 αὐτῶν
1768 1297 1832 1345 ὅτι
1858 1297 1938 1345 ἀπὸ
1969 1305 2060 1345 διε-

155 1377 253 1423 τοῦς
276 1374 348 1417 καὶ
374 1374 611 1429 κατωτέρω.
660 1367 722 1416 ‘¹0
747 1373 819 1417 καὶ
845 1370 947 1416 αὐτὸ
975 1371 1023 1417 τὸ
1053 1373 1171 1427 ῥῆμα
1196 1373 1278 1416 τῶν
1303 1368 1559 1427 Ἐπιφανίων
1598 1371 1774 1415 ἐποιεῖτο
1798 1369 1875 1426 τῆν
1900 1370 2060 1414 ἐπωνυ-

157 1444 252 1498 μίαν
286 1443 335 1487 ἐκ
371 1445 444 1487 τοῦ
478 1442 549 1488 τὸν
576 1441 777 1498 “Ηρῶδην
813 1443 944 1498 λέγειν
971 1443 1042 1486 τοῦ
1081 1443 1275 1498 φανέντος
1303 1439 1489 1497 ἀστέρος.
1547 1440 1617 1486 Διό
1649 1443 1729 1484 τῶν
1760 1440 1833 1496 μὲν
1860 1439 2060 1496 λεγόντων

155 1509 245 1566 ιἔτι,
289 1514 383 1557 Ποῦ
413 1512 521 1556 ἔστιν
547 1510 570 1557 ὁ
596 1512 791 1571 βασιλεῦς
818 1511 841 1557 ό
867 1512 1033 1570 τεχθεὶς
1057 1514 1139 1556 τῶν
1164 1509 1403 1561 Ἰουδαίων;
1447 1514 1609 1567 εἴδομεν
1638 1512 1749 1566 (cod.
1776 1511 1953 1565 ἴδωμεν)
1982 1509 2060 1565 γὰρ

156 1581 282 1627 αύτοῦ
308 1582 378 1627 τὸν
405 1580 561 1638 ἀστέρα
589 1583 630 1627 ἐν
655 1585 711 1640 τῇ
732 1579 941 1639 ἀνατόλη,
984 1583 1056 1626 καὶ
1085 1578 1270 1637 ἤλθομεν
1304 1584 1585 1638 προςκυνῆσαι
1620 1578 1763 1639 αύτῷ,
1806 1578 1828 1625 ό
1857 1578 2061 1637 Ἡρώδης

156 1651 203 1698 ού
240 1653 336 1708 περὶ
377 1655 499 1706 ψιλοῦ
529 1650 731 1707 ὀνόματος
760 1649 978 1707 ἀνθρώπου
1010 1654 1214 1709 βασιλέως
1250 1652 1295 1697 τὸ
1331 1656 1504 1708 πρᾶγμα
1533 1651 1762 1707 ἐσκόπησε.
1819 1651 2063 1705 Διανοηθεὶς

155 1723 235 1780 γὰρ
265 1723 328 1779 τὸ.
342 1726 516 1778 πρᾶγμα
550 1723 623 1766 καὶ
653 1719 876 1778 θαυμάσας
913 1719 978 1767 ὅτι
1009 1721 1151 1767 πόλλοι
1176 1726 1360 1780 βασιλεῖς
1396 1722 1681 1778 ἐγεννήθησαν
1706 1721 1746 1766 ἐν
1771 1718 2061 1776 Ἰερουσαλήμ,

154 1795 318 1848 πρῶτος
341 1792 487 1838 Σαοὺλ
514 1792 563 1836 ἐκ
591 1794 728 1848 φυλῆς
753 1792 973 1848 Βενιαμὶν,
1005 1791 1198 1846 δεύτερος
1223 1794 1356 1850 Δαβὶδ
1387 1793 1435 1836 ἐκ
1460 1794 1597 1848 φυλῆς
1619 1790 1785 1842 Ἰούδα,
1821 1792 1893 1834 καὶ
1917 1791 2061 1835 τούτου

156 1863 248 1913 υἱός
271 1864 493 1918 Σαλομῶν,
525 1860 616 1912 υἱός
640 1862 688 1907 δὲ
710 1864 783 1906 τοῦ
806 1864 1086 1917 Σαλομῶντος
1109 1861 1307 1920 Ῥοβοάμ,
1337 1863 1410 1907 καὶ
1433 1862 1579 1906 τούτου
1609 1862 1689 1905 υἱοὶ
1713 1861 1820 1906 κατὰ
1846 1860 2062 1918 διαδοχήν,

154 1933 228 1977 καὶ
256 1929 453 1978 ούδέποτε
481 1932 549 1975 ἐπὶ
575 1931 635 1976 ἓν).
659 1929 817 1976 τούτων
842 1934 1077 1987 γεννηθέντι
1103 1929 1238 1987 ἀστῆρ
1268 1931 1427 1988 ἐφάνη,
1471 1930 1569 1977 οὐδὲ
1596 1931 1754 1981 ἕλευσις
1778 1929 1936 1987 Μάγων
1962 1931 2058 1986 ἐγέ-

153 2019 243 2047 νετο
267 2002 335 2046 ἐπὶ
360 2001 406 2047 τὸ
437 2001 571 2045 ἐλθεῖν
609 2002 684 2045 καὶ
712 2005 995 2057 προςκυνῆσαι
1018 2002 1088 2046 τὸν
1113 2003 1360 2058 γεννηθέντα
1384 2003 1579 2059 βασιλέα,
1621 1999 1708 2046 ἀλλ’
1738 1996 1768 2056 ἦ
1794 2001 1889 2046 τότε
1917 2000 2058 2056 μόνον·

154 2070 251 2118 ὅθεν
279 2074 400 2116 τοῦτο
441 2069 710 2126 σκεψάμενός
735 2087 798 2121 τις
822 2073 893 2115 καὶ
920 2072 995 2127 τῆν
1022 2069 1201 2117 διάνοιαν
1228 2069 1354 2116 αύτοῦ
1381 2072 1450 2116 ἐπὶ
1469 2072 1545 2126 τῆν
1573 2074 1723 2127 γνῶσιν
1749 2075 1828 2128 τῆς
1855 2070 2059 2127 ἀληθείας

152 2139 378 2197 ήκόντισε,
415 2139 560 2196 μαθών
589 2137 654 2185 δ’τι
677 2140 723 2186 τὸ
753 2148 925 2197 σημεῖον
950 2144 1071 2186 τοῦτο
1098 2140 1174 2186 οὐκ
1202 2139 1421 2197 ἀνθρώπου
1450 2142 1587 2192 ἐστὶν,
1618 2140 1724 2186 ἀλλὰ
1750 2142 1891 2197 κυρίου
1921 2139 2058 2196 μόνου.

154 2211 228 2257 Διὸ
253 2209 330 2256 ου’κ
356 2212 415 2255 ἔτι
439 2211 534 2266 περὶ
560 2213 765 2267 βασιλέως
790 2210 938 2268 η’ρῶτα
965 2211 1145 2268 ἐπιγείου
1170 2208 1202 2267 ή
1231 2209 1474 2267 ἀνθρώπου,
1505 2208 1612 2256 ἀλλὰ
1635 2213 1730 2266 περὶ
1754 2213 1964 2267 Χριστοῦ,
1995 2212 2059 2254 λέ·

153 2297 237 2338 γων
266 2287 353 2331 τοῖς
375 2285 667 2337 γραμματεῦσι
700 2283 772 2326 καὶ
795 2284 966 2337 ἱερεῦσι,
996 2283 1088 2326 Ποῦ
1122 2280 1144 2326 ὁ
1175 2281 1362 2338 Χριστὸς
1390 2284 1601 2338 γεννᾶται;
1660 2283 1747 2326 Καὶ
1773 2277 1935 2339 ἤκουσε
1962 2277 2058 2336 παρ’

155 2349 316 2404 αὐτῶν,
346 2350 421 2396 Ἐν
449 2351 650 2407 Βηθλεὲμ
676 2354 755 2405 τῆς
777 2349 996 2401 Ἰουδαίας.
1055 2353 1143 2396 Καὶ
1171 2352 1283 2408 παρὰ
1309 2351 1381 2407 μὲν
1406 2351 1562 2396 τούτων
1593 2351 1812 2409 ἐρωτήσας
1839 2351 1909 2396 τὸν
1939 2350 2061 2396 τόπον

155 2423 284 2478 ἔγνω,
314 2420 427 2477 παρὰ
452 2421 500 2466 δὲ
521 2423 602 2466 τῶν
627 2420 786 2477 Μάγων
813 2421 884 2466 τόν
906 2421 1063 2479 χρόνον.
1120 2423 1207 2466 Καὶ
1231 2422 1311 2478 γοὶρ
1339 2422 1412 2466 καὶ
1435 2422 1554 2466 αύτοὶ
1580 2424 1616 2466 οἱ
1642 2415 1784 2478 Μάγοι
1807 2421 1883 2477 τήν
1909 2422 2061 2466 διετίαν

154 2492 195 2536 ἐν
221 2488 330 2549 αύτῆ
361 2493 416 2548 τῇ
444 2490 586 2548 ήμέρᾳ
616 2493 698 2535 τῶν
722 2489 978 2547 Ἐπιφανίων
1005 2493 1065 2542 εἰς
1090 2493 1289 2547 Βηθλεὲμ
1316 2493 1499 2548 ἐγένοντο
1525 2493 1598 2536 καὶ
1622 2492 1673 2536 τὰ
1700 2493 1819 2547 δῶρα
1837 2489 2062 2546 προςήνεγ-

154 2578 253 2613 καν,
290 2562 363 2606 καὶ
387 2561 463 2617 τῆν
490 2560 671 2616 σμύρναν
696 2562 769 2604 καὶ
793 2560 863 2606 τὸν
885 2561 1037 2618 χρυσὸν
1068 2563 1139 2606 καὶ
1166 2562 1238 2607 τὸν
1261 2563 1433 2619 λίβανον.
1490 2560 1565 2606 Ἐν
1589 2561 1698 2620 αύτῆ
1730 2561 1809 2618 γοὶρ
1837 2564 1890 2618 τῆ
1919 2559 2062 2619 ήμέρᾳ

152 2634 235 2676 τῶν
262 2629 519 2687 Ἐπιφανίων
550 2632 593 2674 αἱ
622 2628 747 2688 ἀρχαὶ
772 2630 968 2687 γεγόνασι
991 2635 1148 2676 πολλῶν
1170 2631 1423 2688 πραγμάτων
1453 2634 1640 2688 σημείων
1666 2635 1746 2689 τῆς
1769 2630 2060 2688 Ἐπιφανείας.

155 2699 274 2756 Αὕτη
305 2701 354 2746 δὲ
377 2694 429 2756 ήν
453 2699 483 2757 ή
504 2699 669 2756 ήμέρα,
714 2700 773 2750 ὥς
801 2697 887 2745 ἅνω
925 2708 1114 2757 προεῖπον
1154 2703 1226 2746 καὶ
1264 2697 1460 2752 πολλάκις
1500 2701 1787 2758 ἀναγκάζομαι
1822 2705 1975 2759 λέγειν,
2019 2703 2061 2747 ἐν

156 2771 333 2829 ὑπατείᾳ
359 2768 582 2815 Ὀκταυΐου
622 2768 859 2826 Αὐγούστου
890 2770 936 2815 τό
966 2773 1297 2825 τριςκαιδέκατον
1336 2773 1409 2816 καὶ
1434 2775 1615 2817 Σιλανοῦ
1651 2777 1704 2830 τῇ
1734 2773 1811 2828 πρὸ
1841 2771 1952 2818 όκτώ
1983 2774 2059 2816 Εἰ-

154 2843 238 2886 δῶν
260 2839 544 2896 Ἰαννουαρίων
570 2839 676 2895 μετὰ
714 2845 931 2895 δεκατρεῖς
970 2839 1133 2896 ήμέρας
1161 2844 1242 2898 τῆς
1267 2845 1340 2886 τοῦ
1366 2842 1509 2897 φωτὸς
1535 2844 1607 2886 καὶ
1632 2841 1796 2897 ήμέρας
1824 2841 2059 2896 αὐξήσεως,

152 2908 248 2967 ἥτις
277 2911 388 2955 ἐστὶν
416 2907 496 2955 ἀπὸ
525 2911 604 2966 τῆς
629 2912 786 2966 τροπῆς
806 2913 885 2965 τῆς
911 2914 1172 2967 χειμερινῆς,
1203 2914 1408 2956 τουτέστιν
1437 2910 1517 2957 ἀπὸ
1545 2915 1626 2967 τῆς
1650 2912 1727 2967 πρὸ
1757 2909 1868 2956 όκτῶ
1898 2914 2061 2956 Καλαν-

154 2983 238 3026 δῶν
265 2978 548 3035 Ἰαννουαρίων
575 2981 630 3036 (in
660 2996 783 3035 marg.
816 2981 965 3036 legitur
987 2983 1067 3035 τῆς
1091 2980 1151 3024 κε’
1180 2984 1252 3025 τοῦ
1278 2983 1555 3040 Δεκεμβρίου)
1584 2983 1665 3032 ἕως
1692 2980 1825 3037 αὐτῆς
1847 2984 1926 3036 τῆς
1948 2998 2060 3037 γενε-

154 3052 269 3095 θλίου
299 3051 371 3094 καὶ
397 3048 653 3106 Ἐπιφανίων
680 3049 870 3105 ἡμέρας,
913 3050 982 3095 διὰ
1010 3050 1078 3095 τὸν
1103 3053 1426 3106 προδηλωθέντα
1454 3052 1576 3096 τόπον
1618 3049 1744 3095 αύτοῦ
1769 3053 1841 3095 τοῦ
1872 3054 2061 3107 σωτῆρος

153 3121 226 3164 καὶ
249 3122 330 3164 τῶν
355 3118 525 3165 δώδεκα
556 3117 687 3164 αὐτοῦ
716 3122 917 3175 μαθητῶν
944 3120 1013 3165 τέν
1040 3122 1371 3174 τριςκαιδέκατον
1398 3120 1575 3177 ἀριθμὸν
1602 3123 1849 3177 πληροῦντα.
1907 3123 1945 3164 Γ
1950 3125 2060 3165 εννᾶ-

151 3207 221 3235 ται
245 3183 316 3235 οὖν
342 3189 366 3235 ό
395 3190 536 3245 σωτὴρ
566 3192 892 3248 τεσσαρακοστῷ
933 3192 1012 3248 (τῷ
1037 3192 1153 3232 deest
1179 3192 1218 3231 in
1251 3192 1365 3242 eod.)
1400 3193 1582 3249 δευτέρῳ
1610 3191 1692 3235 ἔτει
1717 3194 1803 3234 κτλ,
1829 3194 1975 3232 Venet.
2010 3216 2059 3223 -

153 3262 181 3302 l.
206 3262 278 3303 ult.
320 3262 402 3305 τῶν
440 3261 689 3316 Ῥωμαίων,
733 3259 910 3317 ὑπατείᾳ
945 3262 999 3317 τῇ
1028 3262 1404 3317 προγεγραμμένῃ,
1451 3261 1555 3316 μετὰ
1595 3261 1840 3305 εἰκοσιεννέα
1880 3261 1951 3316 ἔτη
1980 3263 2060 3318 τῆς

155 3327 296 3386 Αύγού
302 3346 397 3374 στου
420 3331 526 3386 πρὸς
549 3328 777 3379 Ἰουδαίους
800 3331 1035 3386 συναφείας.
1075 3329 1298 3374 Βασιλεύει
1322 3331 1371 3375 δὲ
1398 3328 1631 3386 Αὔγουστος
1654 3331 1851 3385 δεκατρία
1874 3330 1947 3386 ἔτη
1967 3332 2060 3386 πρὶν

153 3395 187 3456 ἦ
216 3403 318 3444 Ven.

264 3473 396 3529 rag.
422 3473 512 3517 86.
568 3472 654 3513 1.2.
700 3469 903 3516 Ἰουδαίαν
945 3471 1115 3519 τελείως
1152 3472 1414 3525 συναφθῆναι
1452 3468 1679 3525 Ῥωμαίοις
1714 3474 1814 3512 Ven.
1847 3497 1899 3503 —
1969 3473 1997 3513 1.
2019 3473 2058 3516 3.

153 3536 392 3596 Αὔγουστος
417 3541 486 3584 ἐπὶ
507 3542 719 3596 τέτταρσιν
749 3541 879 3584 ἔτεσιν
914 3539 994 3584 ἀπὸ
1023 3542 1101 3596 τῆς
1128 3537 1254 3584 αύτοῦ
1284 3541 1497 3597 βασιλείας
1521 3541 1650 3584 πλείω
1680 3538 1846 3584 ἐλάσσω
1870 3544 1971 3582 Ven.
2007 3567 2058 3574 —-

154 3611 182 3651 1.
207 3611 246 3653 6.
291 3610 362 3654 καὶ
399 3612 505 3666 μέρη
546 3611 685 3667 φόρων
725 3609 952 3665 Ῥωμαίοις
990 3610 1215 3665 τελούμενα
1258 3610 1326 3653 ἐπὶ
1359 3610 1463 3665 (ἔτει
1493 3611 1606 3664 cod.)
1644 3610 1764 3654 πέντε
1793 3610 1903 3654 ἔτεσι
1928 3613 2058 3656 πλείω

154 3679 322 3723 ἐλάσσω
349 3680 429 3730 ἕως
451 3683 522 3725 τοῦ
550 3683 647 3736 (sic)
675 3682 810 3724 τέλεον
836 3680 1051 3735 παρεδόθη
1079 3677 1110 3736 ή
1131 3678 1318 3724 Ἰουδαία
1342 3681 1415 3723 καὶ
1439 3678 1644 3735 ύπόφορος
1669 3681 1784 3735 (hinc
1807 3682 2060 3724 restituenda

155 3750 261 3804 vulg.
293 3750 451 3805 script.)
492 3749 632 3800 αὐτοῖς
668 3751 885 3806 γεγένηται
926 3750 1184 3803 (τελειότατα
1221 3751 1356 3805 deest)
1395 3752 1496 3790 Ven.
1530 3774 1579 3781 —
1637 3752 1663 3791 l.
1684 3751 1722 3793 9.
1754 3752 1894 3792 Scribe
1925 3753 2061 3807 μέντοι

154 3833 217 3873 γε.
250 3843 300 3851 -
357 3820 459 3861 Ibid.
489 3821 755 3877 γεννηθέντος
780 3822 963 3876 Χριστοῦ
992 3823 1095 3863 Ven.
1126 3844 1181 3851 —
1238 3822 1265 3862 l.
1292 3823 1353 3862 10.
1384 3835 1454 3875 τε,
1484 3829 1577 3876 post
1605 3819 1817 3874 ἐλθόντος,
1849 3837 1930 3865 om.
1956 3825 2057 3867 Ven.
