2508 4134
222 1491 332 1548 Κεφ.
353 1488 421 1536 ιδ’.

218 2785 293 2821 pag
329 2774 424 2812 1103.

449 262 549 311 524
1153 268 1356 311 SANGTI
1384 269 1667 311 EPIPHANn

449 370 532 419 καί
571 369 647 420 τοί
681 386 735 436 γε
777 363 845 434 μή
892 367 1079 433 ἔχοντες
1117 366 1240 427 ἔθος
1276 368 1544 437 προχείρως
1577 364 1902 420 ἐπισκώπτειν
1935 364 2098 432 τινάς,
2151 365 2370 438 άνάγκην

451 449 718 520 ἐσχήκαμεν
739 451 982 513 τοιούτοις
1005 448 1186 513 αὕτοῦς
1205 452 1472 505 διαθέσθαι
1492 459 1594 514 τοῖς
1613 451 1844 522 ῥήμασιν·
1881 453 1963 504 ’ἵνα
1984 451 2370 523 ἇποστρέφωμεν

450 534 538 605 τὴν
564 534 790 590 διάνοιάν
817 557 991 600 τινων,
1033 534 1100 603 μή
1132 541 1238 604 3πη
1264 539 1529 605 νομίσωσιν
1553 534 1681 605 ἡμᾶς
1710 535 1793 590 διά
1819 535 1871 589 τό
1908 534 2177 603 4άφανδόν
2200 536 2269 606 μὴ
2294 540 2370 591 δε-

450 622 850 690 δημοσιευκέναι,
905 619 1322 689 άποκαλύψαντας
1358 620 1419 674 τοὶ
1449 619 1563 691 παρ’
1595 621 1764 683 αὐτοῖς
1797 619 2028 691 λεγόμενα
2055 619 2090 690 ἢ
2124 620 2369 693 γινόμενα,

451 709 598 778 μέρος
642 709 764 775 ἔχειν
803 710 1027 769 διανοίας
1054 707 1530 776 συγκατατιθεμένης
1559 711 1617 779 τῇ
1645 705 1754 773 παρ’
1798 702 1978 780 ἑκάστῃ
2013 712 2111 760 τῶν
2140 708 2372 778 αἱρέσεων

449 796 732 865 κακοδοξίᾳ.
810 795 1094 860 Πεποίημαι
1128 792 1286 845 δὲκαὶ
1315 795 1582 862 προοίμιον
1608 793 1659 843 έν
1687 791 1832 862 ὀλίγῳ
1865 792 1934 852 εἰς
1968 788 2059 859 τὴν
2093 788 2249 863 ἀρχὴν
2281 797 2371 846 τοῦ

450 878 807 948 συντάγματος,
845 879 958 948 περὶ
984 877 1174 931 τούτων
1200 875 1363 930 αὐτῶν
1393 882 1416 912 5
1432 875 1938 945 προςασφαλιζόμενος
1965 877 2052 929 καὶ
2080 877 2373 948 συγγνώμην

456 966 668 1028 θαίτῶν,
719 965 802 1016 ἵνα
830 962 898 1031 μή
926 984 999 1024 τις
1030 959 1252 1030 ῒάηδίαν
1274 959 1383 1015 τινά
1412 963 1482 1023 εἰς
1505 959 1636 1032 ἡμᾶς
1664 959 1921 1035 ένσκήψη,
1971 958 2038 1024 aig
2065 959 2373 1031 ἡττωμένους

447 1051 679 1117 νομίζων,
729 1050 811 1102 καὶ
841 1050 921 1101 ἐπὶ
957 1046 1012 1101 τό
1043 1046 1282 1101 σκώπτειν
1309 1044 1574 1116 ὁρμῶντας.
1640 1045 1924 1114 Ἐδείξαμεν
1949 1046 2001 1099 δὲ
2027 1048 2080 1100 έν
2106 1052 2174 1120 τῷ
2204 1068 2373 1119 προοι-

449 1138 543 1207 μίῳ
569 1135 653 1187 καὶ
679 1135 791 1203 περὶ
826 1136 984 1187 ποίων
1023 1133 1279 1200 ἐμέλλομεν
1306 1132 1459 1201 λέγειν
1500 1132 1754 1202 αἱρέσεων,
1802 1133 1872 1193 εἰς
1898 1129 2059 1194 πόσας
2092 1153 2144 1185 τε
2171 1135 2375 1201 βίβλους

451 1223 689 1286 διείλομεν
719 1217 810 1287 τὴν
848 1224 1008 1272 πᾶσαν
1050 1219 1408 1287 πραγματείαν,
1461 1218 1514 1270 έν
1537 1215 1725 1290 ἑκάστῳ
1768 1217 1821 1270 δὲ
1851 1219 2022 1291 βιβλίῳ
2049 1218 2162 1288 περὶ
2187 1217 2374 1284 πόσων,

450 1307 535 1358 καὶ
564 1309 723 1359 ποίων
750 1303 1045 1376 εἰρήκαμεν,
1096 1300 1164 1365 ώς
1193 1304 1278 1356 καὶ
1306 1304 1528 1356 ἐνταῦθα
1564 1300 1711 1355 πάλιν
1748 1300 2168 1371 έπιμνημονεύσας
2193 1301 2377 1373 ὁμοίως

446 1389 795 1458 ὖποδείκνυμι,
835 1392 905 1452 εἰς
942 1387 1180 1456 ώφέλειαν
1215 1386 1528 1456 πανταχόθεν
1565 1392 1663 1440 τῶν
1701 1387 2108 1459 ἐντυγχανόντων.

595 1480 695 1529 Καί
734 1478 823 1529 εἶσι
858 1476 947 1543 μὲν
987 1477 1150 1543 βιβλία
1177 1476 1310 1544 τρία,
1363 1473 1508 1541 τόμοι
1534 1471 1671 1526 ἓπτά.
1746 1475 1847 1527 Καὶ
1887 1476 1939 1528 έν
1963 1473 2061 1544 μὴν
2085 1480 2153 1548 τῷ
2195 1473 2374 1548 πρώτῳ

448 1566 620 1636 βιβλίῳ
647 1563 855 1632 αἱρέσεις
878 1560 975 1629 ·μς’,
1013 1558 1137 1613 κατά
1166 1556 1386 1630 άριθμόν
1411 1556 1669 1627 ὀνομάτων
1698 1561 1991 1629 ἐγκείμεναι,
2028 1561 2115 1614 καὶ
2137 1557 2262 1614 κατὰ
2283 1549 2377 1631 εἱρ-

449 1647 544 1717 μὸν
571 1647 795 1718 πρώτης,
833 1648 919 1700 καὶ
945 1646 1191 1716 δευτέρας,
1230 1646 1322 1707 ἕως
1348 1650 1436 1713 τῆς
1464 1648 1736 1707 τελευταίας
1766 1647 2008 1714 τυχούσης
2033 1649 2207 1715 βίβλου
2230 1647 2378 1716 ἐγκει-

447 1735 621 1802 μένης,
670 1732 746 1787 ὅτι
772 1730 804 1801 ἦ
834 1733 922 1801 μὲν
959 1729 1128 1802 πρώτη
1170 1733 1337 1798 βίβλος
1375 1732 1470 1799 ἔχει
1511 1731 1718 1800 αἱρέσεις
1760 1730 1836 1798 μς’
1883 1732 1936 1785 ἐν
1951 1733 2123 1799 τόμοις
2153 1732 2306 1801 τρισὶ,
2342 1727 2377 1800 ἦ

448 1820 502 1873 δὲ
525 1820 724 1890 δευτέρα
754 1822 924 1887 βίβλος
953 1818 1159 1887 αἱρέσεις
1181 1815 1254 1886 κγ’
1281 1818 1334 1870 έν
1356 1815 1526 1884 τόμοις
1554 1817 1712 1880 δυσὶν,
1750 1813 1785 1884 ἦ
1809 1816 1862 1869 δὲ
1889 1820 2024 1887 τρίτη
2053 1820 2222 1886 βίβλος
2249 1817 2376 1888 αἱρέ-

449 1924 546 1967 σεις
572 1903 636 1959 ια’
678 1906 729 1958 έν
766 1904 938 1972 τόμοις
973 1905 1126 1956 δυσίν.
1204 1900 1399 1964 Πάντες
1430 1904 1598 1955 τοίνυν
1637 1903 1689 1955 οἱ
1721 1907 1790 1974 τῷ
1824 1899 2070 1970 πονήματι
2093 1899 2233 1970 ἡμῶν
2256 1918 2375 1970 συμ-

447 1997 713 2053 πονοῦντες
739 1992 825 2044 καὶ
849 1987 1191 2056 σπουδάσματι
1221 1987 1522 2058 ἐντυγχάνειν
1559 1992 2026 2058 μακροθυμοῦντες,
2078 1986 2376 2058 διερχόμενοί

447 2098 513 2142 τε,
550 2076 919 2147 παρακλήθητε,
956 2076 1040 2128 καὶ
1066 2072 1309 2141 άξιώθητε
1330 2071 1419 2140 τήν
1441 2071 1681 2138 ὠφέλειαν
1709 2074 2036 2143 έπικερδῆσαι,
2074 2070 2134 2126 τοὶ
2163 2073 2217 2126 δὲ
2243 2068 2374 2142 οἷηδῆ

446 2169 545 2217 τῶν
572 2164 806 2233 αἱρέσεων
847 2158 946 2214 ἀπὸ
986 2166 1076 2213 τοῦ
1117 2157 1238 2221 νοός
1276 2156 1569 2228 άποτρέψαι.
1649 2155 1723 2210 Οὕ
1750 2156 1843 2228 γάρ
1881 2159 1949 2220 εἰς
1976 2155 2166 2226 βλάβην
2192 2157 2375 2213 ἀπεκα-

447 2247 698 2317 λύψαμεν,
737 2244 832 2300 ἀλλ’
859 2249 929 2309 εἰς
959 2243 1197 2312 ω’φέλειαν
1225 2245 1309 2297 καὶ
1337 2241 1677 2313 παρατήρησιν
1702 2248 1791 2296 τοῦ
1821 2241 1888 2311 μὴ
1917 2245 2143 2311 ἐμπεσεῖν
2167 2246 2236 2308 εἰς
2262 2246 2377 2299 ἐπα-

444 2332 609 2405 γωγὴν
635 2339 732 2386 τῶν
771 2332 1152 2402 προειρημένων.
1227 2327 1521 2389 Διελθόντες
1552 2327 1605 2381 δὲ
1634 2327 1720 2381 τόν
1750 2327 1912 2381 πάντα
1946 2327 2195 2397 κάματον,
2232 2328 2267 2398 ἢ
2291 2331 2376 2383 καὶ

447 2422 596 2489 μέρη,
646 2416 770 2488 ὑπὲρ
809 2415 952 2485 ἡμῶν
981 2414 1192 2479 εὔξασθε
1232 2415 1316 2467 καὶ
1351 2412 1701 2478 καταξιώσατε,
1752 2415 1833 2466 ’ἵνα
1871 2411 1899 2467 ὁ
1926 2412 2050 2476 θεὸς
2083 2413 2187 2489 δῳή
2230 2416 2377 2484 μέρος

447 2502 567 2572 ἡμῖν
595 2506 648 2557 έν
671 2509 731 2577 τῇ
754 2500 867 2575 άγίᾳ
892 2503 976 2555 καὶ
1001 2500 1134 2574 μόνῃ
1165 2505 1408 2572 καθολικῇ
1436 2500 1520 2551 καὶ
1547 2498 1848 2574 ἆποστολικῇ
1872 2501 2117 2573 ἐκκλησίᾳ,
2153 2501 2235 2554 καὶ
2262 2497 2375 2568 άλη-

445 2596 583 2664 θινῇ,
622 2590 702 2642 καὶ
733 2593 927 2661 ζωτικῇ,
965 2588 1050 2639 καὶ
1071 2583 1384 2655 σωτηριώδει,
1424 2585 1506 2637 καὶ
1536 2582 1745 2654 ῥύσηται
1768 2583 1899 2654 ἡμᾶς
1927 2583 2025 2639 άπὸ
2055 2583 2219 2653 πάσης
2246 2587 2377 2656 αἱρέ-

448 2695 588 2737 σεως·
627 2676 712 2727 καὶ
742 2676 876 2738 εἴτι,
917 2671 983 2734 ὥς
1012 2670 1273 2740 ἅνθρωποι
1301 2668 1369 2737 μὴ
1399 2668 1666 2738 δυνάμενοι
1695 2672 1778 2723 ἐπὶ
1806 2670 1861 2724 τό
1890 2673 2044 2741 πέρας
2082 2676 2101 2708 ¹
2120 2668 2375 2725 ἀποτεινό-

448 2782 587 2830 μενοι
610 2749 700 2828 τῆς
726 2755 1073 2826 α’καταλήπτου
1111 2758 1195 2809 καὶ
1233 2752 1589 2824 άνεκδιηγήτου
1616 2754 1882 2824 θεότητος,
1935 2754 2033 2809 ἀλλ’
2059 2754 2126 2818 ώς
2149 2773 2375 2825 στενοχω-

448 2844 678 2918 ρούμενοι
699 2847 767 2908 εἷς
789 2845 1056 2914 ἀπολογίαν
1074 2840 1197 2912 ὑπὲρ
1221 2846 1345 2894 θεοῦ
1366 2840 1699 2911 διηγήσασθαι
1721 2841 2054 2913 ἀνθρωπίνως
2075 2839 2373 2911 ἠναγκασμέ-

451 2955 527 2986 νοι
554 2930 704 3004 τόλμῃ
730 2930 1026 2999 ἠνέχθημεν,
1065 2932 1530 2999 συγγνωμονοῢντος
1554 2932 1645 2980 τοῦ
1669 2933 1796 2981 θεοῦ
1818 2929 1902 2981 καὶ
1929 2924 2069 2995 ὑμεῖς
2091 2923 2231 2979 αὐτοὶ
2260 2944 2372 2996 συγ-

446 3018 806 3089 γνωμονήσατε.
884 3016 986 3067 Καὶ
1026 3013 1172 3067 πάλιν
1214 3010 1564 3082 ὖπερεύχεσθε,
1603 3015 1687 3065 ἵνα
1717 3010 1746 3066 ό
1778 3011 1951 3082 κύριος
1986 3011 2050 3080 ἣν
2081 3010 2374 3085 ᾐτησάμεθα

448 3107 621 3174 μερίδα
648 3101 766 3172 ἡμῖν
792 3102 897 3174 δῳή
929 3103 980 3154 έν
1006 3106 1066 3174 τῇ
1089 3097 1206 3172 ἆγίᾳ
1238 3095 1390 3151 αὐτοῦ
1422 3100 1600 3164 πίστει,
1640 3099 1723 3151 καὶ
1751 3097 1878 3171 μόνῃ
1909 3095 2252 3170 άπηλλαγμένῃ
2277 3094 2372 3150 πά-

448 3207 535 3257 σης
563 3187 913 3256 ἐναντιότητος,
952 3187 1034 3239 καὶ
1059 3191 1157 3238 τῶν
1181 3186 1320 3237 ἰδίων
1344 3179 1722 3253 ἁμαρτημάτων,
1762 3188 1949 3237 πολλῶν
1978 3181 2148 3248 ὅντων,
2187 3180 2372 3253 συγχώ-

503 3306 541 3348 3.
575 3308 696 3357 Vulgo
725 3304 800 3360 πῇ.
1436 3298 1580 3354 iusque
1609 3298 1789 3340 haeresis
1820 3297 2017 3352 opinioni.

503 3360 541 3403 4.
574 3359 810 3416 ἀναφανδὸν
836 3361 996 3401 coniecit
1022 3361 1216 3400 Petavius.
1247 3351 1379 3411 οἶφαν-
1495 3358 1533 3397 5.
1566 3359 1718 3408 Repone
1747 3351 2173 3409 προασφαλιζόμενος.

446 3418 518 3464 δᾶν
545 3422 708 3470 vulyata
745 3423 799 3458 est
835 3420 1056 3467 scriptura,
1101 3427 1220 3466 quam
1256 3418 1381 3454 tuetur
1493 3413 1532 3455 6.
1564 3410 1701 3456 αὐτῶν
1729 3414 1818 3454 edit.
1847 3415 1981 3453 Petav.
2017 3413 2147 3452 Golon.
2176 3416 2290 3462 repet.

446 3479 556 3517 codd.
577 3488 667 3516 mss.
695 3480 849 3525 uterque
874 3476 943 3514 hoc
966 3474 1188 3513 discrimine
1213 3472 1316 3522 quod
1339 3472 1380 3509 in
1492 3468 1531 3512 7.
1591 3466 1744 3524 ἀηδίαν
1799 3471 2032 3519 scripturam
2101 3470 2374 3519 suppeditabat

446 3535 529 3573 cod.
554 3535 628 3574 len.
646 3533 835 3572 litterae&
852 3530 1013 3584 (media)
1034 3529 1380 3570 ειδυοοαῡιιιίνα-
1436 3539 1574 3578 maryo
1600 3527 1812 3568 schottiam·
1849 3527 1916 3576 qui
1951 3536 2065 3575 penes
2103 3537 2164 3565 me
2191 3529 2246 3566 est
2269 3527 2372 3566 libri.

447 3602 562 3629 surae
583 3594 672 3629 sunt
696 3590 971 3638 superpositae.
1033 3587 1246 3626 Gornarius
1269 3585 1379 3624 vertit
1438 3581 1603 3626 ἀδικίαν
1643 3584 1861 3632 suspicatus
1895 3585 1949 3621 est
1981 3584 2178 3622 Petavius.
2250 3577 2370 3625 οἷδίαν

448 3650 545 3685 recte
561 3659 609 3684 ex
625 3659 691 3693 eo,
722 3644 756 3683 si
774 3642 1079 3697 displicentiam
1095 3649 1280 3681 nostram
1295 3653 1380 3679 non
1441 3642 1552 3680 codd.
1580 3651 1670 3679 mss.
1697 3642 1730 3677 et
1758 3639 1861 3678 editi.
2375 3669 2382 3676 .

450 3700 792 3753 publicassemus,
834 3700 876 3739 in
919 3697 1145 3739 revelando
1189 3711 1237 3737 ea
1279 3709 1383 3750 quae
1500 3695 1734 3735 Camxlx.
1769 3716 1822 3723 —
1883 3694 1918 3735 1.
1948 3689 2258 3751 οἷποτεινάμενοι
2283 3696 2367 3737 cod.

452 3755 503 3795 ab
532 3756 629 3809 ipsis
656 3757 848 3796 dicuntur
873 3764 944 3796 aut
966 3755 1094 3804 fiunt,
1127 3762 1287 3808 partem
1312 3752 1386 3792 ha·
1443 3754 1606 3804 Rhediy.
1635 3763 1661 3791 α
1688 3763 1741 3791 m.
1769 3762 1840 3792 sec.

451 3812 548 3854 bere
562 3813 710 3854 mentis
727 3811 984 3854 essentientis
1012 3825 1160 3869 pravae
1178 3808 1294 3850 unius
1312 3822 1387 3848 cu·-
