2508 4134
513 303 738 345 PANARn
766 303 870 343 Lm.
890 303 962 342 ni.
994 303 1127 343 ΤοΜ.
1160 304 1209 342 u.
1243 302 1662 343 HAER.LXXV111.
1928 290 2024 339 421

137 404 434 472 Quamquam
461 402 500 453 si
527 418 702 471 corpus
732 401 1041 462 considereS,
1097 399 1286 450 ioannis
1316 408 1469 450 mater
1496 417 1589 450 non
1624 407 1756 461 erat,
1811 398 1895 450 sed
1925 415 2029 449 eam

137 489 283 558 ipsam
316 485 607 554 virginitatis
637 502 746 536 esse
784 483 1045 553 principem
1078 482 1349 550 significare
1380 482 1558 546 voluit,
1614 482 1837 550 quoniam
1863 481 1922 533 ab
1950 481 2032 533 itta

131 573 229 624 vita
273 570 529 640 processit.
624 570 699 620 Ad
742 569 858 619 haec
906 569 1161 630 loannem,
1216 566 1330 617 licet
1365 566 1550 616 alienus
1589 583 1644 616 ac
1688 566 1882 616 minime
1920 583 2032 634 pro-

133 657 334 726 pinquus
361 663 521 716 esset,
578 653 738 703 verbis
765 639 857 703 iilis
884 651 1057 702 affatus
1090 658 1192 714 est,
1244 648 1311 700 uti
1342 658 1541 700 matrem
1570 649 1894 699 honorandam
1921 666 2030 701 esse

131 747 437 791 monstraret.
515 734 760 805 Siquidem
788 752 852 786 ex
879 735 954 785 itta
984 734 1232 797 dominuS,
1275 733 1399 800 quod
1427 733 1482 783 ad
1515 750 1689 801 corpus
1716 733 1913 797 attinet,
1955 750 2033 783 re-

131 841 247 875 vera
275 831 414 886 natus
445 830 546 885 est,
601 837 662 871 ne
695 820 800 888 quis
835 821 1043 870 fortasse
1071 826 1222 868 totum
1253 816 1602 867 incarnationis
1630 817 1870 883 negotium
1901 825 2034 885 putet

129 915 333 958 externa
368 906 559 974 specie,
617 922 710 955 non
754 903 956 954 veritate
997 910 1241 953 constare.
1318 899 1567 951 Nammisi
1597 917 1712 951 vere
1743 908 1896 951 mater
1928 900 2031 951 eius

131 990 403 1053 extitisset,
446 1006 471 1040 a
502 1006 593 1057 qua
622 1005 812 1039 carnem
842 994 1125 1055 acceperat,
1181 1001 1398 1053 quaeque
1423 984 1577 1053 ipsum
1608 992 1893 1053 pepererat,
1935 1001 2031 1035 nou

130 1083 306 1126 tantam
351 1074 393 1123 ei
436 1090 598 1123 curam
640 1072 918 1134 adhiberet,
971 1078 1024 1122 ut
1054 1078 1331 1139 perpetuam
1369 1068 1608 1136 virginem
1651 1069 2029 1132 commendaret,

130 1176 249 1227 quae
278 1167 327 1208 et
355 1166 509 1208 mater
536 1157 596 1207 ob
624 1164 896 1224 susceptum
927 1171 990 1205 ex
1019 1155 1119 1222 ipsa
1151 1170 1326 1222 corpus
1368 1153 1570 1217 fuisset,
1627 1161 1674 1202 et
1702 1151 1762 1201 ob
1786 1151 1911 1201 iltius
1947 1150 2031 1201 ho-

132 1260 296 1293 norem
336 1250 477 1309 atque
515 1239 793 1290 admirabile
831 1238 1048 1307 corporis
1088 1238 1159 1288 sui
1201 1255 1285 1289 vas
1327 1237 1503 1288 nullam
1543 1235 1694 1286 labem
1733 1237 2024 1287 admisisset.

132 1323 231 1378 Sed
261 1326 414 1395 pergit
444 1325 744 1392 evangelium
776 1332 851 1386 et,
893 1327 971 1372 Ex
1003 1325 1115 1382 illa,
1172 1321 1321 1390 inquit
1339 1360 1351 1384 ,
1408 1324 1481 1370 dz’e
1507 1324 1687 1386 accepit
1707 1339 1803 1370 eam
1832 1324 2033 1385 descipu-

130 1414 203 1460 las
238 1414 301 1460 ad
322 1429 436 1460 sese.
516 1409 663 1477 Atqui
701 1408 739 1459 si
770 1416 817 1458 et
844 1407 996 1457 virum
1030 1406 1258 1470 haberet,
1305 1414 1353 1456 et
1387 1406 1575 1455 domum
1597 1443 1610 1468 ,
1652 1413 1701 1456 et
1726 1404 1933 1467 liberos,
1975 1404 2033 1454 ad

129 1511 214 1545 sua
254 1494 410 1563 potius
449 1511 587 1562 quam
630 1493 685 1543 ad
726 1492 932 1542 alienum
972 1507 1081 1541 sese
1121 1491 1384 1540 conferret.

271 1576 460 1629 Vereor
487 1594 547 1628 ne
581 1577 669 1627 boc
710 1576 862 1644 ipsum
902 1576 1025 1643 quod
1055 1573 1256 1624 dicimus
1289 1573 1442 1624 fraudi
1477 1572 1541 1624 sit
1572 1573 1839 1641 aliquibuS,
1895 1581 1947 1623 ut
1977 1573 2033 1624 ad
2068 1574 2259 1629 Cap.X1.

130 1662 500 1713 contubernales
539 1678 595 1711 ac
624 1660 847 1724 dilcctaS,
901 1676 1019 1727 quas
1061 1667 1264 1722 vocant,
1319 1658 1520 1709 feminas
1554 1657 1858 1722 retinendas,
1911 1658 2035 1725 quod

127 1764 280 1815 genus
312 1747 519 1814 pessimo
552 1744 642 1795 sibi
671 1743 816 1795 animi
846 1760 1014 1794 errore
1040 1742 1297 1795 machinati
1324 1750 1462 1805 sunt,
1506 1743 1663 1793 fucum
1691 1742 1802 1792 inde
1829 1742 2036 1809 aliquem

129 1839 184 1881 et*
203 1831 412 1881 colorem
456 1829 724 1880 arcessisse
767 1827 1040 1878 videantur.
1116 1825 1301 1877 'Verum
1338 1826 1433 1877 illic
1463 1835 1597 1877 certa
1635 1826 1835 1893 quadam
1876 1826 2037 1894 provi-

130 1914 319 1965 dentiae
349 1914 535 1965 ratione
566 1912 896 1963 administrata
923 1921 1035 1962 sunt
1068 1911 1256 1974 omnia,
1314 1910 1379 1961 ita
1410 1918 1462 1960 ut
1488 1918 1639 1960 totum
1671 1910 1759 1960 hoc
1790 1910 2036 1978 negotium

129 2000 188 2051 ab
213 1999 415 2050 aliorum
448 1997 690 2061 omnium,
731 2014 853 2064 quae
889 2014 950 2047 ex
984 1994 1059 2047 dei
1089 1996 1311 2046 mandato
1344 1995 1629 2063 praestanda
1660 2003 1801 2056 suut,
1858 1994 2036 2044 officio-

128 2078 233 2135 rum
259 2083 366 2151 lege
400 2091 529 2133 esset
557 2099 613 2132 ac
639 2080 930 2132 necessitate
973 2080 1259 2131 seiunctum.
1337 2077 1601 2129 Praeterea
1643 2088 1953 2147 posteaquam
1980 2078 2037 2128 il-
2105 2106 2108 2109 Δ

128 2168 207 2224 lud
236 2169 302 2219 ita
328 2177 512 2236 gestum
539 2176 633 2230 est,
675 2174 721 2216 et
751 2165 808 2216 ad
837 2181 946 2216 sese
974 2165 1099 2215 illam
1128 2163 1330 2232 accepit,
1374 2181 1467 2213 uon
1500 2163 1701 2232 amplius
1732 2165 1852 2231 apud
1882 2163 2036 2231 ipsum

131 2252 410 2323 permansit.
489 2249 629 2318 Quod
667 2249 706 2300 si
745 2249 863 2300 falso
896 2249 1065 2299 iactari
1098 2248 1329 2316 quispiam
1365 2265 1391 2297 a
1422 2247 1559 2298 nobis
1590 2247 1867 2308 existimet,
1924 2247 2038 2296 licet

131 2354 374 2390 sacrarum
404 2336 646 2387 literarum
680 2334 885 2401 vestigia
920 2333 1222 2396 consectari,
1262 2331 1311 2382 in
1344 2332 1512 2400 quibus
1547 2332 1723 2382 nullam
1756 2331 1813 2380 de
1848 2329 2037 2381 Mariae

134 2422 263 2474 obitu
291 2420 582 2471 mentionem
613 2418 854 2486 reperiet,
897 2426 1081 2468 mortua
1109 2417 1201 2479 sit,
1242 2433 1399 2466 necne
1419 2456 1431 2480 ,
1487 2416 1672 2484 sepulta
1693 2455 1705 2479 ,
1745 2433 1802 2465 an
1835 2432 1930 2465 non
1961 2431 2038 2464 se-

134 2506 262 2574 pulta
294 2505 454 2555 suerit.
534 2502 607 2553 Ac
635 2520 739 2553 cum
780 2500 988 2553 loannes
1014 2501 1204 2551 interim
1234 2501 1282 2550 in
1319 2500 1483 2551 Asiam
1515 2500 1759 2568 profectus
1793 2499 1882 2563 sit,
1925 2516 2039 2550 nus-

134 2607 271 2658 quam
304 2598 461 2639 tamen
492 2588 540 2639 b.
574 2587 806 2653 virginem
851 2586 1038 2636 itineris
1072 2584 1293 2636 comitem
1341 2602 1503 2634 secum
1548 2584 1676 2634 illum
1713 2584 1937 2635 habuisse
1976 2584 2040 2634 si-

133 2674 356 2743 gnificat,
397 2673 480 2723 sed
509 2672 567 2722 de
595 2688 650 2721 ea
682 2687 732 2720 re
768 2671 955 2738 penitus
984 2669 1222 2739 scriptura
1254 2669 1587 2733 conticescit„
1614 2668 1657 2718 id
1688 2669 1809 2735 quod
1846 2676 2041 2737 propter

134 2757 463 2809 admirationis
497 2755 843 2806 vehementiam
878 2756 1052 2804 factum
1083 2754 1320 2816 arbitror,
1364 2770 1422 2803 ne
1448 2754 1689 2804 hominum
1723 2753 1909 2804 animos
1942 2770 2039 2802 ma-

135 2844 284 2894 iorem
315 2842 548 2910 quendam
581 2840 626 2889 in
656 2847 898 2907 stuporem
930 2838 1211 2889 coniiceret.
1289 2836 1397 2905 Ego
1426 2837 1552 2888 enim
1584 2837 1896 2907 pronuntiare
1924 2836 2039 2886 ittud

136 2944 344 2989 vereor,
401 2934 449 2975 et
479 2923 623 2974 tacita
668 2924 787 2991 apud
831 2939 903 2972 me
942 2922 1235 2989 cogitatione
1278 2931 1506 2990 reputans
1547 2923 1659 2972 mihi
1696 2921 1935 2972 silentium
1968 2919 2039 2969 in-

136 3012 261 3062 dico.
340 3008 528 3078 Quippe
555 3008 676 3058 haud
707 3006 808 3056 scio
835 3024 892 3056 an
927 3006 983 3055 de
1016 3005 1320 3058 sanctissima
1351 3006 1429 3056 itta
1460 3023 1516 3056 ac
1546 3006 1825 3057 beatissima
1850 3004 2039 3071 virgine

137 3096 342 3147 obscura
371 3093 600 3162 quaedam
634 3091 842 3141 inveniri
885 3090 1087 3157 vestigia
1128 3090 1346 3158 possint,
1402 3108 1520 3158 quae
1551 3091 1781 3141 incertam
1814 3088 1953 3139 nobis
1985 3087 2040 3137 il-

135 3181 226 3231 lius
259 3179 425 3229 mortis
467 3179 605 3228 fidem
646 3176 842 3226 faciant.
919 3172 1044 3224 Nam
1080 3190 1144 3224 ex
1173 3191 1263 3224 una
1302 3182 1435 3242 parte
1468 3175 1581 3224 ittud
1621 3173 1857 3235 occurrit,
1915 3171 2038 3239 quod

137 3265 194 3314 de
223 3263 302 3314 illa
336 3263 639 3330 pronuntiat:
697 3264 763 3309 Et
791 3270 913 3308 tuam
946 3262 1090 3323 ipsius
1120 3262 1315 3307 animam
1340 3261 1564 3323 pervadet
1598 3261 1818 3322 gladius,
1877 3266 1929 3305 ut
1963 3274 2036 3304 re-
2058 3268 2146 3304 Luc.
2162 3269 2195 3313 2,
2217 3269 2271 3305 35.

137 3358 355 3413 tegantur
390 3366 449 3396 ex
477 3350 723 3396 multorum
756 3345 971 3393 cordibus
1000 3346 1319 3406 cogitationes.
1379 3342 1587 3392 Aliunde
1616 3359 1732 3394 vero
1763 3342 1809 3390 in
1841 3339 2034 3408 Apoca-
2048 3354 2295 3399 Apoc.12‚13.

138 3432 259 3501 lypsi
290 3429 488 3481 loannis
517 3430 748 3497 legimus,
789 3432 1045 3477 Draconem
1078 3430 1298 3475 adversas
1322 3429 1555 3475 mulierem
1577 3444 1882 3490 properasse,
1926 3443 2042 3490 qnae

140 3534 310 3565 marem
336 3525 607 3581 pepererat,
663 3524 708 3562 ct
733 3517 866 3562 datas
894 3516 940 3561 ei
966 3530 1063 3560 esse
1092 3529 1270 3576 pennas
1298 3514 1508 3575 aquilae,
1568 3522 1616 3558 et
1643 3513 1915 3558 translatam
1943 3528 2042 3559 esse

141 3605 186 3649 in
208 3605 461 3658 desertum,
503 3617 560 3648 ne
581 3616 678 3647 eam
705 3601 846 3647 draco
870 3599 1286 3661 comprehenderet.
1367 3592 1507 3661 Quod
1537 3594 1724 3661 quidem
1754 3593 1801 3643 in
1825 3594 1904 3644 itta
1930 3611 2040 3644 esse

139 3692 297 3751 potest
320 3684 582 3751 impletum.
661 3679 962 3750 Quamquam
995 3681 1108 3731 illud
1158 3697 1253 3730 non
1288 3678 1468 3730 affirmo
1500 3678 1716 3747 penitus,
1774 3696 1928 3747 neque
1957 3687 2040 3731 aut

195 3796 233 3839 5.
263 3788 311 3841 ἂν
341 3797 466 3843 omiss.
498 3797 539 3838 in
568 3798 656 3836 edit.
688 3798 820 3837 Petav.
