2508 4134
537 267 759 308 ΡΑΝΑΒΠ
788 267 888 308 Lis.
914 269 985 308 111.
1014 268 1148 310 ΤοΜ.
1172 270 1200 309 i.
1231 268 1391 310 HAER.
1416 268 1614 308 Lxxni.
1926 256 2018 307 121

120 374 390 437 potentem,
443 365 673 416 faetorem
715 364 836 416 coeli
875 373 923 415 et
965 373 1151 427 terrae,
1205 366 1559 434 visibiliumque
1605 374 1652 416 et
1689 363 2021 418 invisibilium.

121 448 377 503 Credimus
409 449 550 501 etiam
579 448 626 499 in
655 448 897 499 dominum
925 456 1140 499 nostrum
1179 447 1336 500 lesum
1372 447 1616 501 Christum
1652 449 1797 501 filium
1832 448 1938 513 dei,
1979 458 2030 501 et

121 536 179 587 ab
211 536 316 604 ipso
356 534 571 602 genitum
615 533 735 584 eitra
773 533 1046 602 passionem
1086 533 1225 601 ullam
1263 541 1374 584 ante
1414 534 1572 584 omnia
1612 534 1834 598 saecula,
1888 534 2028 586 deum

119 619 349 683 verbum,
390 619 527 669 deum
559 618 616 669 de
648 618 765 681 deo,
809 617 1136 684 unigenitum,
1177 617 1364 681 lucem,
1404 617 1583 680 vitam,
1626 619 1910 682 veritatem,
1950 636 2030 669 sa-

119 704 376 773 pientiam,
431 702 689 765 virtutem‚
744 719 831 771 per
863 720 1001 770 quem
1044 701 1203 752 omnia
1249 702 1374 753 faeta
1414 710 1526 752 sunt
1563 720 1684 769 quae
1723 702 1769 753 in
1799 702 1950 754 coelis
1981 712 2031 754 et

118 788 166 839 in
197 797 325 838 terra
352 795 493 848 sunt,
534 786 639 837 sive
670 785 903 848 visibilia,
953 786 1058 837 sive
1082 782 1358 836 invisibilia.
1437 783 1578 835 Hune
1609 786 1760 854 ipsum
1791 788 2028 838 credimus

116 872 165 923 in
198 873 295 922 fine
326 871 627 923 saeculorum
666 871 721 920 ad
754 871 1129 939 extinguendum
1162 878 1409 939 peceatum
1451 887 1644 920 earnem
1676 887 1701 919 e
1730 881 1894 921 saneta
1931 871 2028 922 vir·

118 956 231 1024 gine
259 955 553 1024 sumpsisse,
594 955 931 1023 hominemque
966 956 1168 1017 faetum,
1221 972 1412 1023 passum
1441 954 1552 1005 item
1585 972 1670 1023 pro
1702 955 1910 1024 peccatis
1944 974 2030 1007 no-

119 1039 264 1102 striS‚
319 1039 689 1104 resurrexisse,
748 1048 797 1089 et
833 1039 881 1089 in
923 1039 1109 1090 eoelum
1157 1039 1441 1090 subveetum
1483 1039 1655 1089 sedere
1694 1038 1751 1088 ad
1781 1039 2028 1091 dexteram

119 1123 294 1193 patriS‚
351 1133 399 1174 et
431 1124 603 1175 iterum
640 1132 894 1174 venturum
934 1142 1039 1174 eum
1083 1123 1236 1191 gloria
1277 1123 1490 1174 iudicare
1530 1123 1671 1174 vivos
1710 1131 1757 1172 et
1792 1132 2026 1175 mortuos.

120 1204 376 1259 Credimus
417 1217 467 1259 et
497 1209 544 1259 in
574 1226 720 1259 unum
752 1217 970 1259 sanetum
1010 1208 1259 1278 spiritum,
1312 1225 1451 1277 quem
1486 1208 1701 1258 salvator
1731 1216 1779 1258 et
1810 1207 2029 1259 dominus

121 1300 289 1343 noster
320 1294 454 1344 Iesus
487 1290 712 1345 Christus
753 1290 1058 1344 Paracletum
1099 1293 1319 1357 vocavit,
1374 1293 1675 1360 eundemque
1714 1299 1819 1359 post
1849 1292 2031 1343 dise-es·

116 1392 221 1428 sum
258 1395 394 1428 suum
434 1378 691 1428 missurum
723 1394 777 1427 se
808 1379 1039 1447 apostolis
1074 1378 1309 1447 promisit.
1388 1376 1544 1445 Quem
1586 1385 1635 1427 et
1664 1393 1835 1427 revera
1879 1376 2028 1440 misit,

119 1469 167 1511 et
198 1477 283 1529 per
308 1479 414 1512 eum
448 1462 619 1513 fideles
647 1461 695 1511 in
725 1463 929 1514 eeclesia
967 1463 1266 1525 sanctificat,
1322 1462 1398 1530 qui
1429 1461 1736 1530 baptizantur
1762 1461 1808 1511 in
1839 1461 2032 1512 nomine

119 1545 268 1614 patris
301 1554 347 1595 et
375 1546 460 1596 filii
493 1555 540 1596 et
564 1545 761 1615 spiritus
787 1547 960 1597 saneti.
1040 1545 1342 1616 Quicumque
1374 1564 1493 1597 vero
1519 1555 1712 1613 praeter
1738 1546 1859 1596 hane
1888 1546 2030 1595 fidem

119 1629 246 1680 alind
277 1623 496 1696 quiddam
530 1630 836 1698 praedicant,
893 1631 1079 1682 alienos
1110 1632 1244 1683 novit
1282 1632 1488 1683 eeclesia
1519 1631 1772 1682 catholiea.
1851 1628 2033 1698 Quem-

123 1716 377 1767 admodum
405 1732 522 1766 vero
553 1732 657 1765 eum
691 1715 780 1765 hae
806 1716 917 1766 fidei
950 1716 1150 1767 formula
1181 1725 1507 1767 consentanea
1547 1716 1610 1766 sit
1636 1733 1691 1766 ea
1718 1733 1837 1783 quae
1868 1714 2035 1767 Sirmii

119 1817 275 1869 nuper
312 1799 534 1869 exposita
582 1807 657 1849 est
705 1817 866 1850 eoram
907 1801 1276 1869 religiosissimo
1316 1800 1612 1869 imperatore
1660 1809 1829 1852 nostro
1856 1808 2035 1850 norunt

118 1887 196 1954 qni
239 1885 359 1936 bane
396 1885 546 1954 ipsam
586 1883 813 1952 legerint.

259 1968 666 2038 Subscripserunt
693 1969 770 2037 qni
804 1969 1033 2033 aderant,
1075 1968 1311 2029 Basilius,
1365 1967 1593 2034 Marem,
1635 1968 1880 2038 Georgius
1915 1969 2033 2020 Ate·
2104 1980 2204 2035 cap.

119 2054 358 2105 xandriae
386 2054 669 2123 episeopuS‚
726 2051 1042 2117 Pane-ratim,
1086 2053 1417 2124 Hypatianus,
1474 2063 1522 2105 et
1547 2054 1735 2123 plurimi
1763 2054 2027 2104 oeeideutis
2071 2041 2231 2084 XXVI.

121 2137 353 2207 episcopi.
430 2136 538 2206 Ego
577 2135 821 2205 Georgius
859 2139 1111 2207 episeopus
1153 2139 1487 2190 Alexandriae
1533 2138 1653 2189 hane
1691 2139 1803 2189 fidei
1849 2139 2036 2208 profes-

122 2222 307 2273 sionem
336 2222 489 2285 edidi,
545 2230 687 2289 atque
715 2222 778 2272 ita
807 2231 857 2272 ut
887 2222 1117 2292 seriptum
1156 2232 1231 2274 est
1265 2241 1340 2273 me
1377 2223 1560 2274 sentire
1597 2222 1850 2292 profiteor.
1928 2222 2035 2290 Ego

121 2306 330 2356 Aeacius
365 2307 619 2375 episeopus
654 2303 900 2357 Caesarea
937 2308 1058 2357 bane
1088 2308 1200 2358 fidei
1229 2300 1579 2376 professionem
1608 2308 1760 2371 edidi,
1801 2317 1941 2376 atque
1968 2307 2036 2358 ita

120 2399 173 2441 ut
205 2391 432 2460 seriptum
463 2399 538 2441 est
562 2407 637 2441 me
669 2391 852 2441 sentire
883 2392 1136 2460 profiteor.
1213 2391 1426 2444 Uranius
1456 2392 1710 2462 episeopus
1738 2392 1882 2461 Tyri.
1935 2390 2036 2442 Eu-

121 2475 310 2544 tyehius
354 2475 608 2544 episeopus
650 2473 1060 2544 Eleutheropolis,
1152 2475 1321 2527 Zoilus
1366 2477 1619 2546 episeopus
1661 2475 1895 2528 Larissae
1940 2473 2036 2545 Sy-

122 2559 242 2609 riae.
326 2556 477 2610 Seras
522 2559 775 2625 episeopus
819 2577 883 2610 ex
927 2559 1222 2612 Paraetonio
1261 2560 1471 2630 Libyae.
1561 2560 1742 2612 Paulus
1779 2561 2034 2630 episcopus

121 2642 366 2695 Emissae.
455 2641 739 2694 Eustathius
791 2645 1045 2713 episeopus
1097 2644 1414 2714 Epiphaniae.
1505 2648 1735 2696 lrenaeus
1783 2646 2036 2715 episeopus

126 2726 344 2796 Tripolis
385 2725 676 2778 Phoenices.
754 2725 996 2779 Eusebius
1031 2729 1285 2799 episeopus
1323 2728 1580 2783 Seleuciae
1610 2728 1806 2800 Syriae.
1883 2729 2039 2799 Euty-

121 2811 320 2862 ehianus
360 2811 614 2880 episeopus
643 2808 927 2861 Patarorum
958 2813 1004 2863 in
1036 2812 1208 2883 Lyeia.
1287 2813 1572 2865 Eustathius
1611 2816 1865 2883 episeopus
1892 2813 2037 2865 Pina-

117 2914 278 2947 rorum
313 2905 361 2947 et
387 2895 726 2965 Didymorum.
804 2893 1015 2947 Basilius
1044 2899 1297 2968 episeopus
1331 2897 1627 2951 Cauniorum
1658 2898 1864 2968 Lydiae.
1942 2896 2034 2948 Pe-

121 2989 224 3031 trus
259 2982 511 3049 episeopus
552 2979 694 3048 Hippi
724 2977 1051 3031 Palaestinae.
1129 2981 1405 3052 Stephanus
1435 2985 1688 3052 episeopus
1725 2981 2034 3034 Ptolemaidis

117 3063 328 3135 Libyae.
418 3064 675 3115 Eudoxius
729 3065 1001 3133 episcopus.
1093 3067 1380 3134 Apollonius
1431 3067 1684 3136 episeopus
1736 3064 2030 3135 Oxyrinehi.

118 3148 433 3200 Theoetistus
494 3149 748 3218 episeopus
807 3146 1112 3200 Ostracine&
1216 3149 1455 3202 Leontius
1510 3151 1763 3219 episeopus
1819 3149 2029 3220 Lydiae.

122 3232 433 3284 Theodosius
486 3233 740 3302 episeopus
791 3231 1149 3301 philadelphiae
1198 3233 1407 3304 Lydiae.
1497 3233 1722 3285 Phoebus
1778 3235 2031 3304 episeopus

118 3315 505 3384 Polychalaudae
541 3316 748 3386 Lydiae.
825 3316 1034 3384 Magnus
1079 3318 1333 3386 episeopus
1378 3319 1720 3370 Themisorum
1763 3316 2027 3388 Phrygiae.

115 3400 358 3470 Evagrius
408 3402 661 3471 episeopus
707 3400 974 3471 Mytilenes
1021 3402 1314 3466 insularum,
1375 3401 1560 3471 Cyrion
1603 3402 1856 3471 episeopus
1897 3402 2031 3455 Doli-

170 3581 210 3626 4.
237 3580 513 3639 Ἐπιφανείας
537 3588 699 3625 restituit
727 3588 920 3626 Petavius.
1098 3586 1320 3635 ponendum
1348 3584 1554 3637 Πινάρων.

169 3655 207 3695 5.
238 3653 440 3708 Σιδύμων
467 3658 614 3695 restitui
654 3668 702 3695 ex
741 3657 849 3694 libris
886 3667 974 3694 mss.
1011 3659 1045 3694 et
1155 3654 1194 3695 6.
1228 3657 1285 3694 lta
1307 3657 1364 3694 ed.
1387 3657 1509 3704 princ.
1532 3668 1620 3696 eum
1642 3658 1749 3699 libris
1768 3669 1860 3699 mss.
1918 3662 2033 3700 Peta-

114 3712 171 3751 ed.
197 3714 319 3760 princ.
370 3714 472 3751 Nam
496 3713 679 3752 Petavius
703 3713 821 3750 edidit
846 3706 1049 3763 Διδύμων.
1108 3713 1194 3750 vius
1224 3712 1344 3751 edidit
1376 3706 1645 3771 Ὀξυρύγχου.

112 3768 191 3807 Pro
223 3765 417 3818 Πιναρῶν
445 3771 590 3806 mutato
625 3771 782 3807 accentu
809 3768 968 3817 fortasse
994 3778 1055 3807 re-
