2508 4134
442 290 665 351 PANARir
695 307 800 347 Lm.
822 308 895 347 111.
936 306 1069 347 ΤοΜ.
1095 307 1142 346 n.
1183 306 1374 346 expos.
1403 305 1508 345 Ρη).
1542 305 1774 346 cATnoL.
1956 293 2057 345 485

162 424 283 458 mus,
362 404 501 473 Quod
545 406 731 474 quidem
764 404 1034 454 iamdudum
1063 404 1109 452 in
1150 404 1275 453 votis
1308 404 1580 463 habuimus,
1638 422 1743 454 eum
1770 403 1818 453 in
1850 401 2059 470 quolibet

160 499 397 541 sectarum
429 481 696 541 istiusmodi
725 489 861 551 loco,
903 487 972 537 sic
1003 496 1221 554 tanquam
1254 487 1299 536 in
1328 486 1556 551 Marrha,
1597 497 1645 538 et
1671 487 1719 537 in
1751 486 2058 537 formidolosa
2085 495 2267 532 Exod·15.

157 591 212 624 ac
239 573 469 641 squallida
502 582 551 623 et
575 573 824 624 inaccessa
851 570 1137 634 solitudine,
1177 571 1224 620 in
1258 571 1475 638 obliquos
1505 590 1560 621 ac
1592 581 1837 622 tortuosos
1868 571 2057 621 illorum

156 675 406 709 sermones
453 657 829 708 incurreremus,
931 653 1076 704 Nunc
1125 654 1238 704 illud
1292 653 1396 704 iure
1451 664 1617 705 nostro
1671 655 2054 722 pronuntiemus,

156 745 533 805 Quemadmodum
561 744 791 790 desiderat
813 757 976 788 cervus
999 741 1234 806 adfantes
1260 756 1483 803 aquarum
1500 776 1513 797 ,
1559 742 1624 787 z'ta
1646 742 1877 788 desiderat
1898 742 2052 788 am'ma
2075 742 2264 785 Psalmw,
2275 743 2307 777 1.

154 844 251 875 mea
276 829 340 875 ad
372 835 432 884 te,
473 828 613 885 deus,-
656 824 788 887 item,
831 826 1020 886 Quando
1048 827 1240 882 veniam,
1282 832 1329 871 et
1353 823 1582 886 apparebo
1614 832 1720 871 ante
1750 826 1917 889 fitezem
1946 827 2056 872 dei?

155 908 283 977 Quin
309 918 356 959 et
383 926 470 959 nos
500 909 712 958 eiusdem
741 908 1006 976 scripturae
1036 907 1197 956 verbis
1224 923 1451 974 sponsam
1478 924 1726 969 vocemus,
1770 925 1863 957 non
1895 917 1946 957 ut
1973 907 2054 957 ille

151 995 300 1062 ipsius
342 1010 548 1060 sponsus
579 1011 634 1041 ac
673 991 923 1053 dominus,
976 1007 1096 1053 rex,
1150 991 1295 1052 deuS,
1347 999 1395 1040 ct
1433 999 1705 1056 protector,
1747 993 1831 1041 sed
1868 999 1920 1041 ut
1951 991 2054 1041 eius

149 1078 278 1128 servi
323 1077 491 1128 iisdem
532 1076 699 1143 quibus
741 1076 840 1143 ipse
881 1073 1043 1124 verbis
1087 1074 1214 1124 illam
1251 1075 1574 1142 appellemus,
1633 1078 1750 1123 Vem'
1784 1077 1840 1123 de
1875 1077 2053 1124 Libano
2078 1083 2229 1127 Cant-4,
2252 1084 2284 1119 8.

146 1179 339 1227 sponsa,
381 1164 593 1226 quoniam
627 1170 721 1209 tota
740 1162 943 1225 pulchra
971 1177 1045 1218 eS,
1089 1168 1135 1207 et
1158 1162 1338 1207 macula
1378 1177 1468 1207 non
1512 1169 1582 1207 est
1617 1162 1664 1207 iu
1695 1168 1764 1206 te:
1819 1156 2054 1209 Paradise

147 1245 318 1296 summi
348 1243 574 1306 artificis,
617 1243 770 1294 sancti
806 1242 934 1309 regis
961 1241 1161 1301 civitas,
1205 1242 1307 1310 puri
1336 1241 1598 1310 illibatique
1634 1240 1817 1293 Christi
1854 1261 2049 1310 sponsa,

147 1328 415 1380 castissima
450 1327 616 1396 virgo,
671 1328 749 1378 uni
780 1344 836 1376 ac
869 1326 1100 1393 singulari
1133 1327 1237 1376 viro
1271 1327 1510 1395 desponsa
1549 1344 1635 1392 per
1669 1327 1838 1391 fidem,
1892 1329 2052 1396 splen-

147 1414 254 1464 dida
284 1422 332 1462 et
360 1415 560 1461 diluculi
582 1416 732 1462 instar
760 1429 1014 1475 emetgens,
1051 1414 1252 1476 pulchra
1277 1421 1328 1459 ut
1360 1414 1487 1470 luna,
1531 1414 1676 1460 electa
1703 1422 1755 1460 ut
1779 1416 1867 1472 sol,
1912 1416 2050 1461 terri-
2075 1422 2182 1457 Cant.
2195 1424 2228 1466 6,
2251 1423 2280 1458 9.

146 1500 251 1547 bilis
276 1507 331 1546 ut
353 1507 612 1546 castrorum
639 1500 762 1545 acze-s·
787 1498 1027 1555 ordinata,
1070 1513 1208 1562 quam
1238 1499 1431 1560 reginae
1456 1497 1630 1544 beatam
1654 1500 1959 1561 praedicant,
2004 1506 2053 1547 et

144 1581 338 1649 pellices
379 1581 652 1643 celebrant,
707 1589 755 1630 et
799 1580 982 1647 puellae
1027 1580 1325 1641 collaudant,
1381 1598 1498 1645 quae
1536 1585 1747 1630 ascendes
1785 1600 1809 1629 e
1844 1585 2042 1642 deserto,
2073 1591 2226 1638 Canna,
2249 1593 2283 1627 6.

146 1665 529 1734 splendidissimo
563 1666 772 1716 candore
804 1664 1068 1727 collucens,
1110 1672 1157 1713 et
1181 1668 1344 1713 z'nnz'am
1369 1669 1604 1729 patrueli,-
1650 1683 1767 1731 quae
1792 1676 2050 1730 unguento-

141 1768 243 1799 rum
257 1752 581 1816 fragrantiam
601 1752 796 1808 redoles,
827 1767 944 1814 quae
964 1752 1173 1797 ascendis
1198 1767 1223 1797 e
1248 1752 1445 1809 deserto,
1480 1760 1695 1815 tanquam
1725 1753 1913 1815 virgula
1930 1752 2056 1815 lumi

141 1854 201 1884 ea>
226 1836 443 1898 myrrhae
472 1837 678 1898 turisque
709 1835 893 1897 suffitu,
932 1842 1068 1897 atque
1089 1852 1149 1881 eoe
1176 1837 1455 1882 aromatare‘z'
1469 1837 1746 1898 pulvisculo,
1776 1839 2052 1899 quz'suavz's-

140 1922 302 1967 simum
330 1921 511 1966 odorem
545 1919 798 1966 eoelzalavz't.
879 1914 1035 1982 Quem
1061 1917 1139 1966 illa
1164 1919 1447 1983 praevidens
1478 1917 1691 1982 dicebat,
1757 1922 2044 1984 Unguentum
2069 1944 2280 1990 eant.1‚2.

141 2004 337 2070 effusum
358 2020 518 2051 nomen
541 2011 694 2050 tuum.-
721 2010 969 2066 propterea
994 2010 1041 2049 et
1058 2004 1426 2050 adolescentulae
1456 2005 1725 2051 dilexerunt
1746 2013 1815 2052 te.-
1848 2023 1964 2069 quae
1989 2009 2052 2054 ad
2098 2030 2235 2064 Psaim.

140 2090 376 2135 dexteram
400 2089 528 2150 regis
553 2089 751 2143 αςεῑὶςῑιῖς,
779 2086 1041 2150 fimbriatis
1071 2089 1232 2134 induta
1258 2088 1458 2135 vestibus
1481 2096 1527 2136 et
1554 2087 1753 2137 intextis
1783 2105 1921 2152 auro,
1963 2107 2047 2139 va-
2101 2073 2154 2117 ‘³⁴’
2179 2073 2231 2107 ¹⁴·

140 2170 319 2237 riisque
351 2170 604 2238 perpolita,
646 2186 768 2236 quae
795 2168 1150 2218 tenebricosum
1179 2169 1292 2219 nihil
1322 2170 1486 2234 habes,
1521 2180 1600 2221 aut
1629 2171 1902 2236 obscurum,
1930 2192 2047 2239 quae
2069 2186 2176 2221 Cant.
2191 2187 2222 2230 1,
2246 2187 2277 2222 5.

136 2259 329 2319 negrore
354 2258 580 2319 quondam
607 2255 777 2319 infecta
794 2291 807 2312 ,
842 2254 1045 2318 pulchra
1072 2272 1194 2302 nune
1223 2273 1297 2314 es,
1338 2265 1386 2303 et
1411 2259 1635 2304 eandida:
1695 2265 1744 2305 ut
1780 2274 1885 2307 cum
1913 2258 1970 2308 ad
2000 2266 2047 2308 te

136 2338 501 2406 pervenerimus
531 2355 557 2387 a
591 2337 878 2388 tristissimis
911 2337 1003 2388 illis
1039 2338 1305 2388 haereseon
1340 2340 1602 2402 molestiis,
1660 2343 1775 2407 quas
1815 2341 2046 2393 hactenus

138 2421 406 2485 obivimus,
447 2422 701 2488 aliquando
732 2439 1008 2485 cessemus,
1052 2430 1098 2471 et
1130 2440 1155 2472 a
1190 2431 1520 2490 tempestatum
1552 2425 2041 2493 decumanorumque‚

138 2506 215 2573 qui
241 2506 336 2555 illic
361 2515 500 2568 sunt,
542 2506 768 2556 fluctuum
798 2505 1057 2556 iactatione
1083 2506 1484 2574 conquiescentes
1515 2510 1562 2559 in
1592 2518 1659 2572 te,
1700 2518 1868 2559 sancta
1894 2518 2047 2560 mater

137 2589 373 2653 ecclesia,
427 2598 476 2639 et
517 2589 564 2639 in
595 2598 762 2640 sancta
804 2591 1021 2640 doctrina
1063 2599 1141 2641 tua
1181 2608 1236 2641 ac
1273 2601 1440 2643 sancta
1472 2594 1678 2661 pariter,
1730 2595 1927 2662 solaque
1969 2594 2046 2645 dei

137 2675 226 2724 fide
259 2683 307 2724 et
338 2673 545 2723 veritate
579 2674 887 2741 respiremus.
967 2672 1062 2725 Sed
1109 2692 1230 2742 quae
1273 2676 1321 2725 in
1364 2677 1453 2727 hac
1493 2678 1596 2745 ipsa
1627 2678 1932 2729 sanctissima
1968 2679 2044 2728 dei

136 2757 331 2808 civitate
375 2757 692 2807 admiratione
736 2758 876 2825 digna
915 2768 1026 2808 sunt
1069 2777 1269 2809 narrare
1308 2760 1400 2810 iam
1444 2761 1719 2828 aggrediar.
1813 2761 2043 2814 Gloriosa

135 2842 260 2892 enim
296 2843 352 2892 de
388 2842 467 2891 illa
497 2841 620 2891 dicta
647 2850 787 2904 sunt,
830 2851 878 2891 ut
909 2842 1136 2910 propheta
1167 2843 1405 2911 loquitur,
1461 2849 1673 2895 Gloriosa
1700 2851 1823 2896 diem
1852 2857 1964 2896 sunt
1983 2851 2292 2913 dePsalm.86‚3.

136 2936 206 2986 te,
249 2930 412 2975 civitas
440 2930 542 2975 dei!
617 2923 756 2991 Quae
785 2935 895 2975 sunt
925 2927 1157 2977 eiusmodi
1186 2937 1236 2978 ut
1265 2947 1369 2979 cum
1399 2947 1540 2980 nemo
1569 2948 1626 2981 ca
1658 2931 1927 2981 mortalium
1960 2948 2042 2998 pe-

136 3010 261 3060 nitus
288 3011 479 3077 assequi
510 3009 689 3078 possit,
746 3017 842 3058 tum
874 3011 931 3059 ab
956 3010 1222 3062 infidelibus
1251 3014 1436 3076 aliena,
1490 3014 1704 3065 fidelibus
1734 3033 1788 3064 ac
1820 3015 2039 3065 veritatis

135 3094 361 3145 studiosis
391 3112 454 3144 ex
487 3103 620 3162 parte
650 3094 791 3143 liccat
822 3094 1090 3161 attingere,
1133 3105 1326 3146 ostensa
1355 3097 1523 3148 iisdem
1556 3098 1744 3148 interim
1779 3099 2038 3166 promissa-

134 3195 226 3244 que
267 3178 457 3228 illorum
497 3179 707 3246 perfecta
742 3179 1079 3245 possessione,
1134 3197 1270 3247 quam
1314 3181 1359 3230 in
1402 3182 1599 3232 coelesti
1641 3200 1792 3249 regno
1826 3184 2037 3251 ipsorum

134 3262 352 3312 dominus
394 3262 668 3325 exhibebit,
726 3263 801 3311 ubi
848 3272 1015 3312 sancta
1052 3262 1130 3312 illa
1166 3264 1301 3331 virgo
1333 3274 1379 3315 et
1419 3265 1561 3317 heres
1591 3284 1694 3316 cum
1727 3284 1905 3334 sponso
1949 3285 2037 3318 suo

133 3345 445 3396 hereditatem
485 3364 539 3396 ac
578 3347 912 3414 patrimonium
953 3346 1176 3396 obtinuit.

271 3427 515 3498 Principio
557 3431 813 3480 tenendum
844 3430 955 3479 illud
1004 3439 1103 3491 est,
1162 3433 1512 3483 moderatorem
1558 3433 1768 3483 omnium
1803 3435 1941 3484 deum
1976 3436 2034 3486 ad
2068 3460 2257 3515 Cap.1[1.

134 3531 222 3563 nos
275 3514 518 3582 pertinere
553 3515 792 3582 proprie,
855 3515 931 3581 qui
972 3532 997 3564 e
1036 3524 1204 3564 sancta
1251 3516 1331 3565 illa
1385 3534 1549 3567 sumus
1602 3517 1807 3567 ecclesia
1861 3518 2031 3585 geniti.

136 3596 268 3647 Haec
303 3607 375 3647 est
402 3599 526 3648 enim
557 3599 765 3647 omnium
796 3599 844 3647 in
872 3599 1096 3648 tradenda
1139 3600 1345 3650 veritate
1383 3601 1534 3667 primo
1568 3601 1944 3667 demonstratio,
1987 3611 2035 3653 et

132 3738 272 3786 fallor,
312 3742 346 3776 et
382 3739 437 3776 ita
476 3743 667 3778 verterunt
696 3740 903 3778 Carnarius
943 3742 1054 3788 atque
1167 3739 1205 3778 2.
1238 3735 1439 3791 οἷληὲείας
1477 3733 1640 3792 (ἅληΐθῨ
1679 3743 1761 3781 cod.
1790 3743 1882 3797 len.)
1921 3745 2032 3784 codd.

133 3794 327 3833 Petamus.
1112 3798 1185 3836 len.
1215 3800 1248 3835 et
1274 3798 1435 3846 Rhediy.
1481 3793 1681 3850 ἀλήθειαν
1707 3800 1812 3840 editi.
