2508 4134
436 228 537 282 768

490 338 635 394 gitium
660 350 802 378 eorum
831 335 1106 377 execrandum
1122 337 1163 378 in
1186 338 1369 393 profun-

490 408 629 450 dendo
647 416 689 449 et
721 405 940 462 perdendo
969 407 1125 449 semine
1155 411 1252 449 225.

434 478 620 533 Origenis
660 477 842 519 haeresis
877 481 947 517 44.
989 478 1076 519 sive
1119 478 1266 521 ordine
1298 494 1370 521 se-

1180 238 1363 282 mnEx
1389 237 1601 305 RERUM.

1484 340 1602 382 coelo
1626 340 1752 382 fuisse
1768 355 1860 382 eum
1874 349 2061 382 asserunt
2080 342 2181 387 ibid.
2209 367 2261 375 --
2291 342 2359 385 hic

1483 420 1547 452 est
1583 411 1627 452 in
1669 411 1783 452 Eden
1825 410 1880 452 ad
1922 411 2128 454 orientem
2173 412 2357 454 consitus

1485 481 1592 522 unde
1622 481 1703 523 fuit
1733 481 1917 523 deiectus
1949 481 2080 524 Adam
2108 486 2203 525 573.

488 548 693 604 xagesima
720 557 866 604 quarta
889 550 985 588 524.
1012 573 1068 580 —
1101 549 1186 590 eius
1214 564 1367 605 paren·
1426 552 1582 594 Pascha
1625 567 1746 608 quam
1789 551 1952 593 incerto
1998 552 2066 594 die
2109 568 2134 595 a
2173 553 2358 610 pluribus

488 628 552 660 tes
593 627 634 661 et
670 619 804 675 patria
842 627 1015 675 totaque
1059 619 1232 679 historia
1268 620 1368 663 ibid.

1484 622 1610 665 fuerit
1642 622 1896 664 celebratum
1923 626 2020 664 421.

490 714 544 722 —-
573 690 617 731 in
643 689 793 731 Christi
819 689 900 731 fide
929 690 1162 732 constantia
1190 694 1285 733 525.
1313 715 1369 723 -
1427 693 1636 734 Paschatis
1670 692 1887 735 celebritas
1916 693 2249 739 observationem
2277 695 2358 736 tri-

490 761 672 803 eiusdem
693 761 832 816 lapsus
857 760 957 802 ibid.
977 785 1030 792 -
1060 761 1218 803 mavuit
1243 761 1368 803 sacri-

490 832 613 874 ficare
640 831 764 873 idolis
794 845 917 887 quam
944 840 1132 888 stuprum
1157 832 1244 888 pati
1267 830 1368 873 ibid.

490 927 545 936 -—
574 903 659 944 eius
684 902 944 959 poenitentia
967 902 1068 945 ibid.
1095 926 1141 934 --
1184 902 1236 944 ab
1266 906 1368 944 Am·-

492 974 630 1017 brosio
657 973 803 1015 missus
834 974 1126 1015 commentaria
1153 974 1295 1015 scribit
1325 974 1368 1014 in

490 1046 736 1101 scripturam
759 1045 860 1087 ibid.
878 1069 932 1077 -—
963 1044 1048 1086 eius
1063 1044 1368 1087 lucubrationes

490 1132 539 1159 ac
570 1116 705 1158 studia
734 1116 932 1158 acerrima
959 1131 1034 1172 per
1066 1119 1132 1157 28.
1163 1130 1293 1157 annos
1325 1115 1366 1155 in

490 1190 606 1250 Tyro
637 1190 732 1229 526.
762 1212 812 1219 -
872 1187 1073 1229 editiones
1099 1202 1238 1229 sacrae
1262 1185 1369 1227 scri-

489 1262 636 1316 pturae
664 1259 716 1301 ab
747 1273 798 1300 eo
828 1257 1020 1314 proditae
1047 1257 1149 1299 ibid.

435 1330 622 1385 Origenis
668 1329 874 1371 editiones
922 1337 964 1370 et
1013 1328 1223 1371 volumina
1266 1341 1371 1383 quae

490 1400 680 1457 Hexapla
704 1400 897 1442 dicuntur
922 1403 1019 1441 526.
1038 1424 1093 1431 -
1125 1400 1179 1441 ob
1200 1398 1370 1439 nimiam

491 1473 702 1515 literarum
727 1471 889 1527 copiam
917 1471 1062 1513 incidit
1087 1470 1129 1511 in
1153 1468 1369 1521 haeresim,

492 1544 601 1586 unde
629 1543 883 1599 Origenistae
909 1542 1008 1583 ibid.
1028 1566 1081 1573 —-
1112 1541 1181 1582 alii
1209 1557 1232 1582 a
1259 1539 1371 1596 prio-

489 1617 601 1659 ribus
643 1615 712 1672 qui
756 1613 857 1655 dicti
897 1621 997 1654 sunt
1040 1612 1156 1654 foedi
1187 1615 1283 1653 527.
1318 1635 1369 1643 —-

490 1687 673 1744 seipsum
711 1685 932 1735 castravit,
975 1683 1031 1726 ad
1057 1683 1272 1725 illecebras
1302 1681 1368 1724 vi-

488 1759 664 1809 tandas,
707 1766 750 1799 et
782 1756 1088 1799 medicamento
1127 1754 1370 1795 memoriam

490 1829 686 1872 excitavit
714 1828 813 1870 ibid.
954 1823 958 1826 ’

434 1901 670 1958 Origeniani
695 1907 814 1942 erant
837 1899 1021 1955 plerique
1052 1895 1244 1939 monachi
1269 1895 1369 1937 ibid.

490 1997 544 2008 --
573 1973 625 2014 ab
642 1972 724 2013 illis
739 1971 857 2013 Arius
875 1979 917 2012 et
938 1969 1075 2011 Ariani
1092 1967 1194 2009 ibid.
1214 1991 1267 1999 -
1298 1981 1369 2008 er-

491 2060 604 2088 rores
619 2042 804 2099 Origenis
817 2041 917 2083 ibid.
932 2065 982 2072 --
1012 2038 1254 2080 testimonia
1270 2037 1368 2079 scri-

492 2125 635 2173 pturae
671 2115 722 2156 ab
749 2128 799 2155 eo
827 2112 991 2169 prolata
1019 2114 1116 2154 528.
1147 2136 1199 2142 -
1261 2108 1369 2150 unde

493 2200 640 2243 corpus
680 2174 815 2240 &ep-ag·
861 2193 902 2225 et
944 2180 1086 2240 ψυχήν
1130 2181 1308 2223 animam
1344 2195 1369 2221 a

494 2257 662 2301 Graecis
689 2256 841 2298 dietam
869 2263 986 2310 putet
1011 2252 1111 2295 ibid.
1129 2276 1177 2285 --
1208 2251 1369 2294 infinita

492 2343 625 2387 prope
649 2327 932 2383 scripsit.529.
960 2350 1016 2358 —-
1060 2324 1147 2365 eius
1179 2323 1263 2366 vita
1291 2337 1367 2365 au-

491 2411 617 2456 stera,
643 2407 686 2442 et
709 2407 938 2441 ascetarum
963 2395 1183 2438 consimilis
1198 2393 1369 2437 ibid.—

493 2473 589 2514 fons
615 2471 701 2512 eius
730 2484 915 2511 errorum
944 2468 1045 2511 ibid.

437 2546 686 2586 Ossenorum
722 2540 903 2582 haeresis
937 2552 1042 2595 quae
1069 2545 1132 2579 est
1157 2544 1273 2578 sexta
1296 2537 1368 2576 Iu-

492 2614 691 2656 daeorum
718 2615 785 2655 39.
806 2636 856 2643 —
917 2610 1026 2651 unde
1054 2607 1254 2663 originem
1278 2614 1369 2647 tra-

493 2685 556 2728 xit
576 2687 646 2726 40.
669 2708 723 2716 -
764 2681 874 2723 unde
896 2681 940 2722 id
969 2694 1122 2722 nomen
1145 2677 1369 2719 deductum

493 2756 594 2799 ibid.
616 2780 666 2788 --
699 2754 752 2796 ad
775 2753 979 2796 orientem
1009 2758 1162 2805 negant
1186 2749 1368 2790 adoran-

495 2829 595 2871 dum
620 2841 736 2877 esse,
766 2824 842 2866 sed
868 2837 1008 2866 versus
1035 2820 1368 2876 Hierosolymam

494 2901 547 2943 ad
568 2913 756 2942 occasum
773 2900 844 2937 42.
873 2919 922 2926 -
961 2892 1159 2935 sacrificia
1179 2891 1370 2933 reiiciunt

494 2970 594 3013 ibid.
610 2995 663 3003 -
692 2969 821 3010 iidem
836 2969 974 3023 ignem
989 2965 1187 3006 damnant
1200 2962 1299 3003 ibid.
1320 2986 1368 2993 —-

495 3057 642 3099 aquam
669 3041 849 3097 probant
885 3037 986 3079 ibid.
1017 3060 1071 3068 —
1146 3033 1368 3076 eorundem

496 3113 655 3157 somnia
671 3112 724 3154 de
742 3110 906 3153 Christo
920 3107 1019 3149 ibid.
1040 3131 1088 3138 -
1123 3120 1265 3147 eorum
1279 3119 1369 3146 ora-

495 3187 556 3228 tio
585 3176 684 3226 ibid.
714 3208 768 3216 —
810 3177 1098 3236 interpretatio
1121 3176 1370 3232 singularum

495 3272 644 3301 vocum
673 3259 742 3297 43.

441 3330 538 3373 Ovis
556 3327 723 3372 victima
743 3325 1000 3373 Iudaeorum,
1030 3335 1149 3362 ovem
1179 3319 1222 3361 in
1252 3334 1371 3361 cruce

494 3409 717 3444 mactatam
746 3395 988 3451 designabat
1021 3396 1087 3434 20.

441 3468 607 3522 odolung
630 3483 782 3513 nomen
808 3466 936 3510 curin
962 3463 1113 3507 divinis
1137 3462 1218 3504 fuit
1242 3475 1371 3503 exco-

497 3545 674 3602 gitatum
705 3543 800 3582 859.

883 3669 926 3709 P.

442 3756 656 3801 paradisus
703 3753 908 3797 terrestris
947 3749 1035 3806 quis
1072 3757 1114 3789 et
1147 3746 1215 3788 ubi
1243 3743 1371 3786 fuerit

501 3832 593 3871 572.
639 3851 691 3860 -—
767 3826 1001 3868 refutantur
1045 3818 1113 3875 qui
1154 3817 1197 3858 iu
1242 3813 1369 3857 tertio

1482 763 1633 819 plicem
1655 764 1828 819 requirit
1851 767 1948 806 823.
1977 778 2026 796 -·—
2087 775 2185 820 post
2208 765 2359 822 aequi-

1482 834 1668 875 noctium
1706 834 1906 876 celebrari
1944 835 2097 887 debet,
2141 835 2256 891 quod
2286 837 2358 878 Iu-

1482 904 1574 945 daei
1588 919 1674 946 non
1696 915 1865 947 servant
1887 905 1987 947 ibid.
2007 930 2059 937 —
2104 906 2258 948 Pascha
2282 906 2356 947 mi-

1481 975 1591 1016 nime
1617 979 1682 1016 14.
1707 976 1803 1018 luna
1829 976 2121 1018 celebrandum
2149 980 2245 1019 824.

1427 1046 1688 1088 patriarchae
1722 1057 1882 1089 veteres
1912 1047 2168 1090 Christianos
2209 1047 2360 1091 adum-

1482 1117 1603 1158 brant
1631 1121 1670 1157 6.

1426 1188 1688 1230 patriarchae
1732 1190 1857 1231 Iudae
1896 1190 2097 1232 historiae
2111 1222 2121 1242 ,
2171 1199 2216 1232 et
2254 1205 2359 1248 quae

1416 1263 1420 1267 '
1481 1259 1524 1301 in
1548 1259 1708 1301 balneis
1730 1260 1789 1301 illi
1814 1260 2067 1316 contigerint
2094 1265 2190 1303 131.
2211 1270 2256 1304 et
2280 1261 2359 1304 de—

1482 1345 1639 1387 inceps.

1428 1402 1667 1444 Patriarcha
1694 1402 1940 1445 Iudaeorum
1965 1417 2084 1446 sacro
2111 1403 2361 1460 baptismate

1483 1473 1670 1515 initiatus
1700 1477 1794 1515 128.

1427 1544 1691 1586 patriarchae
1707 1544 1925 1586 duodecim
1938 1560 1963 1587 a
1975 1545 2129 1587 Iacobo
2145 1546 2275 1602 geniti
2290 1549 2358 1590 10.

1427 1616 1559 1657 Patris
1610 1631 1788 1672 persona
1833 1631 1917 1658 non
1967 1616 2066 1657 satis
2117 1617 2361 1673 exprimitur

1485 1688 1611 1729 verbo
1643 1687 1822 1743 Ingeniti
1866 1691 1959 1728 866.
1990 1711 2046 1719 —
2107 1689 2213 1730 circa
2258 1689 2362 1732 haec

1482 1758 1787 1800 haereticorum
1815 1759 1908 1800 loca
1941 1759 2145 1815 quaedam
2175 1763 2272 1802 868.
2304 1785 2359 1794 —

1483 1830 1516 1871 si
1544 1830 1634 1886 quis
1652 1830 1779 1871 filium
1804 1830 1980 1871 similem
2004 1831 2113 1886 patri
2139 1831 2360 1874 voluntate

1483 1911 1525 1943 et
1552 1901 1784 1943 substantia
1812 1901 2053 1943 dissimilem
2079 1901 2231 1943 dixerit
2254 1914 2359 1944 ana-

1482 1973 1623 2014 thema
1660 1972 1715 2014 sit
1751 1976 1849 2015 869.
1881 1997 1939 2005 —
1994 1973 2136 2015 sedin
2169 1973 2358 2015 omnibus

1483 2043 1593 2099 patri
1617 2043 1760 2084 similis
1787 2053 1851 2086 est
1867 2044 1972 2086 filius
1997 2037 2096 2085 ib’id.
2121 2068 2174 2076 -
2207 2043 2360 2086 Valen-

1482 2114 1534 2156 tis
1565 2124 1609 2156 et
1632 2115 1770 2156 Basilii
1801 2115 2011 2172 episcopi,
2043 2115 2146 2156 item
2172 2115 2361 2157 Marcelli

1484 2179 1674 2242 Ancyrae
1702 2187 1908 2243 episcopi,
1954 2186 2094 2243 quales
2125 2201 2249 2243 super
2277 2187 2360 2228 hoc

1484 2258 1641 2299 fuerint
1681 2257 1975 2299 attestationes
2022 2261 2118 2299 869.
2161 2281 2216 2290 -
2291 2257 2360 2314 qui

1482 2329 1666 2385 episcopi
1703 2329 1798 2370 huic
1832 2330 2065 2372 sententiae
2102 2329 2360 2385 subscripse-

1481 2400 1567 2441 rint
1611 2403 1706 2444 870.
1749 2425 1803 2431 -—
1878 2400 2078 2443 dissensio
2118 2400 2231 2442 inter
2265 2399 2360 2442 illos

1481 2471 1715 2512 haereticos
1740 2471 1838 2513 ibid.
1862 2496 1915 2502 —
1949 2471 2214 2514 Constantius
2229 2471 2360 2528 impe-

1483 2551 1600 2583 rator
1627 2542 1710 2584 illis
1740 2543 1908 2585 favebat
1936 2543 2035 2585 ibid.

1428 2613 1542 2655 Pauli
1569 2613 1685 2655 locus
1712 2629 1763 2656 ex
1790 2615 1967 2671 epistola
1993 2615 2048 2656 ad
2073 2615 2191 2657 Rom.
2223 2614 2360 2671 expli-

1483 2695 1597 2727 catus
1628 2686 1764 2742 capite
1793 2686 1971 2743 septimo
2003 2690 2102 2729 576.

1427 2757 1573 2798 Paulus
1616 2758 1797 2799 Graecus
1833 2759 2046 2801 Tarsensis
2087 2757 2170 2800 fuit
2212 2765 2360 2813 postea

1482 2829 1719 2885 proselytus
1751 2833 1846 2872 149.

1427 2900 1572 2942 Paulus
1622 2901 1837 2957 apostolus
1879 2901 2064 2956 gentium
2117 2916 2166 2942 ac
2209 2914 2358 2956 praeco

1482 2975 1639 3013 Lucam
1668 2973 1865 3013 comitem
1895 2971 2115 3028 assumpsit
2148 2974 2216 3012 50.
2249 2974 2315 3012 51.

1428 3043 1573 3084 Paulus
1601 3043 1832 3099 linguarum
1859 3043 1941 3084 fuit
1967 3042 2236 3099 peritissimus
2262 3044 2357 3084 361.

1430 3115 1574 3156 Paulus
1616 3114 1789 3156 obscure
1827 3114 1902 3156 sed
1935 3124 2050 3156 recte
2086 3113 2223 3156 omnia
2250 3126 2354 3169 pro-

1486 3186 1690 3228 nuntiavit
1721 3189 1818 3228 552.

1429 3258 1617 3300 Paulinus
1674 3257 1956 3299 Antiochenus
1987 3246 2263 3299 'catholicum
2308 3268 2353 3296 se

1482 3329 1705 3385 profitetur
1734 3331 1859 3369 1015.
1889 3352 1939 3361 ——
1992 3326 2223 3382 exemplum
2248 3324 2357 3367 illius

1484 3400 1756 3456 professionis
1782 3399 1881 3442 ibid.

1427 3472 1542 3514 Pauli
1583 3471 1842 3513 Samosateni
1885 3469 2064 3512 haeresis
2103 3471 2171 3508 45.
2213 3468 2358 3512 ordine

1487 3546 1553 3584 65.
1599 3546 1693 3584 607.
1727 3567 1777 3574 —-
1837 3540 2001 3597 quando
2042 3547 2086 3579 et
2130 3539 2197 3580 ubi
2236 3550 2357 3582 natus

1483 3614 1585 3655 ibid.
1617 3637 1671 3645 —-
1729 3613 1813 3654 eius
1844 3610 1984 3666 opinio
2011 3623 2090 3664 qua
2117 3611 2353 3653 Artemonis

1484 3684 1685 3726 haeresim
1722 3680 1939 3725 renovavit
1970 3683 2066 3720 608.
2100 3704 2150 3712 —
2210 3682 2355 3738 quibus

1487 3773 1538 3799 ex
1554 3756 1656 3798 locis
1682 3754 1908 3809 scripturae
1930 3765 2046 3792 suum
2076 3751 2225 3807 dogma
2250 3767 2355 3795 con-

1483 3828 1620 3870 firmet
1640 3824 1739 3867 ibid.
1773 3847 1822 3855 —
1854 3822 1937 3863 eius
1962 3822 2162 3866 refutatio
2189 3823 2357 3866 ibid.—
