2508 4134
252 600 336 637 pag.
363 589 459 626 10⁷8.

260 835 372 891 Κεφ.

249 3103 333 3140 pag.
356 3095 375 3131 1

403 832 456 879 α’.

377 3070 452 3130 οτςῖ,

485 283 589 335 482
1201 293 1402 336 SANCT1
1433 294 1713 337 EPIPHANH

610 590 887 670 Σύντομος
934 589 1142 670 ἀληθὴς
1182 591 1341 673 λόγος
1383 597 1502 675 περὶ
1545 597 1786 666 Πίστεως
1833 599 2136 675 Καθολικῆς
2179 601 2278 658 καὶ

1046 691 1443 771 Ἀποστολικῆς
1482 691 1837 770 Ἐκκλησίας.

633 813 704 867 Τά
749 815 837 881 μὲν
876 819 1112 883 πολυειδῆ
1160 818 1263 888 καὶν
1286 815 1573 885 πολύτροποι
1616 816 1700 868 καὶ
1743 818 2015 883 πολυσχεδῆ
2061 823 2158 870 τῶν
2200 824 2410 872 σκολιῶν

490 899 867 971 1βουλευμάτων
891 906 989 954 τῶν
1011 903 1242 955 ἐναντίων
1267 900 1583 968 διαλαβόντες
1603 906 1821 969 προπετῆ
1851 899 2139 970 διδάγματα,
2174 905 2259 973 καὶ
2284 902 2410 974 πρὸς

483 983 613 1048 εἶδος
638 987 722 1039 καὶ
749 988 892 1057 γένος
920 984 1174 1052 διελόντες,
1214 989 1415 1056 φροῦδα
1436 986 1520 1038 καὶ
1549 986 1673 1038 ἕωλα
1698 985 1903 1053 δυνάμει
1930 993 2057 1040 θεοῦ
2081 989 2407 1057 διηλὲγξαμεν,

482 1070 570 1124 τόν
599 1091 649 1124 τε
691 1068 899 1142 ὅῖπειρον
926 1071 1011 1125 τόν
1050 1069 1150 1125 dud
1196 1071 1400 1138 ἑκάστης
1437 1071 1667 1141 αἱρέσεως
1699 1073 2022 1139 βλασφημιῶν
2047 1074 2131 1125 καὶ
2163 1074 2407 1144 αἰσχρολο-

479 1162 602 1227 γιῶν
633 1158 716 1210 καὶ
745 1155 1055 1225 ἀηδεστάτων
1083 1156 1248 1209 αὐτῶν
1278 1158 1556 1226 μυστηρίων
1590 1154 1817 1209 κλύδωνα
1861 1156 2231 1226 διανηξάμενοι,
2280 1156 2409 1226 μάλα

481 1240 621 1310 μόλις
659 1247 756 1295 τῶν
798 1241 1085 1311 ζητημάτων
1115 1239 1278 1308 πάντη
1315 1238 1728 1308 2ἐπιλυσάμενοι,
1778 1243 1864 1295 καὶ
1889 1241 1979 1310 τήν
2005 1240 2194 1295 τούτων
2223 1250 2410 1311 μοχθη-

479 1330 594 1398 ρίαν
632 1325 1050 1398 ύπερβεβηκότες,
1101 1334 1205 1389 τοῖς
1243 1333 1330 1394 τῆς
1359 1325 1597 1393 ἀληθείας
1635 1331 1882 1396 γαληνίοις
1924 1326 2281 1396 ἐπλησιάσαμεν
2315 1350 2409 1397 χω-

478 1415 631 1483 ρίοις,
670 1411 832 1466 πάντα
858 1413 947 1481 μὲν
970 1410 1127 1465 τόπον
1156 1410 1495 1474 δυςθάλαττον
1525 1411 1923 1483 διαπεράσαντες,
1958 1414 2042 1466 καὶ
2070 1418 2233 1466 πᾶσαν
2263 1413 2409 1482 ζάλην

479 1499 565 1550 καὶ
594 1496 847 1569 άφρισμὸν
872 1499 954 1551 καὶ
984 1496 1219 1565 κυμάτων
1259 1496 1531 1567 3κύρτασιν
1558 1494 2008 1566 ὖπομεμενηκότες,
2045 1496 2195 1552 σάλον
2224 1498 2304 1564 δὲ,
2343 1495 2411 1562 ὥς

477 1585 651 1648 εἰπεῖν,
690 1585 773 1636 καὶ
803 1586 1008 1653 ἵλιγγας,
1046 1581 1203 1653 βράχη
1229 1603 1278 1635 τε
1307 1580 1367 1635 ού
1398 1580 1458 1634 τοὶ
1489 1581 1714 1651 τυχόντα,
1752 1585 1836 1636 καὶ
1863 1583 2201 1655 θηριοβόλους
2225 1582 2410 1648 τόπους

477 1669 808 1736 θεασάμενοι,
857 1671 908 1722 ἐν
939 1671 1084 1740 πείρᾳ
1118 1690 1168 1721 τε
1195 1666 1382 1721 τούτων
1411 1665 1494 1720 διά
1522 1674 1619 1720 τῶν
1644 1667 1803 1738 λόγων
1828 1671 2159 1739 γεγενημένοι,
2212 1669 2297 1724 τόν
2317 1675 2410 1738 ,τῆς

480 1752 678 1823 εἰρήνης
715 1754 886 1822 λιμένα
924 1755 1036 1806 νυνὶ
1073 1752 1344 1821 θεώμενοι,
1399 1755 1467 1815 εἰς
1505 1751 1564 1806 ὃν
1588 1759 1796 1824 κατᾶραι
1822 1754 2143 1820 σπεύδοντες,
2182 1753 2244 1809 δι’
2266 1753 2408 1823 εὐχῆς

475 1838 621 1892 πάλιν
657 1838 750 1892 τόν
773 1838 950 1909 κύριον
977 1836 1232 1907 άξιοῦμεν·
1285 1837 1381 1906 ἤδη
1414 1839 1500 1906 μὲν
1537 1839 1722 1901 παντὸς
1760 1839 1927 1908 φόβου
1956 1841 2038 1893 καὶ
2066 1839 2296 1911 θορύβου
2323 1842 2407 1895 καὶ

475 1923 779 1986 ναυτιάσεως
807 1921 1242 1991 4ὖπολωφῶντες,
1295 1926 1387 1987 ἕξει
1418 1924 1469 1976 δὲ
1503 1928 1728 1998 καλλίστῃ
1763 1924 1887 1987 ὅτοὶς
1921 1923 2060 1979 ὃάπὸ
2093 1931 2180 1994 τῆς
2213 1930 2409 1996 στερεοῖς

478 2008 676 2081 Ταῦρας
708 2008 1058 2077 ἕμπνεόμενοι,
1095 2011 1180 2063 καὶ
1209 2007 1502 2076 ἀσφαλείας,
1552 2011 1636 2062 καὶ
1663 2016 1753 2063 τοῦ
1783 2031 1832 2063 τε
1862 2010 2032 2065 εὐδίου
2065 2012 2271 2079 λιμένος,
2311 2013 2404 2074 ἑνι-

475 2095 737 2164 σχυόμενοι
763 2100 832 2167 τῷ
857 2095 1096 2164 πνεύματι
1125 2093 1222 2163 ἤδη
1249 2096 1554 2165 γεγήθαμεν,
1594 2093 1747 2147 πολλοὶ
1774 2096 1888 2163 μὲν,
1944 2098 1988 2148 εἰ
2008 2099 2086 2149 δεῖ
2112 2095 2308 2164 τάληθῆ
2331 2096 2403 2148 λε’-

474 2202 590 2251 γειν,
631 2179 861 2251 μοχθηροὶ
888 2183 969 2234 ἐπὶ
994 2180 1190 2243 τούτοις
1210 2182 1293 2232 καὶ
1319 2179 1488 2250 ὕβρεις
1510 2177 1570 2233 ού
1592 2178 1679 2241 τοὶς
1701 2179 1938 2248 τυχούσας
1962 2178 2280 2246 ὑποστάντες,
2318 2182 2400 2234 καὶ

473 2272 566 2337 γῆν
595 2268 680 2319 καὶ
709 2265 984 2332 θάλατταν,
1036 2264 1104 2329 ῶς
1141 2269 1319 2330 εἰπεῖν,
1371 2265 1684 2329 πεζεύσαντές
1720 2286 1771 2317 τε
1807 2267 1889 2318 καὶ
1927 2266 2401 2337 ποντοπορήσαντες,

473 2357 564 2419 τῆς
592 2352 679 2419 μὲν
705 2359 797 2423 γῆς
825 2350 885 2405 τοὶ
912 2358 1088 2422 τραχῆ,
1126 2353 1209 2404 καὶ
1240 2357 1326 2418 τῆς
1354 2348 1540 2418 ἐρήμου
1572 2349 1660 2411 τοὶς
1688 2354 1973 2421 δυςχωρίας,
2011 2354 2094 2405 καὶ
2122 2358 2218 2405 τῶν
2241 2372 2403 2421 προει-

473 2437 699 2507 ρημένων
725 2443 944 2508 πελαγῶν
970 2436 1089 2498 τούς
1116 2437 1410 2499 κινδύνους,
1450 2432 1580 2503 όμοῦ
1608 2457 1656 2488 τε
1685 2434 1830 2489 πόλιν
1867 2434 2103 2506 ὁρῶντες,
2142 2435 2216 2491 ἐπ’
2245 2435 2399 2505 αὐτὴν

472 2520 786 2589 σπεύσωμεν,
825 2522 914 2590 τήν
943 2520 1085 2592 ἁγίαν
1119 2519 1455 2591 Ἰερουσαλὴμ,
1505 2522 1590 2573 καὶ
1624 2519 1712 2588 τὴν
1739 2523 1994 2591 παρθένον
2025 2528 2266 2594 Χριστοῦ,
2317 2523 2399 2575 καὶ

475 2605 696 2675 νύμφην,
736 2607 933 2675 ἀσφαλῆ
964 2629 1013 2660 τε
1037 2606 1200 2675 βάσιν,
1240 2608 1323 2659 καὶ
1349 2608 1545 2676 πέτραν,
1588 2605 1769 2675 σεμνήν
1796 2628 1845 2660 τε
1871 2609 2055 2678 μητέρα
2077 2605 2235 2676 ἡμῶν,
2279 2612 2399 2678 Χρι-

472 2697 591 2745 στοῦ
621 2690 850 2761 νύμφην,
902 2691 1224 2763 εὐκαιρότατα
1254 2694 1339 2744 καὶ
1380 2691 1523 2745 αὐτοὶ
1560 2693 1802 2762 λέγοντες,
1850 2698 2004 2746 Δεῦτε
2040 2693 2300 2761 ἀναβῶμεν
2331 2694 2401 2755 εἷς

472 2775 528 2831 τὸ
559 2774 678 2847 ὅρος
707 2782 900 2849 κυρίου,
940 2779 1023 2831 καὶ
1051 2780 1118 2840 εἰς
1139 2777 1225 2831 τὸν
1253 2774 1388 2831 οἷκον
1412 2783 1499 2831 τοῦ
1523 2783 1648 2831 θεοῦ
1665 2776 1862 2845 Ἰάκωβ,
1900 2779 1983 2831 καὶ
2010 2776 2262 2849 ἀναγγελεῖ
2281 2775 2401 2846 ἡμῖν

471 2861 561 2931 τὴν
599 2860 719 2917 ὁδόν
756 2863 937 2929 αὐτοῦ,
974 2865 1060 2916 καὶ
1095 2862 1155 2916 τοὶ
1192 2865 1313 2931 ἑξῆς.

602 3032 722 3104 ’Ἀγε
764 3037 932 3087 τοίνυν
972 3037 1023 3087 οἷ
1047 3039 1264 3105 Χριστοῦ
1306 3037 1502 3097 παῖδες,
1551 3035 1652 3087 υίοὶ
1677 3040 1763 3101 τῆς
1802 3031 1943 3103 ἁγίας
1975 3039 2099 3087 θεοῦ
2128 3035 2396 3101 ἐκκλησίας,

478 3121 529 3173 οἷ
550 3118 662 3172 τόδε
698 3117 752 3173 τό
786 3118 1037 3189 σύνταγμα
1072 3126 1170 3173 τῶν
1204 3118 1508 3189 ὀγδοήκοντα
1547 3120 1780 3189 αἱρέσεων
1821 3116 2016 3188 ἡμέρως
2054 3116 2172 3171 αύτὸ
2212 3118 2397 3190 διερχό-

474 3225 638 3272 μενοι,
687 3207 772 3257 καὶ
801 3204 892 3257 σῦν
919 3206 1028 3272 ἐμοὶ
1054 3204 1138 3258 τὸν
1164 3211 1387 3257 τοιοῦτον
1425 3202 1574 3273 ὄγκον
1609 3211 1706 3256 τῶν
1734 3205 2102 3274 προειρημένων
2130 3210 2398 3274 μοχθηρῶν

475 3292 804 3343 διδασκαλιῶν
844 3289 1214 3358 διανηξάμενοι,
1267 3288 1663 3352 διαπεζεύσαντές
1700 3310 1750 3342 τε
1784 3286 1873 3355 τήν
1910 3286 2150 3356 τοσαύτην
2193 3291 2394 3358 ἔρημον,

474 3373 695 3445 φοβεράν
734 3396 810 3441 τε,
856 3377 946 3428 μκαὶ
981 3378 1033 3429 ἐν
1072 3379 1209 3443 δίψει
1244 3376 1685 3444 κατατεταγμένην,
1737 3371 2137 3441 ἐπικαλεσώμεθα
2173 3373 2260 3429 τόν
2297 3380 2396 3429 τῶν

533 3602 628 3644 CAP.
648 3607 678 3644 Ι.
710 3628 763 3636 -
798 3606 831 3646 1.
879 3603 1144 3660 βουλεύματα
1171 3607 1254 3646 cod.
1269 3608 1346 3646 Ien.
1373 3610 1406 3645 et
1520 3605 1560 3646 3.
1591 3602 1788 3656 κύρτασιν
1826 3604 1938 3643 codd.
1964 3615 2053 3644 mss.
2092 3609 2126 3644 et
2153 3606 2242 3645 edit.
2268 3595 2393 3656 brino.

474 3660 534 3698 ed.
562 3663 684 3708 princ.
742 3663 786 3702 In
811 3664 893 3702 cod.
917 3664 1076 3713 Rhediy.
1107 3664 1242 3702 eadem
1267 3673 1408 3702 manus
1464 3657 1669 3714 κύρτωσιν
1698 3661 1787 3699 edit.
1802 3661 1936 3700 Petav.
1978 3662 2164 3702 Similiter
2185 3663 2278 3702 haec
2304 3674 2395 3702 con-

473 3718 634 3783 νεετῐίιιὶῖ
663 3714 926 3771 βουλεύματα
952 3731 999 3758 ex
1025 3716 1329 3773 βουλευμάτων.
1461 3719 1588 3757 iunxit
1617 3718 1721 3756 haer.
1748 3714 1818 3765 69,
1847 3715 1914 3757 79.
1975 3710 2100 3770 ἅγριοὶ
2125 3731 2171 3760 τε
2195 3712 2392 3771 κυμάτων

531 3770 568 3809 2.
603 3774 813 3815 Cornarius
850 3777 1045 3814 transtulit
1087 3775 1151 3814 vix
1188 3775 1352 3813 tandem
1383 3789 1404 3813 a
1463 3769 1739 3825 κυρτώματα,
1783 3768 2018 3825 ἅφρισμοῦς
2058 3772 2105 3817 δὲ
2133 3775 2288 3828 (repone
2324 3776 2389 3828 τε)

476 3826 781 3879 quaestionibus
812 3830 1070 3884 undiquaque
1102 3831 1302 3871 extricati.
1461 3829 1534 3872 καὶ
1565 3825 1716 3875 σάλους
1746 3828 1915 3876 δεινούς.
