<?xml version="1.0" encoding="UTF-8"?>
<!DOCTYPE html PUBLIC "-//W3C//DTD XHTML 1.0 Transitional//EN"
    "http://www.w3.org/TR/xhtml1/DTD/xhtml1-transitional.dtd">
<html xmlns="http://www.w3.org/1999/xhtml" xml:lang="en" lang="en">
 <head>
  <title>
</title>
<meta http-equiv="Content-Type" content="text/html;charset=utf-8" />
  <meta name='ocr-system' content='tesseract 3.04.00' />
  <meta name='ocr-capabilities' content='ocr_page ocr_carea ocr_par ocr_line ocrx_word'/>
</head>
<body>
  <div class='ocr_page' id='page_1' title='image "./pt3corporishaere02epipuoft_0358.png"; bbox 0 0 2508 4134; ppageno 0'>
   <div class='ocr_carea' id='block_1_1' title="bbox 203 1500 410 1548">
    <p class='ocr_par' dir='ltr' id='par_1_1' title="bbox 203 1500 410 1548">
     <span class='ocr_line' id='line_1_1' title="bbox 203 1500 410 1548; baseline -0.005 -12"><span class='ocrx_word' id='word_1_1' title='bbox 203 1510 289 1548; x_wconf 77' lang='lat' dir='ltr'><strong>pag.</strong></span> <span class='ocrx_word' id='word_1_2' title='bbox 314 1500 410 1535; x_wconf 84' lang='lat'><strong>1003.</strong></span> 
     </span>
    </p>
   </div>
   <div class='ocr_carea' id='block_1_2' title="bbox 204 1830 403 1887">
    <p class='ocr_par' dir='ltr' id='par_1_2' title="bbox 204 1830 403 1887">
     <span class='ocr_line' id='line_1_2' title="bbox 204 1830 403 1887; baseline -0.015 -11"><span class='ocrx_word' id='word_1_3' title='bbox 204 1832 316 1887; x_wconf 87' lang='grc' dir='ltr'>Κεφ.</span> <span class='ocrx_word' id='word_1_4' title='bbox 349 1830 403 1876; x_wconf 63' lang='lat'><strong><em>5&#39;.</em></strong></span> 
     </span>
    </p>
   </div>
   <div class='ocr_carea' id='block_1_3' title="bbox 433 255 1659 306">
    <p class='ocr_par' dir='ltr' id='par_1_3' title="bbox 433 255 1659 306">
     <span class='ocr_line' id='line_1_3' title="bbox 433 255 1659 306; baseline -0.002 0"><span class='ocrx_word' id='word_1_5' title='bbox 433 255 536 306; x_wconf 85' lang='lat'><strong><em>348</em></strong></span> <span class='ocrx_word' id='word_1_6' title='bbox 872 298 874 300; x_wconf 92' lang='lat'>.</span> <span class='ocrx_word' id='word_1_7' title='bbox 1140 260 1346 303; x_wconf 73' lang='lat' dir='ltr'><strong>SANcT1</strong></span> <span class='ocrx_word' id='word_1_8' title='bbox 1373 262 1659 303; x_wconf 80' lang='lat' dir='ltr'>EPIPHANII</span> 
     </span>
    </p>
   </div>
   <div class='ocr_carea' id='block_1_4' title="bbox 428 356 2368 1627">
    <p class='ocr_par' dir='ltr' id='par_1_4' title="bbox 428 356 2368 1627">
     <span class='ocr_line' id='line_1_4' title="bbox 435 356 2365 432; baseline 0.002 -18"><span class='ocrx_word' id='word_1_9' title='bbox 435 359 660 428; x_wconf 79' lang='grc' dir='ltr'><strong><em>σώματος</em></strong></span> <span class='ocrx_word' id='word_1_10' title='bbox 687 359 996 427; x_wconf 82' lang='grc' dir='ltr'><strong><em>τυπτομένου</em></strong></span> <span class='ocrx_word' id='word_1_11' title='bbox 1022 357 1158 429; x_wconf 74' lang='grc' dir='ltr'><strong><em>παρα</em></strong></span> <span class='ocrx_word' id='word_1_12' title='bbox 1184 364 1274 412; x_wconf 85' lang='grc' dir='ltr'><strong><em>τοῦ</em></strong></span> <span class='ocrx_word' id='word_1_13' title='bbox 1305 356 1554 428; x_wconf 79' lang='grc' dir='ltr'><strong><em>ὖπηρέτου</em></strong></span> <span class='ocrx_word' id='word_1_14' title='bbox 1581 356 1649 422; x_wconf 74' lang='grc' dir='ltr'><strong><em>ὥς</em></strong></span> <span class='ocrx_word' id='word_1_15' title='bbox 1681 357 1831 422; x_wconf 74' lang='grc' dir='ltr'><strong><em>αὐτὸς</em></strong></span> <span class='ocrx_word' id='word_1_16' title='bbox 1857 359 2057 428; x_wconf 77' lang='grc' dir='ltr'><em>πάσχων</em></span> <span class='ocrx_word' id='word_1_17' title='bbox 2083 363 2212 432; x_wconf 72' lang='grc' dir='ltr'><strong><em>ἔλεγε</em></strong></span> <span class='ocrx_word' id='word_1_18' title='bbox 2226 403 2241 428; x_wconf 94' lang='grc'><strong><em>,</em></strong></span> <span class='ocrx_word' id='word_1_19' title='bbox 2307 365 2365 417; x_wconf 78' lang='grc' dir='ltr'><strong><em>Τί</em></strong></span> 
     </span>
     <span class='ocr_line' id='line_1_5' title="bbox 435 442 2361 518; baseline 0.002 -20"><span class='ocrx_word' id='word_1_20' title='bbox 435 467 492 514; x_wconf 90' lang='grc' dir='ltr'><strong><em>με</em></strong></span> <span class='ocrx_word' id='word_1_21' title='bbox 516 446 697 516; x_wconf 71' lang='grc' dir='ltr'><strong><em>δέρειςς</em></strong></span> <span class='ocrx_word' id='word_1_22' title='bbox 733 445 819 497; x_wconf 86' lang='grc' dir='ltr'><strong><em>καὶ</em></strong></span> <span class='ocrx_word' id='word_1_23' title='bbox 852 442 1110 511; x_wconf 69' lang='grc' dir='ltr'><strong><em>ἄψαυστος</em></strong></span> <span class='ocrx_word' id='word_1_24' title='bbox 1137 442 1204 497; x_wconf 72' lang='grc' dir='ltr'><strong><em>ὢν</em></strong></span> <span class='ocrx_word' id='word_1_25' title='bbox 1237 452 1258 482; x_wconf 82' lang='lat'>³</span> <span class='ocrx_word' id='word_1_26' title='bbox 1278 450 1336 518; x_wconf 81' lang='grc' dir='ltr'><strong><em>τῇ</em></strong></span> <span class='ocrx_word' id='word_1_27' title='bbox 1364 443 1537 511; x_wconf 86' lang='grc' dir='ltr'><strong><em>φύσει,</em></strong></span> <span class='ocrx_word' id='word_1_28' title='bbox 1586 444 1721 513; x_wconf 76' lang='grc' dir='ltr'><strong><em>ὅμως</em></strong></span> <span class='ocrx_word' id='word_1_29' title='bbox 1746 447 1899 515; x_wconf 77' lang='grc' dir='ltr'><strong><em>ἔλεγε,</em></strong></span> <span class='ocrx_word' id='word_1_30' title='bbox 1959 443 2056 499; x_wconf 82' lang='grc' dir='ltr'><strong><em>Τὸν</em></strong></span> <span class='ocrx_word' id='word_1_31' title='bbox 2079 446 2239 501; x_wconf 80' lang='grc' dir='ltr'><strong><em>νῶτόν</em></strong></span> <span class='ocrx_word' id='word_1_32' title='bbox 2263 470 2361 516; x_wconf 87' lang='grc' dir='ltr'><strong><em>μου</em></strong></span> 
     </span>
     <span class='ocr_line' id='line_1_6' title="bbox 433 528 2362 602; baseline 0.002 -18"><span class='ocrx_word' id='word_1_33' title='bbox 433 532 597 584; x_wconf 71' lang='grc' dir='ltr'><strong><em>ἔδωκα</em></strong></span> <span class='ocrx_word' id='word_1_34' title='bbox 638 533 707 592; x_wconf 78' lang='grc' dir='ltr'><strong><em>εἷς</em></strong></span> <span class='ocrx_word' id='word_1_35' title='bbox 739 528 1004 600; x_wconf 75' lang='grc' dir='ltr'><strong><em>μάστιγας,</em></strong></span> <span class='ocrx_word' id='word_1_36' title='bbox 1057 531 1186 583; x_wconf 83' lang='grc' dir='ltr'><strong><em>4καὶ</em></strong></span> <span class='ocrx_word' id='word_1_37' title='bbox 1226 528 1281 584; x_wconf 75' lang='grc' dir='ltr'><strong><em>τό</em></strong></span> <span class='ocrx_word' id='word_1_38' title='bbox 1323 528 1591 600; x_wconf 86' lang='grc' dir='ltr'><strong><em>πρόςωπόν</em></strong></span> <span class='ocrx_word' id='word_1_39' title='bbox 1628 553 1724 598; x_wconf 93' lang='grc' dir='ltr'><strong><em>μου</em></strong></span> <span class='ocrx_word' id='word_1_40' title='bbox 1766 531 1860 584; x_wconf 80' lang='grc' dir='ltr'><strong><em>οὐκ</em></strong></span> <span class='ocrx_word' id='word_1_41' title='bbox 1894 528 2178 602; x_wconf 78' lang='grc' dir='ltr'><strong><em>ἄπέστρεψα</em></strong></span> <span class='ocrx_word' id='word_1_42' title='bbox 2221 531 2362 588; x_wconf 65' lang='grc' dir='ltr'><strong><em>ὓᾶπό</em></strong></span> 
     </span>
     <span class='ocr_line' id='line_1_7' title="bbox 435 612 2366 687; baseline 0.002 -18"><span class='ocrx_word' id='word_1_43' title='bbox 435 617 811 684; x_wconf 80' lang='grc' dir='ltr'><strong><em>ἔμπτυσμάτων.</em></strong></span> <span class='ocrx_word' id='word_1_44' title='bbox 887 615 952 667; x_wconf 75' lang='lat' dir='ltr'><strong><em>“A</em></strong></span> <span class='ocrx_word' id='word_1_45' title='bbox 990 614 1083 686; x_wconf 69' lang='grc' dir='ltr'><strong><em>γαρ</em></strong></span> <span class='ocrx_word' id='word_1_46' title='bbox 1127 613 1182 669; x_wconf 85' lang='grc' dir='ltr'>τὸ</span> <span class='ocrx_word' id='word_1_47' title='bbox 1225 612 1552 686; x_wconf 73' lang='grc' dir='ltr'><strong><em>ἅνθρώπινον</em></strong></span> <span class='ocrx_word' id='word_1_48' title='bbox 1592 617 1768 684; x_wconf 70' lang='grc' dir='ltr'><strong><em>ἔπασχε</em></strong></span> <span class='ocrx_word' id='word_1_49' title='bbox 1815 621 1940 670; x_wconf 71' lang='grc' dir='ltr'><strong><em>ὅτοῢ</em></strong></span> <span class='ocrx_word' id='word_1_50' title='bbox 1979 616 2158 687; x_wconf 82' lang='grc' dir='ltr'><strong><em>λόγου,</em></strong></span> <span class='ocrx_word' id='word_1_51' title='bbox 2209 623 2366 672; x_wconf 80' lang='grc' dir='ltr'><strong><em>ταῦτα</em></strong></span> 
     </span>
     <span class='ocr_line' id='line_1_8' title="bbox 434 699 2366 774; baseline 0.001 -19"><span class='ocrx_word' id='word_1_52' title='bbox 434 701 598 755; x_wconf 72' lang='grc' dir='ltr'><strong><em>συνών</em></strong></span> <span class='ocrx_word' id='word_1_53' title='bbox 640 699 772 773; x_wconf 77' lang='grc' dir='ltr'><strong><em>αὐτῷ</em></strong></span> <span class='ocrx_word' id='word_1_54' title='bbox 802 699 831 755; x_wconf 91' lang='lat'>6</span> <span class='ocrx_word' id='word_1_55' title='bbox 858 699 1002 771; x_wconf 84' lang='grc' dir='ltr'><strong><em>λόγος</em></strong></span> <span class='ocrx_word' id='word_1_56' title='bbox 1028 703 1097 767; x_wconf 85' lang='grc' dir='ltr'><strong><em>εἰς</em></strong></span> <span class='ocrx_word' id='word_1_57' title='bbox 1130 699 1306 754; x_wconf 83' lang='grc' dir='ltr'><strong><em>ἕαυτὸν</em></strong></span> <span class='ocrx_word' id='word_1_58' title='bbox 1342 701 1607 769; x_wconf 77' lang='grc' dir='ltr'><em>ἀνέφερεν,</em></span> <span class='ocrx_word' id='word_1_59' title='bbox 1659 704 1740 754; x_wconf 72' lang='grc' dir='ltr'><strong><em>ἵνα</em></strong></span> <span class='ocrx_word' id='word_1_60' title='bbox 1772 699 1954 769; x_wconf 69' lang='grc' dir='ltr'><strong><em>Τήμεῖς</em></strong></span> <span class='ocrx_word' id='word_1_61' title='bbox 1989 708 2078 769; x_wconf 84' lang='grc' dir='ltr'><strong><em>τῆς</em></strong></span> <span class='ocrx_word' id='word_1_62' title='bbox 2101 708 2191 756; x_wconf 83' lang='grc' dir='ltr'><strong><em>τοῦ</em></strong></span> <span class='ocrx_word' id='word_1_63' title='bbox 2216 701 2366 774; x_wconf 85' lang='grc' dir='ltr'><strong><em>λόγου</em></strong></span> 
     </span>
     <span class='ocr_line' id='line_1_9' title="bbox 428 780 2366 892; baseline 0.001 -52"><span class='ocrx_word' id='word_1_64' title='bbox 428 786 669 854; x_wconf 82' lang='grc' dir='ltr'><strong><em>θεότητος</em></strong></span> <span class='ocrx_word' id='word_1_65' title='bbox 710 790 1007 892; x_wconf 78' lang='grc' dir='ltr'><em>δυνηθῶμεν</em></span> <span class='ocrx_word' id='word_1_66' title='bbox 1046 794 1308 855; x_wconf 86' lang='grc' dir='ltr'><em>μετασχεῖν.</em></span> <span class='ocrx_word' id='word_1_67' title='bbox 1385 788 1487 838; x_wconf 89' lang='grc' dir='ltr'><strong><em>Καὶ</em></strong></span> <span class='ocrx_word' id='word_1_68' title='bbox 1528 780 1591 854; x_wconf 79' lang='grc' dir='ltr'><strong><em>ἧν</em></strong></span> <span class='ocrx_word' id='word_1_69' title='bbox 1618 784 1956 856; x_wconf 78' lang='grc' dir='ltr'><strong><em>παράδοξον</em></strong></span> <span class='ocrx_word' id='word_1_70' title='bbox 1938 786 2016 841; x_wconf 89' lang='grc' dir='ltr'><strong><em>ότι</em></strong></span> <span class='ocrx_word' id='word_1_71' title='bbox 2055 787 2207 850; x_wconf 76' lang='grc' dir='ltr'><strong><em>αὐτὸς</em></strong></span> <span class='ocrx_word' id='word_1_72' title='bbox 2233 782 2296 857; x_wconf 80' lang='grc' dir='ltr'><strong><em>ἦν</em></strong></span> <span class='ocrx_word' id='word_1_73' title='bbox 2333 786 2366 842; x_wconf 89' lang='lat'>6</span> 
     </span>
     <span class='ocr_line' id='line_1_10' title="bbox 433 867 2365 948; baseline 0.001 -23"><span class='ocrx_word' id='word_1_74' title='bbox 433 870 633 948; x_wconf 76' lang='grc' dir='ltr'><strong><em>πάσχων</em></strong></span> <span class='ocrx_word' id='word_1_75' title='bbox 661 873 745 925; x_wconf 82' lang='grc' dir='ltr'><strong><em>καὶ</em></strong></span> <span class='ocrx_word' id='word_1_76' title='bbox 771 870 838 940; x_wconf 85' lang='grc' dir='ltr'><strong><em>μὴ</em></strong></span> <span class='ocrx_word' id='word_1_77' title='bbox 870 890 1098 940; x_wconf 88' lang='grc' dir='ltr'><strong><em>πασχων,</em></strong></span> <span class='ocrx_word' id='word_1_78' title='bbox 1153 890 1354 941; x_wconf 86' lang='grc' dir='ltr'><strong><em>πασχων</em></strong></span> <span class='ocrx_word' id='word_1_79' title='bbox 1388 872 1499 939; x_wconf 82' lang='grc' dir='ltr'><strong><em>μὲν,</em></strong></span> <span class='ocrx_word' id='word_1_80' title='bbox 1539 871 1616 925; x_wconf 74' lang='grc' dir='ltr'><strong><em>ὅτι</em></strong></span> <span class='ocrx_word' id='word_1_81' title='bbox 1643 869 1697 924; x_wconf 72' lang='lat' dir='ltr'><strong><em>vd</em></strong></span> <span class='ocrx_word' id='word_1_82' title='bbox 1730 874 1858 925; x_wconf 74' lang='grc' dir='ltr'><strong><em>ἴδιον</em></strong></span> <span class='ocrx_word' id='word_1_83' title='bbox 1889 867 2045 926; x_wconf 81' lang='grc' dir='ltr'><strong><em>αὐτοῦ</em></strong></span> <span class='ocrx_word' id='word_1_84' title='bbox 2068 875 2244 942; x_wconf 75' lang='grc' dir='ltr'><strong><em>ἔπασχε</em></strong></span> <span class='ocrx_word' id='word_1_85' title='bbox 2271 879 2365 927; x_wconf 86' lang='grc' dir='ltr'><strong><em>σω-</em></strong></span> 
     </span>
     <span class='ocr_line' id='line_1_11' title="bbox 433 955 2366 1032; baseline 0.002 -22"><span class='ocrx_word' id='word_1_86' title='bbox 433 981 530 1026; x_wconf 90' lang='grc' dir='ltr'><strong><em>μα,</em></strong></span> <span class='ocrx_word' id='word_1_87' title='bbox 568 959 652 1010; x_wconf 80' lang='grc' dir='ltr'><strong><em>καὶ</em></strong></span> <span class='ocrx_word' id='word_1_88' title='bbox 683 960 735 1011; x_wconf 79' lang='grc' dir='ltr'><strong><em>ἐν</em></strong></span> <span class='ocrx_word' id='word_1_89' title='bbox 765 955 897 1030; x_wconf 79' lang='grc' dir='ltr'><strong><em>αὐτῷ</em></strong></span> <span class='ocrx_word' id='word_1_90' title='bbox 925 964 992 1031; x_wconf 79' lang='grc' dir='ltr'><strong><em>τῷ</em></strong></span> <span class='ocrx_word' id='word_1_91' title='bbox 1019 957 1254 1026; x_wconf 80' lang='grc' dir='ltr'><strong><em>πάσχοντι</em></strong></span> <span class='ocrx_word' id='word_1_92' title='bbox 1281 981 1370 1025; x_wconf 92' lang='grc' dir='ltr'><strong><em>ην,</em></strong></span> <span class='ocrx_word' id='word_1_93' title='bbox 1427 955 1494 1025; x_wconf 79' lang='grc' dir='ltr'><strong><em>μὴ</em></strong></span> <span class='ocrx_word' id='word_1_94' title='bbox 1521 957 1723 1026; x_wconf 86' lang='grc' dir='ltr'><strong><em>πασχων</em></strong></span> <span class='ocrx_word' id='word_1_95' title='bbox 1756 957 1834 1023; x_wconf 80' lang='grc' dir='ltr'><strong><em>δὲ,</em></strong></span> <span class='ocrx_word' id='word_1_96' title='bbox 1881 956 1958 1012; x_wconf 88' lang='grc' dir='ltr'><strong><em>ότι</em></strong></span> <span class='ocrx_word' id='word_1_97' title='bbox 1984 964 2043 1032; x_wconf 79' lang='grc' dir='ltr'><strong><em>τῇ</em></strong></span> <span class='ocrx_word' id='word_1_98' title='bbox 2070 957 2215 1026; x_wconf 88' lang='grc' dir='ltr'><strong><em>φύσει</em></strong></span> <span class='ocrx_word' id='word_1_99' title='bbox 2240 957 2366 1022; x_wconf 85' lang='grc' dir='ltr'><strong><em>θεος</em></strong></span> 
     </span>
     <span class='ocr_line' id='line_1_12' title="bbox 437 1038 2366 1117; baseline 0.001 -20"><span class='ocrx_word' id='word_1_100' title='bbox 437 1043 508 1097; x_wconf 65' lang='grc' dir='ltr'><strong><em>ὢν</em></strong></span> <span class='ocrx_word' id='word_1_101' title='bbox 542 1041 571 1097; x_wconf 86' lang='lat' dir='ltr'><strong><em>o‘</em></strong></span> <span class='ocrx_word' id='word_1_102' title='bbox 596 1043 741 1114; x_wconf 85' lang='grc' dir='ltr'><strong><em>λόγος</em></strong></span> <span class='ocrx_word' id='word_1_103' title='bbox 768 1041 975 1112; x_wconf 82' lang='grc' dir='ltr'><strong><em>απαθής</em></strong></span> <span class='ocrx_word' id='word_1_104' title='bbox 1007 1045 1119 1097; x_wconf 75' lang='grc' dir='ltr'><strong><em>ἔστι.</em></strong></span> <span class='ocrx_word' id='word_1_105' title='bbox 1196 1045 1297 1096; x_wconf 89' lang='grc' dir='ltr'><strong><em>Καὶ</em></strong></span> <span class='ocrx_word' id='word_1_106' title='bbox 1327 1041 1478 1104; x_wconf 75' lang='grc' dir='ltr'><strong><em>αυτὸς</em></strong></span> <span class='ocrx_word' id='word_1_107' title='bbox 1511 1043 1599 1110; x_wconf 80' lang='grc' dir='ltr'><strong><em>μὲν</em></strong></span> <span class='ocrx_word' id='word_1_108' title='bbox 1634 1048 1657 1079; x_wconf 82' lang='lat'>⁸</span> <span class='ocrx_word' id='word_1_109' title='bbox 1676 1040 1706 1095; x_wconf 93' lang='lat'>6</span> <span class='ocrx_word' id='word_1_110' title='bbox 1731 1039 1987 1110; x_wconf 77' lang='grc' dir='ltr'><strong><em>ἆσώματος</em></strong></span> <span class='ocrx_word' id='word_1_111' title='bbox 2009 1038 2074 1111; x_wconf 82' lang='grc' dir='ltr'><strong><em>ἦν</em></strong></span> <span class='ocrx_word' id='word_1_112' title='bbox 2100 1046 2152 1098; x_wconf 79' lang='grc' dir='ltr'><strong><em>ἐν</em></strong></span> <span class='ocrx_word' id='word_1_113' title='bbox 2182 1050 2251 1117; x_wconf 79' lang='grc' dir='ltr'><strong><em>τῷ</em></strong></span> <span class='ocrx_word' id='word_1_114' title='bbox 2274 1066 2366 1098; x_wconf 87' lang='grc' dir='ltr'><strong><em>πα-</em></strong></span> 
     </span>
     <span class='ocr_line' id='line_1_13' title="bbox 431 1126 2365 1203; baseline 0.001 -20"><span class='ocrx_word' id='word_1_115' title='bbox 431 1135 576 1203; x_wconf 78' lang='grc' dir='ltr'><strong><em>θητῷ</em></strong></span> <span class='ocrx_word' id='word_1_116' title='bbox 604 1128 819 1197; x_wconf 79' lang='grc' dir='ltr'><strong><em>σώματι,</em></strong></span> <span class='ocrx_word' id='word_1_117' title='bbox 858 1127 911 1182; x_wconf 87' lang='grc' dir='ltr'>τὸ</span> <span class='ocrx_word' id='word_1_118' title='bbox 943 1130 995 1182; x_wconf 84' lang='grc' dir='ltr'><strong><em>δὲ</em></strong></span> <span class='ocrx_word' id='word_1_119' title='bbox 1020 1135 1160 1198; x_wconf 77' lang='grc' dir='ltr'><strong><em>σῶμα</em></strong></span> <span class='ocrx_word' id='word_1_120' title='bbox 1197 1131 1371 1197; x_wconf 74' lang='grc' dir='ltr'><strong><em>9ἕσχεν</em></strong></span> <span class='ocrx_word' id='word_1_121' title='bbox 1398 1130 1451 1181; x_wconf 79' lang='grc' dir='ltr'><strong><em>ἐν</em></strong></span> <span class='ocrx_word' id='word_1_122' title='bbox 1478 1129 1636 1201; x_wconf 76' lang='grc' dir='ltr'><strong><em>ἑαυτῷ</em></strong></span> <span class='ocrx_word' id='word_1_123' title='bbox 1662 1126 1747 1181; x_wconf 83' lang='grc' dir='ltr'><strong><em>τὸν</em></strong></span> <span class='ocrx_word' id='word_1_124' title='bbox 1774 1128 1955 1196; x_wconf 79' lang='grc' dir='ltr'><strong><em>ἆπαθῆ</em></strong></span> <span class='ocrx_word' id='word_1_125' title='bbox 1978 1127 2150 1199; x_wconf 88' lang='grc' dir='ltr'><strong><em>λόγον,</em></strong></span> <span class='ocrx_word' id='word_1_126' title='bbox 2187 1127 2365 1198; x_wconf 70' lang='grc' dir='ltr'><strong><em>ἀφανί-</em></strong></span> 
     </span>
     <span class='ocr_line' id='line_1_14' title="bbox 432 1211 2364 1282; baseline 0.001 -13"><span class='ocrx_word' id='word_1_127' title='bbox 432 1222 575 1281; x_wconf 81' lang='grc' dir='ltr'><strong><em>ζοντα</em></strong></span> <span class='ocrx_word' id='word_1_128' title='bbox 625 1214 781 1277; x_wconf 79' lang='grc' dir='ltr'><strong><em>ιοτοὶς</em></strong></span> <span class='ocrx_word' id='word_1_129' title='bbox 820 1214 1083 1276; x_wconf 78' lang='grc' dir='ltr'><em>ἀσθενείας</em></span> <span class='ocrx_word' id='word_1_130' title='bbox 1125 1214 1280 1268; x_wconf 83' lang='grc' dir='ltr'><strong><em>αὐτοῦ</em></strong></span> <span class='ocrx_word' id='word_1_131' title='bbox 1326 1220 1415 1267; x_wconf 84' lang='grc' dir='ltr'><strong><em>τοῦ</em></strong></span> <span class='ocrx_word' id='word_1_132' title='bbox 1451 1213 1689 1281; x_wconf 76' lang='grc' dir='ltr'><strong><em>σώματος.</em></strong></span> <span class='ocrx_word' id='word_1_133' title='bbox 1758 1211 1944 1267; x_wconf 87' lang='grc' dir='ltr'><strong><em>Ἐποίει</em></strong></span> <span class='ocrx_word' id='word_1_134' title='bbox 1972 1214 2026 1268; x_wconf 83' lang='grc' dir='ltr'><strong><em>δὲ</em></strong></span> <span class='ocrx_word' id='word_1_135' title='bbox 2056 1220 2229 1282; x_wconf 84' lang='grc' dir='ltr'><strong><em>τοῦτο,</em></strong></span> <span class='ocrx_word' id='word_1_136' title='bbox 2279 1217 2364 1270; x_wconf 78' lang='grc' dir='ltr'><strong><em>καὶ</em></strong></span> 
     </span>
     <span class='ocr_line' id='line_1_15' title="bbox 442 1297 2368 1372; baseline 0.001 -18"><span class='ocrx_word' id='word_1_137' title='bbox 442 1308 458 1338; x_wconf 89' lang='lat'>¹</span> <span class='ocrx_word' id='word_1_138' title='bbox 477 1308 496 1339; x_wconf 86' lang='lat'>1</span> <span class='ocrx_word' id='word_1_139' title='bbox 517 1304 697 1372; x_wconf 81' lang='grc' dir='ltr'><strong><em>ἐγίνετο</em></strong></span> <span class='ocrx_word' id='word_1_140' title='bbox 736 1300 923 1365; x_wconf 74' lang='grc' dir='ltr'><strong><em>οὕτως,</em></strong></span> <span class='ocrx_word' id='word_1_141' title='bbox 973 1303 1054 1354; x_wconf 77' lang='grc' dir='ltr'><strong><em>’ἵνα</em></strong></span> <span class='ocrx_word' id='word_1_142' title='bbox 1093 1300 1154 1352; x_wconf 77' lang='grc' dir='ltr'><strong><em>τοὶ</em></strong></span> <span class='ocrx_word' id='word_1_143' title='bbox 1188 1297 1328 1368; x_wconf 76' lang='grc' dir='ltr'><strong><em>ἡμῶν</em></strong></span> <span class='ocrx_word' id='word_1_144' title='bbox 1357 1298 1510 1362; x_wconf 77' lang='grc' dir='ltr'><strong><em>αὐτός</em></strong></span> <span class='ocrx_word' id='word_1_145' title='bbox 1541 1301 1797 1367; x_wconf 84' lang='grc' dir='ltr'><strong><em>δεχόμενος</em></strong></span> <span class='ocrx_word' id='word_1_146' title='bbox 1821 1300 1904 1353; x_wconf 78' lang='grc' dir='ltr'><strong><em>καὶ</em></strong></span> <span class='ocrx_word' id='word_1_147' title='bbox 1933 1299 2271 1372; x_wconf 71' lang='grc' dir='ltr'><strong><em>προςενεγκῶν</em></strong></span> <span class='ocrx_word' id='word_1_148' title='bbox 2298 1304 2368 1364; x_wconf 80' lang='grc' dir='ltr'><strong><em>εἷς</em></strong></span> 
     </span>
     <span class='ocr_line' id='line_1_16' title="bbox 435 1383 2365 1463; baseline 0.001 -23"><span class='ocrx_word' id='word_1_149' title='bbox 435 1390 623 1440; x_wconf 81' lang='grc' dir='ltr'><strong><em>θυσίαν</em></strong></span> <span class='ocrx_word' id='word_1_150' title='bbox 664 1389 963 1460; x_wconf 81' lang='grc' dir='ltr'><strong><em>ἐξαφανίσῃ,</em></strong></span> <span class='ocrx_word' id='word_1_151' title='bbox 1018 1387 1104 1439; x_wconf 86' lang='grc' dir='ltr'><strong><em>καὶ</em></strong></span> <span class='ocrx_word' id='word_1_152' title='bbox 1141 1384 1318 1439; x_wconf 80' lang='grc' dir='ltr'><strong><em>λοιπόν</em></strong></span> <span class='ocrx_word' id='word_1_153' title='bbox 1354 1393 1459 1448; x_wconf 88' lang='grc' dir='ltr'><strong><em>τοῖς</em></strong></span> <span class='ocrx_word' id='word_1_154' title='bbox 1497 1387 1676 1439; x_wconf 76' lang='grc' dir='ltr'><strong><em>ἑαυτοῦ</em></strong></span> <span class='ocrx_word' id='word_1_155' title='bbox 1712 1383 1987 1455; x_wconf 71' lang='grc' dir='ltr'><strong><em>περιβαλών</em></strong></span> <span class='ocrx_word' id='word_1_156' title='bbox 2015 1383 2144 1454; x_wconf 80' lang='grc' dir='ltr'><strong><em>ἡμᾶς</em></strong></span> <span class='ocrx_word' id='word_1_157' title='bbox 2180 1385 2365 1463; x_wconf 79' lang='grc' dir='ltr'><strong><em>ποιήσῃ</em></strong></span> 
     </span>
     <span class='ocr_line' id='line_1_17' title="bbox 436 1469 2365 1545; baseline 0.001 -20"><span class='ocrx_word' id='word_1_158' title='bbox 436 1472 522 1527; x_wconf 77' lang='grc' dir='ltr'><strong><em>τόν</em></strong></span> <span class='ocrx_word' id='word_1_159' title='bbox 550 1471 823 1526; x_wconf 75' lang='grc' dir='ltr'><strong><em>ἀπόστολον</em></strong></span> <span class='ocrx_word' id='word_1_160' title='bbox 849 1475 1031 1537; x_wconf 86' lang='grc' dir='ltr'><strong><em>εἰπεῖν,</em></strong></span> <span class='ocrx_word' id='word_1_161' title='bbox 1085 1479 1180 1524; x_wconf 87' lang='grc' dir='ltr'><strong><em>Δεῖ</em></strong></span> <span class='ocrx_word' id='word_1_162' title='bbox 1203 1469 1257 1524; x_wconf 68' lang='lat' dir='ltr'><strong><em>vd</em></strong></span> <span class='ocrx_word' id='word_1_163' title='bbox 1288 1470 1521 1541; x_wconf 77' lang='grc' dir='ltr'><strong><em>φθαρτόν</em></strong></span> <span class='ocrx_word' id='word_1_164' title='bbox 1543 1477 1688 1525; x_wconf 83' lang='grc' dir='ltr'><strong><em>τοῦτο</em></strong></span> <span class='ocrx_word' id='word_1_165' title='bbox 1722 1469 2027 1525; x_wconf 77' lang='grc' dir='ltr'><strong><em>ἐνδύσασθαι</em></strong></span> <span class='ocrx_word' id='word_1_166' title='bbox 2053 1471 2365 1545; x_wconf 77' lang='grc' dir='ltr'><strong><em>ἀφθαρσίαν,</em></strong></span> 
     </span>
     <span class='ocr_line' id='line_1_18' title="bbox 435 1555 1700 1627; baseline -0.002 -15"><span class='ocrx_word' id='word_1_167' title='bbox 435 1560 520 1612; x_wconf 82' lang='grc' dir='ltr'><strong><em>καὶ</em></strong></span> <span class='ocrx_word' id='word_1_168' title='bbox 557 1556 611 1612; x_wconf 71' lang='lat' dir='ltr'><strong><em>vd</em></strong></span> <span class='ocrx_word' id='word_1_169' title='bbox 650 1557 840 1627; x_wconf 76' lang='grc' dir='ltr'><strong><em>θνητὸν</em></strong></span> <span class='ocrx_word' id='word_1_170' title='bbox 875 1564 1022 1612; x_wconf 88' lang='grc' dir='ltr'><strong><em>τοῦτο</em></strong></span> <span class='ocrx_word' id='word_1_171' title='bbox 1061 1556 1367 1612; x_wconf 78' lang='grc' dir='ltr'><strong><em>ἐνδύσασθαι</em></strong></span> <span class='ocrx_word' id='word_1_172' title='bbox 1404 1555 1700 1612; x_wconf 72' lang='grc' dir='ltr'><strong><em>ἀθανασίαν.</em></strong></span> 
     </span>
    </p>
   </div>
   <div class='ocr_carea' id='block_1_5' title="bbox 431 1810 2374 3342">
    <p class='ocr_par' dir='ltr' id='par_1_5' title="bbox 431 1810 2374 3342">
     <span class='ocr_line' id='line_1_19' title="bbox 582 1810 2365 1886; baseline -0.001 -16"><span class='ocrx_word' id='word_1_173' title='bbox 582 1814 657 1870; x_wconf 78' lang='grc' dir='ltr'><strong><em>Οὐ</em></strong></span> <span class='ocrx_word' id='word_1_174' title='bbox 681 1819 818 1870; x_wconf 83' lang='grc' dir='ltr'><strong><em>θέσει</em></strong></span> <span class='ocrx_word' id='word_1_175' title='bbox 849 1816 902 1869; x_wconf 81' lang='grc' dir='ltr'><strong><em>δὲ</em></strong></span> <span class='ocrx_word' id='word_1_176' title='bbox 927 1820 1079 1868; x_wconf 85' lang='grc' dir='ltr'><strong><em>ταῦτα</em></strong></span> <span class='ocrx_word' id='word_1_177' title='bbox 1105 1816 1305 1885; x_wconf 78' lang='grc' dir='ltr'><strong><em>ἐγίνετο,</em></strong></span> <span class='ocrx_word' id='word_1_178' title='bbox 1343 1813 1409 1883; x_wconf 81' lang='grc' dir='ltr'><strong><em>μὴ</em></strong></span> <span class='ocrx_word' id='word_1_179' title='bbox 1433 1816 1643 1886; x_wconf 87' lang='grc' dir='ltr'><strong><em>γένοιτο,</em></strong></span> <span class='ocrx_word' id='word_1_180' title='bbox 1683 1813 1752 1877; x_wconf 72' lang='grc' dir='ltr'><strong><em>ὥς</em></strong></span> <span class='ocrx_word' id='word_1_181' title='bbox 1777 1835 1904 1876; x_wconf 89' lang='grc' dir='ltr'><strong><em>τινες</em></strong></span> <span class='ocrx_word' id='word_1_182' title='bbox 1928 1812 2077 1867; x_wconf 81' lang='grc' dir='ltr'><strong><em>πάλιν</em></strong></span> <span class='ocrx_word' id='word_1_183' title='bbox 2102 1810 2365 1882; x_wconf 82' lang='grc' dir='ltr'><strong><em>ὖπέλαβον,</em></strong></span> 
     </span>
     <span class='ocr_line' id='line_1_20' title="bbox 435 1898 2367 1973; baseline -0.002 -17"><span class='ocrx_word' id='word_1_184' title='bbox 435 1901 554 1957; x_wconf 70' lang='grc' dir='ltr'><strong><em>ἄλλα</em></strong></span> <span class='ocrx_word' id='word_1_185' title='bbox 592 1908 611 1940; x_wconf 85' lang='lat'>1</span> <span class='ocrx_word' id='word_1_186' title='bbox 632 1900 774 1964; x_wconf 75' lang='grc' dir='ltr'><strong><em>ὄντος</em></strong></span> <span class='ocrx_word' id='word_1_187' title='bbox 803 1899 1085 1972; x_wconf 69' lang='grc' dir='ltr'><strong><em>ἀνθρώπου</em></strong></span> <span class='ocrx_word' id='word_1_188' title='bbox 1114 1900 1324 1973; x_wconf 77' lang='grc' dir='ltr'><strong><em>ἀληθείᾳ</em></strong></span> <span class='ocrx_word' id='word_1_189' title='bbox 1350 1902 1617 1971; x_wconf 86' lang='grc' dir='ltr'><strong><em>γενομένου</em></strong></span> <span class='ocrx_word' id='word_1_190' title='bbox 1646 1906 1737 1954; x_wconf 88' lang='grc' dir='ltr'><strong><em>τοῦ</em></strong></span> <span class='ocrx_word' id='word_1_191' title='bbox 1767 1905 1990 1971; x_wconf 79' lang='grc' dir='ltr'><strong><em>σωτῆρος</em></strong></span> <span class='ocrx_word' id='word_1_192' title='bbox 2020 1898 2138 1953; x_wconf 75' lang='grc' dir='ltr'><strong><em>ὅλου</em></strong></span> <span class='ocrx_word' id='word_1_193' title='bbox 2166 1905 2255 1953; x_wconf 84' lang='grc' dir='ltr'><strong><em>τοῦ</em></strong></span> <span class='ocrx_word' id='word_1_194' title='bbox 2282 1899 2367 1953; x_wconf 80' lang='grc' dir='ltr'><strong><em>ἇν-</em></strong></span> 
     </span>
     <span class='ocr_line' id='line_1_21' title="bbox 431 1980 2368 2060; baseline -0.001 -18"><span class='ocrx_word' id='word_1_195' title='bbox 431 1987 649 2060; x_wconf 78' lang='grc' dir='ltr'><strong><em>θρώπου</em></strong></span> <span class='ocrx_word' id='word_1_196' title='bbox 690 1991 905 2057; x_wconf 89' lang='grc' dir='ltr'><strong><em>σωτηρία</em></strong></span> <span class='ocrx_word' id='word_1_197' title='bbox 939 1993 964 2024; x_wconf 79' lang='lat'>²</span> <span class='ocrx_word' id='word_1_198' title='bbox 983 1989 1184 2058; x_wconf 79' lang='grc' dir='ltr'><strong><em>ἐγένετο.</em></strong></span> <span class='ocrx_word' id='word_1_199' title='bbox 1260 1990 1331 2039; x_wconf 84' lang='grc' dir='ltr'><strong><em>Εἰ</em></strong></span> <span class='ocrx_word' id='word_1_200' title='bbox 1353 1985 1445 2057; x_wconf 76' lang='grc' dir='ltr'><strong><em>γαρ</em></strong></span> <span class='ocrx_word' id='word_1_201' title='bbox 1479 1988 1616 2040; x_wconf 89' lang='grc' dir='ltr'><strong><em>θέσει</em></strong></span> <span class='ocrx_word' id='word_1_202' title='bbox 1641 1980 1705 2054; x_wconf 77' lang='grc' dir='ltr'><strong><em>ἦν</em></strong></span> <span class='ocrx_word' id='word_1_203' title='bbox 1739 1992 1760 2023; x_wconf 76' lang='lat'>3</span> <span class='ocrx_word' id='word_1_204' title='bbox 1777 1988 1829 2039; x_wconf 81' lang='grc' dir='ltr'><strong><em>ἒν</em></strong></span> <span class='ocrx_word' id='word_1_205' title='bbox 1857 1991 1926 2059; x_wconf 79' lang='grc' dir='ltr'><strong><em>τῷ</em></strong></span> <span class='ocrx_word' id='word_1_206' title='bbox 1951 1983 2139 2054; x_wconf 76' lang='grc' dir='ltr'><strong><em>σώματι</em></strong></span> <span class='ocrx_word' id='word_1_207' title='bbox 2167 1983 2197 2039; x_wconf 88' lang='lat'>6</span> <span class='ocrx_word' id='word_1_208' title='bbox 2223 1984 2368 2057; x_wconf 86' lang='grc' dir='ltr'><strong><em>λόγος</em></strong></span> 
     </span>
     <span class='ocr_line' id='line_1_22' title="bbox 434 2068 2368 2143; baseline -0.002 -14"><span class='ocrx_word' id='word_1_209' title='bbox 434 2073 538 2129; x_wconf 86' lang='grc' dir='ltr'><strong><em>κατ’</em></strong></span> <span class='ocrx_word' id='word_1_210' title='bbox 567 2077 811 2138; x_wconf 78' lang='grc' dir='ltr'><strong><em>ἐκείνους,</em></strong></span> <span class='ocrx_word' id='word_1_211' title='bbox 850 2072 905 2127; x_wconf 73' lang='lat' dir='ltr'><strong><em>vd</em></strong></span> <span class='ocrx_word' id='word_1_212' title='bbox 935 2074 987 2126; x_wconf 82' lang='grc' dir='ltr'><strong><em>δὲ</em></strong></span> <span class='ocrx_word' id='word_1_213' title='bbox 1013 2075 1152 2127; x_wconf 88' lang='grc' dir='ltr'><strong><em>θέσει</em></strong></span> <span class='ocrx_word' id='word_1_214' title='bbox 1175 2071 1433 2143; x_wconf 89' lang='grc' dir='ltr'><strong><em>λεγόμενον</em></strong></span> <span class='ocrx_word' id='word_1_215' title='bbox 1454 2076 1703 2139; x_wconf 85' lang='grc' dir='ltr'><strong><em>φαντασία</em></strong></span> <span class='ocrx_word' id='word_1_216' title='bbox 1729 2073 1884 2137; x_wconf 80' lang='grc' dir='ltr'><strong><em>ἐστὶν,</em></strong></span> <span class='ocrx_word' id='word_1_217' title='bbox 1923 2068 2194 2142; x_wconf 75' lang='grc' dir='ltr'><strong><em>εὑρίσκεται</em></strong></span> <span class='ocrx_word' id='word_1_218' title='bbox 2216 2070 2368 2140; x_wconf 87' lang='grc' dir='ltr'><strong><em>δοκή-</em></strong></span> 
     </span>
     <span class='ocr_line' id='line_1_23' title="bbox 434 2155 2368 2230; baseline -0.002 -16"><span class='ocrx_word' id='word_1_219' title='bbox 434 2180 504 2214; x_wconf 91' lang='grc' dir='ltr'><strong><em>σει</em></strong></span> <span class='ocrx_word' id='word_1_220' title='bbox 541 2162 625 2214; x_wconf 86' lang='grc' dir='ltr'><strong><em>καὶ</em></strong></span> <span class='ocrx_word' id='word_1_221' title='bbox 669 2158 703 2228; x_wconf 77' lang='grc' dir='ltr'><em>ἦ</em></span> <span class='ocrx_word' id='word_1_222' title='bbox 735 2162 950 2230; x_wconf 89' lang='grc' dir='ltr'><strong><em>σωτηρία</em></strong></span> <span class='ocrx_word' id='word_1_223' title='bbox 987 2161 1073 2213; x_wconf 81' lang='grc' dir='ltr'><strong><em>καὶ</em></strong></span> <span class='ocrx_word' id='word_1_224' title='bbox 1116 2157 1150 2227; x_wconf 77' lang='grc' dir='ltr'><em>ἦ</em></span> <span class='ocrx_word' id='word_1_225' title='bbox 1183 2156 1449 2221; x_wconf 78' lang='grc' dir='ltr'><strong><em>ἆναστασις</em></strong></span> <span class='ocrx_word' id='word_1_226' title='bbox 1475 2165 1574 2212; x_wconf 81' lang='grc' dir='ltr'><strong><em>τῶν</em></strong></span> <span class='ocrx_word' id='word_1_227' title='bbox 1609 2155 1899 2228; x_wconf 70' lang='grc' dir='ltr'><strong><em>ἀνθρώπων</em></strong></span> <span class='ocrx_word' id='word_1_228' title='bbox 1930 2158 2193 2227; x_wconf 86' lang='grc' dir='ltr'><strong><em>λεγομένη,</em></strong></span> <span class='ocrx_word' id='word_1_229' title='bbox 2243 2179 2368 2211; x_wconf 83' lang='grc' dir='ltr'><strong><em>κατα</em></strong></span> 
     </span>
     <span class='ocr_line' id='line_1_24' title="bbox 432 2240 2370 2315; baseline -0.002 -15"><span class='ocrx_word' id='word_1_230' title='bbox 432 2245 520 2300; x_wconf 81' lang='grc' dir='ltr'><strong><em>τᾶν</em></strong></span> <span class='ocrx_word' id='word_1_231' title='bbox 550 2247 873 2314; x_wconf 82' lang='grc' dir='ltr'><strong><em>ἀσεβέστατον</em></strong></span> <span class='ocrx_word' id='word_1_232' title='bbox 900 2251 1197 2313; x_wconf 88' lang='grc' dir='ltr'><strong><em>Μανιχαῖον.</em></strong></span> <span class='ocrx_word' id='word_1_233' title='bbox 1265 2242 1414 2297; x_wconf 84' lang='grc' dir='ltr'><strong><em>Ἀλλα</em></strong></span> <span class='ocrx_word' id='word_1_234' title='bbox 1448 2242 1546 2312; x_wconf 84' lang='grc' dir='ltr'><strong><em>μὴν</em></strong></span> <span class='ocrx_word' id='word_1_235' title='bbox 1580 2266 1641 2298; x_wconf 92' lang='grc' dir='ltr'><strong><em>ου</em></strong></span> <span class='ocrx_word' id='word_1_236' title='bbox 1673 2245 1919 2315; x_wconf 85' lang='grc' dir='ltr'><strong><em>φαντασία</em></strong></span> <span class='ocrx_word' id='word_1_237' title='bbox 1943 2240 1978 2310; x_wconf 79' lang='grc' dir='ltr'><em>ἦ</em></span> <span class='ocrx_word' id='word_1_238' title='bbox 2007 2246 2222 2313; x_wconf 85' lang='grc' dir='ltr'><strong><em>σωτηρία</em></strong></span> <span class='ocrx_word' id='word_1_239' title='bbox 2250 2244 2370 2314; x_wconf 79' lang='grc' dir='ltr'><strong><em>4γέ-</em></strong></span> 
     </span>
     <span class='ocr_line' id='line_1_25' title="bbox 434 2325 2371 2403; baseline -0.003 -17"><span class='ocrx_word' id='word_1_240' title='bbox 434 2353 577 2403; x_wconf 93' lang='grc' dir='ltr'><strong><em>γονεν</em></strong></span> <span class='ocrx_word' id='word_1_241' title='bbox 602 2329 771 2400; x_wconf 79' lang='grc' dir='ltr'><strong><em>ημῶν,</em></strong></span> <span class='ocrx_word' id='word_1_242' title='bbox 825 2330 944 2384; x_wconf 81' lang='grc' dir='ltr'><strong><em>οὐδὲ</em></strong></span> <span class='ocrx_word' id='word_1_243' title='bbox 981 2329 1209 2397; x_wconf 76' lang='grc' dir='ltr'><strong><em>σώματος</em></strong></span> <span class='ocrx_word' id='word_1_244' title='bbox 1249 2329 1432 2400; x_wconf 84' lang='grc' dir='ltr'><strong><em>μόνου,</em></strong></span> <span class='ocrx_word' id='word_1_245' title='bbox 1484 2327 1581 2383; x_wconf 88' lang='grc' dir='ltr'><strong><em>αλλ’</em></strong></span> <span class='ocrx_word' id='word_1_246' title='bbox 1619 2329 1737 2384; x_wconf 86' lang='grc' dir='ltr'><strong><em>όλου</em></strong></span> <span class='ocrx_word' id='word_1_247' title='bbox 1776 2335 1866 2382; x_wconf 84' lang='grc' dir='ltr'><strong><em>τοῦ</em></strong></span> <span class='ocrx_word' id='word_1_248' title='bbox 1897 2325 2175 2399; x_wconf 70' lang='grc' dir='ltr'><strong><em>ἄνθρωπον</em></strong></span> <span class='ocrx_word' id='word_1_249' title='bbox 2203 2334 2371 2397; x_wconf 86' lang='grc' dir='ltr'><strong><em>ψυχῆς</em></strong></span> 
     </span>
     <span class='ocr_line' id='line_1_26' title="bbox 434 2412 2371 2489; baseline -0.003 -17"><span class='ocrx_word' id='word_1_250' title='bbox 434 2420 519 2472; x_wconf 85' lang='grc' dir='ltr'><strong><em>καὶ</em></strong></span> <span class='ocrx_word' id='word_1_251' title='bbox 545 2417 770 2486; x_wconf 78' lang='grc' dir='ltr'><strong><em>σώματος</em></strong></span> <span class='ocrx_word' id='word_1_252' title='bbox 798 2413 1001 2484; x_wconf 79' lang='grc' dir='ltr'><strong><em>αληθῶς</em></strong></span> <span class='ocrx_word' id='word_1_253' title='bbox 1032 2422 1055 2452; x_wconf 81' lang='lat'><strong>⁶</strong></span> <span class='ocrx_word' id='word_1_254' title='bbox 1074 2419 1125 2469; x_wconf 82' lang='grc' dir='ltr'><strong><em>ἒν</em></strong></span> <span class='ocrx_word' id='word_1_255' title='bbox 1162 2415 1297 2489; x_wconf 76' lang='grc' dir='ltr'><strong><em>αὐτῷ</em></strong></span> <span class='ocrx_word' id='word_1_256' title='bbox 1325 2439 1358 2484; x_wconf 88' lang='grc' dir='ltr'><strong><em>η</em></strong></span> <span class='ocrx_word' id='word_1_257' title='bbox 1389 2419 1600 2486; x_wconf 90' lang='grc' dir='ltr'><strong><em>σωτηρία</em></strong></span> <span class='ocrx_word' id='word_1_258' title='bbox 1623 2417 1832 2486; x_wconf 88' lang='grc' dir='ltr'><strong><em>γέγονεν.</em></strong></span> <span class='ocrx_word' id='word_1_259' title='bbox 1897 2412 2294 2484; x_wconf 80' lang='grc' dir='ltr'><strong><em>Ἀνθρώπινον’</em></strong></span> <span class='ocrx_word' id='word_1_260' title='bbox 2274 2435 2371 2484; x_wconf 90' lang='grc' dir='ltr'><strong><em>αρα</em></strong></span> 
     </span>
     <span class='ocr_line' id='line_1_27' title="bbox 434 2497 2370 2572; baseline -0.002 -16"><span class='ocrx_word' id='word_1_261' title='bbox 434 2502 580 2571; x_wconf 86' lang='grc' dir='ltr'><strong><em>φύσει</em></strong></span> <span class='ocrx_word' id='word_1_262' title='bbox 619 2501 674 2556; x_wconf 78' lang='grc' dir='ltr'><strong><em>τό</em></strong></span> <span class='ocrx_word' id='word_1_263' title='bbox 716 2504 770 2556; x_wconf 76' lang='grc' dir='ltr'><strong><em>ἐκ</em></strong></span> <span class='ocrx_word' id='word_1_264' title='bbox 799 2505 1007 2571; x_wconf 89' lang='grc' dir='ltr'><strong><em>Μαρίας</em></strong></span> <span class='ocrx_word' id='word_1_265' title='bbox 1039 2500 1165 2555; x_wconf 72' lang='grc' dir='ltr'><strong><em>κατοὲ</em></strong></span> <span class='ocrx_word' id='word_1_266' title='bbox 1202 2501 1291 2564; x_wconf 80' lang='grc' dir='ltr'><strong><em>τοὶς</em></strong></span> <span class='ocrx_word' id='word_1_267' title='bbox 1324 2505 1468 2564; x_wconf 88' lang='grc' dir='ltr'><strong><em>θείας</em></strong></span> <span class='ocrx_word' id='word_1_268' title='bbox 1495 2500 1721 2572; x_wconf 69' lang='grc' dir='ltr'><strong><em>γραφὰς,</em></strong></span> <span class='ocrx_word' id='word_1_269' title='bbox 1776 2502 1861 2554; x_wconf 83' lang='grc' dir='ltr'><strong><em>καὶ</em></strong></span> <span class='ocrx_word' id='word_1_270' title='bbox 1903 2497 2144 2568; x_wconf 70' lang='grc' dir='ltr'><strong><em>ἀληθινόν</em></strong></span> <span class='ocrx_word' id='word_1_271' title='bbox 2190 2505 2370 2567; x_wconf 68' lang='grc' dir='ltr'><strong><em>6σῶμα</em></strong></span> 
     </span>
     <span class='ocr_line' id='line_1_28' title="bbox 433 2579 2366 2658; baseline -0.003 -16"><span class='ocrx_word' id='word_1_272' title='bbox 433 2595 524 2642; x_wconf 85' lang='grc' dir='ltr'><strong><em>τοῦ</em></strong></span> <span class='ocrx_word' id='word_1_273' title='bbox 564 2594 798 2656; x_wconf 84' lang='grc' dir='ltr'><strong><em>σωτῆρος.</em></strong></span> <span class='ocrx_word' id='word_1_274' title='bbox 885 2585 1148 2655; x_wconf 86' lang='grc' dir='ltr'><strong><em>Ἀληθινὸν</em></strong></span> <span class='ocrx_word' id='word_1_275' title='bbox 1191 2589 1244 2641; x_wconf 82' lang='grc' dir='ltr'><strong><em>δὲ</em></strong></span> <span class='ocrx_word' id='word_1_276' title='bbox 1287 2581 1378 2656; x_wconf 77' lang='grc' dir='ltr'><strong><em>ἧν,</em></strong></span> <span class='ocrx_word' id='word_1_277' title='bbox 1435 2585 1602 2655; x_wconf 78' lang='grc' dir='ltr'><strong><em>ἐπειδὴ</em></strong></span> <span class='ocrx_word' id='word_1_278' title='bbox 1646 2585 1830 2641; x_wconf 75' lang='grc' dir='ltr'><strong><em>ταύτόν</em></strong></span> <span class='ocrx_word' id='word_1_279' title='bbox 1872 2579 1978 2654; x_wconf 80' lang='grc' dir='ltr'><strong><em>7ἧν</em></strong></span> <span class='ocrx_word' id='word_1_280' title='bbox 2018 2590 2089 2658; x_wconf 76' lang='grc' dir='ltr'><strong><em>τῷ</em></strong></span> <span class='ocrx_word' id='word_1_281' title='bbox 2133 2582 2366 2658; x_wconf 76' lang='grc' dir='ltr'><strong><em>ἡμετέρῳ.</em></strong></span> 
     </span>
     <span class='ocr_line' id='line_1_29' title="bbox 431 2669 2367 2744; baseline -0.002 -17"><span class='ocrx_word' id='word_1_282' title='bbox 431 2672 641 2741; x_wconf 81' lang='grc' dir='ltr'><strong><em>Ἀδελφή</em></strong></span> <span class='ocrx_word' id='word_1_283' title='bbox 684 2671 777 2743; x_wconf 69' lang='grc' dir='ltr'><strong><em>γάρ</em></strong></span> <span class='ocrx_word' id='word_1_284' title='bbox 818 2671 958 2740; x_wconf 77' lang='grc' dir='ltr'><strong><em>ἡμῶν</em></strong></span> <span class='ocrx_word' id='word_1_285' title='bbox 988 2671 1024 2741; x_wconf 77' lang='grc' dir='ltr'><em>ἦ</em></span> <span class='ocrx_word' id='word_1_286' title='bbox 1057 2677 1260 2744; x_wconf 86' lang='grc' dir='ltr'><strong><em>Μαρία,</em></strong></span> <span class='ocrx_word' id='word_1_287' title='bbox 1313 2674 1417 2727; x_wconf 78' lang='grc' dir='ltr'><strong><em>ἐπεὶ</em></strong></span> <span class='ocrx_word' id='word_1_288' title='bbox 1459 2674 1544 2726; x_wconf 87' lang='grc' dir='ltr'><strong><em>καὶ</em></strong></span> <span class='ocrx_word' id='word_1_289' title='bbox 1579 2671 1761 2734; x_wconf 80' lang='grc' dir='ltr'><strong><em>πάντες</em></strong></span> <span class='ocrx_word' id='word_1_290' title='bbox 1799 2674 1854 2725; x_wconf 79' lang='grc' dir='ltr'><strong><em>ἐκ</em></strong></span> <span class='ocrx_word' id='word_1_291' title='bbox 1894 2677 1985 2725; x_wconf 86' lang='grc' dir='ltr'><strong><em>τοῦ</em></strong></span> <span class='ocrx_word' id='word_1_292' title='bbox 2004 2669 2165 2738; x_wconf 81' lang='grc' dir='ltr'><strong><em>Ἀδάμ</em></strong></span> <span class='ocrx_word' id='word_1_293' title='bbox 2210 2671 2367 2738; x_wconf 83' lang='grc' dir='ltr'><strong><em>έσμεν.</em></strong></span> 
     </span>
     <span class='ocr_line' id='line_1_30' title="bbox 437 2750 2366 2828; baseline -0.003 -16"><span class='ocrx_word' id='word_1_294' title='bbox 437 2762 538 2813; x_wconf 81' lang='grc' dir='ltr'><strong><em>Καὶ</em></strong></span> <span class='ocrx_word' id='word_1_295' title='bbox 583 2765 730 2813; x_wconf 82' lang='grc' dir='ltr'><strong><em>τοῦτο</em></strong></span> <span class='ocrx_word' id='word_1_296' title='bbox 766 2758 858 2813; x_wconf 79' lang='grc' dir='ltr'><strong><em>οὐκ</em></strong></span> <span class='ocrx_word' id='word_1_297' title='bbox 896 2757 955 2811; x_wconf 72' lang='grc' dir='ltr'><strong><em>ἅν</em></strong></span> <span class='ocrx_word' id='word_1_298' title='bbox 996 2781 1070 2821; x_wconf 90' lang='grc' dir='ltr'><strong><em>τις</em></strong></span> <span class='ocrx_word' id='word_1_299' title='bbox 1109 2757 1408 2827; x_wconf 77' lang='grc' dir='ltr'><strong><em>ἄμφιβάλοι,</em></strong></span> <span class='ocrx_word' id='word_1_300' title='bbox 1462 2759 1702 2826; x_wconf 83' lang='grc' dir='ltr'><strong><em>μνησθεὶς</em></strong></span> <span class='ocrx_word' id='word_1_301' title='bbox 1746 2750 1818 2810; x_wconf 66' lang='grc' dir='ltr'><strong><em>ὧν</em></strong></span> <span class='ocrx_word' id='word_1_302' title='bbox 1847 2759 2064 2828; x_wconf 72' lang='grc' dir='ltr'><strong><em>ἔγραψεν</em></strong></span> <span class='ocrx_word' id='word_1_303' title='bbox 2091 2753 2121 2809; x_wconf 81' lang='lat' dir='ltr'><strong><em>o‘</em></strong></span> <span class='ocrx_word' id='word_1_304' title='bbox 2142 2760 2366 2817; x_wconf 83' lang='grc' dir='ltr'><strong><em>Λουκᾶς.</em></strong></span> 
     </span>
     <span class='ocr_line' id='line_1_31' title="bbox 436 2839 2369 2916; baseline -0.003 -17"><span class='ocrx_word' id='word_1_305' title='bbox 436 2843 584 2899; x_wconf 65' lang='lat' dir='ltr'>Meto}</span> <span class='ocrx_word' id='word_1_306' title='bbox 624 2844 716 2916; x_wconf 78' lang='grc' dir='ltr'><strong><em>γοὶρ</em></strong></span> <span class='ocrx_word' id='word_1_307' title='bbox 750 2844 804 2898; x_wconf 84' lang='grc' dir='ltr'><em>τό</em></span> <span class='ocrx_word' id='word_1_308' title='bbox 833 2843 1099 2912; x_wconf 69' lang='grc' dir='ltr'><strong><em>ἀναστῆναι</em></strong></span> <span class='ocrx_word' id='word_1_309' title='bbox 1131 2847 1195 2904; x_wconf 51' lang='grc' dir='ltr'><strong><em>ἐκ,</em></strong></span> <span class='ocrx_word' id='word_1_310' title='bbox 1224 2851 1322 2897; x_wconf 80' lang='grc' dir='ltr'><strong><em>τῶν</em></strong></span> <span class='ocrx_word' id='word_1_311' title='bbox 1349 2850 1560 2915; x_wconf 80' lang='grc' dir='ltr'><strong><em>νεκρῶν,</em></strong></span> <span class='ocrx_word' id='word_1_312' title='bbox 1612 2842 1891 2897; x_wconf 83' lang='grc' dir='ltr'><strong><em>δοκούντων</em></strong></span> <span class='ocrx_word' id='word_1_313' title='bbox 1923 2847 2072 2895; x_wconf 81' lang='grc' dir='ltr'><strong><em>τινῶν</em></strong></span> <span class='ocrx_word' id='word_1_314' title='bbox 2113 2839 2181 2909; x_wconf 75' lang='grc' dir='ltr'><strong><em>μὴ</em></strong></span> <span class='ocrx_word' id='word_1_315' title='bbox 2220 2842 2272 2894; x_wconf 81' lang='grc' dir='ltr'><strong><em>έν</em></strong></span> <span class='ocrx_word' id='word_1_316' title='bbox 2300 2845 2369 2914; x_wconf 75' lang='grc' dir='ltr'><strong><em>τῷ</em></strong></span> 
     </span>
     <span class='ocr_line' id='line_1_32' title="bbox 435 2925 2368 3001; baseline -0.004 -16"><span class='ocrx_word' id='word_1_317' title='bbox 435 2935 489 2985; x_wconf 78' lang='grc' dir='ltr'><strong><em>ἐκ</em></strong></span> <span class='ocrx_word' id='word_1_318' title='bbox 518 2934 724 3001; x_wconf 88' lang='grc' dir='ltr'><strong><em>Μαρίας</em></strong></span> <span class='ocrx_word' id='word_1_319' title='bbox 753 2929 939 2998; x_wconf 81' lang='grc' dir='ltr'><strong><em>σώματι</em></strong></span> <span class='ocrx_word' id='word_1_320' title='bbox 967 2931 1162 2997; x_wconf 88' lang='grc' dir='ltr'><strong><em>βλέπειν</em></strong></span> <span class='ocrx_word' id='word_1_321' title='bbox 1188 2928 1275 2983; x_wconf 87' lang='grc' dir='ltr'><strong><em>τὸν</em></strong></span> <span class='ocrx_word' id='word_1_322' title='bbox 1303 2929 1504 3000; x_wconf 83' lang='grc' dir='ltr'><strong><em>κύριον,</em></strong></span> <span class='ocrx_word' id='word_1_323' title='bbox 1545 2925 1644 2982; x_wconf 72' lang='grc' dir='ltr'><strong><em>ἄλλ’</em></strong></span> <span class='ocrx_word' id='word_1_324' title='bbox 1674 2927 1777 2982; x_wconf 74' lang='grc' dir='ltr'><strong><em>ἀντὶ</em></strong></span> <span class='ocrx_word' id='word_1_325' title='bbox 1806 2925 1984 2981; x_wconf 84' lang='grc' dir='ltr'><strong><em>τούτου</em></strong></span> <span class='ocrx_word' id='word_1_326' title='bbox 2019 2931 2212 2994; x_wconf 81' lang='grc' dir='ltr'><strong><em>πνεῦμα</em></strong></span> <span class='ocrx_word' id='word_1_327' title='bbox 2238 2933 2368 2979; x_wconf 83' lang='grc' dir='ltr'><strong><em>θεω-</em></strong></span> 
     </span>
     <span class='ocr_line' id='line_1_33' title="bbox 435 3009 2368 3087; baseline -0.003 -17"><span class='ocrx_word' id='word_1_328' title='bbox 435 3025 564 3087; x_wconf 87' lang='grc' dir='ltr'><strong><em>ρεῖν,</em></strong></span> <span class='ocrx_word' id='word_1_329' title='bbox 613 3020 793 3086; x_wconf 75' lang='grc' dir='ltr'><strong><em>ἔλεγεν,</em></strong></span> <span class='ocrx_word' id='word_1_330' title='bbox 832 3014 986 3068; x_wconf 85' lang='grc' dir='ltr'><strong><em>Ἴδετε</em></strong></span> <span class='ocrx_word' id='word_1_331' title='bbox 1023 3014 1110 3078; x_wconf 76' lang='grc' dir='ltr'><strong><em>τοὶς</em></strong></span> <span class='ocrx_word' id='word_1_332' title='bbox 1139 3016 1302 3086; x_wconf 78' lang='grc' dir='ltr'><strong><em>χεῖράς</em></strong></span> <span class='ocrx_word' id='word_1_333' title='bbox 1340 3038 1464 3084; x_wconf 89' lang='grc' dir='ltr'><strong><em>μου,</em></strong></span> <span class='ocrx_word' id='word_1_334' title='bbox 1516 3017 1601 3068; x_wconf 86' lang='grc' dir='ltr'><strong><em>καὶ</em></strong></span> <span class='ocrx_word' id='word_1_335' title='bbox 1627 3013 1744 3077; x_wconf 76' lang='grc' dir='ltr'><strong><em>τούς</em></strong></span> <span class='ocrx_word' id='word_1_336' title='bbox 1770 3013 1929 3075; x_wconf 91' lang='grc' dir='ltr'><strong><em>πόδας</em></strong></span> <span class='ocrx_word' id='word_1_337' title='bbox 1959 3034 2085 3081; x_wconf 88' lang='grc' dir='ltr'><strong><em>μου,</em></strong></span> <span class='ocrx_word' id='word_1_338' title='bbox 2139 3013 2224 3064; x_wconf 87' lang='grc' dir='ltr'><strong><em>καὶ</em></strong></span> <span class='ocrx_word' id='word_1_339' title='bbox 2248 3009 2368 3074; x_wconf 74' lang='grc' dir='ltr'><strong><em>τούς</em></strong></span> 
     </span>
     <span class='ocr_line' id='line_1_34' title="bbox 434 3095 2371 3171; baseline -0.003 -16"><span class='ocrx_word' id='word_1_340' title='bbox 434 3103 626 3164; x_wconf 83' lang='grc' dir='ltr'><strong><em>τύπους</em></strong></span> <span class='ocrx_word' id='word_1_341' title='bbox 659 3109 758 3155; x_wconf 82' lang='grc' dir='ltr'><strong><em>τῶν</em></strong></span> <span class='ocrx_word' id='word_1_342' title='bbox 797 3100 957 3170; x_wconf 76' lang='grc' dir='ltr'><strong><em>ἥλων,</em></strong></span> <span class='ocrx_word' id='word_1_343' title='bbox 1007 3099 1083 3154; x_wconf 77' lang='grc' dir='ltr'><strong><em>ὅτι</em></strong></span> <span class='ocrx_word' id='word_1_344' title='bbox 1121 3100 1215 3171; x_wconf 79' lang='grc' dir='ltr'><strong><em>ἐγώ</em></strong></span> <span class='ocrx_word' id='word_1_345' title='bbox 1256 3103 1353 3169; x_wconf 88' lang='grc' dir='ltr'><strong><em>εἰμι</em></strong></span> <span class='ocrx_word' id='word_1_346' title='bbox 1388 3099 1567 3166; x_wconf 82' lang='grc' dir='ltr'><strong><em>αὐτός,</em></strong></span> <span class='ocrx_word' id='word_1_347' title='bbox 1619 3099 1944 3168; x_wconf 87' lang='grc' dir='ltr'><strong><em>ψηλαφήσατε</em></strong></span> <span class='ocrx_word' id='word_1_348' title='bbox 1976 3098 2096 3150; x_wconf 83' lang='grc' dir='ltr'><strong><em>8καὶ</em></strong></span> <span class='ocrx_word' id='word_1_349' title='bbox 2129 3099 2263 3150; x_wconf 82' lang='grc' dir='ltr'><strong><em>ἰ’δετε</em></strong></span> <span class='ocrx_word' id='word_1_350' title='bbox 2293 3095 2371 3149; x_wconf 74' lang='grc' dir='ltr'><strong><em>ὅτι</em></strong></span> 
     </span>
     <span class='ocr_line' id='line_1_35' title="bbox 436 3183 2368 3256; baseline -0.004 -15"><span class='ocrx_word' id='word_1_351' title='bbox 436 3194 629 3256; x_wconf 85' lang='grc' dir='ltr'><strong><em>πνεῦμα</em></strong></span> <span class='ocrx_word' id='word_1_352' title='bbox 659 3187 818 3255; x_wconf 75' lang='grc' dir='ltr'><strong><em>σάρκα</em></strong></span> <span class='ocrx_word' id='word_1_353' title='bbox 859 3188 944 3239; x_wconf 85' lang='grc' dir='ltr'><strong><em>καὶ</em></strong></span> <span class='ocrx_word' id='word_1_354' title='bbox 975 3185 1119 3240; x_wconf 81' lang='grc' dir='ltr'><strong><em>ὀστέα</em></strong></span> <span class='ocrx_word' id='word_1_355' title='bbox 1151 3186 1244 3240; x_wconf 84' lang='grc' dir='ltr'><strong><em>οὐκ</em></strong></span> <span class='ocrx_word' id='word_1_356' title='bbox 1287 3189 1407 3255; x_wconf 74' lang='grc' dir='ltr'><strong><em>ἔχει,</em></strong></span> <span class='ocrx_word' id='word_1_357' title='bbox 1456 3185 1630 3248; x_wconf 72' lang='grc' dir='ltr'><strong><em>καθώς</em></strong></span> <span class='ocrx_word' id='word_1_358' title='bbox 1661 3186 1743 3254; x_wconf 80' lang='grc' dir='ltr'><strong><em>ἐμὲ</em></strong></span> <span class='ocrx_word' id='word_1_359' title='bbox 1770 3190 2004 3253; x_wconf 88' lang='grc' dir='ltr'><strong><em>θεωρεῖτε</em></strong></span> <span class='ocrx_word' id='word_1_360' title='bbox 2041 3184 2231 3250; x_wconf 75' lang='grc' dir='ltr'><strong><em>ἔχοντα·</em></strong></span> <span class='ocrx_word' id='word_1_361' title='bbox 2282 3183 2368 3235; x_wconf 79' lang='grc' dir='ltr'><strong><em>καὶ</em></strong></span> 
     </span>
     <span class='ocr_line' id='line_1_36' title="bbox 435 3260 2374 3342; baseline -0.004 -16"><span class='ocrx_word' id='word_1_362' title='bbox 435 3279 582 3326; x_wconf 83' lang='grc' dir='ltr'><strong><em>τοῦτο</em></strong></span> <span class='ocrx_word' id='word_1_363' title='bbox 630 3272 783 3326; x_wconf 74' lang='grc' dir='ltr'><strong><em>εἰπών</em></strong></span> <span class='ocrx_word' id='word_1_364' title='bbox 828 3270 1115 3335; x_wconf 78' lang='grc' dir='ltr'><strong><em>9ὖπέδειξεν</em></strong></span> <span class='ocrx_word' id='word_1_365' title='bbox 1155 3270 1325 3334; x_wconf 72' lang='grc' dir='ltr'><strong><em>αὐτοῖς</em></strong></span> <span class='ocrx_word' id='word_1_366' title='bbox 1360 3271 1447 3334; x_wconf 72' lang='grc' dir='ltr'><strong><em>τας</em></strong></span> <span class='ocrx_word' id='word_1_367' title='bbox 1484 3280 1645 3342; x_wconf 84' lang='grc' dir='ltr'><strong><em>χεῖρας</em></strong></span> <span class='ocrx_word' id='word_1_368' title='bbox 1685 3271 1770 3323; x_wconf 80' lang='grc' dir='ltr'><strong><em>καὶ</em></strong></span> <span class='ocrx_word' id='word_1_369' title='bbox 1807 3267 1922 3330; x_wconf 77' lang='grc' dir='ltr'><strong><em>τούς</em></strong></span> <span class='ocrx_word' id='word_1_370' title='bbox 1949 3266 2122 3329; x_wconf 91' lang='grc' dir='ltr'><strong><em>πόδας.</em></strong></span> <span class='ocrx_word' id='word_1_371' title='bbox 2191 3264 2271 3331; x_wconf 83' lang='grc' dir='ltr'><strong><em>Ἐξ</em></strong></span> <span class='ocrx_word' id='word_1_372' title='bbox 2300 3260 2374 3320; x_wconf 71' lang='grc' dir='ltr'><strong><em>ὧν</em></strong></span> 
     </span>
    </p>
   </div>
   <div class='ocr_carea' id='block_1_6' title="bbox 437 3367 2365 3821">
    <p class='ocr_par' dir='ltr' id='par_1_6' title="bbox 437 3367 2365 3821">
     <span class='ocr_line' id='line_1_37' title="bbox 492 3367 2365 3445; baseline -0.003 -27"><span class='ocrx_word' id='word_1_373' title='bbox 492 3375 532 3418; x_wconf 88' lang='lat'><strong>3</strong></span> <span class='ocrx_word' id='word_1_374' title='bbox 565 3391 584 3418; x_wconf 91' lang='grc' dir='ltr'><strong><em>ο</em></strong></span> <span class='ocrx_word' id='word_1_375' title='bbox 601 3374 740 3445; x_wconf 82' lang='grc' dir='ltr'><strong><em>λόγος</em></strong></span> <span class='ocrx_word' id='word_1_376' title='bbox 767 3376 823 3431; x_wconf 74' lang='grc' dir='ltr'><strong><em>τῇ</em></strong></span> <span class='ocrx_word' id='word_1_377' title='bbox 853 3377 898 3416; x_wconf 94' lang='grc' dir='ltr'><strong><em>Β.</em></strong></span> <span class='ocrx_word' id='word_1_378' title='bbox 1490 3374 1553 3415; x_wconf 89' lang='grc'><strong><em>10.</em></strong></span> <span class='ocrx_word' id='word_1_379' title='bbox 1584 3368 1712 3415; x_wconf 80' lang='grc' dir='ltr'><strong><em>αυτοῦ</em></strong></span> <span class='ocrx_word' id='word_1_380' title='bbox 1754 3371 1826 3413; x_wconf 78' lang='grc' dir='ltr'><strong><em>τοῦ</em></strong></span> <span class='ocrx_word' id='word_1_381' title='bbox 1860 3367 2056 3424; x_wconf 79' lang='grc' dir='ltr'><strong><em>σώματος</em></strong></span> <span class='ocrx_word' id='word_1_382' title='bbox 2082 3368 2160 3419; x_wconf 85' lang='grc' dir='ltr'><strong><em>τὰς</em></strong></span> <span class='ocrx_word' id='word_1_383' title='bbox 2187 3367 2287 3414; x_wconf 60' lang='lat' dir='ltr'><strong><em>‹iaz-</em></strong></span> <span class='ocrx_word' id='word_1_384' title='bbox 2319 3371 2365 3412; x_wconf 87' lang='grc' dir='ltr'><strong><em>Β.</em></strong></span> 
     </span>
     <span class='ocr_line' id='line_1_38' title="bbox 492 3428 1819 3486; baseline -0.002 -14"><span class='ocrx_word' id='word_1_385' title='bbox 492 3429 532 3473; x_wconf 79' lang='lat'><strong><em>4.</em></strong></span> <span class='ocrx_word' id='word_1_386' title='bbox 564 3429 641 3481; x_wconf 81' lang='grc' dir='ltr'><strong><em>τὰς</em></strong></span> <span class='ocrx_word' id='word_1_387' title='bbox 665 3430 713 3475; x_wconf 82' lang='grc' dir='ltr'><strong><em>δὲ</em></strong></span> <span class='ocrx_word' id='word_1_388' title='bbox 739 3429 944 3485; x_wconf 81' lang='grc' dir='ltr'><strong><em>στάγονάς</em></strong></span> <span class='ocrx_word' id='word_1_389' title='bbox 970 3446 1047 3486; x_wconf 86' lang='grc' dir='ltr'><strong><em>μου</em></strong></span> <span class='ocrx_word' id='word_1_390' title='bbox 1073 3430 1134 3480; x_wconf 82' lang='grc' dir='ltr'><strong><em>εἰς</em></strong></span> <span class='ocrx_word' id='word_1_391' title='bbox 1163 3429 1374 3486; x_wconf 81' lang='grc' dir='ltr'><strong><em>ῥαπίσμα-</em></strong></span> <span class='ocrx_word' id='word_1_392' title='bbox 1490 3429 1554 3471; x_wconf 86' lang='grc'><strong><em>11.</em></strong></span> <span class='ocrx_word' id='word_1_393' title='bbox 1585 3428 1747 3483; x_wconf 80' lang='grc' dir='ltr'><strong><em>ἐγένετο</em></strong></span> <span class='ocrx_word' id='word_1_394' title='bbox 1774 3430 1819 3469; x_wconf 92' lang='grc' dir='ltr'><strong><em>Β.</em></strong></span> 
     </span>
     <span class='ocr_line' id='line_1_39' title="bbox 437 3478 2364 3553; baseline -0.003 -22"><span class='ocrx_word' id='word_1_395' title='bbox 437 3503 515 3537; x_wconf 89' lang='grc' dir='ltr'><strong><em>τα,</em></strong></span> <span class='ocrx_word' id='word_1_396' title='bbox 547 3488 619 3531; x_wconf 77' lang='grc' dir='ltr'><strong><em>καὶ</em></strong></span> <span class='ocrx_word' id='word_1_397' title='bbox 648 3487 694 3531; x_wconf 84' lang='grc' dir='ltr'><em>τό</em></span> <span class='ocrx_word' id='word_1_398' title='bbox 726 3496 791 3542; x_wconf 84' lang='grc' dir='ltr'><strong><em>π’ρ.</em></strong></span> <span class='ocrx_word' id='word_1_399' title='bbox 823 3491 867 3529; x_wconf 91' lang='grc' dir='ltr'><strong><em>Β.</em></strong></span> <span class='ocrx_word' id='word_1_400' title='bbox 1490 3486 1588 3527; x_wconf 77' lang='lat' dir='ltr'><strong>CAP.</strong></span> <span class='ocrx_word' id='word_1_401' title='bbox 1607 3486 1682 3525; x_wconf 84' lang='lat' dir='ltr'><strong><em>IX.</em></strong></span> <span class='ocrx_word' id='word_1_402' title='bbox 1707 3507 1761 3515; x_wconf 94' lang='lat'>—</span> <span class='ocrx_word' id='word_1_403' title='bbox 1808 3487 1840 3524; x_wconf 81' lang='lat'><strong><em>1.</em></strong></span> <span class='ocrx_word' id='word_1_404' title='bbox 1875 3478 2007 3532; x_wconf 77' lang='grc' dir='ltr'><strong><em>ὅντως</em></strong></span> <span class='ocrx_word' id='word_1_405' title='bbox 2026 3480 2215 3553; x_wconf 63' lang='grc' dir='ltr'><strong><em>ἀληὲῖεία</em></strong></span> <span class='ocrx_word' id='word_1_406' title='bbox 2245 3480 2364 3553; x_wconf 60' lang='grc' dir='ltr'><strong><em>ἅνῇρ.</em></strong></span> 
     </span>
     <span class='ocr_line' id='line_1_40' title="bbox 494 3527 2364 3612; baseline -0.001 -26"><span class='ocrx_word' id='word_1_407' title='bbox 494 3547 534 3586; x_wconf 86' lang='lat'><strong><em>5.</em></strong></span> <span class='ocrx_word' id='word_1_408' title='bbox 565 3540 645 3588; x_wconf 77' lang='grc' dir='ltr'><strong><em>ἀπὸ</em></strong></span> <span class='ocrx_word' id='word_1_409' title='bbox 677 3542 883 3612; x_wconf 78' lang='grc' dir='ltr'><strong><em>αἰσχυνης</em></strong></span> <span class='ocrx_word' id='word_1_410' title='bbox 910 3544 1029 3599; x_wconf 82' lang='grc' dir='ltr'><strong><em>ἐμπτ.</em></strong></span> <span class='ocrx_word' id='word_1_411' title='bbox 1059 3547 1105 3585; x_wconf 93' lang='grc' dir='ltr'><strong><em>Β.</em></strong></span> <span class='ocrx_word' id='word_1_412' title='bbox 1429 3558 1514 3598; x_wconf 81' lang='grc' dir='ltr'><strong><em>γεν.</em></strong></span> <span class='ocrx_word' id='word_1_413' title='bbox 1538 3545 1583 3584; x_wconf 93' lang='grc' dir='ltr'><strong><em>Β.</em></strong></span> <span class='ocrx_word' id='word_1_414' title='bbox 1627 3542 1883 3583; x_wconf 79' lang='lat' dir='ltr'><strong><em>Scribendum</em></strong></span> <span class='ocrx_word' id='word_1_415' title='bbox 1903 3546 1996 3592; x_wconf 81' lang='lat' dir='ltr'><strong><em>puto</em></strong></span> <span class='ocrx_word' id='word_1_416' title='bbox 2025 3534 2156 3590; x_wconf 77' lang='grc' dir='ltr'><strong><em>ὅντως</em></strong></span> <span class='ocrx_word' id='word_1_417' title='bbox 2179 3527 2272 3584; x_wconf 66' lang='grc' dir='ltr'><strong><em>ανὲῐ.</em></strong></span> <span class='ocrx_word' id='word_1_418' title='bbox 2299 3535 2364 3584; x_wconf 81' lang='grc' dir='ltr'><strong><em>οἷλ.</em></strong></span> 
     </span>
     <span class='ocr_line' id='line_1_41' title="bbox 494 3598 1515 3670; baseline 0 -28"><span class='ocrx_word' id='word_1_419' title='bbox 494 3601 535 3642; x_wconf 87' lang='grc'><strong><em>6.</em></strong></span> <span class='ocrx_word' id='word_1_420' title='bbox 567 3603 695 3670; x_wconf 80' lang='grc' dir='ltr'><strong><em>σῶμα</em></strong></span> <span class='ocrx_word' id='word_1_421' title='bbox 722 3602 794 3644; x_wconf 81' lang='grc' dir='ltr'><strong><em>τοῦ</em></strong></span> <span class='ocrx_word' id='word_1_422' title='bbox 825 3598 948 3655; x_wconf 84' lang='grc' dir='ltr'><strong><em>λόγου</em></strong></span> <span class='ocrx_word' id='word_1_423' title='bbox 977 3605 1022 3642; x_wconf 94' lang='grc' dir='ltr'><strong><em>Β.</em></strong></span> <span class='ocrx_word' id='word_1_424' title='bbox 1431 3614 1515 3655; x_wconf 84' lang='grc' dir='ltr'><strong><em>γεν.</em></strong></span> 
     </span>
     <span class='ocr_line' id='line_1_42' title="bbox 495 3653 1775 3726; baseline -0.002 -27"><span class='ocrx_word' id='word_1_425' title='bbox 495 3658 535 3699; x_wconf 90' lang='grc'><strong><em>7.</em></strong></span> <span class='ocrx_word' id='word_1_426' title='bbox 566 3654 695 3726; x_wconf 57' lang='grc' dir='ltr'><strong><em>ἡμεῖς</em></strong></span> <span class='ocrx_word' id='word_1_427' title='bbox 725 3661 829 3699; x_wconf 73' lang='lat' dir='ltr'><strong><em>abest</em></strong></span> <span class='ocrx_word' id='word_1_428' title='bbox 859 3670 886 3698; x_wconf 88' lang='lat' dir='ltr'><em>a</em></span> <span class='ocrx_word' id='word_1_429' title='bbox 919 3661 963 3699; x_wconf 91' lang='grc' dir='ltr'><strong><em>Β.</em></strong></span> <span class='ocrx_word' id='word_1_430' title='bbox 1487 3656 1527 3696; x_wconf 78' lang='lat'><strong><em>2.</em></strong></span> <span class='ocrx_word' id='word_1_431' title='bbox 1559 3653 1607 3708; x_wconf 83' lang='grc' dir='ltr'><strong><em>ἐγ</em></strong></span> <span class='ocrx_word' id='word_1_432' title='bbox 1612 3654 1775 3697; x_wconf 85' lang='grc' dir='ltr'><strong><em>ίνετοΒ</em></strong></span> 
     </span>
     <span class='ocr_line' id='line_1_43' title="bbox 497 3685 2365 3769; baseline 0 -16"><span class='ocrx_word' id='word_1_433' title='bbox 497 3712 536 3753; x_wconf 80' lang='grc'><strong><em>8.</em></strong></span> <span class='ocrx_word' id='word_1_434' title='bbox 570 3729 589 3755; x_wconf 93' lang='lat'>0</span> <span class='ocrx_word' id='word_1_435' title='bbox 621 3711 849 3769; x_wconf 81' lang='grc' dir='ltr'><strong><em>οἷσωματος</em></strong></span> <span class='ocrx_word' id='word_1_436' title='bbox 889 3717 974 3756; x_wconf 85' lang='lat' dir='ltr'>cod.</span> <span class='ocrx_word' id='word_1_437' title='bbox 1012 3717 1090 3756; x_wconf 86' lang='lat' dir='ltr'><strong><em>Ien.</em></strong></span> <span class='ocrx_word' id='word_1_438' title='bbox 1147 3710 1377 3768; x_wconf 75' lang='grc' dir='ltr'><strong><em>ἀσώματος</em></strong></span> <span class='ocrx_word' id='word_1_439' title='bbox 1489 3710 1528 3754; x_wconf 88' lang='lat'><strong><em>3.</em></strong></span> <span class='ocrx_word' id='word_1_440' title='bbox 1573 3709 1613 3753; x_wconf 78' lang='grc' dir='ltr'><strong><em>ἐν</em></strong></span> <span class='ocrx_word' id='word_1_441' title='bbox 1645 3685 1882 3762; x_wconf 57' lang='lat' dir='ltr'><strong><em>praepbsitio</em></strong></span> <span class='ocrx_word' id='word_1_442' title='bbox 1921 3714 2028 3752; x_wconf 80' lang='lat' dir='ltr'><strong><em>abest</em></strong></span> <span class='ocrx_word' id='word_1_443' title='bbox 2067 3724 2094 3753; x_wconf 87' lang='lat' dir='ltr'><strong><em>a</em></strong></span> <span class='ocrx_word' id='word_1_444' title='bbox 2120 3713 2233 3756; x_wconf 80' lang='lat' dir='ltr'><strong><em>codd.</em></strong></span> <span class='ocrx_word' id='word_1_445' title='bbox 2273 3724 2365 3757; x_wconf 73' lang='lat' dir='ltr'><strong><em>mss.</em></strong></span> 
     </span>
     <span class='ocr_line' id='line_1_44' title="bbox 440 3770 1707 3821; baseline -0.002 -9"><span class='ocrx_word' id='word_1_446' title='bbox 440 3772 578 3820; x_wconf 80' lang='lat' dir='ltr'><strong><em>reliqui</em></strong></span> <span class='ocrx_word' id='word_1_447' title='bbox 607 3773 703 3810; x_wconf 72' lang='lat' dir='ltr'><strong><em>lihri.</em></strong></span> <span class='ocrx_word' id='word_1_448' title='bbox 1432 3774 1467 3811; x_wconf 85' lang='lat' dir='ltr'><strong><em>et</em></strong></span> <span class='ocrx_word' id='word_1_449' title='bbox 1495 3770 1556 3809; x_wconf 81' lang='lat' dir='ltr'><strong><em>ed.</em></strong></span> <span class='ocrx_word' id='word_1_450' title='bbox 1582 3770 1707 3821; x_wconf 80' lang='lat' dir='ltr'><strong><em>princ.</em></strong></span> 
     </span>
    </p>
   </div>
   <div class='ocr_carea' id='block_1_7' title="bbox 498 3822 749 3881">
    <p class='ocr_par' dir='ltr' id='par_1_7' title="bbox 498 3822 749 3881">
     <span class='ocr_line' id='line_1_45' title="bbox 498 3822 749 3881; baseline -0.016 -11"><span class='ocrx_word' id='word_1_451' title='bbox 498 3826 539 3870; x_wconf 80' lang='grc'><strong><em>9.</em></strong></span> <span class='ocrx_word' id='word_1_452' title='bbox 570 3822 677 3881; x_wconf 78' lang='grc' dir='ltr'><strong><em>εἶχεν</em></strong></span> <span class='ocrx_word' id='word_1_453' title='bbox 707 3829 749 3867; x_wconf 93' lang='grc' dir='ltr'><strong><em>Β.</em></strong></span> 
     </span>
    </p>
   </div>
  </div>
 </body>
</html>
