2508 4134
202 2858 315 2914 Κεφ.
337 2858 404 2908 ις’.

221 2925 305 2964 pag.
327 2915 402 2951 863.

462 250 562 312 100
1170 256 1375 308 εΑΝοΤΙ
1405 259 1688 307 EPIPHANn'

454 388 545 429 κος
583 369 668 434 τῆς
701 362 937 431 άληθείας
959 360 1083 424 θεὸς
1124 359 1152 415 ὅ
1184 361 1516 434 δρασσόμενος
1545 348 1662 425 τούς
1696 361 1889 429 σοφοῦς
1928 363 1982 415 ἐν
2018 366 2078 436 τῇ
2110 367 2393 438 πανουργίᾳ

455 449 647 517 αὐτῶν,
706 447 806 511 ²39
845 446 934 516 τὴν
968 449 1253 518 συγγένειαν
1285 454 1374 503 τοῦ
1415 454 1712 519 μονογενοῦς
1752 445 1931 512 αὐτοῦ,
1979 446 2035 500 τὸ
2071 447 2196 502 κατά
2231 447 2393 507 πάντα

452 536 626 605 ὅμοιον
661 533 747 589 τόν
770 532 883 588 υἷὸν
905 539 974 607 τῷ
999 535 1149 605 πατρὶ
1173 531 1326 599 εἶναι,
1378 535 1459 588 ἐπὶ
1501 540 1589 588 τοῦ
1619 532 1855 602 εὐσεβοῦς
1894 535 2130 601 βασιλέως
2174 537 2389 605 ἐπαρῤη·

451 622 665 676 σιάσατο.
746 620 890 673 Οὕτω
922 617 1014 691 γάρ
1050 621 1134 673 καὶ
1160 617 1311 682 αὐτὸς
1339 617 1568 689 ἐφρόνει,
1621 617 1825 688 εὐσεβὴς
1863 617 1934 672 ὢν
1966 616 2092 691 ὑπὲρ
2124 626 2214 673 τοῦ
2241 618 2390 691 ὑπερ-

452 713 724 777 μαχοῦντος
748 704 904 760 αὐτοῦ
931 711 1229 776 μονογενοῦς
1252 707 1369 759 υἷοῦ
1394 711 1483 758 τοῦ
1514 710 1670 770 θεοῦ,
1720 706 1805 757 καὶ
1835 709 2040 775 φρονῶν
2066 702 2259 774 εὐσεβεῖ
2280 705 2392 760 στό-

450 815 565 862 ματι
599 795 860 861 διωρίσατο
896 790 1021 846 κατά
1051 791 1238 857 πάντα,
1292 788 1359 853 ὥς
1388 793 1440 844 οἱ
1463 791 1722 844 καθολικοὶ
1749 791 2167 859 πεπιστεύκαμεν,
2215 784 2393 860 ὅμοιον

448 875 573 931 εἶναι
612 876 698 931 τὸν
732 876 844 932 υἷὸν
871 884 939 951 τῷ
969 879 1141 949 πατρὶ,
1191 879 1276 930 καὶ
1306 874 1367 929 δι’
1393 874 1547 930 αὐτοῦ
1589 874 1656 945 μὴ
1680 882 1997 947 προχωρῆσαι
2025 874 2116 945 τὴν
2149 875 2276 931 κατά
2305 883 2393 946 τῆς

447 966 849 1033 ἐκκλησιαστικῆς
886 966 1094 1025 πίστεως
1156 965 1462 1031 8μεθοδίαν,
1521 960 1734 1033 ἀναιρεῖν
1791 963 2097 1036 βουλομένης
2132 961 2187 1017 τό
2231 960 2391 1031 ὄνομα

446 1055 535 1118 τῆς
563 1048 735 1112 οὐσίας
745 1093 759 1116 ,
811 1052 895 1103 ἵνα
923 1054 992 1122 τῷ
1016 1047 1218 1117 στόματι
1247 1046 1315 1117 μὴ
1344 1048 1645 1116 λαλουμένης
1673 1045 1846 1110 οὕσίας
1869 1047 2042 1102 λοιπόν
2070 1050 2122 1102 ἐν
2143 1055 2250 1111 ταῖς
2271 1070 2389 1118 καρ-

447 1139 577 1199 δίαις
617 1133 912 1202 φωλεύουσα
957 1132 992 1203 ἦ
1029 1137 1214 1203 αἵρεσις
1253 1135 1471 1202 νέμηται.
1544 1131 1663 1186 Ἀλλ’
1696 1138 1724 1170 4
1748 1132 1931 1196 αὐτοῦς
1965 1134 2242 1202 φθάσωμεν
2272 1134 2389 1206 γρά-

446 1243 635 1289 φοντας
674 1219 851 1290 ὅμοιον
890 1218 1016 1274 κατά
1057 1219 1293 1288 βούλησιν
1325 1218 1568 1288 άνόμοιον
1613 1219 1667 1272 δὲ
1707 1216 1813 1271 κατ’
1848 1217 2043 1286 οὐσίαν,
2095 1223 2144 1273 εἴ
2177 1242 2230 1292 γε
2269 1221 2388 1275 ἀνυ-

443 1305 642 1370 πούλως
666 1309 750 1361 καὶ
788 1311 1029 1377 καθαρῶς
1055 1304 1109 1359 τὸ
1137 1303 1263 1359 κατά
1289 1304 1452 1358 πάντα
1482 1303 1662 1372 ὅμοιον
1694 1302 2018 1374 ὁμολογοῦσιν
2040 1306 2192 1359 ἕωλον
2217 1304 2388 1370 αὐτοῖς

443 1390 825 1461 άπελεχθήσεται
852 1391 907 1446 τὸ
935 1394 1250 1462 ἐπιχείρημα,
1290 1387 1630 1444 σπουδάσασιν
1662 1382 1777 1460 ἆραι
1809 1387 1865 1443 τό
1896 1388 2053 1459 ὄνομα
2082 1397 2172 1460 τῆς
2201 1389 2385 1456 οὐσίας.

441 1478 605 1532 Οὐδὲν
638 1476 733 1549 γάρ
769 1479 1076 1549 ἐκέρδαινον,
1128 1474 1523 1547 ἀναγκασθέντες
1560 1473 1859 1546 ὁμολογῆσαι
1889 1475 1975 1530 τὸν
2002 1475 2116 1530 υἷὸν
2143 1482 2209 1531 τῶ
2235 1478 2387 1550 πατρὶ

444 1561 570 1618 κατά
619 1563 781 1617 πάντα
819 1562 1007 1632 ὅμοιον.
1097 1564 1169 1615 Εἰ
1212 1560 1306 1632 γάρ
1360 1559 1486 1615 κατά
1534 1560 1723 1627 πάντα,
1764 1558 1832 1623 ὥς
1870 1559 2216 1633 ὥμολόγησαν,
2255 1565 2386 1617 ἔστιν

442 1649 648 1718 ὅμοιος,
700 1647 996 1719 ε5(ιὸ’ςπεροῦν
1035 1650 1164 1702 ἔστιν
1208 1645 1237 1701 ὅ
1264 1645 1376 1710 υἷὸς
1415 1652 1483 1720 τῷ
1523 1648 1674 1718 πατρὶ
1708 1646 1905 1715 ὅμοιος,
1956 1649 2086 1702 ἔστιν
2118 1647 2292 1717 ὅμοιος
2317 1647 2381 1703 οὔ

440 1734 565 1790 κατά
596 1734 685 1804 τὴν
714 1735 945 1804 βούλησιν
968 1735 1054 1788 καὶ
1080 1733 1169 1802 τὴν
1195 1735 1441 1804 ἐνέργειαν
1474 1731 1690 1801 θμόνην,
1729 1732 1869 1787 καθά
1898 1734 2038 1788 αὐτοὶ
2070 1737 2379 1806 διορίζονται,

440 1819 559 1875 άλλοὶ
591 1819 716 1875 κατά
747 1819 837 1889 τὴν
868 1820 1080 1891 ὕπαρξιν
1107 1821 1192 1873 καὶ
1222 1818 1348 1873 κατά
1381 1817 1470 1887 τὴν
1497 1816 1768 1873 ’ὑπόστασιν
1802 1820 1887 1872 καὶ
1919 1817 2045 1873 κατά
2077 1819 2132 1874 τὸ
2162 1818 2287 1875 εἶναι
2313 1819 2382 1885 αἶς

438 1905 573 1974 υἷὸς,
621 1908 707 1961 καὶ
736 1904 976 1969 καθάπαξ
1001 1903 1126 1959 κατά
1151 1904 1314 1959 πάντα
1342 1902 1575 1958 ἁπάντων
1602 1906 1702 1958 ἐστὶ
1728 1905 2095 1977 περιληπτικόν,
2124 1907 2207 1960 καὶ
2241 1905 2381 1961 οὐδε-

439 1996 558 2062 μίαν
583 1991 835 2064 διαφοράν
858 1995 1124 2063 προςίεται,
1161 1988 1557 2062 ὁμολογουμένου
1582 1996 1672 2044 τοῦ
1698 1989 1818 2059 μήτε
1844 1990 1999 2045 αὐτόν
2023 1994 2181 2066 ἑαυτῷ
2205 1990 2382 2061 ὅμοιον

439 2075 563 2132 εἶναι
603 2077 690 2132 τὸν
722 2079 933 2149 πατέρα,
989 2076 1109 2145 μήτε
1147 2075 1234 2131 τόν
1263 2076 1374 2130 υῐὸν
1408 2074 1602 2129 7αὐτόν
1643 2077 1801 2149 ἑαυτῷ
1841 2073 1967 2131 εἶναι
2003 2077 2206 2146 ὅμοιον,
2260 2078 2380 2132 ἄλλά

435 2162 550 2218 υἷὸν
593 2161 718 2217 εἶναι
758 2163 935 2231 ὅμοιον
968 2168 1036 2235 τῷ
1074 2164 1252 2233 πατρὶ,
1305 2163 1392 2215 καὶ
1424 2164 1474 2215 ἐν
1502 2166 1571 2234 τῷ
1605 2160 1731 2214 κατά
1760 2160 1923 2215 πάντα
1949 2162 2123 2231 ὅμοιον
2155 2161 2281 2218 εἶναι
2311 2169 2383 2238 τῷ

433 2250 582 2320 πατρὶ
614 2248 727 2302 υἷὸν
758 2246 905 2313 ὄντα,
943 2249 1027 2301 καὶ
1055 2247 1117 2300 οὗ
1149 2248 1364 2318 πατέρα,
1410 2249 1501 2310 8ἐξ
1529 2241 1590 2301 οὗ
1618 2245 1806 2318 πατρὸς
1846 2249 2060 2312 9τέλειος
2090 2251 2145 2303 ἐκ
2186 2252 2372 2304 τελείου

436 2333 535 2405 πρὸ
577 2333 741 2402 πάσης
780 2336 971 2395 ἐννοίας
996 2334 1078 2386 καὶ
1111 2331 1312 2386 πάντων
1342 2338 1586 2403 λογισμῶν
1611 2335 1696 2387 καὶ
1723 2331 1914 2404 χρόνων
1951 2336 2036 2387 καὶ
2061 2333 2286 2402 αἰώνων,
2321 2337 2375 2389 ἐκ

433 2425 525 2474 τοῦ
573 2417 761 2491 πατρὸς
813 2416 1103 2487 ὁμοιότητος
1154 2420 1441 2489 γεννηθεὶς,
1495 2415 1562 2481 ὥς
1615 2416 1718 2472 οἶδε
1765 2417 1917 2487 μόνος
1954 2417 1984 2473 ὅ
2031 2419 2192 2492 πατὴρ
2243 2418 2273 2473 ὁ
2310 2415 2374 2485 ’ἐξ

440 2511 499 2542 ¹⁰
521 2502 678 2558 αὐτοῦ
721 2502 871 2558 αὐτόν
911 2501 1125 2566 άπαθῶς
1159 2503 1423 2574 γεννήσας,
1474 2506 1558 2557 καὶ
1599 2502 1629 2558 ό
1656 2503 1766 2566 υἷὸς
1807 2501 1835 2558 ὅ
1872 2507 1921 2570 ἐξ
1963 2503 2116 2560 αὐτοῦ
2156 2504 2213 2560 τὸ
2251 2503 2375 2560 εἶναι

433 2591 582 2659 ἔχων,
620 2591 707 2644 καὶ
732 2583 772 2664 ᾧ
804 2588 956 2652 αὐτὸς
985 2588 1317 2657 ἀποκαλύψει,
1357 2591 1409 2644 ἐν
1438 2595 1498 2662 τῇ
1526 2587 1630 2643 κατ’
1665 2588 1819 2644 αὐτὸν
1846 2594 2039 2665 θεωρίᾳ
2068 2589 2218 2657 άξίως
2243 2590 2376 2662 ἡμᾶς

433 2673 521 2730 τὸν
557 2676 737 2729 ἑαυτοῦ
772 2676 960 2747 πατέρα
1005 2677 1308 2747 11παρέχων
1345 2682 1490 2729 νοεῖν.

578 2848 680 2899 Καὶ
713 2845 781 2915 μὴ
809 2848 1087 2917 ταρασσέτω
1120 2846 1175 2901 τὸ
1207 2852 1306 2900 τῶν
1335 2843 1653 2900 ὖποστάσεων
1683 2845 1839 2916 ὅνομά
1869 2868 2020 2910 τινας.
2094 2845 2195 2902 Διά
2223 2855 2370 2905 τοῦτο

431 2929 526 3003 γάρ
555 2929 848 2996 ὑποστάσεις
873 2936 925 2987 οἱ
950 2931 1234 2987 ἀνατολικοὶ
1259 2933 1510 3003 λέγουσιν,
1548 2935 1633 2986 ’ἵνα
1664 2931 1753 2996 τοὶς
1783 2932 2029 3002 ἰδιότητας
2053 2939 2152 2987 τῶν
2177 2934 2369 3005 προςοό-

431 3039 542 3072 πων
577 3016 868 3086 ὑφεστώσας
908 3019 992 3071 καὶ
1030 3016 1351 3088 ’ὑπαρχούσας
1396 3021 1711 3089 γνωρίσωσιν.
1785 3022 1857 3072 Εἰ
1879 3017 1972 3091 γάρ
1995 3025 2187 3087 πνεῦμα
2215 3017 2246 3073 ὅ
2276 3042 2368 3074 πα-

433 3102 552 3175 τὴρ,
604 3110 798 3173 πνεῦμα
832 3105 918 3158 καὶ
959 3101 988 3157 ὅ
1019 3103 1153 3169 υἱός,
1204 3109 1397 3172 πνεῦμα
1438 3106 1521 3157 καὶ
1559 3103 1613 3158 τό
1655 3104 1795 3175 ὂίγιον
1829 3110 2050 3172 πνεῦμα,
2090 3102 2151 3158 οὗ
2184 3112 2366 3160 νοεῖται

432 3187 593 3260 πατὴρ
622 3186 651 3243 ὅ
675 3189 811 3253 υίὸς·
862 3187 1107 3257 ὑφέστηκε
1133 3189 1186 3242 δὲ
1212 3190 1295 3242 καὶ
1319 3187 1373 3242 τὸ
1406 3195 1627 3257 πνεῦμα,
1680 3189 1708 3243 ὃ
1734 3188 1795 3243 οὔ
1816 3197 2000 3244 νοεῖται
2037 3188 2174 3255 υἰὸς,
2226 3189 2255 3244 ὃ
2280 3192 2367 3245 καὶ

432 3274 524 3329 οὐκ
557 3277 670 3330 ἔστι.
754 3273 820 3329 Τὸ
849 3278 1040 3343 πνεῦμα
1069 3272 1130 3328 οὐ
1155 3282 1338 3328 νοεῖται
1365 3272 1502 3339 υἷὸς,
1542 3272 1789 3343 ὖφέστηκε
1817 3276 1870 3329 δὲ
1896 3277 1981 3328 καὶ
2008 3273 2063 3329 τὸ
2090 3281 2285 3344 πνεῦμα
2307 3274 2364 3331 τό

486 3418 527 3460 2.
551 3420 710 3469 „Deest
735 3419 902 3475 aliquid.
947 3422 1010 3460 De
1027 3419 1270 3461 constantio
1298 3419 1369 3461 lo—
1430 3422 1562 3462 fessus
1587 3428 1664 3474 est,
1693 3419 1868 3460 similem
1891 3433 1984 3460 eum
2007 3418 2050 3461 in
2076 3420 2264 3465 omnibus
2290 3436 2364 3478 pa-

431 3474 613 3528 quitur.“
657 3479 859 3519 Petavius.
915 3480 1020 3519 Nihil
1054 3478 1255 3528 desidero,
1302 3480 1373 3518 etsi
1428 3478 1503 3520 tris
1530 3492 1617 3519 esse
1641 3476 1875 3518 asserendo.

429 3533 633 3573 insolenter
669 3535 817 3575 dictum
855 3546 933 3576 esse
966 3547 1044 3576 non
1083 3545 1191 3586 neqo-
1256 3536 1365 3576 Verto
1479 3536 1517 3578 3.
1550 3532 1749 3589 μεῦοδίαν
1792 3535 1904 3574 codd.
1944 3545 2036 3575 mss.
2075 3538 2110 3575 et
2145 3537 2203 3576 ed.
2235 3537 2361 3587 princ.

431 3585 514 3626 Sed
538 3587 688 3628 vindex
712 3590 898 3631 veritatis
934 3589 1034 3631 deus
1065 3597 1153 3641 est,
1199 3589 1271 3630 ille
1295 3591 1365 3645 qui
1424 3589 1646 3647 μεθοδείαν
1681 3592 1741 3630 ed.
1774 3592 1907 3631 Petav.

432 3644 748 3696 comprehendit
783 3647 989 3702 sapientes
1016 3647 1060 3687 in
1099 3647 1251 3687 astutia
1275 3662 1365 3698 sua,
1478 3645 1517 3690 4.
1540 3642 1693 3694 αὐτοὺς
1711 3642 1863 3701 (αὐτὸς
1888 3649 2026 3687 vitium
2053 3652 2108 3688 est
2131 3649 2195 3689 ed.
2222 3650 2358 3690 Petav.

430 3698 500 3752 qui
527 3699 727 3753 unigeniti
760 3703 821 3742 sui
854 3703 929 3743 filii
971 3704 1259 3759 cognationem
1288 3719 1364 3746 co-
1425 3707 1554 3747 Colon.
1580 3704 1716 3756 repet.)
1742 3699 1976 3758 φθάσωμεν
2004 3705 2093 3744 libri
2117 3716 2259 3746 omnes.
2285 3700 2360 3748 αὖ·

429 3769 517 3794 ram
543 3756 736 3810 religioso
760 3757 1014 3812 imperatore
1042 3767 1138 3814 (per
1162 3775 1234 3801 ora
1262 3760 1364 3801 fide-
1420 3758 1519 3809 τοῦς
1546 3753 1799 3814 φωράσομεν
1829 3764 2049 3810 suspicatus
2075 3765 2129 3801 est
2156 3761 2358 3813 Petavius,

428 3811 528 3852 lium
565 3821 606 3853 et
637 3813 967 3855 orthodoxorum
991 3816 1225 3872 hominum)
1259 3831 1360 3871 pro·
1424 3818 1636 3858 Carnarius
1664 3811 1819 3865 αὐτοὺς
1846 3813 2142 3872 ἐφωράσαμεν,
2171 3820 2358 3869 interpre-
