2508 4134
565 301 791 342 PANARII
820 301 924 343 LIB.
950 302 1024 342 111.
1052 301 1187 344 TOM.
1212 305 1244 344 Ι.
1271 303 1441 344 ἨΑΕΒ.
1467 303 1606 343 LXX.
1980 293 2046 343 35

129 400 268 452 rinde
297 416 433 451 suus,
509 397 721 449 Restant
769 415 835 450 ex
876 399 1060 467 epactis
1101 399 1195 450 illis
1243 401 1345 452 dies
1376 399 1479 464 Vl,
1520 401 1670 451 horae
1701 397 1902 464 lell,
1945 401 2050 467 qui-

130 484 220 534 bus
249 480 364 533 Vll.
410 499 567 533 annus
608 483 826 533 undenos
867 483 1001 546 dies,
1058 482 1202 534 horas
1244 492 1343 534 tres
1384 484 1567 535 adiicit.
1658 482 1810 535 Fiunt
1846 493 2048 552 epactae

130 564 342 630 XVlll‚
396 566 545 617 horae
572 563 724 616 XXL
803 565 931 616 Tum
964 564 1106 617 thl.
1139 584 1267 617 anno
1301 565 1377 617 Xl
1412 585 1581 619 rursus
1614 568 1782 619 diebus
1820 567 2049 636 horisque

132 651 284 701 tribus
307 650 563 714 adiunctis,
604 647 728 701 Vlll
758 658 807 700 et
829 647 937 700 XX
961 650 1167 712 dierum,
1209 659 1353 718 atque
1383 644 1608 701 horarum
1637 650 1822 704 XXlV
1848 662 2049 721 epactae

130 735 447 802 colliguntur,
501 733 648 784 horae
691 734 794 784 dies
836 733 1097 784 conficiunt
1125 734 1274 797 duOS,
1327 733 1405 801 qui
1432 732 1662 784 XXVlll
1694 736 1786 786 illis
1816 754 2050 788 annume-

132 820 220 870 rati
250 815 412 868 XXX
441 817 758 868 dies'solidos
790 817 1050 886 complent.
1128 815 1294 885 Quare
1328 815 1472 868 Vlll.
1503 836 1629 868 anno
1655 817 1817 870 XXX
1848 821 1949 871 dies
1978 821 2051 871 iu-

132 902 452 966 tercalantnr,
506 909 553 951 et
592 901 835 951 biennium
877 901 1000 952 istud
1031 918 1246 952 mensem
1280 901 1423 952 habet
1464 919 1639 965 unum3
1693 903 1910 971 adeoque
1949 913 2050 955 tota

130 985 211 1036 illa
246 985 471 1054 periodus
515 985 808 1036 octae‘terica
839 985 944 1036 dies
971 984 1061 1035 sibi
1093 985 1320 1036 vendicat
1349 982 1477 1050 XC,
1539 986 1617 1053 qui
1649 1003 1843 1037 menses
1868 989 2050 1038 solidos

131 1070 340 1121 efficiunt
367 1067 468 1132 lll;
503 1069 725 1120 nimirum
754 1068 919 1137 primis
944 1069 1129 1120 duobus
1162 1069 1384 1120 trienniis
1408 1069 1613 1137 singulis
1641 1087 1854 1120 mensem
1883 1089 2048 1135 unum,

132 1154 326 1205 biennio
356 1153 518 1204 itidem
551 1162 786 1221 sequente
818 1170 1035 1204 mensem
1063 1171 1230 1204 unum.
1308 1151 1362 1204 ln
1395 1152 1468 1204 his
1501 1153 1653 1205 tribus
1683 1154 2051 1206 intercalaribus

132 1238 409 1301 mensibus,
466 1237 545 1305 qui
588 1236 762 1305 triplici
801 1236 879 1287 illa
910 1237 1093 1288 dierum
1130 1238 1416 1288 collectione
1449 1246 1704 1301 constant,
1765 1236 2051 1290 ludaeorum

131 1319 319 1372 Pascha
337 1361 350 1383 ‚
393 1339 420 1372 a
446 1318 834 1373 Christianorum
873 1330 1245 1390 ceterorumque
1271 1320 1512 1372 Pascbate
1541 1322 1786 1372 diversum
1812 1331 1906 1373 est.

275 1404 411 1456 Haec
450 1413 562 1456 sunt
597 1405 644 1455 in
678 1405 849 1472 quibus
884 1405 1096 1456 Audiani
1125 1406 1182 1456 ab
1220 1405 1427 1456 ecclesia
1459 1405 1777 1469 dissentiunt,
1831 1424 1969 1473 quem
2003 1406 2308 1471 iuCap.X1V.

132 1506 348 1541 errorem
392 1489 524 1541 viros
565 1489 762 1557 perinde
792 1507 849 1539 ac
882 1489 1110 1540 mulieres
1141 1489 1398 1553 inducunt,
1457 1492 1563 1540 dum
1594 1490 1683 1541 hac
1709 1489 1757 1541 in
1788 1499 1922 1559 parte
1949 1489 2053 1558 glo-

132 1574 321 1624 riantur
345 1573 497 1624 veteri
523 1591 577 1625 se
611 1572 858 1624 traditioni
887 1582 936 1624 et
963 1575 1290 1643 apostolorum
1318 1573 1527 1624 decretis
1560 1574 1809 1638 insistere,
1843 1592 1949 1624 cum
1980 1574 2053 1625 in-

133 1658 273 1708 terim
306 1657 420 1708 nibil
456 1658 546 1708 hoc
572 1658 620 1707 in
651 1657 847 1725 negotio
878 1659 1163 1725 castigatum
1193 1667 1568 1726 accuratumque
1602 1667 1829 1723 teneant,
1886 1677 1948 1710 ne
1975 1676 2053 1710 se-

132 1742 291 1792 dulam
319 1741 446 1793 illam
491 1741 818 1810 apostolorum
848 1742 895 1792 in
927 1741 1012 1792 hac
1043 1741 1403 1793 Constitutione
1431 1742 1728 1810 diligentiam
1757 1743 2048 1810 intelligant,

133 1843 272 1894 quam
313 1843 371 1876 eo
400 1826 603 1877 consilio
636 1825 949 1877 adhibendam
981 1825 1048 1876 illi
1080 1835 1337 1895 putarunt,
1393 1844 1489 1877 non
1517 1827 1641 1894 quod
1678 1824 1840 1878 ludaei
1874 1828 2051 1896 optime

133 1926 190 1961 ac
218 1910 324 1960 sine
351 1927 520 1960 errore
556 1909 606 1960 in
635 1909 714 1960 illa
745 1910 1029 1960 celebritate
1059 1919 1406 1974 versarentur,
1459 1912 1543 1960 sed
1570 1919 1620 1960 ut
1647 1927 1810 1961 eorum
1842 1913 2054 1979 pertina-

134 1993 255 2044 ciam
287 1994 604 2045 excluderent
639 1993 720 2062 qui
757 1994 1010 2044 communi
1041 1994 1368 2045 consensione
1395 2003 1556 2062 spreta
1586 2011 1704 2045 suae
1735 1995 1937 2062 quisque
1968 2013 2054 2045 vo-

133 2077 302 2129 luntati
352 2095 407 2128 ac
456 2077 794 2128 consuetudini
842 2078 1031 2129 servire
1075 2078 1290 2128 mallent.
1384 2076 1581 2128 Etenim
1632 2076 1857 2130 Christus
1909 2097 2053 2130 unum

130 2159 318 2213 Pascha
344 2161 402 2211 ab
432 2162 654 2213 omnibus
685 2161 936 2213 observari
963 2161 1161 2229 cupiens
1187 2161 1326 2212 buius
1358 2162 1497 2212 unius
1527 2162 1766 2213 rationem
1800 2163 1954 2224 ducit,
2007 2171 2057 2213 et

134 2263 241 2298 eum
271 2246 504 2315 approbat
533 2245 612 2314 qui
641 2247 770 2297 omni
807 2247 1119 2297 contentione
1149 2245 1305 2314 posita
1331 2264 1437 2297 cum
1467 2247 1526 2296 iis
1553 2246 1796 2309 celebrat,
1836 2246 1917 2314 qui
1949 2263 2056 2296 cer-

135 2331 368 2381 tissimam
401 2330 526 2381 illius
553 2330 788 2381 rationem
820 2331 1006 2394 ineunt,
1051 2330 1139 2381 hoc
1168 2339 1244 2381 est
1269 2349 1375 2381 cum
1402 2331 1609 2382 ecclesia
1637 2330 1892 2392 catholica,
1934 2346 2057 2398 quae

134 2413 283 2466 variis
324 2414 477 2465 modis
518 2415 692 2465 festum
720 2415 832 2465 illud
863 2414 1049 2464 indicit.
1127 2413 1227 2465 lam
1252 2432 1370 2466 vero
1399 2415 1439 2466 si
1472 2432 1497 2464 a
1532 2411 1842 2465 Constantini
1872 2423 2057 2482 tempo-

134 2498 270 2550 ribus
293 2499 445 2568 prima
475 2498 686 2548 omnium
713 2499 771 2549 de
799 2498 1070 2549 istiusmodi
1104 2499 1386 2549 celebritate
1414 2499 1618 2549 conflata
1647 2499 1809 2549 forent
1835 2497 2052 2561 dissidia,

137 2584 396 2635 nonnullus
437 2583 637 2634 istorum
683 2583 953 2634 calumniae
998 2583 1132 2633 locus
1172 2600 1282 2635 esse
1323 2584 1592 2634 videretur.
1667 2580 1767 2634 Sed
1799 2599 1905 2632 cum
1943 2592 2057 2633 ante

138 2664 514 2719 Constantinum
545 2667 714 2718 eadem
739 2667 819 2717 illa
851 2667 1058 2717 divortia
1087 2666 1329 2734 vigerent,
1371 2676 1419 2717 et
1450 2666 1658 2734 gentiles
1688 2675 1867 2717 tantam
1902 2666 2059 2716 eccle-

137 2752 239 2803 siae
270 2751 558 2803 discordiam
598 2769 693 2801 non
730 2751 836 2801 sine
870 2751 1074 2802 ludibrio
1105 2751 1243 2801 nobis
1273 2751 1658 2818 exprobrarent,
1718 2751 1908 2800 tandem
1937 2767 2057 2800 vero

137 2837 224 2888 sub
266 2837 558 2905 imperatore
590 2831 914 2886 Constantino
955 2835 1344 2903 conspirantibus
1372 2834 1611 2903 episcopis
1656 2834 1902 2884 dissidium
1944 2832 2059 2883 illud

140 2921 440 2990 pacificatum
482 2927 530 2969 et
564 2919 620 2969 ad
655 2920 964 2969 concordiam
994 2920 1240 2969 redactum
1281 2919 1456 2982 fuerit,
1517 2918 1626 2985 quid
1668 2919 1858 2968 tandem
1900 2916 2060 2965 utilius

138 3016 221 3055 aut
250 3004 504 3056 iucundius
537 3012 612 3053 est
639 3021 776 3070 quam
808 3003 867 3052 ab
897 3003 1131 3054 extremis
1166 3011 1326 3053 terrae
1356 3002 1527 3052 linibus
1558 3000 1867 3052 Christianos
1893 3015 2061 3049 omnes

142 3090 342 3158 populos
382 3089 431 3139 iu
464 3087 695 3138 honorem
728 3087 801 3136 dei
837 3087 945 3136 festi
976 3087 1102 3137 illius
1132 3087 1415 3137 celebritate
1446 3086 1674 3151 defungi,
1730 3102 1785 3160 ac
1821 3080 2063 3133 communi

142 3173 468 3224 consensione
507 3170 698 3238 vigilias
738 3170 907 3220 obire?
946 3171 1171 3233 eosdem,
1214 3171 1435 3237 inquam,
1479 3178 1525 3219 et
1558 3168 1787 3235 aequales
1818 3167 1920 3216 dies
1956 3182 2064 3233 per-

143 3258 383 3307 noctando
413 3257 748 3324 precandoque
795 3255 1048 3304 traducere
1081 3271 1267 3304 summa
1297 3254 1585 3315 concordia,
1639 3269 1695 3301 ac
1723 3250 1871 3299 divini
1908 3248 2063 3299 numi-

144 3341 221 3391 nis
251 3339 511 3407 obseqnio,
554 3339 776 3401 ieiuniis,
820 3339 1062 3389 aridorum
1099 3356 1216 3400 usu,
1260 3337 1576 3398 castimonia,
1633 3335 1835 3400 aliisque
1869 3331 2063 3401 pietatis

146 3424 341 3486 officiis,
397 3423 567 3490 quibus
601 3422 1018 3489 religiosissimum
1065 3422 1194 3471 illum
1235 3422 1357 3471 diem
1407 3423 1715 3486 frequentare
1750 3435 1804 3467 ac
1836 3415 2064 3467 venerari

146 3509 338 3558 solent?
413 3504 511 3558 Sed
550 3507 669 3558 baec
694 3506 814 3557 satis
848 3523 957 3557 esse
984 3504 1193 3555 arbitror
1221 3505 1279 3555 de
1309 3503 1642 3554 Audianorum
1675 3500 1872 3551 dissidio
1903 3501 2065 3551 hacte-

148 3608 238 3642 nus
277 3591 534 3659 disputata.

147 3732 219 3771 deo
249 3733 403 3771 vertisse
443 3738 485 3769 et
522 3729 689 3769 eosdem
728 3729 814 3770 dies
855 3728 1079 3783 aequaliter
1192 3726 1230 3767 c.
1262 3723 1598 3780 πανσεβασμένον
1630 3727 1689 3765 ed.
1716 3727 1843 3774 princ.

151 3786 285 3835 ferre,
315 3786 357 3825 in
388 3784 535 3838 vigiliis
565 3790 643 3825 cett.

1646 3853 1676 3903 3
1701 3850 1725 3878 τοι
