2508 4134
237 1324 322 1366 pag.
345 1315 420 1353 980.

457 251 558 303 306
1161 258 1367 301 SANc'n
1394 260 1675 302 EPIPHANH

1950 355 2029 374 »vc-l
2156 355 2170 373 Ι

458 354 582 411 κατὰ
605 354 896 424 σοφιστικήν
921 377 1029 409 τινα
1056 352 1327 421 ὑπόνοιαν,
1366 358 1418 410 οἷ
1442 357 1528 424 μὲν
1552 358 1663 426 περὶ
1694 361 1782 409 τοῦ
1814 376 1972 409 κακον
2000 378 2075 410 οτι
2101 364 2266 411 ποθεν
2297 354 2383 425 ἤρ-

454 446 597 506 ξατο,
637 439 769 495 ἄλλοι
806 441 859 494 δὲ
889 442 961 494 ὅτι
993 440 1156 494 πόθεν
1190 437 1220 494 ὅ
1246 439 1500 509 διάβολος,
1538 439 1573 509 ἢ
1603 439 1685 494 διά
1712 444 1758 494 τί
1782 441 2004 510 γέγονεν,
2041 443 2195 512 ἕτεροι
2221 442 2274 494 δὲ
2299 440 2385 495 τόν

456 527 685 594 μέλλοντα
711 524 1003 597 ἁμαρτάνειν
1032 523 1306 596 ἄνθρωπον
1335 525 1410 585 ὅτι
1436 524 1519 579 διά
1541 530 1587 578 τί
1610 523 1640 579 ό
1667 525 1789 588 θεὸς
1814 525 1973 588 οὕτως
2000 524 2152 580 αὐτόν
2183 529 2384 591 ἔκτισεν,

454 608 484 664 ὁ
512 612 564 664 δὲ
586 617 808 665 τοιοῦτον
837 609 989 664 αὐτόν
1020 610 1347 682 ἐργασάμενος
1384 609 1468 664 διά
1503 614 1549 664 τί
1579 610 1784 680 ὕστερον
1819 608 1970 664 αὐτόν
2008 613 2237 665 αἰτιᾶται.
2294 609 2386 664 Ἵν’

454 694 573 749 ὅταν
599 696 778 759 πάντες
806 695 1216 766 περικρούσαντες
1248 695 1365 759 τοῦς
1397 698 1584 749 ἓαυτῶν
1608 693 1871 766 λογισμούς
1894 695 2252 764 καταμάθωσιν
2277 697 2386 750 ἒαυ-

452 780 571 844 tofis·
597 779 884 853 φθαρτοῦς,
940 779 1236 836 ἀποδῶσωσι
1266 787 1335 854 τῷ
1373 784 1500 835 mg„
1539 783 1688 852 πατρὶ
1723 783 1808 837 καὶ
1842 784 1932 854 υἱῷ
1965 783 2050 835 καὶ
2079 779 2201 855 ἁγίῳ
2238 780 2383 835 πνεύ·

454 889 593 935 ματι,
644 869 862 922 τουτέστι
890 870 948 940 τῇ
974 872 1065 941 μιᾷ
1100 866 1289 937 τριάδι,
1338 864 1392 920 τὸ
1419 867 1567 934 σέβας
1593 868 1676 920 καὶ
1711 865 1802 935 τήν
1827 873 2028 938 γνῶσιν·
2079 864 2193 938 παρ’
2226 867 2382 922 αὐτοῦ

452 953 506 1005 δὲ
529 952 805 1021 αἰτούμενοι
832 958 921 1021 τῆς
951 949 1193 1020 ἀληθινῆς
1216 955 1423 1014 πίστεως
1445 949 1532 1019 τήν
1555 958 1760 1022 γνῶσιν,
1796 954 1883 1006 καὶ
1915 952 2264 1023 πορισάμενοι,
2301 954 2385 1006 ἵνα

451 1036 518 1106 μή
544 1035 858 1109 ὑπερβαίνειν
890 1043 1156 1108 πειρῶνται
1188 1035 1243 1091 τὸ
1282 1039 1411 1089 ἰ’διον
1449 1037 1650 1106 μέτρον,
1701 1037 1822 1089 ἀλλά
1861 1037 2092 1106 μάθωσιν
2131 1035 2386 1106 ἡσυχάζειν

451 1121 552 1176 ἀπὸ
577 1124 951 1191 τετυφλωμένης
979 1126 1195 1188 ἐννοίας,
1233 1124 1318 1175 καὶ
1345 1119 1411 1190 μή
1438 1125 1732 1188 σοφίζεσθαι
1759 1119 1842 1175 διά
1866 1120 2207 1191 ἀναπτομένης
2232 1121 2385 1193 γλώσ-

449 1225 538 1276 σης
568 1210 654 1262 καὶ
691 1215 934 1279 λογισμῶν
973 1206 1248 1273 ἀσυνέτων,
1299 1209 1693 1277 σωφρονίζεσθαι
1717 1207 1771 1259 δὲ
1803 1211 1988 1274 μᾶλλον
2017 1205 2100 1283 διά
2131 1213 2221 1261 τοῦ
2247 1224 2383 1261 συνε-

449 1300 541 1348 τοῦ
570 1296 724 1364 ρητοῦ
752 1300 841 1362 τῆς
868 1291 1009 1364 άγίας
1046 1297 1132 1347 καὶ
1156 1295 1300 1354 θείας
1338 1297 1538 1362 γραφῆς
1567 1297 1652 1360 τῆς
1681 1290 1916 1362 λεγούσης
1953 1290 2023 1360 μή
2053 1290 2385 1364 ὑπερφρονεῖν

549 1376 629 1397 ’u

447 1399 548 1451 παρ
598 1401 625 1432 ο
666 1382 747 1433 δεῖ
777 1387 1009 1451 φρονεῖν,
1048 1376 1165 1431 ἀλλά
1202 1384 1406 1449 φρονεῖν
1442 1379 1511 1440 εἰς
1546 1376 1602 1430 τό
1640 1384 1930 1449 σωφρονεῖν.

585 1550 778 1604 Ἀετίου
806 1550 975 1616 κεφάλ.
1001 1549 1088 1618 λβ’.
1163 1550 1235 1601 Εἰ
1256 1549 1469 1616 διαμένει
1499 1550 1553 1602 ἐν
1580 1547 1728 1615 φύσει
1758 1554 1776 1585 ¹
1799 1545 2067 1618 ἀγεννήτου
2091 1544 2120 1601 ὁ
2143 1546 2290 1613 θεὸς,
2325 1546 2380 1602 τό

447 1637 500 1689 ἐν
529 1637 753 1705 2γενέσει
792 1637 877 1688 καὶ
917 1635 1180 1707 ἀγεννησία
1220 1632 1397 1687 ἑαυτὸν
1437 1635 1618 1687 εἰδέναι
1653 1631 1954 1707 ἀφῃρήσθω.
2028 1634 2382 1705 Συγχωρουμέ-

443 1741 534 1773 νου
562 1721 615 1774 δὲ
651 1722 704 1774 έν
729 1718 975 1794 ἀγεννήτῳ
998 1722 1084 1774 καὶ
1113 1725 1325 1793 γεννητῷ
1365 1717 1455 1787 τὴν
1494 1721 1673 1772 ἑαυτοῦ
1703 1718 1879 1772 οὐσίαν
1914 1722 2246 1789 παρατείνειν,
2296 1716 2383 1773 αὖ·

443 1805 529 1869 τὸς
555 1807 734 1861 ἑαυτοῦ
764 1804 937 1876 ἀγνοεῖ
955 1805 1044 1874 τήν
1072 1803 1271 1870 οὐσίαν,
1309 1804 1662 1876 περιαγόμενος
1693 1802 1792 1858 ὗπὸ
1832 1806 2099 1875 3γενέσεως
2127 1805 2212 1858 καὶ
2244 1799 2382 1875 ἀγεν-

442 1895 628 1960 νησίας.
702 1893 774 1944 Εἰ
797 1892 848 1945 δὲ
877 1893 962 1945 καὶ
991 1890 1046 1945 τὸ
1072 1889 1306 1962 γεννητόν
1331 1894 1583 1959 μετείληφε
1613 1893 1870 1958 μετουσίας
1894 1886 2192 1960 ἀγεννήτου,
2245 1891 2298 1944 ἐν
2327 1889 2381 1943 δὲ

441 1981 677 2047 γεννητοῦ
701 1975 851 2044 φύσει
880 1976 1206 2045 ἄτελευτήτως
1230 1978 1468 2044 διαμένει,
1523 1981 1550 2012 4
1567 1977 1620 2029 έν
1649 1976 1738 2043 μὲν
1779 1975 1841 2043 δή
1872 1973 2030 2029 ἀτελεῖ
2063 1973 2210 2042 φύσει
2236 1973 2380 2045 γινώ-

441 2080 546 2116 σκει
570 2059 748 2128 αὐτὸν,
787 2061 983 2133 ἀγνοῶν
1009 2067 1158 2131 δῆλον
1183 2062 1260 2116 ὅτι
1286 2061 1378 2130 τήν
1404 2058 1667 2131 ἀγέννητον
1692 2064 1965 2129 μετουσίαν.
2045 2060 2119 2114 Οὐ
2146 2058 2240 2132 γάρ
2268 2057 2379 2114 οἷόν

439 2169 490 2201 τε
516 2147 669 2202 αὐτόν
699 2150 810 2219 περὶ
843 2146 1040 2202 ὓαύτοῦ
1079 2148 1162 2201 καὶ
1205 2146 1474 2218 ἀγεννήτου
1515 2144 1687 2209 οὐσίας
1723 2152 1904 2216 γνῶσιν
1943 2147 2065 2214 ἔχειν
2096 2147 2182 2199 καὶ
2210 2166 2378 2217 γεννη-

439 2240 542 2302 τῆς.
618 2236 689 2287 Εἰ
716 2234 768 2287 δὲ
798 2231 1233 2303 εὐκαταφρόνητόν
1265 2234 1363 2286 ἐστι
1395 2230 1451 2286 τό
1490 2229 1754 2302 ἀγέννητον
1794 2230 1877 2284 διά
1904 2234 2170 2299 μεταβολῆς
2211 2233 2376 2299 ἐπιτη-

439 2318 693 2387 δειότητα,
747 2317 937 2387 ἀξίωμα
980 2317 1177 2385 φύσεώς
1218 2319 1346 2371 ἔστιν
1388 2315 1533 2371 οὐσία
1574 2315 1928 2385 ἀμετάβλητος,
1977 2318 2065 2384 τῆς
2107 2313 2372 2386 ἀγεννήτου

446 2402 619 2467 οὐσίας
655 2403 818 2472 πάσης
855 2406 1015 2467 αἰτίας
1047 2407 1324 2475 κρείττονος
1365 2400 1813 2472 6ὅμολογουμένης.

2357 2653 2373 2674 ρ

571 2660 767 2730 Ἀνατρ.
833 2659 924 2713 Ἐν
962 2657 1209 2732 ἀγεννήτῳ
1253 2658 1401 2726 φύσει
1433 2660 1648 2727 διαμένει
1693 2655 2047 2727 ἀναμφιβόλως
2083 2653 2113 2710 ό
2140 2655 2289 2723 θεὸς,
2341 2679 2369 2711 ο

434 2743 495 2799 τά
522 2743 685 2798 πάντα
712 2748 879 2807 κτίσας
909 2748 958 2809 ἐξ
985 2742 1077 2799 οὐκ
1108 2742 1263 2798 ὄντων
1294 2746 1381 2798 καὶ
1419 2742 1817 2814 δημιουργήσας,
1875 2740 1905 2796 ὅ
1937 2740 2097 2812 πατὴρ
2134 2740 2370 2812 γεννήσας

437 2833 487 2894 ἐξ
513 2831 733 2884 7ἑαυτοῦ
762 2828 1029 2899 ὄμοούσιον
1059 2831 1216 2903 ἑαυτῷ
1247 2828 1387 2895 υἷὸν,
1438 2831 1522 2882 καὶ
1550 2831 1897 2901 συμπρέποντα
1926 2833 1985 2901 τῇ
2017 2825 2170 2881 αὐτοῦ
2206 2825 2365 2882 ἀΐδιό-

434 2938 568 2984 τητι,
621 2917 706 2969 καὶ
731 2915 786 2969 τὸ
819 2918 867 2979 ἐξ
892 2914 1043 2969 αὐτοῦ
1074 2913 1220 2985 ἅγιον
1247 2921 1440 2983 πνεῦμα
1466 2914 1694 2981 ἐξελθὸν,
1744 2912 2032 2985 πρεπόντως
2057 2909 2283 2982 ’ὑπάρχον
2309 2918 2371 2987 τῇ

437 3000 592 3056 αὐτοῦ
637 2998 1010 3069 ὄμοουσιότητι,
1066 3002 1150 3054 καὶ
1190 2999 1300 3055 οὔτε
1331 2999 1596 3070 ἐπειδήπερ
1631 2998 1664 3068 ή
1693 2998 1832 3071 τριάς
1868 3000 2050 3051 ἔκτισεν
2083 3000 2132 3062 ἐξ
2164 2996 2259 3052 οὐκ
2291 2997 2373 3052 ὅνέ

434 3108 534 3140 των
558 3084 618 3140 τά
652 3084 796 3152 ὄντα,
836 3084 989 3157 ὁρατά
1022 3107 1070 3139 τε
1100 3088 1184 3139 καὶ
1213 3084 1428 3155 ἀόρατα,
1477 3083 1611 3156 παρά
1638 3091 1783 3139 τοῦτο
1815 3083 2083 3152 ἀναιρεῖται
2109 3082 2162 3136 vd
2194 3082 2370 3137 ἀναλο-

436 3178 557 3242 γοῦν
584 3178 653 3245 τῶ
683 3178 774 3226 τοῦ
806 3178 934 3225 θεοῦ
963 3169 1199 3239 ἀξιώματι
1228 3170 1313 3225 διά
1337 3177 1426 3224 τοῦ
1453 3169 1746 3238 προσφάτου
1783 3175 1880 3222 τῶν
1908 3169 2230 3235 κεκτισμένων
2260 3165 2370 3222 όνό-
2444 3230 2447 3233 ,

438 3279 616 3324 ματος,
672 3255 702 3325 ἦ
730 3263 819 3311 τοῦ
845 3255 986 3319 ὄντος
1016 3255 1249 3324 ἀϊδιότης.
1314 3256 1626 3327 Ἀφαιρεῖται
1653 3256 1706 3308 δὲ
1732 3253 1829 3308 ἀπὸ
1859 3259 1956 3306 τῶν
1983 3254 2306 3321 κεκτισμένων
2334 3249 2370 3320 ἦ

438 3340 635 3396 ὄὶνωθεν
662 3340 1028 3413 ὑπερβαίνουσα,
1059 3341 1229 3407 οὐσία,
1269 3339 1362 3395 οὐκ
1389 3335 1514 3395 οὖσα
1540 3340 1731 3402 τούτοις
1759 3337 2050 3408 ὅμοούσιος,
2089 3340 2138 3402 ἐξ
2163 3336 2262 3392 οὐκ
2288 3334 2368 3391 ὅν-

438 3449 536 3481 των
578 3428 631 3480 δὲ
665 3429 906 3482 καλέσασα
944 3433 1032 3481 τοῦ
1074 3424 1212 3481 εἶναι.
1288 3424 1383 3480 Aa&
1424 3423 1454 3479 ό
1485 3426 1828 3496 γεγεννημένος
1867 3422 2004 3490 υἷὸς,
2055 3423 2150 3477 οὐκ
2187 3425 2236 3486 ἐξ
2274 3417 2367 3477 οὐκ

500 3571 561 3612 10.
591 3574 667 3613 Aut
702 3574 869 3614 delenda
895 3577 949 3613 est
975 3574 1166 3613 vocabula
1191 3569 1258 3621 ἐν,
1304 3576 1374 3612 aut
1486 3570 1523 3613 3.
1554 3567 1781 3623 γεννέσεως
1809 3570 1893 3610 cod.
1926 3568 2087 3620 Rhediq.

438 3629 492 3666 ad
516 3627 578 3683 τῷ
607 3631 814 3671 articulum
843 3630 1029 3685 λογισμῷ
1054 3630 1301 3680 repetendum
1326 3629 1374 3669 de
1485 3624 1524 3667 4.
1558 3628 1679 3677 Vuzyo
1708 3624 1746 3668 εἰ
1771 3623 1844 3679 μὲν
1869 3624 2083 3669 διατελῶν.
2144 3625 2202 3676 Cf.
2229 3635 2365 3675 supra.

438 3687 709 3733 superioribus.
1428 3685 1478 3724 Et
1510 3685 1722 3724 cornarius
1757 3685 1870 3723 vertit
1900 3681 1942 3722 in
1979 3680 2225 3736 imperfecta
2263 3693 2364 3721 sane

498 3740 532 3780 1.
562 3736 776 3796 ἀγεννῆτῳ
806 3755 929 3793 supra
957 3745 1160 3793 legebatur.
1430 3747 1573 3780 natura
1601 3753 1646 3778 se
1675 3738 1808 3792 ipsum
1839 3738 2063 3795 cognoscit.

495 3796 535 3835 ‘2-
566 3795 748 3849 γεννέσει
777 3800 859 3839 cod.
890 3800 1051 3850 Rhediy.
1486 3797 1524 3836 ὁ.
1557 3797 1690 3847 Supra
1718 3793 1880 3838 ἑαυτοῦ.
