2508 4134
227 1222 338 1277 Κεφ.
361 1216 427 1268 ις’.

221 1402 307 1438 pag.
327 1392 423 1428 110⁰.

452 243 554 295 520
1163 249 1366 292 SANCTI
1387 250 1671 292 EPIPHANH

450 349 602 416 σάσης
642 348 845 416 κέντρον
884 345 1106 400 θανάτου
1124 389 1137 411 ,
1189 345 1516 417 διαρρηξάσης
1545 346 1604 400 τά
1629 354 1865 419 κλεῖθρα,
1919 350 2002 402 καὶ
2032 347 2148 411 τούς
2174 347 2381 417 μοχλούς

450 455 565 496 τους
594 432 988 501 ἀδαμαντίνους,
1040 433 1124 485 καὶ
1151 431 1362 500 λυσάσης
1389 431 1570 495 ωδῖνας
1597 432 1728 486 ἅδου
1761 436 1812 487 ἐν
1844 436 1945 486 ἰδία
1973 436 2196 507 ἐξουσία,
2249 431 2381 487 ἀνελ-

451 517 648 586 θούσης
685 517 777 571 συν
814 523 874 591 τῇ
910 523 1075 591 ψυχῇ,
1126 516 1193 586 μὴ
1234 520 1463 586 ἐαθείσης
1501 525 1590 586 τῆς
1625 525 1792 587 ψυχης
1826 521 1894 580 εἷς
1930 515 2087 592 α’δην,
2138 520 2260 588 μηδὲ
2293 525 2380 587 τῆς

453 602 631 675 σαρκός
670 604 941 674 ἕωρακυίας
979 601 1296 673 διαφθορὰν,
1353 601 1694 671 ἀναστησάσης
1725 602 1882 671 αὐτην
1908 610 1997 672 τῆς
2029 602 2295 707 θεότητος,
2344 627 2377 672 η

453 687 754 750 ἀναστάντος
794 688 949 742 αὐτοῦ
987 693 1076 741 τοῦ
1103 691 1279 759 κυρίου
1309 694 1435 741 θεοῦ
1475 687 1625 758 λόγου
1659 690 1741 741 καὶ
1771 690 1887 741 υἷοῢ
1915 695 2066 754 θεοῦ,
2119 688 2211 742 σῦν
2241 693 2379 762 ψυχῇ

452 775 536 827 καὶ
563 772 779 841 σώματι,
830 774 915 826 καὶ
947 775 1093 827 παντὶ
1122 780 1190 847 τῷ
1215 773 1404 839 σκεύει,
1458 770 1822 835 συνενωθέντος
1864 772 2035 827 λοιπὸν
2061 781 2149 828 τοῦ
2177 774 2382 838 σκεύους

455 861 523 922 εἰς
545 864 764 927 πνεῦμα,
815 858 934 913 αὗτὸ
968 857 1022 912 vd
1049 862 1188 926 σῶμα
1215 857 1548 927 πνευματικόν
1592 856 1815 928 ὑπάρξαν
1826 901 1840 923 ,
1891 857 1950 912 τό
1978 880 2096 912 ποτε
2123 857 2230 933 ἀφῇ
2259 858 2380 914 ὗπο-
2410 915 2426 934 ,

453 948 699 1013 κείμενον,
738 945 823 997 καὶ
851 944 1040 1012 μάστιξι
1067 944 1357 1014 παραδοθὲν
1388 945 1597 1015 ἑκουσίῳ
1627 949 1716 1011 τῆς
1741 942 1980 1010 θεότητος
2006 943 2259 1014 θελήματι,
2296 946 2383 999 καὶ

459 1028 813 1101 9πειράζοντος
856 1027 956 1083 ’ὕπὸ
995 1036 1083 1083 τοῦ
1119 1035 1323 1082 Σατανᾶ
1364 1027 1767 1099 συγχωρήσαντος
1806 1030 1892 1081 καὶ
1933 1031 2078 1102 πείνᾳ
2113 1028 2382 1101 προςπελά-

453 1122 575 1182 ζειν,
613 1116 697 1168 καὶ
735 1114 901 1188 ὕπνῳ,
940 1117 1025 1168 καὶ
1061 1108 1295 1188 κὶαμάτῳ,
1332 1112 1465 1187 λύπῃ
1503 1134 1554 1166 τε
1590 1115 1675 1167 καὶ
1713 1113 1969 1187 ἀδημονίᾳ.

599 1199 739 1254 Αὔτὸ
775 1199 827 1253 τό
859 1206 1001 1268 σῶμα
1043 1199 1098 1254 τὸ
1134 1199 1275 1270 ὃὶγιον
1314 1200 1592 1253 συνενωθὲν
1628 1197 1803 1253 λοιπόν
1842 1198 2068 1267 θεότητι,
2122 1199 2383 1270 ἀπαραλεί-

454 1307 589 1349 πτως
615 1292 704 1354 τῆς
730 1284 971 1354 θεότητος
1008 1286 1354 1353 συνηνωμένης
1383 1290 1450 1357 τῷ
1480 1283 1548 1347 ,τά
1583 1291 1784 1338 τοιαῦτα
1822 1283 2101 1339 πεπονθότι
2129 1283 2252 1357 ἀγίῳ
2292 1284 2383 1340 σώ-

456 1394 581 1442 ματι.
653 1369 850 1439 Ἀνέστη
882 1369 1000 1442 γάρ,
1053 1373 1138 1424 καὶ
1177 1369 1456 1437 συνήνωσεν
1494 1368 1614 1424 αὐτό
1653 1373 1722 1433 εἰς
1750 1369 1951 1436 ἓαυτὸν,
2003 1372 2072 1433 εἰς
2095 1374 2154 1424 ἓν
2177 1377 2384 1438 πνεῦμα,

456 1460 525 1520 εἷς
553 1460 669 1526 μίαν
698 1456 928 1524 ἑνότητα,
968 1458 1036 1518 εἰς
1061 1459 1178 1523 μίαν
1208 1459 1522 1526 δοξολογίαν,
1563 1458 1631 1519 εἷς
1657 1460 1770 1524 μίαν
1795 1457 1975 1509 ἑαυτοῦ
2000 1454 2228 1525 θεότητα.
2284 1457 2383 1509 Πέ-

456 1564 582 1611 φηνε
611 1543 698 1610 μὲν
726 1540 819 1613 γάρ
852 1545 902 1596 έν
930 1540 1164 1614 ἀληθεία,
1218 1543 1302 1594 καὶ
1332 1540 1640 1610 ἐψηλαφήθη
1668 1539 1767 1594 ὗπό
1805 1548 1894 1594 τοῦ
1927 1545 2111 1610 Θωμᾶ,
2163 1542 2248 1594 καὶ
2282 1548 2388 1604 τοῖς

457 1626 747 1689 ἀποστόλοις
772 1628 1018 1697 συνέφαγε
1053 1628 1135 1680 καὶ
1162 1628 1373 1692 συνέπιε,
1411 1628 1493 1680 καὶ
1530 1635 1549 1666 1
1569 1630 1871 1696 συνηυλίσθη
1900 1626 1999 1696 μετ’
2027 1625 2190 1681 αὐτῶν
2219 1644 2385 1681 τεσσα-

461 1712 676 1783 ράκοντα
718 1711 902 1784 ημέρας
934 1714 1016 1766 καὶ
1050 1712 1409 1782 τεσσαράκοντα
1451 1711 1644 1775 νύκτας.
1715 1710 1855 1767 Ἀλλά
1887 1715 2081 1782 εἰςῆλθε
2108 1718 2286 1785 θυρῶν
2312 1733 2387 1766 κε·

460 1799 775 1867 κλεισμένων,
826 1800 910 1852 καὶ
950 1796 1069 1866 μετά
1099 1796 1154 1851 τὸ
1192 1800 1424 1860 εἶςελθεῖν
1455 1800 1669 1852 ἐδείκνυε
1698 1804 1873 1869 νεῦρα,
1926 1822 2009 1853 και
2039 1798 2184 1864 ὀστᾶ,
2234 1795 2389 1851 τύπον

458 1884 614 1953 ἥλων,
653 1885 735 1937 καὶ
765 1882 919 1938 τόπον
946 1882 1144 1954 λόγχης,
1183 1883 1260 1937 ότι
1287 1882 1408 1937 αὐτο
1435 1877 1494 1952 ἧν
1524 1881 1765 1952 ἀληθινόν
1789 1907 1842 1937 το
1872 1890 2038 1952 σῶμα,
2088 1883 2164 1938 ότι
2195 1884 2248 1937 δὲ
2275 1900 2389 1937 συν-

456 1969 605 2038 ήφθη
639 1972 708 2032 εἰς
753 1973 867 2037 μίαν
907 1968 1107 2036 ενότητα
1150 1970 1231 2022 καὶ
1274 1972 1390 2035 μίαν
1420 1967 1659 2038 θεότητα,
1714 1970 1884 2037 μηκέτι
1912 1973 2265 2039 2προςδοκοῦν
2295 1990 2388 2022 πα·

456 2062 594 2122 θεῖν,
635 2057 802 2124 μηκέτι
834 2053 1186 2123 ἀποθνῆσκον,
1226 2054 1292 2117 ὥς
1320 2072 1443 2123 φησι
1473 2052 1502 2108 ὅ
1530 2054 1671 2125 ἅγιος
1701 2054 2002 2120 ἀπόστολος,
2032 2055 2235 2122 Ἀνέστη
2266 2060 2386 2125 Χρι-

457 2140 598 2206 στὸς,
650 2139 811 2194 οὐκέτι
843 2139 1183 2208 ἀποθνήσκει,
1235 2137 1458 2202 θάνατος
1496 2140 1651 2194 αὐτοῦ
1691 2141 1855 2194 οὐκέτι
1885 2139 2115 2211 κυριεύει.
2198 2137 2263 2193 Τὸ
2289 2161 2380 2192 πα-

456 2225 615 2295 θητὸν
652 2226 849 2288 ἀπαθὲς
883 2225 959 2279 ἀεὶ
986 2227 1161 2293 μένον,
1196 2224 1252 2279 ‘co‘
1282 2223 1459 2279 θεϊκὸν
1488 2224 1577 2278 σῦν
1609 2224 1794 2293 σώματι
1820 2226 1904 2278 καὶ
1933 2232 2097 2299 ψυχῇ,
2134 2227 2219 2279 καὶ
2247 2226 2383 2299 πάσῃ

453 2319 515 2386 τῇ
545 2310 945 2382 ἒνανθρωπήσει,
985 2310 1230 2372 αὐτόθεος
1258 2309 1354 2373 (ὃν,
1395 2308 1619 2363 ἀνελθών
1652 2311 1704 2364 δὲ
1732 2313 1801 2373 εἰς
1832 2309 2110 2381 οὐρανούς,
2150 2309 2384 2364 ἐκάθισεν

456 2400 509 2452 έν
538 2401 671 2470 δεξιᾷ
698 2403 785 2450 τοῦ
813 2394 1000 2466 πατρός
1029 2398 1081 2449 ἐν
1116 2395 1263 2469 δόξῃ,
1317 2395 1410 2449 οὐκ
1451 2394 1763 2463 ἀποθέμενος
1792 2393 1846 2450 vd
1878 2402 2044 2464 σῶμα,
2102 2394 2221 2448 ἀλλά
2249 2414 2383 2449 συνε-

454 2481 620 2544 νώσας
651 2484 719 2544 εἷς
742 2479 1098 2549 πνευματικόν,
1137 2483 1189 2533 έν
1218 2479 1473 2549 τελειότητι
1511 2486 1625 2549 μιᾶς
1652 2480 1913 2549 θεότητος·
1953 2479 2021 2544 αἷς
2050 2483 2134 2534 καὶ
2158 2479 2218 2534 τά
2244 2479 2384 2550 ήμῶν

457 2568 657 2637 στόματα
685 2569 866 2635 μέλλει,
904 2564 963 2618 τά
992 2572 1083 2618 νῦν
1110 2565 1403 2636 σπειρόμενα
1435 2573 1687 2635 ψυχικοῖς,
1727 2569 1999 2637 ἐγείρεσθαι
2026 2572 2382 2635 πνευματικῶς,

455 2652 516 2707 τά
541 2659 632 2706 νῦν
658 2650 956 2723 σπειρόμενα
983 2653 1034 2704 ἐν
1062 2657 1242 2726 φθορα
1270 2654 1543 2722 ἐγείρεσθαι
1570 2654 1620 2706 ἐν
1649 2652 1939 2725 ἀφθαρσίᾳ,
1987 2651 2047 2705 τά
2074 2657 2164 2705 νῦν
2190 2651 2384 2723 σπειρό-

458 2761 579 2808 μενα
607 2741 658 2792 ἐν
685 2736 888 2810 θανάτῳ
934 2739 1207 2813 ἐγείρεσθαι
1236 2739 1288 2791 ἐν
1319 2735 1586 2792 ἀθανασία.
1664 2740 1735 2790 Εἰ
1769 2742 1937 2791 τοίνυν
1963 2735 2023 2791 τά
2056 2735 2264 2808 ημέτερα
2297 2737 2382 2791 03-

455 2846 577 2891 τως,
628 2822 768 2896 πόσῳ
796 2843 848 2893 γε
881 2828 1059 2890 μᾶλλον
1090 2824 1246 2876 ε’κεῖνο
1274 2821 1327 2876 τὸ
1356 2822 1520 2894 άγιον,
1575 2825 1659 2877 καὶ
1691 2821 2071 2893 ἀνεκδιήγητον,
2125 2824 2210 2875 καὶ
2237 2820 2383 2893 ἀσύγ-

457 2931 651 2981 κριτον,
689 2910 773 2962 καὶ
802 2908 1107 3014 ἀκραιφνὲς,
1143 2914 1164 2945 ³
1183 2914 1251 2981 τῷ
1281 2915 1389 2983 θεῷ
1418 2906 1902 2977 συνηνωμένον,τό
1928 2906 2034 2961 ἓν”’
2015 2929 2071 2960 ον
2095 2906 2270 2961 λοιπὸν
2295 2930 2383 2976 μο-

458 2995 667 3059 νοειδές,
721 3016 787 3057 ως
818 2995 903 3046 καὶ
934 3015 986 3046 εν
1019 2993 1175 3066 τούτῳ
1219 3002 1459 3065 μαρτυρεῖ
1484 2992 1514 3048 ὅ
1540 2992 1816 3056 ἀπόστολος
1843 2994 1993 3063 λέγων
2032 2995 2103 3044 Εἰ
2126 2994 2211 3045 καὶ
2236 2994 2384 3062 ε’γνω-

457 3103 544 3150 μεν
566 3078 692 3134 κατά
718 3078 876 3150 σάρκα
906 3077 1136 3150 Χριστόν,
1176 3077 1337 3133 οὐκέτι
1364 3079 1685 3150 γινώσκομεν·
1725 3077 1812 3147 οὐχ
1839 3078 1912 3131 ’ὅτι
1939 3081 2082 3130 διεῖλε
2108 3098 2196 3144 την
2222 3076 2382 3148 σάρκα

458 3163 558 3220 ἀπὸ
589 3172 676 3234 τῆς
711 3164 974 3232 θεότητος,
1026 3163 1145 3217 ἀλλά
1175 3163 1328 3233 αὐτὴν
1369 3171 1396 3202 4
1415 3166 1501 3233 μὲν
1531 3159 1710 3230 οὖσαν,
1765 3165 1849 3216 καὶ
1879 3168 1946 3235 τῷ
1975 3166 2078 3234 θεῷ
2105 3164 2382 3232 συνηνωμέ-

457 3274 573 3320 νην,
624 3251 793 3319 μηκέτι
837 3250 890 3302 δὲ
923 3243 1075 3302 οὖσαν
1111 3249 1237 3303 κατά
1283 3248 1467 3320 σάρκα,
1525 3248 1642 3303 ἀλλά
1686 3247 1811 3302 κατά
1854 3253 2070 3314 πνεῦμα,
2128 3245 2196 3309 ὥς
2240 3266 2380 3316 φησι,

456 3335 583 3389 κατά
621 3342 814 3403 πνεῦμα
853 3332 1196 3405 5οῗγιωσύνης,
1251 3338 1301 3399 ἐξ
1343 3334 1655 3398 ἀναστάσεως
1693 3338 1880 3404 νεκρῶν
1916 3337 2006 3385 τοῦ
2035 3335 2211 3400 κυρίου
2239 3331 2382 3401 ήμῶν

452 3419 614 3490 Ἰησοῦ
646 3427 874 3491 Χριστοῦ.
955 3428 977 3458 ⁶
1003 3427 1187 3475 Τοῦτον
1225 3421 1352 3488 ὅμου
1392 3419 1514 3474 θεὸν
1551 3421 1751 3489 ἔχουσα,
1803 3414 1982 3484 ἀπαθῆ
2013 3418 2098 3469 καὶ
2135 3416 2379 3485 παθόντα,

513 3550 553 3594 9.
583 3548 858 3603 πειράζεσὲαι
880 3554 1063 3603 cogitavit
1086 3553 1281 3592 Petavius.
1314 3552 1392 3592 Sed
1504 3550 1543 3591 2.
1573 3547 1819 3616 προςδοκῶν
1838 3548 1897 3587 ed.
1929 3549 2088 3597 Petav.,
2118 3549 2307 3589 mendose.

456 3610 552 3647 nihil
579 3610 837 3658 mutandum,
879 3621 965 3648 cum
999 3611 1251 3658 participium
1293 3621 1392 3661 συγ·
1505 3608 1543 3649 3.
1574 3608 1751 3646 Fortasse
1774 3601 1821 3646 τὸ
1855 3603 1956 3658 ἓεῷ

458 3663 728 3718 χωρήσαντος
756 3678 844 3705 cum
877 3667 1068 3716 infinitivo
1101 3661 1391 3717 προςπελάζειν
1503 3662 1544 3706 4.
1589 3660 1788 3715 μένουσαν
1818 3647 1955 3711 ῑεςίἰὰν
1981 3662 2023 3701 in
2052 3663 2245 3712 Anaceph.
2286 3673 2377 3714 pay.

459 3723 769 3771 coniun9e⁷1dum
796 3725 856 3762 sit.
1451 3719 1544 3762 156-

520 3775 615 3815 CAP.
635 3778 749 3816 XVI.
782 3801 833 3808 -
894 3778 928 3819 1.
962 3779 1020 3828 Cf.
1051 3779 1203 3819 Petavii
1227 3779 1281 3818 ad
1306 3778 1340 3817 h.
1364 3779 1389 3816 l.
1502 3778 1542 3816 5.
1572 3768 1797 3841 οἱγιοσύνης
1826 3774 1884 3812 ed.
1916 3774 2051 3813 Petav.

460 3836 589 3873 annot.
1502 3831 1540 3874 6.
1573 3824 1787 3883 ἄνθρωπον
1835 3825 1940 3883 ομοῦ
1979 3829 2051 3874 καὶ
2085 3828 2181 3876 θεὸν
2223 3829 2377 3889 ἔχουσα
