2508 4134
533 298 753 340 PANARH
782 297 884 338 Lm.
914 296 983 338 111.
1012 300 1144 340 ToM.
1175 302 1202 340 1.
1233 301 1611 363 HAER.LXX1V.
1924 287 2021 341 145

123 418 229 452 cum
270 406 404 467 patre
443 398 623 460 fuisse,
677 413 767 447 nec
807 413 1013 465 unquam
1045 412 1155 448 esse
1184 398 1387 450 desiisse
1419 408 1616 469 putent,
1670 399 1886 467 adeoque
1917 399 2023 450 sine

121 485 218 536 ullo
245 482 382 534 initio
412 498 469 532 ac
507 489 723 549 tempore
753 498 780 531 a
810 489 943 549 patre
973 497 1084 531 esse
1116 482 1425 548 productum,
1477 483 1784 534 nihilominus
1820 492 1914 534 tam
1955 483 2023 548 hi,

123 585 262 636 quam
302 565 382 617 alii
409 582 577 617 omnes
606 565 654 615 in
681 564 899 634 spiritum
942 572 1161 615 sanctum
1193 566 1527 616 contumeliosi
1558 576 1697 631 sunt,
1750 584 1889 635 quem
1919 585 2024 618 cum

121 660 258 720 patre
296 658 344 701 et
379 649 550 719 spiritu
592 656 759 700 sancto
795 649 842 699 in
881 650 1300 700 commemoranda
1343 649 1589 700 divinitate
1621 669 1717 702 non
1751 661 2024 703 numerant.

121 735 231 788 Nos
261 743 420 786 autem
447 751 504 785 ea
531 734 589 784 de
615 750 667 784 re
695 750 929 802 persaepe
960 732 1308 801 disputavimus
1327 773 1340 797 ,
1384 741 1431 783 et
1457 734 1504 783 in
1532 733 1733 800 singulis
1763 736 2028 788 refutandis

123 819 408 871 haeresibus
437 812 721 869 certissimis
751 818 796 868 id
825 816 1093 868 rationibus
1123 835 1219 868 non
1247 817 1477 868 mediocri
1509 817 1753 887 diligentia
1780 821 2028 888 probatum

123 904 430 972 reliquimus,
486 901 714 952 videlicet
756 901 972 970 spiritum
1018 910 1235 952 sanctum
1279 919 1384 953 cum
1426 910 1560 970 patre
1590 911 1637 952 et
1666 903 1761 954 filio
1789 905 2031 955 dominum

126 987 376 1057 appellari.
466 989 675 1051 Spiritus
712 990 831 1036 enim
873 990 1051 1036 domini
1090 989 1288 1052 replevit
1329 988 1482 1035 orbem
1527 997 1788 1037 terrarum:
1838 993 2033 1054 spiritus
2055 1003 2141 1049 Sap.
2173 1004 2204 1047 1,
2231 1004 2265 1036 τ.

126 1076 207 1123 ille
233 1075 444 1122 veritatis
481 1089 539 1120 ac
564 1074 653 1120 dei.
734 1074 941 1135 Spiritus
967 1075 1085 1121 enim
1117 1074 1296 1120 domini
1327 1074 1525 1131 dicitur,
1581 1082 1628 1121 et
1653 1090 1683 1121 a
1709 1082 1847 1138 patre
1866 1092 2031 1138 proce·
2069 1087 2198 1141 ¹⁰.³¹¹¹}·

126 1161 265 1218 dem,
318 1166 367 1206 et
388 1175 416 1206 a
429 1158 543 1221 filio
571 1158 831 1220 accipiens,
886 1174 942 1204 ac
977 1158 1180 1221 singulis
1208 1158 1336 1205 varie
1374 1159 1494 1206 dona
1531 1158 1838 1219 distribuens,
1891 1132 2286 1223 prout1.‹¹:‘1>'r.¹'1³t›,11.

129 1243 266 1303 libet‚·
306 1244 384 1291 dei
405 1258 584 1306 quoque
600 1242 839 1305 profunda
864 1250 1107 1300 scrutans,
1151 1257 1255 1290 cum
1292 1248 1427 1309 patre
1460 1241 1681 1292 existens
1710 1250 1758 1292 et
1787 1240 1911 1306 filio,
1952 1242 2035 1292 ba—

127 1326 345 1395 ptizanS,
399 1324 662 1391 obsignans
700 1323 1099 1393 obsignatumque
1140 1324 1414 1392 perficienS.
1504 1323 1688 1377 Verum
1733 1342 1793 1376 ne
1832 1326 2037 1376 eundem

128 1411 343 1461 laborem
385 1409 559 1460 iterum
592 1407 682 1459 hoc
728 1408 834 1458 loco
863 1416 1105 1477 repetam,
1159 1426 1278 1477 quae
1311 1408 1358 1459 in
1390 1426 1561 1477 magna
1588 1408 1666 1460 illa
1696 1410 2034 1479 disputatione,

131 1510 272 1563 quam
299 1494 357 1545 de
384 1491 507 1545 Fide
534 1493 581 1543 in
610 1490 941 1561 Pamphyliam
972 1493 1165 1563 scripsi,
1202 1493 1313 1544 olim
1345 1511 1372 1543 a
1400 1511 1476 1544 me
1511 1493 1749 1563 disputata
1782 1503 1922 1560 sunt,
1965 1495 2040 1546 hic

131 1596 423 1649 proponam3
476 1594 570 1645 quo
609 1586 657 1627 et
694 1576 1069 1628 contumeliosos
1109 1578 1218 1628 illos
1262 1578 1310 1627 in
1354 1578 1572 1646 spiritum
1611 1587 1827 1630 sanctum
1870 1579 2040 1630 haere-

132 1663 255 1715 ticos
294 1662 544 1726 refellam,
600 1669 649 1712 et
684 1661 895 1712 lectores
933 1661 1207 1726 instituam,
1264 1670 1312 1712 et
1348 1661 1409 1713 iis
1449 1663 1526 1730 qui
1566 1663 1783 1732 spiritum
1823 1673 2040 1714 sanctum

133 1747 444 1798 obtinuerunt
476 1745 771 1815 voluptatem
810 1763 866 1797 ac
904 1746 1135 1797 laetitiam
1176 1746 1392 1798 afferam.
1469 1745 1543 1797 Ea
1582 1765 1727 1816 porro
1763 1756 1876 1800 sunt
1914 1747 2042 1799 eius-

133 1831 281 1882 modi.

565 2000 643 2041 EX
675 2000 969 2041 ANCORATO
999 1999 1297 2040 EXCERPTA
1327 2000 1614 2049 QUAEDAM.

276 2089 518 2151 Apparuit
534 2088 697 2150 gratia
722 2088 900 2135 domini
921 2089 1078 2135 nostri
1100 2088 1207 2134 Iesu
1243 2087 1423 2133 Christi
1442 2088 1656 2134 erudiens
1681 2102 1782 2145 nos,
1826 2095 1881 2134 ut
1906 2087 2044 2135 abne·
2077 2098 2172 2152 cap.
2202 2101 2249 2138 Π.

136 2179 306 2236 gantes
343 2174 617 2236 impietatem
644 2179 693 2219 et
726 2172 988 2220 saecularia
1015 2173 1243 2219 desideria
1270 2170 1450 2229 sobrie,
1500 2173 1581 2234 pie
1610 2179 1656 2219 et
1692 2173 1811 2219 iuste
1844 2174 2048 2220 vivamus
2069 2153 2146 2188 Tit.
2164 2153 2197 2197 ²'
2222 2153 2273 2187 Η·

141 2259 188 2305 in
215 2258 300 2304 lzoc
327 2257 512 2305 saeculo
529 2293 542 2314 ,
599 2264 893 2320 expectantes
936 2256 1113 2304 beatam
1154 2272 1277 2319 spem
1317 2264 1365 2303 et
1393 2257 1634 2304 adventum
1668 2257 1855 2319 gloriae
1889 2260 2053 2321 magni

142 2343 220 2389 dei
251 2349 300 2388 et
334 2342 582 2388 salvatoris
619 2343 776 2388 nostri
813 2342 919 2388 Iesu
944 2342 1148 2389 Christi:
1203 2342 1288 2404 qui
1322 2342 1518 2388 tradidit
1551 2343 1748 2404 seipsum
1772 2358 1863 2405 pro
1892 2342 2040 2400 nobis,
2079 2351 2269 2396 001.2,14,

143 2434 198 2474 ut
226 2426 474 2473 redimeret
505 2441 588 2472 nos
616 2425 674 2472 ab
704 2427 831 2473 omni
851 2427 1121 2489 iniquitate,
1164 2434 1211 2472 et
1231 2433 1466 2488 purgaret
1490 2425 1586 2472 sibi
1611 2427 1705 2489 ipsi
1724 2427 1944 2489 populum
1966 2444 2049 2490 pe—

144 2511 392 2569 culiarem,
449 2517 724 2557 sectatorem
757 2510 976 2558 bonorum
1020 2526 1207 2574 operum
1249 2511 1398 2557 deleto
1428 2526 1520 2573 per
1557 2512 1742 2558 decreta
1781 2526 1867 2558 sua
1900 2512 2053 2558 chiro-

139 2595 352 2659 grapho,
395 2596 520 2659 quod
550 2601 714 2641 contra
741 2610 826 2642 nos
852 2602 981 2652 erat,
1040 2611 1096 2642 ac
1124 2594 1255 2642 nobis
1283 2594 1649 2654 adversabatur,·
1702 2596 1827 2659 quod
1854 2613 1879 2643 e
1908 2598 2052 2643 medio

143 2679 375 2727 sublatum
410 2677 570 2741 affioeit
602 2680 757 2735 cruci,
814 2694 870 2726 ac
895 2681 1190 2742 principatus
1232 2687 1281 2726 et
1312 2687 1567 2742 potestates
1598 2680 1803 2743 spolians
1841 2682 2058 2727 traduoeit

146 2765 369 2812 audacter
398 2763 686 2826 triumphans
714 2763 821 2810 illos
863 2764 911 2809 in
938 2766 1175 2827 semetipso
1193 2784 1206 2811 .·
1260 2772 1308 2812 et
1331 2781 1432 2812 cum
1461 2780 1627 2812 aeneas
1642 2764 1782 2829 fores
1809 2766 2053 2812 contrivis-
2104 2774 2239 2828 Psatm.

148 2855 243 2907 set,
285 2863 342 2895 ae
366 2855 516 2895 vectes
534 2847 718 2911 ferreos
747 2847 1079 2911 confregisset,
1132 2846 1263 2897 vitae
1292 2847 1594 2915 postmodum
1624 2847 1783 2897 lumen
1820 2845 2050 2909 ostendit,
2109 2818 2182 2862 Μ’
2206 2818 2256 2850 m

148 2947 318 2981 manus
360 2929 616 2998 porrigens
655 2945 710 2979 ac
751 2928 874 2979 viam
919 2930 1169 2993 muniens,
1224 2940 1273 2981 et
1312 2932 1370 2981 ad
1411 2923 1596 2982 coelum
1636 2931 2055 2982 conscendendum

151 3015 304 3066 scalas
333 3014 622 3076 ostendens,
676 3030 731 3063 ac
759 3011 1038 3064 Paradisum
1070 3013 1273 3081 denique
1302 3032 1470 3066 rursus
1509 3016 1567 3066 ad
1600 3014 1904 3065 habitandum
1939 3013 2058 3063 offe-

150 3115 285 3150 rens,
360 3097 453 3149 Hic
485 3098 632 3168 igitur
656 3099 881 3147 habitavit
909 3102 955 3146 in
982 3099 1138 3158 nobis,
1182 3115 1238 3148 ac
1266 3098 1386 3167 legis
1416 3099 1613 3167 spiritus
1644 3098 1797 3149 sancti
1825 3096 2054 3148 iustifica·
2076 3113 2308 3157 loann.1,s.

152 3183 331 3234 tionem
359 3183 497 3234 nobis
529 3191 603 3233 est
630 3182 858 3250 largitus,
915 3190 967 3232 ut
995 3189 1088 3231 tam
1115 3181 1268 3249 ipsum
1300 3200 1440 3250 quam
1470 3199 1591 3250 quae
1626 3190 1738 3233 sunt
1767 3181 1918 3249 ipsius
1947 3199 2058 3249 pro-

154 3268 257 3336 pria
285 3283 660 3336 cognoscamus3
715 3267 838 3334 quod
880 3265 1006 3318 vitae
1048 3264 1235 3316 initium
1278 3283 1334 3316 ac
1374 3268 1481 3318 finis
1510 3276 1600 3317 est.
1678 3264 1813 3332 Ergo
1851 3265 2060 3316 iustitiae

155 3351 294 3403 nobis
326 3368 562 3402 concessa
585 3351 668 3402 lex
698 3359 798 3414 est,
839 3350 949 3413 lex,
990 3349 1211 3415 inquam,
1253 3349 1390 3413 fidei,
1432 3351 1514 3401 lex
1544 3348 1771 3418 spirituS,
1825 3357 1925 3399 eta
1954 3349 2062 3417 lege

156 3435 314 3486 carnis
341 3435 526 3504 peccati
553 3435 723 3487 libera.
801 3432 1126 3501 Quamobrem
1159 3436 1283 3497 quod
1319 3437 1382 3483 ad
1409 3437 1674 3483 interiorem
1705 3435 1928 3482 hominem
1951 3451 2061 3498 per·
2088 3436 2318 3483 Rom·⁷‚²²·

159 3523 298 3580 tinet,
357 3522 435 3569 dei
471 3537 541 3569 me
571 3522 649 3569 lea:
684 3522 896 3569 delectat.
975 3515 1068 3567 Est
1108 3525 1267 3567 autem
1303 3517 1429 3567 intra
1462 3534 1550 3567 nos
1582 3512 1833 3583 Christus;
1889 3518 1930 3569 si
1962 3517 2064 3585 qui-

216 3629 256 3674 6.
281 3627 412 3680 αὐτὰς
439 3633 576 3673 Ancor.
1202 3626 1264 3668 10.
1294 3621 1324 3681 ἦ
1356 3639 1430 3667 om.
1459 3629 1598 3669 Ancor.

221 3687 259 3730 7.
288 3685 424 3744 ἑαυτῷ
454 3690 538 3729 cod.
569 3689 729 3739 Rhediy.
1201 3683 1264 3723 11.
1294 3680 1420 3736 νόμος
1445 3683 1626 3732 πίστεως
1648 3686 1786 3726 absunt
1811 3687 1860 3725 ab
1891 3687 2027 3726 Ancor.

220 3742 258 3784 8.
288 3741 422 3792 πύλας
448 3746 584 3785 Ancor.
1202 3739 1264 3781 12.
1297 3739 1411 3791 ζωῆς
1438 3741 1548 3780 habet
1576 3743 1713 3782 Ancor.

217 3797 257 3840 9.
288 3795 558 3855 ὑποβάθρας,
592 3794 762 3851 οὐρανὸν
792 3801 926 3839 Ancor.
1204 3796 1264 3837 13.
1296 3795 1535 3849 συνείδομεν
1564 3794 1634 3839 τὸν
1662 3793 1785 3851 νόμον
1817 3800 1952 3838 Ancor.

247 3879 393 3924 Corpus
415 3878 637 3914 Haereseol.
652 3878 699 3913 11.
714 3879 746 3913 3.
1670 3886 1733 3934 10
