2508 4134
812 286 1342 328 ANACEPHALAEOSIS.
1919 273 2019 324 553

132 389 301 439 mirum
343 395 592 455 postquam
631 382 788 436 Maria
831 385 969 452 virgo
997 382 1233 435 Nazareti
1273 403 1300 435 a
1333 383 1561 436 Gabriele
1600 385 1858 436 coelestem
1901 400 2023 434 nun-

131 472 246 522 tium
276 470 488 539 accepit,
528 487 584 521 ac
618 469 812 521 verbum
843 468 957 519 illud
988 468 1201 535 genitum
1233 478 1336 533 est,
1388 470 1510 537 quod
1542 468 1742 520 coelitus
1770 486 1796 519 e
1824 476 2024 536 paterno

131 556 239 606 sinu
267 555 465 637 prodiit,
519 563 628 605 ante
662 561 848 620 tempus
874 559 1017 619 atque
1044 551 1229 601 initium
1261 569 1402 602 omne
1437 554 1746 619 productum,
1801 552 2023 619 idemque

134 633 366 690 extremis
396 638 688 706 temporibus
718 636 974 704 allapsum,
1029 635 1145 684 deus
1176 636 1373 686 verbum
1406 653 1431 686 3
1458 638 1547 687 deo
1578 646 1711 705 patre
1738 654 1909 688 revera
1941 652 2026 703 ge-

132 723 287 787 nitus,
342 722 650 789 eiusdemque
691 738 795 771 cum
830 719 911 769 illo
945 718 1276 782 substantiae,
1330 736 1420 769 nec
1449 720 1541 770 ulla
1568 737 1620 771 re
1649 738 1675 770 a
1710 728 1842 788 patre
1872 727 2024 770 muta-

132 816 235 875 tus,
293 807 376 857 sed
422 804 763 857 vicissitudinis
809 820 864 853 ac
903 802 1180 852 mutationis
1223 811 1272 852 et
1313 803 1579 853 affectionis
1624 805 1779 854 omnis
1822 821 2021 873 expers.

133 889 229 957 Qui
260 908 365 941 cum
400 889 519 939 citra
546 889 689 940 ullam
715 887 859 938 animi
886 885 1255 937 commotionem
1286 886 1480 953 generis
1520 888 1670 937 nostri
1702 888 1924 938 misertus
1956 890 2027 938 fo-

131 984 232 1037 ret,
286 973 533 1025 descendit
565 989 590 1023 e
622 972 791 1036 coelo,
843 987 898 1020 ac
931 970 990 1020 de
1022 968 1191 1038 spiritu
1229 978 1425 1033 saneto,
1479 988 1572 1021 non
1602 988 1627 1022 e
1666 971 1788 1022 virili
1820 973 2023 1035 semine,

132 1058 391 1127 productus
434 1075 600 1110 verum
631 1072 803 1125 corpus
833 1071 859 1104 e
887 1051 1048 1105 Maria
1080 1053 1320 1121 suscepit,
1373 1071 1478 1104 cum
1505 1071 1530 1105 e
1555 1064 1723 1105 sancto
1753 1055 1856 1106 eius
1889 1065 2026 1106 utero

132 1159 327 1194 carnem
360 1142 451 1193 sibi
477 1141 727 1203 finxisset,
781 1138 1126 1205 humanamque
1170 1146 1266 1187 tum
1302 1138 1537 1200 animam,
1591 1148 1688 1189 tum
1720 1150 1927 1189 mentem
1955 1141 2028 1189 in-

133 1227 342 1289 duisset,
398 1244 453 1278 ac
482 1222 703 1294 quicquid
742 1222 934 1272 omnino
977 1238 1082 1271 cum
1123 1220 1316 1271 homine
1344 1221 1650 1273 coniunctum
1679 1231 1780 1286 est,
1836 1231 2030 1291 practer

132 1319 380 1380 peccatum
409 1327 593 1371 secum,
635 1325 691 1358 ac
717 1324 822 1357 cum
854 1305 1103 1355 divinitate
1127 1322 1212 1355 sua
1242 1307 1533 1374 copulasset.
1611 1304 1729 1357 Inde
1762 1305 2030 1358 Bethleemi

133 1397 180 1446 in
211 1397 365 1447 lucem
393 1394 580 1457 edituS,
621 1401 763 1459 atque
795 1389 1136 1454 circumcisuS,
1191 1387 1545 1459 Hierosolymis
1573 1391 1758 1442 oblatus
1786 1399 1888 1451 est,
1942 1391 2032 1441 ibi-

133 1497 222 1548 que
253 1497 280 1529 3
307 1477 555 1548 Symeone
579 1476 708 1527 inter
747 1472 941 1524 brachia
969 1481 1251 1540 susceptus,
1305 1483 1352 1523 et
1386 1474 1443 1524 ab
1476 1474 1621 1525 Anna
1647 1473 1909 1526 Phanuelis
1937 1475 2032 1526 fitia

134 1564 435 1633 prophetissa
465 1560 798 1629 praedicatus,
839 1555 1139 1607 Nazaretum
1169 1558 1446 1625 deportatus
1473 1570 1565 1610 est.
1645 1558 1772 1609 Tum
1799 1577 1926 1610 anno
1955 1576 2033 1610 se-

135 1648 299 1717 quenti
337 1664 390 1698 se
423 1661 582 1698 coram
617 1645 705 1694 deo
748 1640 1161 1710 repraesentavit,
1219 1650 1359 1709 atque
1398 1642 1509 1694 inde
1553 1641 1883 1695 Bethleemum
1924 1661 2033 1712 pro-

134 1743 241 1802 pter
270 1731 464 1799 generis
495 1727 894 1798 propinquitatem
928 1743 953 1775 3
988 1733 1138 1775 matre
1177 1726 1361 1777 delatus
1403 1736 1494 1777 est.
1574 1725 1672 1779 Sed
1711 1745 1901 1778 rursum
1929 1726 2032 1779 Na-

134 1824 349 1868 zaretum
378 1814 572 1865 rediens
599 1829 725 1862 anno
752 1813 903 1860 altero
932 1818 1152 1860 vertente
1181 1808 1553 1880 Hierosolyma,
1607 1820 1828 1878 gestante
1858 1821 2028 1876 matre,

135 1902 390 1970 perductus
430 1906 522 1948 est.
598 1893 867 1946 Bethleemi
908 1911 1051 1961 porro
1084 1911 1188 1944 cuin
1220 1895 1277 1944 ad
1307 1896 1451 1945 aedes
1482 1897 1705 1963 quasdam
1742 1914 1846 1947 cum
1880 1906 2032 1947 matre

133 2003 190 2036 ac
234 1983 432 2052 losepho
477 1979 785 2042 divertisset,
839 1977 916 2044 qui
958 1977 1052 2027 iam
1095 1978 1262 2045 grandi
1306 1988 1417 2029 natu
1455 1997 1560 2030 cum
1603 1978 1764 2030 Maria
1808 1981 2030 2049 degebat,

134 2069 346 2120 seeundo
393 2066 451 2117 ab
481 2063 749 2116 Nativitate
779 2079 905 2112 anno
935 2061 990 2128 (a
1018 2060 1204 2129 Magis)
1247 2072 1514 2114 conventus
1559 2081 1614 2114 ac
1660 2064 1798 2114 donis
1838 2073 2034 2115 ornatus

135 2162 227 2205 est.
304 2150 488 2202 Eadem
517 2165 635 2200 vero
667 2155 809 2196 nocte
834 2163 938 2196 cum
971 2147 1200 2213 Iosephus
1233 2164 1318 2214 per
1344 2148 1579 2199 somnium
1612 2149 1668 2198 ab
1701 2150 1873 2217 angelo
1906 2158 2037 2200 esset

133 2237 402 2288 admonitus
440 2235 488 2284 in
530 2233 806 2300 Aegyptum
853 2231 1160 2280 transfertur.
1251 2228 1390 2282 Unde
1429 2249 1597 2282 rursus
1641 2242 1748 2300 post
1792 2233 2034 2284 biennium

133 2330 321 2372 mortuo
359 2321 451 2369 iam
493 2316 687 2367 Herode
724 2332 780 2366 ac
818 2315 1108 2364 succedente
1146 2314 1387 2366 Archelao
1426 2317 1706 2368 revertitur.

279 2402 525 2471 Siquidem
566 2417 692 2451 anno
738 2398 947 2449 Herodis
987 2400 1241 2462 XXX111.‚
1295 2399 1504 2468 Augusti
1542 2400 2037 2466 XL11.,Bethteemi

135 2489 183 2540 in
217 2490 389 2539 Iudaea
434 2486 650 2537 salvator
689 2483 921 2534 nascitur.
1001 2481 1129 2533 Tum
1174 2438 1406 2534 Ηενοᾱίεδ
1411 2482 1641 2536 XXXV.
1682 2486 1730 2537 in
1764 2487 2034 2555 Aegyptum

135 2574 381 2642 profectus
420 2579 512 2620 est.
591 2567 773 2618 Eodem
812 2566 1008 2617 Herode
1050 2578 1239 2618 mortuo
1280 2568 1337 2618 ab
1366 2568 1593 2638 Aegypto
1634 2571 1793 2621 rediit.
1871 2569 2038 2637 Quare

135 2672 339 2707 necesse
371 2662 444 2705 est
473 2654 716 2703 XXXvn.
755 2651 967 2701 Herodis
1007 2668 1135 2701 anno
1169 2661 1387 2719 quartum
1432 2655 1603 2704 aetatis
1637 2672 1754 2706 suae
1790 2656 2038 2724 puerulum

135 2741 327 2809 egisse,
381 2756 484 2789 cum
516 2736 770 2798 HerodeS,
825 2735 1046 2802 inquam,
1101 2745 1284 2804 septem
1317 2754 1372 2787 ac
1403 2738 1597 2805 triginta
1640 2740 1873 2790 confectis
1901 2739 2040 2789 annis

134 2824 330 2877 vivendi
364 2824 503 2873 finem
532 2821 710 2870 habuit.
784 2816 905 2869 Post
934 2820 1058 2869 hunc
1088 2821 1358 2871 Archelaus
1387 2839 1560 2874 novem
1595 2825 1733 2874 annis
1758 2823 2036 2892 imperavit3

136 2927 228 2977 quo
265 2925 468 2976 regnum
509 2906 704 2955 ineunte
740 2903 968 2971 losephus
1009 2920 1073 2954 ex
1106 2905 1335 2973 Aegypto
1375 2923 1479 2956 cum
1511 2906 1671 2958 Maria
1706 2925 1760 2958 ac
1795 2924 1941 2975 puero
1969 2906 2037 2956 di-

135 3010 365 3061 gressus,
421 2990 498 3041 ubi
543 2987 838 3039 Archelaum
884 2987 1121 3055 imperare
1163 2989 1353 3051 didicit,
1411 2990 1458 3039 in
1501 2989 1765 3042 Galilaeam
1812 2991 2035 3053 secessit,

135 3095 190 3128 ac
220 3087 315 3128 tum
343 3073 612 3127 Nazarethi
640 3070 876 3122 consedit.
956 3067 1184 3121 Ceterum
1215 3072 1487 3124 Archelaus
1521 3074 1766 3126 Herodem
1804 3075 2038 3125 iuniorem

136 3162 332 3229 genuit,
388 3159 466 3228 qui
495 3175 623 3208 nono
655 3155 804 3224 patris
843 3172 968 3204 anno
996 3154 1045 3204 in
1077 3155 1329 3223 imperium
1368 3159 1622 3209 successit.
1702 3160 1923 3226 Idemque
1956 3176 2041 3207 an-

136 3263 226 3296 nus
258 3263 284 3295 3
312 3243 561 3295 nativitate
593 3238 774 3292 Christi
810 3240 940 3287 XIII.
978 3241 1302 3290 numerandus
1331 3251 1423 3292 est.
1503 3239 1881 3294 Octavodecimo
1912 3260 2038 3293 anno

192 3384 257 3427 77
288 3381 557 3437 οἷλλοιωμένον
586 3384 667 3422 cod.
700 3381 858 3429 Rhedi9.
874 3408 887 3429 ,
915 3383 949 3418 et
974 3380 1057 3418 cod.
1113 3383 1235 3429 princ.

135 3443 211 3482 len.
242 3453 267 3480 a
296 3453 347 3480 m.
374 3454 436 3491 pr.
1172 3438 1238 3477 {51
1291 3434 1524 3491 ἐπέστρεψε
1582 3437 1621 3491 (ἶ)
1637 3434 1896 3493 ἀπέστρεψε)
1955 3441 2037 3480 cod.

192 3496 413 3548 78.Vu190
454 3499 513 3538 λει
516 3495 683 3549 φῖῖέντα.
742 3495 873 3532 Petav.
904 3503 952 3530 ex
981 3493 1060 3530 Pa·
1120 3494 1274 3541 Rhedi9

137 3556 250 3593 nario
291 3555 438 3593 volebat
483 3549 769 3606 ἁπενεχὲέντα
849 3550 1062 3586 Cor-narius
1170 3549 1237 3588 ὅς).
1278 3548 1455 3599 „Melius
1491 3564 1536 3590 ου
1580 3548 1620 3591 ἐν
1654 3546 1766 3605 ἀρχῇ
1802 3552 1881 3604 τῆς
1925 3553 2040 3606 βασι-

137 3612 249 3648 vertit
280 3617 505 3662 assumptus
534 3609 575 3647 in
609 3609 795 3646 Nazaiffet
853 3605 917 3643 Sic
940 3606 1060 3652 paulo
1117 3604 1229 3650 λείας
1274 3602 1437 3653 detor&
1482 3609 1665 3646 Petavius
1749 3610 1869 3658 Vulyo
1904 3610 2041 3649 distin-

138 3667 243 3715 infra
270 3663 593 3717 παραληφὲτέντα
624 3663 683 3710 εἰς
715 3662 926 3713 Αἴγυπτον.
1114 3665 1236 3711 ⁸quant
1264 3660 1334 3702 τὸν
1366 3660 1476 3715 βίον,
1503 3657 1728 3716 Ἀρχέλαος
1756 3661 1803 3706 δε
1831 3668 1913 3704 cett

193 3720 259 3763 79.
289 3721 342 3774 τῇ
374 3724 498 3760 omiss.
530 3724 569 3760 in
598 3722 685 3758 edit.
718 3721 851 3758 Petav.
1171 3717 1236 3758 273.
1270 3720 1373 3757 Editi
1402 3732 1481 3771 της
1509 3717 1615 3758 Γαλ
1604 3717 1746 3765 λαίας.

194 3776 258 3819 ὅΟ.
290 3775 619 3830 παραλειφῗῖέντα
652 3777 763 3815 codd.
792 3787 880 3813 mss.
911 3778 945 3813 et
972 3774 1062 3813 edit.
1173 3774 1237 3815 et.
1270 3775 1376 3814 Libri
1405 3777 1519 3825 vulyo
1548 3773 1761 3828 Ναζαρέὲῐ.
