2508 4134
620 291 848 333 PANARH
870 291 984 331 Lm.
1001 292 1075 332 ιιι,
1102 290 1239 331 ΤοΜ.
1259 292 1290 332 i.
1319 290 1484 332 HAER.
1502 291 1554 330 L.
1997 282 2059 330 15

142 395 251 458 post.
290 387 529 439 Adamum
567 387 632 438 ita
667 389 786 438 deus
824 386 1071 439 Noe'mum
1112 388 1403 455 alloquitur:
1461 392 1584 438 Ecce
1623 391 1751 438 dedit
1787 389 1875 437 tibi
1907 392 2059 437 omnia
2082 399 2177 435 Gen.
2203 399 2236 444 9,
2259 400 2291 433 3.

144 482 360 537 tanquam
400 474 529 521 olera
556 475 673 535 agri
686 492 701 520 :
756 482 908 521 macta
939 481 987 520 el
1021 475 1230 521 comede.-
1271 489 1456 521 carnem
1485 490 1586 521 eum
1620 476 1802 522 ancittae
1830 475 2061 536 sanguine

141 574 199 607 ne
227 558 439 609 eomedas
450 592 464 614 ,
520 558 735 620 quoniam
763 573 851 620 ego
881 558 1117 620 requiram
1145 558 1326 603 ammos
1354 566 1550 605 vestras.
1612 559 1915 621 ‘Quicumque
1939 556 2061 623 effic-

141 642 270 689 derit
301 641 576 703 sanguinem
612 641 811 688 homimis
849 642 896 687 in
925 649 1051 687 terra
1064 676 1078 698 ‚
1127 657 1220 703 pro
1253 641 1391 687 huius
1424 644 1654 703 sangm'ne
1693 643 1823 689 illius
1864 643 2060 703 sanguis

142 723 437 791 effundetur,
490 740 542 770 eo
569 725 694 787 quod
716 725 781 771 ad
805 725 1050 786 imaginem
1083 725 1163 771 dei
1185 724 1410 771 hominem
1444 724 1666 786 fiee-erim;
1718 733 1767 772 et
1791 741 1878 788 ego
1903 726 2061 788 requi-

142 823 243 856 ram
267 808 542 870 sanguinem
571 815 772 855 vestrum
808 808 868 854 ab
900 824 954 854 eo
982 809 1111 854 omni
1130 809 1255 870 quod
1283 807 1508 873 effuderit
1546 810 1692 870 ipsum
1725 825 1866 871 supet·
1884 809 2062 872 faciem

145 899 316 940 terrae.
397 886 548 940 Vides
588 898 640 939 ut
666 887 715 938 in
747 888 939 939 homine
975 897 1082 957 post
1121 888 1353 938 decimam
1385 889 1444 938 ab
1477 889 1665 939 Adamo
1696 890 2062 956 generationem

142 973 304 1039 imago
329 971 406 1022 dei
442 972 796 1023 constituatur?
869 970 1150 1039 Quinetiam
1186 970 1344 1022 David
1377 972 1524 1038 longo
1554 981 1719 1040 postea
1754 982 1969 1042 tempore
1999 991 2063 1025 ex

145 1056 297 1107 sancti
337 1056 536 1124 spiritus
574 1055 733 1106 afflatu
771 1055 977 1118 cecinit,
1041 1059 1264 1106 Universa
1303 1060 1486 1106 vanitas
1525 1060 1672 1106 omnis
1716 1060 1849 1106 homo
1890 1062 2061 1108 vivens.
2122 1057 2152 1091 P
2155 1058 2263 1091 ⁸³²¹OE-

2132 1100 2175 1133 39
2223 1103 2242 1133 ·.

147 1137 424 1191 Secundum
455 1156 594 1206 quem
625 1139 873 1210 apostolus
890 1179 904 1202 ,
948 1144 1032 1189 Vir
1056 1158 1230 1189 comam
1257 1143 1385 1190 alere
1411 1159 1503 1190 non
1529 1142 1687 1200 debet,
1739 1140 1922 1207 inquit,
1963 1160 2064 1191 cum
2088 1144 2118 1178 ¹·
2142 1104 2231 1176 03³¹?
2256 1142 2310 1187 1¹,

145 1228 210 1274 sit
234 1227 388 1288 imago
416 1233 465 1272 et
488 1226 649 1288 gloria
681 1226 771 1272 dci,
852 1221 951 1274 Sed
984 1233 1033 1274 et
1065 1232 1172 1288 post
1200 1224 1328 1275 illum
1371 1222 1574 1275 lacobus
1615 1226 1671 1274 de
1704 1225 1865 1290 lingua
1903 1224 2064 1293 dispn-
2142 1185 2191 1218 n·

148 1317 274 1359 tans.
350 1309 531 1360 Malam
554 1317 656 1367 est,
704 1307 884 1374 iuquit,
939 1309 1261 1368 intractabile,
1297 1311 1440 1372 plena
1473 1327 1643 1357 veneno
1669 1310 1928 1372 mortifero.
2005 1313 2059 1358 In
2084 1323 2206 1359 lacot».
2229 1324 2262 1368 3,
2285 1324 2317 1359 8.

148 1396 248 1456 ipsa
282 1393 588 1441 benedicimus
627 1394 758 1440 deum
797 1401 847 1440 et
866 1401 1048 1456 patrem
1062 1428 1076 1451 ,
1135 1401 1182 1440 ec
1209 1396 1255 1441 in
1285 1396 1386 1456 ipsa
1425 1395 1741 1442 maledicimus
1783 1394 2059 1453 hominibusi,

148 1479 233 1541 qui
254 1478 318 1524 ad
340 1477 586 1538 imaginem
617 1477 696 1524 dei
715 1476 841 1538 sacti
872 1485 1002 1524 sunt.
1077 1477 1185 1525 Non
1221 1485 1404 1540 oportet
1440 1479 1554 1524 haec
1594 1479 1660 1524 ita
1690 1478 1838 1541 fieri,
1877 1479 2068 1544 fratres

148 1563 252 1608 mei.
287 1604 289 1606 .
333 1557 414 1608 Ex
444 1557 615 1624 quibus
651 1566 850 1626 apparet
889 1575 1056 1608 eorum
1095 1576 1268 1610 vanam
1299 1576 1410 1610 esse
1451 1559 1687 1610 rationem
1717 1560 1794 1627 qui
1827 1561 2065 1611 Adamum

156 1643 232 1693 dei
271 1642 529 1709 imaginem
570 1641 794 1692 amisisse
834 1642 1131 1710 praedicant.

291 1723 480 1792 Quibus
520 1742 640 1775 vero
680 1726 853 1793 placuit
891 1725 939 1775 in
973 1727 1131 1777 anima
1166 1725 1370 1794 positam
1406 1727 1695 1794 imaginem,
1738 1727 1863 1778 hunc
1888 1727 1934 1778 in
1967 1745 2068 1778 mo·
2096 1732 2195 1786 Cap·
2220 1733 2289 1775 1V.

150 1810 259 1861 dum
290 1808 643 1860 ratiocinantur
685 1827 740 1860 ac
771 1826 882 1860 sese
921 1811 1211 1860 defendunt:
1270 1808 1411 1877 Quod
1449 1820 1497 1861 et
1526 1811 1831 1880 aspectabilis
1873 1811 2066 1862 minime

150 1893 243 1956 sit,
280 1892 479 1961 perinde
507 1910 563 1942 ac
595 1894 712 1943 (leus
738 1903 843 1955 est,
886 1895 1008 1961 quod
1037 1894 1238 1960 agendi,
1281 1895 1538 1956 movendi,
1578 1895 1876 1963 intelligendi
1907 1913 1963 1946 ac
1991 1914 2069 1946 ra-

149 1976 408 2028 tiocinandi
442 1974 522 2026 ubi
548 1977 760 2043 praedita
792 1977 883 2040 sit,
940 1977 1049 2027 ideo
1080 1978 1197 2027 haec
1234 1977 1491 2044 imaginem
1525 1979 1888 2047 complectitur,
1943 1981 2068 2046 quod

147 2061 416 2123 movendo,
479 2061 697 2126 agendo,
755 2078 813 2111 ac
856 2060 1041 2127 reliqua
1086 2061 1246 2110 onmia
1291 2063 1579 2128 praestando
1624 2079 1746 2129 quae
1782 2063 1971 2113 ratione
2010 2063 2069 2113 ab

149 2143 423 2194 hominibus
459 2152 725 2211 geruntur,
785 2146 927 2195 deum
972 2146 1019 2194 in
1059 2145 1203 2195 terris
1241 2145 1474 2196 imitetur.
1552 2143 1650 2197 Sed
1689 2147 1766 2196 isti
1815 2148 2068 2197 manifeste

148 2228 205 2278 ad
243 2226 555 2296 syllogismos
592 2228 894 2294 confugiunt.
971 2226 1100 2279 Nam
1138 2229 1176 2278 si
1219 2237 1476 2297 propterea
1515 2229 1573 2279 ad
1607 2229 1865 2297 imaginem
1910 2231 2067 2281 anima

153 2312 277 2363 facta
306 2311 507 2375 dicitur,
558 2312 615 2361 ad
646 2311 902 2379 imaginem
932 2312 1025 2363 dici
1054 2313 1251 2363 omnino
1290 2330 1385 2363 non
1421 2321 1598 2380 potest.
1675 2312 1810 2365 Deus
1841 2314 1969 2365 enim
1995 2315 2068 2365 in-

151 2395 298 2447 finitis
354 2412 468 2462 prae
524 2395 683 2446 anima
749 2397 992 2463 partibus,
1063 2413 1219 2464 eoque
1275 2396 1512 2463 amplius,
1585 2398 2067 2465 comprehensionem

151 2495 341 2530 omnem
370 2496 426 2530 ac
455 2479 800 2546 cogitationem
829 2480 1015 2547 effugit,
1058 2489 1222 2549 utpote
1249 2480 1323 2530 cui
1351 2489 1605 2549 prospecta
1633 2490 1746 2531 suut
1781 2482 1941 2533 omnia
1974 2491 2067 2532 tam

97 2591 99 2595 Α
150 2563 414 2632 praeterita
452 2581 594 2631 quam
632 2563 937 2632 praesentia,
997 2573 1091 2614 tam
1135 2581 1256 2631 quae
1296 2563 1521 2615 videntur
1566 2582 1705 2632 quam
1747 2583 1868 2632 quae
1914 2565 2069 2616 videri

152 2655 429 2714 nequeunt,
472 2656 633 2698 terrae
663 2648 782 2698 lines
813 2648 1080 2715 profundae
1108 2648 1357 2715 voraginis
1387 2647 1511 2711 ima,
1566 2649 1848 2700 coelestium
1880 2649 2066 2700 orbium

151 2747 366 2792 summa,
409 2731 634 2798 quidquid
663 2731 869 2799 denique
907 2730 1092 2799 uspiam
1122 2741 1215 2783 est.
1295 2730 1406 2800 lpse
1445 2732 1571 2785 enim
1612 2750 1719 2783 cum
1749 2733 1908 2783 omnia
1937 2751 2068 2784 com-

152 2814 437 2882 prehendit,
490 2823 586 2865 tum
626 2832 653 2865 a
693 2816 822 2865 nullo
861 2816 1302 2883 comprehenditur.
1379 2813 1421 2866 E
1461 2816 1706 2867 contrario
1750 2835 1870 2868 vero
1908 2818 2069 2868 anima

154 2914 359 2965 corpore
388 2897 692 2960 continetur,
734 2898 898 2967 abyssi
934 2900 1128 2950 fundum
1161 2900 1381 2968 ignorat,
1436 2908 1599 2950 terrae
1626 2900 1956 2962 latitudinem,
1997 2909 2068 2952 at·

155 2998 246 3048 que
286 2981 417 3031 orbis
458 2981 729 3032 habitabilis
765 2981 940 3032 limites
972 2983 1154 3047 nescit,
1210 2983 1454 3034 coelorum
1490 3001 1676 3035 summa
1717 3003 1813 3035 nou
1850 2984 2068 3052 assequi-

154 3072 261 3128 tur,
315 3082 471 3133 neque
515 3065 626 3133 quid
668 3066 874 3115 futurum
907 3065 999 3128 sit,
1054 3076 1136 3117 aut
1173 3068 1364 3135 quando
1395 3068 1635 3130 futurum,
1691 3077 1773 3119 aut
1803 3085 1924 3135 quae
1956 3076 2067 3118 ante
2122 3132 2124 3134 Ι

155 3164 210 3199 se
246 3148 339 3198 iam
374 3149 627 3200 extiterint
660 3149 930 3216 cognoscit.
1008 3150 1085 3200 Ad
1129 3151 1247 3201 haec
1290 3151 1427 3218 plura
1468 3151 1560 3201 alia
1593 3159 1688 3201 tam
1719 3152 1776 3200 de
1804 3152 1884 3201 illa
1927 3169 2066 3218 quam

157 3231 216 3281 de
247 3232 424 3282 ceteris
454 3233 498 3282 id
527 3250 681 3299 genus
721 3250 1103 3283 commemorare
1137 3251 1412 3302 possumuS.
1488 3231 1755 3284 Praeterea
1793 3251 1898 3284 cum
1946 3236 2064 3286 deus

158 3314 410 3366 divisionis
450 3315 606 3366 omnis
645 3333 823 3384 expers
856 3316 946 3379 sit,
999 3316 1154 3366 anima
1197 3317 1301 3385 ipsa
1332 3317 1590 3379 dividitur3
1645 3317 1768 3384 quod
1804 3317 1876 3368 his
1905 3318 2067 3369 verbis

157 3398 404 3466 apostolus
431 3398 635 3450 indicatz
692 3404 830 3449 Vivus
867 3410 937 3449 est
962 3403 1079 3449 enim
1112 3418 1262 3448 sermo
1303 3403 1382 3449 dei
1402 3409 1450 3449 et
1474 3401 1675 3464 effieaoe,
1731 3410 1778 3448 et
1798 3404 2066 3466 penetrabi-
2088 3412 2319 3458 Hebr.4‚12.

159 3484 250 3530 lior
276 3485 404 3531 omni
420 3485 582 3546 gladio
610 3487 829 3548 anczpiti,
888 3493 933 3532 el
955 3487 1230 3548 pertingens
1255 3502 1398 3548 usque
1431 3486 1494 3531 ad
1520 3486 1785 3532 divisionem
1814 3488 1996 3534 animae
2020 3496 2070 3535 et

214 3577 252 3618 2.
276 3581 341 3619 -Ιια
375 3581 457 3619 cod.
488 3581 648 3631 Rhediy.
689 3582 881 3620 Articulus
920 3576 973 3621 τοὶ
1000 3584 1087 3620 ante
1144 3592 1171 3619 a
1195 3592 1315 3620 manu
1344 3592 1414 3620 sec.
1430 3609 1443 3629 ,
1488 3581 1556 3620 sed
1579 3582 1764 3632 antiqua,
1793 3584 2068 3633 superadditus

161 3630 220 3686 μή
253 3630 469 3686 ὁρώμενα,
497 3639 563 3685 qui
588 3638 629 3675 in
661 3638 772 3675 editis
792 3639 905 3687 vulgo
936 3638 1086 3686 legitur,
1142 3638 1384 3684 conspicitur.

159 3691 296 3739 quique
325 3692 429 3730 abest
454 3702 480 3730 a
507 3693 590 3731 cod.
623 3693 798 3742 Rhediy„
826 3695 866 3732 in
892 3693 974 3732 cod.
1006 3693 1080 3731 len.
1196 3691 1235 3732 3.
1267 3693 1343 3730 Pro
1371 3685 1448 3732 οὔκ
1474 3693 1515 3731 in
1544 3693 1605 3732 ed.
1632 3694 1767 3734 Petav.
1801 3695 1980 3736 Coloniae
2007 3706 2066 3735 re-

1133 3749 1210 3795 pet.
1239 3747 1372 3787 vitiose
1400 3751 1454 3788 est
1482 3745 1555 3790 καὶ
1581 3759 1815 3800 expressum.
