2508 4134
205 561 291 597 pag.
316 551 409 588 1084.

205 2018 315 2070 Κεφ.
346 2017 393 2072 ζ’.

213 3474 295 3509 pag.
319 3465 411 3500 1085.

432 261 534 312 492
1135 270 1340 313 SANch
1368 271 1651 312 EPIPHANH

434 366 516 421 διοὶ
544 365 635 437 τήν
666 373 783 438 μίαν
818 374 1123 442 τῶνπασῶν
1153 369 1498 438 διωρισμένην,
1548 366 1683 440 μόνῳ
1712 367 1766 420 δὲ
1788 373 1856 439 τῷ
1887 369 2085 439 νυμφίῳ
2114 372 2354 438 κεκληρω-

434 454 612 522 μένην,
663 453 745 507 ὑπ’
787 453 940 517 αὐτοῦ
981 454 1034 507 δὲ
1072 451 1468 523 ὁμολογουμένην
1506 459 1567 526 τῇ
1604 455 1770 525 τοιᾷδε
1807 450 2048 522 ὀνομασίᾳ
2084 449 2184 516 ὅτι,
2241 454 2359 505 Μία

436 539 539 592 ἐστὶ
574 538 834 611 περιστερά
864 562 987 608 μου,
1024 540 1109 591 καὶ
1135 536 1308 604 πάλιν,
1365 541 1528 592 Τελεία
1555 559 1676 606 μου·
1717 534 1783 599 ὥς
1808 542 1906 589 τῶν
1928 541 2099 588 πασῶν
2127 539 2358 590 παλλακί-

433 628 534 679 δων
576 623 794 695 ἆγεννῶν
838 623 1029 688 οὐσῶν,
1080 626 1162 677 καὶ
1204 624 1298 678 οὐκ
1340 626 1390 678 ἓν
1430 623 1614 695 ἀκακία
1657 622 2103 690 ἔπιμετρουμένων,
2159 621 2275 674 οὐδὲ
2307 623 2360 675 ἐν

433 708 601 782 ἁγνείᾳ
628 712 712 763 καὶ
736 708 1008 779 ἧμερότητι.
1083 711 1197 762 Εἰσὶ
1226 710 1313 777 μὲν
1339 702 1428 763 οῦν
1455 706 1682 776 ἀπαρχῆς
1707 704 2071 773 συναπτόμεναι
2091 712 2163 779 τῷ
2181 713 2357 761 καλου-

434 797 564 868 μένῳ
602 799 931 868 Βαρβαρισμῷ
958 797 1042 848 καὶ
1079 800 1356 866 Σκυθισμῷ
1385 792 1492 862 ὄὲχρι
1532 798 1629 844 τῶν
1668 792 2034 860 προειρημένων
2070 798 2360 845 Μασσαλια-

433 887 534 934 νῶν
561 878 624 934 όε’
651 878 735 933 τόν
771 879 1016 950 ἀριθμὸν,
1070 882 1152 934 καὶ
1187 876 1525 946 Ἑλληνισμός,
1574 879 1622 939 ἐξ
1653 869 1714 928 οὗ
1746 879 1801 928 αἷ
1829 873 2103 943 Ἑλληνικαὶ
2129 879 2352 947 αἱρέσεις,

431 968 514 1018 καὶ
546 964 879 1033 Ἰουδαῖσμὸς,
919 968 968 1029 ἐξ
994 960 1055 1019 οὗ
1080 965 1375 1028 Ἰουδαϊκαὶ,
1413 964 1494 1014 καὶ
1529 959 1889 1031 Σαμαρειτικὴ,
1937 963 1985 1024 ἐξ
2014 955 2075 1028 ἧς
2107 964 2162 1014 αἱ
2189 968 2356 1031 Σαμα-

435 1053 658 1121 ρειτικαὶ,
696 1058 795 1104 τῶν
822 1057 971 1122 τριῶν
999 1052 1080 1104 ἐπὶ
1107 1048 1191 1103 τὸν
1218 1046 1586 1117 ἑβδομηκοστὸν
1612 1048 1824 1114 ἕβδομον
1855 1045 2076 1114 ἀριθμόν
2100 1056 2359 1118 προςτιθε-

434 1138 620 1204 μένων,
672 1139 740 1198 εἰς
768 1134 1140 1207 ὄγδοηκοντάδα
1179 1132 1397 1205 ἀριθμόν
1426 1133 1811 1200 πληρουμένων,
1850 1134 1934 1185 καὶ
1972 1138 2061 1200 τῆς
2091 1139 2206 1200 μιᾶς
2229 1154 2361 1204 περι-

430 1223 746 1290 λειπομένης,
783 1223 1028 1276 τουτέστιν
1058 1219 1091 1287 ή
1126 1218 1239 1290 ἇγία
1269 1216 1517 1285 καθολικὴ
1556 1219 1806 1285 ἐκκλησία,
1855 1219 1938 1271 καὶ
1981 1217 2362 1288 Χριστιανισμός

433 1306 587 1369 ὅντως
629 1305 975 1375 ῶνομασμένος
1017 1306 1263 1374 ἆπαρχῆς,
1314 1306 1397 1357 καὶ
1438 1302 1529 1356 σύν
1555 1309 1622 1375 τῷ
1653 1301 1815 1370 Ἀδοὶμ
1842 1305 1926 1356 καὶ
1955 1301 2051 1373 πρὸ
2083 1310 2173 1357 τοῦ
2198 1303 2361 1373 Ἀδὰμ

432 1394 516 1446 καὶ
558 1392 653 1462 πρὸ
684 1392 882 1446 πάντων
919 1397 1016 1444 τῶν
1043 1390 1240 1444 αἰώνων
1273 1388 1364 1443 σῦν
1402 1394 1624 1461 Χριστῷ,
1677 1388 1914 1457 θελήματι
1941 1396 2031 1442 τοῦ
2065 1388 2250 1459 πατρὸς
2277 1391 2362 1444 καὶ

432 1481 548 1532 υἱοῦ
569 1480 653 1531 καὶ
683 1476 826 1548 ἁγίου
853 1476 1145 1543 πνεύματος,
1181 1477 1265 1529 καὶ
1291 1473 1408 1543 μετα
1435 1473 1636 1528 πάντων
1660 1479 1757 1527 τῶν
1781 1473 1905 1527 κατα
1930 1473 2097 1544 γενεάν
2120 1481 2226 1549 θεῷ
2253 1473 2363 1528 εὕα·

433 1562 768 1635 ρεστησοῖντων
790 1562 1153 1630 πιστευόμενος,
1190 1563 1274 1615 καὶ
1301 1563 1351 1614 ἐν
1375 1567 1434 1634 τῇ
1461 1559 1616 1613 αὐτοῦ
1645 1563 1894 1632 παρουσίᾳ
1921 1561 1972 1613 ἒν
1993 1558 2163 1634 κόσμῳ
2189 1566 2363 1627 σαφῶς

433 1649 843 1716 ἆποκαλυφθεὶς,
880 1650 966 1701 καὶ
992 1654 1085 1700 νῦν
1111 1646 1230 1714 μετὰ
1252 1645 1338 1708 τάς
1365 1647 1573 1715 αἱρέσεις
1598 1644 1777 1708 ταύτας
1805 1644 1991 1710 πάσας,
2037 1643 2124 1708 τοὶς
2150 1643 2213 1714 δὴ
2242 1651 2362 1698 παλ-

431 1738 660 1800 λακίδας,
698 1732 786 1800 iq?
826 1739 848 1770 ³
868 1731 1009 1803 ήμῶν
1037 1733 1182 1787 πάλιν
1210 1734 1237 1770 4
1256 1730 1642 1799 ἑξυμνούμενος,
1682 1728 1749 1793 ὥς
1781 1728 1907 1784 κατοὶ
1937 1727 2026 1799 τήν
2053 1727 2363 1786 ἀκολουθίαν

432 1826 520 1875 τοῦ
555 1819 718 1891 λόγου.

578 1991 745 2056 Αυτὸς
765 2016 857 2064 γαρ
881 1991 910 2046 ό
933 1991 1077 2063 λόγος
1103 1994 1154 2046 ἐν
1179 1998 1282 2053 τοῖς
1298 1988 1561 2058 ’Ἀισμασιν
1586 2010 1746 2050 ουτως
1767 1987 2062 2058 ἠρίθμησεν,
2096 1984 2364 2054 Ἑξήκοντα

432 2083 713 2148 βασιλίσσας
738 2078 931 2147 φήσας,
968 2100 1050 2131 και
1076 2076 1384 2148 ογδοήκοντα
1409 2078 1733 2139 παλλακίδας,
1773 2075 1855 2127 καὶ
1884 2065 2136 2137 νεανιδας,
2176 2066 2247 2125 ῶν
2271 2069 2363 2126 οὐκ

432 2168 561 2219 ε’στιν
590 2163 824 2234 ἀριθμός.
900 2167 1015 2216 Μία
1045 2164 1122 2228 δὲ,
1162 2164 1311 2230 φησὶ,
1352 2163 1452 2215 ἐστὶ
1476 2179 1732 2229 περιστερα
1759 2180 1856 2226 μου
1874 2202 1887 2222 ,
1935 2161 2084 2211 τελεία
2112 2179 2233 2225 μου·
2275 2160 2362 2225 μία

433 2253 534 2305 ἐστὶ
562 2257 622 2324 τῇ
649 2272 791 2320 μητρι
818 2272 972 2316 αυτης
999 2246 1195 2315 ἒκλεκτη
1221 2254 1280 2321 τῇ
1305 2245 1517 2319 τεκούση
1549 2243 1716 2313 αὖτήν.
1792 2246 1893 2297 Καὶ
1919 2242 2123 2313 ὕστερον
2146 2246 2363 2296 δείκνυσι

434 2342 540 2399 πῶς
565 2358 700 2406 παρα
729 2342 879 2388 πᾶσιν
903 2333 1239 2405 εὑρεθήσεται,
1279 2355 1347 2394 ως
1372 2332 1653 2400 ἐντιμοτέρα
1676 2336 1847 2385 πασῶν
1873 2323 2015 2395 οὐσα,
2052 2351 2135 2382 και
2164 2350 2363 2382 παντων

436 2420 755 2486 δεσπόζουσα,
791 2423 878 2473 καὶ
915 2427 931 2456 ¹
950 2418 1084 2491 αὐτῷ
1109 2418 1236 2486 μόνη
1262 2418 1587 2488 ἐκλελεγμένη,
1625 2419 1687 2483 ἧς
1713 2438 1773 2468 τα
1796 2416 1942 2468 τέκνα
1968 2412 2247 2485 κληρονόμοι
2271 2419 2364 2468 τοῦ

435 2508 697 2575 βασιλέως,
735 2508 819 2559 καὶ
844 2507 990 2558 τέκνα
1022 2503 1265 2571 αληθινα,
1306 2525 1371 2564 ως
1397 2505 1541 2556 τέκνα
1570 2509 1656 2568 τῆς
1686 2504 1987 2571 ἐπαγγελίας,
2023 2502 2108 2553 καὶ
2135 2521 2195 2553 ου
2219 2500 2363 2553 τέκνα

434 2599 521 2660 τῆς
544 2595 822 2659 παιδίσκης,
861 2589 972 2644 οὔτε
997 2593 1310 2654 παλλακίδος,
1349 2586 1462 2642 οὔτε
1487 2594 1586 2641 τῶν
1608 2584 1764 2639 ἄλλων
1783 2592 1880 2639 τῶν
1902 2583 2194 2656 ἄναρίθμως
2219 2586 2363 2655 ἓρμη·

435 2679 721 2746 νευομένων.
762 2679 832 2729 Εἰ
851 2676 943 2747 γάρ
968 2678 1051 2729 καὶ
1077 2674 1175 2730 οἷπὸ
1202 2674 1484 2745 Χεττούρας
1509 2679 1597 2741 τῆς
1620 2675 1915 2733 παλλακίδος
1939 2673 2072 2739 ἔσχεν
2094 2668 2123 2724 ὅ
2140 2667 2364 2739 Ἀβραάμ

434 2765 604 2828 τέκνα,
654 2760 716 2816 οὕ
743 2758 1118 2832 συγκληρονόμα
1147 2759 1372 2831 τυγχάνει
1396 2758 1456 2812 τά
1483 2760 1626 2812 τέκνα
1651 2764 1738 2825 τῆς
1774 2757 2053 2826 Χεττούρας
2083 2761 2149 2828 τῷ
2176 2753 2362 2808 Ἰσαάκ·

436 2848 626 2917 δόματα
653 2849 706 2901 δὲ
736 2850 923 2916 ἔλαβεν,
965 2844 1032 2909 ὥς
1059 2845 1270 2917 ληγοὲτου
1302 2844 1465 2914 χάριν
1503 2848 1586 2897 ἵνα
1616 2841 1644 2897 ὅ
1666 2842 1822 2904 τύπος
1849 2843 1985 2909 μένοι
2008 2843 2078 2903 εἷς
2103 2837 2365 2910 οἷναγωγὴν

431 2940 521 2988 τοῦ
547 2933 715 3004 λόγου,
754 2936 822 2995 εἰς
849 2932 904 2986 vd
932 2933 998 3000 μὴ
1023 2929 1284 2986 οἷπελπίσαι
1314 2929 1447 2993 τινας
1483 2936 1568 2997 τῆς
1593 2934 1680 2982 τοῦ
1711 2933 1928 2998 Χριστοῦ
1957 2926 2184 2993 κλήσεως.
2260 2928 2365 2978 Καὶ

432 3019 525 3090 γάρ
554 3019 614 3072 τοὶ
640 3018 857 3087 δόματα,
913 3018 945 3071 ἃ
976 3020 1128 3071 ἔδωκε
1156 3024 1222 3090 τῷ
1246 3015 1444 3084 Ἰσμαὴλ
1472 3018 1556 3069 καὶ
1583 3022 1686 3076 τοῖς
1713 3017 1840 3075 υἱοῖς
1868 3012 2171 3082 Χεττούρας,
2209 3010 2366 3072 τύπος

432 3100 495 3173 ἦν
524 3111 622 3158 τῶν
662 3104 931 3171 μελλόντων
969 3105 1170 3156 ἔσεσθαι
1213 3109 1238 3138 2
1256 3103 1462 3172 ἀγαθῶν
1491 3104 1559 3163 εἰς
1591 3097 1892 3168 ἐπιστροφὴν
1922 3103 2096 3164 ψυχῶν
2125 3093 2251 3165 πρὸς
2275 3093 2366 3163 τὴν

433 3194 594 3244 πίστιν
628 3192 712 3243 καὶ
753 3189 842 3257 τὴν
879 3188 1133 3256 ἀλήθειαν.
1215 3193 1285 3260 Τῇ
1317 3188 1402 3254 μὲν
1429 3210 1520 3257 γαρ
1541 3185 1699 3285 ’Ἀγαρ
1727 3186 1960 3255 παιδίσκη
1995 3180 2118 3254 ου’σῃ
2149 3182 2232 3234 καὶ
2260 3178 2363 3234 ἆπό

434 3283 522 3330 τοῦ
552 3274 768 3346 Αβρααμ
797 3277 1091 3347 ἔκβληθείσῃ
1121 3272 1208 3336 (ὥς
1234 3271 1267 3340 ή
1297 3271 1599 3326 δουλεύσασα
1627 3292 1761 3324 κατω
1783 3265 2096 3336 Ιερουσαλημ
2122 3287 2240 3334 μετα
2266 3271 2365 3319 τῶν

417 3364 617 3415 ,τέκνων
646 3360 827 3427 αὐτῆς,
876 3361 986 3427 περὶ
1015 3362 1078 3427 ἧς
1104 3361 1315 3427 εἴρηται,
1361 3358 1647 3426 Ἀπέρριψα
1683 3353 1771 3421 τήν
1805 3353 1986 3420 μητέρα
2025 3349 2226 3419 3ὖμῶν,
2279 3352 2365 3404 καὶ

436 3446 609 3511 πάλιν,
647 3445 849 3499 ’Έδωκα
878 3448 1069 3513 βιβλίον
1094 3442 1396 3497 αποστασίου
1437 3446 1506 3504 εἰς
1529 3463 1618 3503 τας
1646 3447 1808 3509 χεῖρας
1832 3437 2030 3504 αὐτῆς),
2079 3435 2232 3509 ταύτη
2270 3458 2364 3507 γαρ

435 3539 493 3603 τῇ
522 3535 782 3604 παιδίσκῃ,
806 3529 963 3599 ’Ἀγαρ
990 3551 1067 3594 τε,
1106 3531 1262 3596 φημὶ,
1302 3526 1726 3595 συμβολικώτερον
1753 3521 1814 3576 δι’
1842 3524 2013 3575 ἐλπίδα
2044 3523 2363 3592 ἐπιστροφῆς,

437 3615 589 3669 ἆσκόν
628 3620 828 3669 δίδωσιν
872 3615 1078 3676 ὕδατος·
1130 3617 1212 3667 ἵνα
1243 3617 1374 3686 δείξῃ
1414 3619 1504 3665 τοῦ
1532 3615 1738 3679 λουτροῦ
1766 3613 1853 3675 τῆς
1881 3610 2243 3677 παλιγγενεσίας
2277 3604 2365 3673 τὴν

493 3743 533 3784 3-
564 3760 688 3798 ημων
713 3747 825 3786 codd.
853 3758 943 3786 mss.
1004 3742 1121 3798 υμῶν
1152 3747 1256 3785 editi.
1426 3745 1563 3783 narius
1585 3743 1749 3781 verterat
1777 3751 1911 3778 rursus
1940 3751 1963 3777 a
1988 3737 2107 3777 nobis
2136 3737 2248 3777 iuxta
2273 3751 2365 3777 ora-

495 3800 534 3840 4.
566 3798 864 3854 ἐξυμιούμενος
892 3805 1072 3852 rescripsi
1108 3802 1373 3852 e90.Vu190
1428 3797 1554 3838 tionis
1586 3794 1922 3850 consequentiam
1952 3794 2194 3835 celebratus.

439 3855 755 3914 ἐξυμνουμένας,
788 3861 911 3898 invita
939 3860 1134 3899 sententia
1177 3853 1710 3898 lam00r-CA12.V11.
1740 3875 1795 3882 --
1856 3852 1891 3893 1.
1922 3847 2048 3894 αυτοῦ
2089 3852 2273 3892 mendum
2311 3854 2364 3892 est
