2508 4134
531 261 757 303 PANARH
787 261 891 302 Lm.
920 262 991 301 111.
1020 262 1154 303 ΤοΜ.
1178 263 1209 303 ι.
1237 259 1403 303 HAER.
1431 258 1628 302 Lxxvt.
1927 245 2027 299 255

130 361 356 424 contulit3
412 369 464 410 ut
502 377 562 410 ne
601 359 790 410 illorum
832 358 988 409 errori
1034 359 1171 408 fidem
1215 359 1473 410 habeamus
1512 376 1631 427 quos
1678 374 1926 426 perperam
1971 358 2027 407 ad

132 443 434 497 temerariam
461 442 710 510 gentilium
735 442 1007 510 opinionem
1035 459 1090 491 ac
1116 443 1507 509 superstitionem
1536 442 1885 492 adhaerescere
1914 459 2028 491 con-

129 529 395 590 vincimuS‚
455 536 503 578 et
544 543 732 577 omnem
778 535 1048 576 creaturam
1092 527 1380 575 adorandam
1426 543 1535 576 esse
1579 526 1822 593 profiteri,
1881 543 2030 592 quan-

130 611 308 662 tumvis
338 610 461 679 patri
492 610 553 660 sit
584 608 856 672 dissimilis,
897 608 977 676 qui
1007 610 1235 659 adoratur
1260 608 1309 658 in
1339 608 1465 672 filio,
1505 619 1552 659 et
1577 610 1670 659 lilio
1698 610 1777 677 qui
1805 610 2033 660 adoratur

128 695 177 746 in
215 703 351 764 patre
389 712 495 745 cum
532 702 701 745 sancto
739 693 938 761 spiritu,
979 692 1055 742 cui
1092 691 1247 760 gloria
1284 692 1347 743 sit
1383 692 1430 741 in
1468 693 1681 743 saecula.

192 779 195 783 ’
269 777 403 829 Aetii
433 774 590 846 Caput
620 774 717 828 XI.
795 773 849 827 Si
872 775 1087 844 ingenita
1114 785 1283 827 natura
1312 776 1553 842 praeditus
1580 777 1697 827 deus
1729 778 2030 846 omnipotens

130 861 324 930 genitae
359 870 561 912 naturae
590 860 912 912 conditionem
945 861 992 910 in
1023 877 1134 910 sese
1163 877 1258 910 non
1286 859 1537 926 agnoscit,
1596 859 1720 910 filius
1751 878 1866 912 vero
1895 862 2032 929 geni·

133 954 227 996 tam
255 954 472 996 naturam
497 945 679 996 habens
706 944 941 995 eiusmodi
970 961 1024 995 se
1050 943 1203 1011 qualis
1235 953 1309 994 est
1339 944 1586 1011 agnoscit,
1629 962 1788 995 nonne
1822 954 1917 996 tota
1952 946 2029 996 illa

131 1028 555 1081 consubstantialis
582 1027 706 1079 ratio
730 1028 940 1079 mendax
963 1036 1039 1079 est
1064 1046 1119 1078 ac
1150 1028 1286 1092 falsa,
1330 1045 1436 1078 cum
1463 1027 1586 1079 alter
1611 1027 1872 1096 ingenitum
1899 1047 2028 1093 sese,

136 1114 351 1181 genitum
389 1112 513 1164 alter
548 1113 815 1181 agnoscat?

270 1194 469 1249 Confut.
501 1194 598 1247 xl.
677 1195 850 1247 Ae'tius
880 1195 988 1259 ille,
1040 1196 1118 1264 qui
1149 1195 1197 1246 in
1231 1195 1393 1247 divina
1427 1204 1597 1246 natura
1627 1195 1884 1248 discrimen
1916 1216 2028 1248 con-

135 1281 337 1332 stituere
376 1299 433 1332 ac
473 1279 704 1331 terminos
733 1281 963 1348 quosdam
998 1280 1196 1330 delinire
1226 1280 1507 1348 disputando
1539 1288 1740 1331 conatus
1769 1291 1870 1344 est,
1927 1301 2029 1332 cum

132 1374 303 1416 natura
333 1364 622 1416 conditionis
653 1373 784 1414 esset
817 1364 1079 1426 humanae,
1134 1364 1307 1431 quique
1340 1381 1397 1414 ea
1424 1381 1545 1431 quae
1585 1373 1802 1416 naturam
1842 1383 2029 1417 omnem

133 1458 363 1518 superant
401 1467 495 1500 non
535 1465 600 1499 ex
639 1465 887 1499 sacrorum
929 1448 1218 1498 auctoritate
1263 1447 1535 1512 literarum,
1590 1449 1674 1500 sed
1713 1467 1778 1500 ex
1815 1450 2032 1501 humanis

130 1532 581 1584 ratiocinationibus
612 1532 1020 1601 comprehendere
1049 1533 1258 1596 studuit,
1300 1533 1400 1595 sic,
1442 1533 1666 1600 inquam,
1717 1534 1796 1584 ille
1823 1551 2033 1602 pronun-

132 1618 295 1668 tiavit:
337 1613 728 1684 Omnipotentem
767 1617 935 1680 deum,
988 1634 1093 1667 cum
1127 1625 1297 1667 natura
1328 1616 1390 1667 sit
1414 1617 1687 1684 ingenitus,
1739 1618 1952 1685 genitum
1982 1636 2035 1670 se

135 1710 303 1752 natura
346 1717 642 1768 nequaquam
684 1700 972 1767 intelligere.
1051 1698 1190 1766 Quod
1237 1701 1423 1768 quidem
1467 1701 1533 1752 ita
1573 1710 1829 1770 perpetuo,
1888 1711 1935 1753 et
1977 1703 2034 1754 ab

132 1786 237 1854 ipso
262 1785 400 1835 initio
426 1784 665 1834 sermonis
696 1785 936 1848 asseruit,
978 1794 1029 1835 ut
1058 1802 1083 1834 a
1115 1785 1361 1835 veteribus
1394 1785 1592 1835 Arianis
1621 1787 1884 1850 dissideat3
1924 1787 2037 1838 licet

134 1869 278 1920 filium
307 1868 602 1936 unigenitum
630 1869 871 1937 appellare
898 1868 1243 1919 dissimulando
1270 1869 1496 1920 voluerit.
1573 1867 1692 1920 Illud
1723 1888 1867 1935 vero,
1911 1870 2037 1922 veri-

134 1953 245 2005 tatis
272 1953 375 2017 filii,
415 1952 589 2020 ubique
615 1951 871 2021 diligenter
903 1953 1154 2017 attendite,
1197 1954 1592 2020 quemadmodum
1620 1972 1645 2003 a
1675 1964 1806 2023 patre
1833 1957 2036 2006 eundem

135 2037 410 2089 abalienare
441 2037 628 2106 penitus
659 2038 879 2100 studeat,
936 2054 1024 2087 nec
1056 2038 1152 2088 ullo
1180 2039 1318 2088 modo
1345 2038 1537 2088 divinae
1564 2039 1865 2090 substantiae
1892 2040 2038 2108 parti-

135 2121 287 2191 cipem
323 2138 433 2173 esse
475 2138 540 2172 ex
581 2120 653 2172 his
682 2121 904 2172 ostendat
933 2139 1054 2189 quae
1085 2122 1343 2172 identidem
1379 2131 1561 2173 temere
1599 2123 1912 2191 pronuntiare
1942 2141 2037 2174 non

136 2206 338 2257 dubitat.
416 2204 543 2256 Nam
570 2223 677 2256 cum
712 2214 893 2274 patrem
921 2214 1112 2257 asserat
1138 2205 1402 2274 ingenitum
1432 2223 1543 2257 sese
1574 2225 1900 2276 cognoscere,
1953 2226 2038 2259 ne-

138 2307 229 2357 que
255 2290 522 2341 naturalem
558 2290 607 2340 in
636 2307 690 2341 se
717 2290 982 2357 generandi
1012 2290 1280 2342 facultatem
1315 2307 1424 2342 esse
1462 2291 1588 2342 scire
1607 2330 1620 2355 ,
1681 2293 1859 2342 frustra
1893 2292 2038 2342 filium

138 2373 217 2423 vel
251 2373 489 2424 vocabulo
527 2382 667 2425 tenus
700 2374 844 2424 filium
889 2374 1110 2442 appellat.
1191 2373 1372 2426 Verum
1413 2375 1552 2426 facile
1580 2376 1685 2427 eius
1723 2377 1878 2427 oratio
1908 2378 2039 2427 refu-

136 2456 334 2508 tabitur.
407 2454 537 2508 Nam
570 2466 617 2507 et
644 2457 888 2525 ingenitus
915 2467 989 2509 est
1014 2470 1180 2526 pater,
1222 2468 1271 2510 et
1306 2460 1605 2527 unigenitum
1639 2459 1698 2510 ab
1726 2469 1926 2511 aeterno
1955 2477 2038 2528 ge-

139 2539 269 2605 nuit,
321 2558 427 2591 cum
468 2549 686 2591 naturam
730 2541 904 2593 habeat
942 2544 1177 2593 eiusmodi
1219 2561 1339 2611 quae
1379 2543 1589 2612 sibiipsi
1625 2544 1922 2595 conveniens
1953 2545 2034 2596 sit.

141 2621 389 2693 Siquidem
430 2642 575 2676 unum
606 2642 664 2675 ac
694 2625 848 2675 solum
878 2626 1131 2693 unigenam
1163 2627 1307 2679 lilium
1336 2629 1529 2696 genuit,
1582 2628 1895 2697 spiritumque
1929 2646 2039 2698 pro-

139 2709 279 2760 duxit
306 2709 439 2760 solus
471 2726 576 2759 cum
617 2709 864 2776 unigenito
906 2711 1011 2760 solo
1039 2711 1258 2778 genitor,
1316 2713 1393 2780 qui
1425 2731 1531 2763 cum
1565 2714 1659 2763 filio
1685 2713 1790 2764 sine
1822 2713 1917 2763 ullo
1948 2711 2039 2762 ini-

139 2793 207 2844 tio
234 2792 399 2861 genito
425 2792 567 2844 simul
593 2793 790 2855 existit,
833 2802 910 2856 et,
952 2812 1056 2844 cum
1082 2796 1278 2863 spiritus
1307 2798 1389 2859 sit,
1430 2797 1647 2865 spiritum
1675 2797 1859 2864 genuit.
1935 2794 2038 2847 Ne-

141 2894 233 2944 que
263 2894 380 2928 vero
407 2894 580 2944 corpus
609 2885 685 2927 est
711 2878 834 2944 quod
864 2895 1098 2945 corporeo
1129 2896 1262 2930 more
1291 2881 1610 2944 distrahatur,
1652 2889 1734 2932 aut
1762 2897 2039 2947 corrumpa-

143 2969 219 3012 tur
246 2971 570 3030 augeaturve,
622 2961 698 3013 vel
722 2960 985 3011 sectionem
1012 2962 1236 3030 patiatur.
1315 2961 1638 3030 Quamobrem
1668 2964 1756 3014 etsi
1783 2965 1829 3014 in
1862 2963 2037 3014 ceteris

142 3045 362 3097 omnibus
394 3063 514 3114 quae
541 3046 770 3113 gignunt,
824 3055 904 3102 aut
933 3045 1221 3112 gignuntur,
1273 3047 1399 3098 aliud
1440 3049 1704 3099 necessitas
1741 3048 1842 3115 ipsa
1876 3046 2039 3097 condi-

143 3129 288 3180 tionis
319 3131 471 3194 ferat,
527 3140 682 3180 tamen
716 3130 789 3180 hic
820 3129 959 3180 unius
986 3130 1042 3178 ad
1077 3147 1218 3180 unum
1245 3142 1523 3199 comparata
1567 3131 1774 3199 dignitas
1808 3130 2037 3182 dissimile

144 3212 362 3281 quiddam
408 3223 481 3265 est
518 3215 575 3265 ab
619 3215 722 3265 aliis
753 3213 944 3264 sortita.
1022 3210 1157 3264 Unde
1193 3223 1240 3264 et
1270 3216 1461 3282 genitus
1491 3216 1593 3284 ipse
1627 3215 1805 3265 eximia
1837 3216 2039 3282 quadam

143 3297 333 3349 ratione
365 3315 389 3348 a
419 3307 582 3368 patre,
637 3299 713 3366 qui
746 3296 1088 3347 admirabiliter
1122 3298 1314 3363 genuit,
1369 3308 1591 3366 tanquam
1622 3299 1681 3349 ab
1710 3299 1925 3366 ingenito
1955 3316 2039 3367 ge-

145 3381 275 3433 nitus
305 3391 408 3445 est,
464 3382 699 3450 genitoris
723 3391 923 3432 naturae
950 3389 1322 3432 consentaneus.
1400 3381 1529 3433 Idem
1558 3382 1659 3450 ipse
1686 3399 1861 3449 porro,
1913 3383 2038 3450 quod

146 3528 226 3570 tae,
251 3536 299 3562 ac
320 3521 511 3562 sentienti
537 3535 698 3562 omnem
723 3530 946 3561 creaturam
967 3519 1065 3560 ado·
1122 3514 1219 3562 ἄλλο
1236 3535 1288 3562 τι.
1320 3523 1531 3561 Carnarius
1554 3524 1747 3562 transtulit
1772 3523 1905 3572 Quare
1929 3522 2038 3577 apud

146 3577 314 3618 randam
343 3592 444 3627 esse,
473 3592 576 3632 quae
600 3578 804 3619 dissimilis
830 3586 892 3617 est
917 3576 968 3616 ad
994 3590 1065 3629 pa·
1121 3575 1199 3615 alia
1228 3576 1362 3616 omnia
1378 3607 1389 3626 ,
1419 3591 1521 3630 quae
1546 3585 1742 3629 generant
1767 3587 1808 3617 et
1835 3592 2038 3631 generan-

146 3641 250 3673 trem
280 3637 359 3674 cett.
1119 3639 1185 3670 tur
1201 3662 1212 3680 ,
1252 3632 1473 3673 multorum
1496 3633 1628 3673 adhuc
1653 3634 1869 3675 necessitas
1898 3635 2038 3689 requi-

208 3692 243 3730 1.
274 3684 539 3733 οἶκολουὲείαν
567 3692 648 3731 cod.
673 3693 832 3741 Rhediy.
1118 3686 1231 3727 ritur.

202 3745 243 3787 2.
263 3747 447 3787 Petavius
469 3750 685 3797 suspicatus
707 3751 760 3787 est
781 3741 867 3789 ἀλλ’
891 3743 973 3796 ἐπὶ,
1001 3755 1068 3794 eyo
