2508 4134
235 891 318 927 pag.
342 880 418 915 824.

210 1992 322 2049 Κεφ.
340 1992 407 2049 ιβ’.

437 250 506 302 30
1157 258 1362 301 SANCTI
1388 260 1677 302 EPIPHANII

438 374 586 424 σομεν
628 357 753 409 4καὶ
797 352 1149 422 νηστεύσομεν;
1224 348 1397 417 Αὖθις
1437 355 1606 409 αὐτῶν
1643 355 1917 419 ἀκούοντες
1957 358 2012 410 ἐν
2050 362 2112 430 τῇ
2149 358 2383 422 Διατιίξει

437 439 545 504 ὅτι,
591 437 648 492 ‘0
686 445 854 492 κακῶν
895 440 1078 491 ἑαυτοῦ
1111 436 1202 506 τὴν
1238 437 1405 508 ψυχήν
1439 442 1491 493 ἐν
1528 447 1745 514 κυριακῇ
1784 440 2143 509 ἐπικατάρατός
2177 445 2279 496 ἐστι
2312 447 2381 515 τῷ

439 531 557 596 θεῷ.
634 525 736 576 Καὶ
764 521 888 595 ὁρᾷς
908 521 1039 590 πόση
1056 525 1186 576 ἐστὶν
1210 520 1437 593 άκρίβεια
1460 527 1545 578 καὶ
1570 523 1852 590 ἀντίθεσις,
1892 524 1962 593 μὴ
1988 527 2267 594 δυναμένης
2295 531 2383 594 τῆς

439 612 772 678 πραγματείας
799 606 926 660 κατά
957 606 1011 660 vd
1037 606 1190 677 ῥητόν
1212 610 1536 663 ἐπιτελεῖσθαι
1546 633 1562 674 ‚-
1601 609 1814 677 νοήματι
1843 611 1897 663 δὲ
1925 615 1950 646 ⁶
1967 608 2003 678 ἦ
2028 616 2176 664 πᾶσα
2206 612 2382 678 ‘gotn-

437 713 523 745 κεν
553 690 763 760 άλήθεια
788 698 878 745 τοῦ
905 691 1247 763 κηρύγματος,
1285 695 1371 746 καὶ
1402 692 1486 746 ἄπ’
1511 692 1662 762 αὐτῆς
1684 701 1774 762 τῆς
1797 693 2080 758 Διατάξεως
2114 701 2214 748 τῶν
2238 693 2382 749 Ἀπο·

437 775 646 842 στόλων,
686 775 764 829 ὅτι
802 774 863 829 δι’
900 773 1165 844 ὁμόνοιαν,
1205 775 1274 840 ὥς
1309 783 1546 846 συνῆκται
1583 785 1673 832 τοῦ
1709 778 1858 849 λόγου
1898 777 1928 833 ό
1959 777 2256 847 σύνδεσμος,
2295 778 2383 834 ἐὰν

445 863 818 928 ἐπιτελέσωμεν,
873 861 908 929 ἢ
959 864 1046 915 καὶ
1095 864 1374 927 ἐπιτελοῦσι,
1431 863 1551 930 μετά
1604 867 1885 933 ἰσημερίαν,
1934 863 2112 926 καθώς
2158 864 2383 919 κάκεῖνοι

438 943 617 1015 ἄγουσι
647 945 971 1008 πολλάκιςπτε
1010 950 1097 1000 καὶ
1135 944 1291 1014 ἡμεῖς.
1370 950 1575 1001 7Πάλιν
1617 949 1672 1001 δὲ
1702 947 1799 1018 πρό
1835 956 1927 1002 τοῦ
1970 954 2257 1016 τελεσθῆναι
2291 946 2383 1016 τὴν

439 1033 721 1100 ἰσημερίαν,
774 1029 842 1093 ὥς
875 1034 1053 1085 ἐκεῖνοι
1082 1030 1290 1101 ἄγουσιν
1321 1030 1403 1084 ὅτε
1434 1031 1578 1099 μόνοι
1605 1031 1834 1103 ἄγουσιν·
1889 1031 1976 1087 ἐάν
2003 1026 2096 1086 οὖν
2120 1034 2207 1086 καὶ
2239 1030 2384 1102 ἡμεῖς

437 1117 810 1184 ἐπιτελέσωμεν,
856 1118 1165 1184 συμβέβηκεν
1193 1114 1313 1185 ἡμῖν
1341 1119 1498 1170 ἐν’ἕνὶ
1529 1119 1735 1191 ἐνιαυτῷ
1769 1117 1862 1172 δύο
1895 1117 2071 1187 Πάσχα
2096 1119 2382 1182 ἐπιτελέσαι,

436 1199 555 1269 μετά
585 1203 841 1270 ἰσημερίαν
866 1203 950 1254 καὶ
980 1200 1077 1270 πρὸ
1108 1203 1376 1269 ἰσημερίας,
1414 1208 1483 1274 τῷ
1506 1203 1559 1255 δὲ
1587 1201 1713 1275 ἄλλῳ
1741 1204 1851 1271 ἑξῆς
1875 1205 2084 1276 ἐνιαυτῷ
2113 1200 2230 1256 οὐδὲ
2256 1192 2383 1265 ὅλως

437 1287 784 1351 ἐπιτελέσωμεν
815 1284 1006 1354 Πάσχα.
1084 1287 1186 1338 Καὶ
1224 1283 1547 1355 εὑρεθήσεται
1589 1285 1643 1340 τό
1686 1294 1786 1340 πᾶν
1824 1286 2015 1356 πλάνης
2054 1284 2181 1340 εἶναι
2218 1287 2380 1357 ἔργον,

437 1369 564 1439 ἥπερ
603 1367 828 1439 άλήθεια.
907 1369 1019 1439 Πρὸ
1057 1369 1150 1441 γάρ
1193 1373 1449 1439 ἰσημερίας
1485 1371 1548 1424 οὐ
1586 1371 1969 1441 πληρωθήσεται
2002 1371 2057 1425 τό
2097 1373 2230 1436 ἔτος,
2268 1368 2383 1425 οὔτε

437 1462 714 1524 πληροῦται
748 1461 838 1508 τοῦ
874 1454 1060 1509 κύκλου
1096 1459 1186 1509 τοῦ
1217 1454 1436 1525 δρόμου,
1476 1458 1530 1509 ἐκ
1550 1462 1678 1510 θεοῦ
1706 1464 1813 1520 τοῖς
1834 1453 2132 1529 ἀνθρώποις
2155 1456 2382 1527 τεταγμέ·

438 1561 531 1594 νου
568 1537 598 1594 ὅ
634 1538 886 1605 ἐνιαυτός,
927 1538 1012 1594 ἐάν
1049 1539 1117 1608 μὴ
1155 1541 1381 1613 παρέλθῃ
1421 1543 1661 1612 ἰσημερία.

583 1970 684 2021 Καὶ
720 1962 783 2037 ἧν
821 1970 908 2037 μὲν
944 1970 1057 2039 περὶ
1080 1965 1263 2023 τούτου
1300 1966 1455 2023 πολλά
1491 1971 1672 2040 λέγειν,
1711 1964 1780 2031 οἷς
1805 1974 1967 2031 καλῶς
1995 1966 2292 2037 ποιήσαντες
2330 1970 2384 2023 οἱ

441 2053 671 2121 πατέρες,
723 2059 907 2122 μᾶλλον
942 2055 995 2108 δὲ
1025 2052 1094 2107 δι’
1133 2052 1298 2107 αὐτῶν
1344 2052 1374 2106 ό
1420 2052 1544 2116 θεός
1578 2053 1883 2124 κατώρθωσε
1931 2059 1994 2127 τῇ
2042 2056 2274 2128 ἐκκλησίᾳ
2323 2053 2380 2108 vd

441 2142 543 2190 πᾶν
573 2135 853 2206 άκρίβασμα
889 2145 979 2206 τῆς
1016 2138 1258 2206 ἀληθείας
1293 2145 1383 2206 τῆς
1426 2141 1834 2207 ιπανσεβασμίου
1869 2138 2051 2208 ταύτης
2088 2140 2260 2210 ἑορτῆς
2295 2141 2380 2194 καὶ

439 2227 713 2292 παναγίας,
753 2222 873 2289 μετά
914 2226 1169 2293 ἰσημερίαν
1207 2223 1295 2291 μὲν
1331 2231 1616 2289 ποιεῖσθαι,
1671 2222 1752 2277 ὅτε
1780 2221 2051 2278 ’ὑποπίπτει
2088 2221 2124 2291 ἤ
2158 2229 2248 2293 τῆς
2282 2241 2384 2277 τεσ-

444 2307 887 2375 σαρεςκαιδεκάτης
924 2307 1049 2361 κατά
1086 2314 1175 2375 τῆς
1211 2306 1416 2376 σελήνης
1454 2306 1641 2377 ἡμέρας
1675 2315 1878 2376 ψῆφος·
1917 2308 2007 2377 οὐχ
2042 2311 2129 2362 ἵνα
2165 2311 2219 2363 ἐν
2254 2308 2383 2383 αὐτῇ

440 2397 501 2463 τῇ
539 2392 1038 2465 τεσσαρεςκαιδεκάτη
1089 2394 1446 2460 ἐπιτελέσωμεν.
1523 2397 1639 2446 Μία
1687 2391 1780 2463 γάρ
1829 2392 1991 2464 ἡμέρα
2025 2391 2141 2463 παρ’
2178 2395 2383 2456 ἐκείνοις

440 2483 678 2543 ζητεῖται,
717 2475 834 2544 παρ’
869 2475 988 2544 ἦμῖν
1024 2479 1078 2530 δὲ
1115 2475 1177 2530 ού
1215 2483 1327 2546 μία,
1367 2476 1486 2530 άλλοὶ
1518 2482 1600 2543 ἓξ,
1639 2477 1859 2546 ἕβδομάς
1895 2477 2210 2548 πληρεστάτη.
2286 2477 2381 2533 Διό

442 2563 527 2615 καὶ
565 2559 714 2623 αύτὸς
752 2559 782 2614 ὁ
821 2562 1014 2629 2’νόμος
1049 2563 1173 2632 λέγει
1211 2564 1550 2616 ἐπιπλατύνων
1586 2562 1640 2616 τὸ
1674 2563 1923 2631 Λήψεσθε
1960 2565 2157 2626 ἑαυτοῖς
2194 2562 2384 2633 πρόβα-

443 2669 531 2699 τον
569 2648 840 2711 ἐνιαύσιον,
881 2644 1117 2714 ἄμωμον,
1157 2648 1365 2712 τέλειον,
1403 2646 1500 2701 άπὸ
1541 2647 1752 2701 δεκάτου
1787 2655 1876 2702 τοῦ
1913 2648 2090 2716 μηνός·
2128 2651 2213 2702 καὶ
2250 2652 2382 2704 ἔσται

444 2729 564 2798 ύμῖν
591 2733 1002 2799 διατετηρημένον
1039 2730 1150 2800 ἄχρι
1185 2738 1273 2799 τῆς
1297 2732 1843 2803 τεσσαρεςκαιδεκάτης·
1885 2735 1972 2787 καὶ
2007 2732 2230 2787 θύσεσθε
2259 2732 2381 2788 αὖτὸ

442 2814 570 2884 πρός
608 2816 820 2885 ἑσπέραν
866 2822 925 2889 τῇ
964 2816 1458 2890 τεσσαρεςκαιδεκάτῃ
1502 2815 1662 2890 ἡμέρᾳ
1696 2825 1785 2871 τοῦ
1820 2817 2002 2886 μηνός,
2039 2821 2257 2873 τουτέστι
2293 2825 2382 2888 τῆς

442 2900 660 2967 σελήνης.
739 2907 1104 2970 Παρατηρεῖται
1144 2903 1196 2954 δὲ
1233 2899 1267 2968 ἦ
1295 2904 1524 2969 ἐκκλησία
1559 2901 1694 2972 ἄγειν
1732 2902 1822 2970 τὴν
1853 2902 2028 2973 ἑορτὴν
2063 2909 2154 2956 τοῦ
2186 2902 2380 2972 Πάσχα,

443 2987 663 3038 τουτέστι
693 2985 782 3053 τὴν
807 2985 1088 3054 ἑβδομάδα,
1127 2986 1215 3055 τήν
1253 2984 1530 3054 ὡρισμένην
1556 2990 1635 3041 καὶ
1666 2986 1747 3040 ἄπ’
1779 2987 1942 3041 αὐτῶν
1970 2994 2067 3040 τῶν
2093 2985 2383 3042 ἀποστόλων

443 3071 493 3122 ἐν
529 3077 589 3142 τῇ
619 3070 873 3135 Διατάξει,
914 3068 1016 3124 άπό
1051 3072 1280 3139 δευτέρας
1317 3072 1606 3138 σαββάτων,
1647 3072 1770 3142 ὅπερ
1810 3075 1940 3126 ἐστὶν
1973 3070 2254 3142 άγορασμός
2291 3078 2381 3127 τοῦ

442 3154 712 3223 προβάτου.
792 3157 892 3206 Καὶ
932 3153 1021 3208 ἐάν
1061 3155 1150 3221 μὲν
1188 3149 1250 3222 ἦν
1280 3157 1771 3226 τεσσαρεςκαιδεκάτη
1807 3163 1895 3224 τῆς
1932 3155 2137 3223 σελήνης
2172 3162 2231 3230 τῇ
2270 3160 2380 3210 δευ-

444 3240 560 3310 τέρᾳ
598 3246 696 3292 τῶν
730 3238 1024 3308 σαββάτων,
1069 3239 1257 3306 3μέσον
1294 3239 1457 3309 ἄγεται
1495 3241 1550 3294 τὸ
1588 3248 1732 3308 θῦμα
1768 3247 1857 3293 τοῦ
1892 3239 2172 3310 προβάτου·
2210 3237 2303 3294 ἐάν
2332 3261 2383 3294 τε

446 3328 581 3396 τρίτῃ
620 3326 912 3392 σαββάτων,
953 3323 1038 3377 ἐάν
1076 3329 1169 3376 4τε
1219 3324 1466 3399 ὃτετάρτῃ
1496 3325 1789 3393 σαββάτων,
1828 3323 1916 3377 ἐάν
1952 3345 2002 3377 τε
2030 3326 2228 3398 πέμπτῃ
2265 3328 2385 3394 σαβ-

419 3440 422 3444 ·
447 3405 637 3473 βάτων,
693 3408 778 3462 ἐάν
810 3431 859 3462 τε
897 3407 1293 3482 6προσαββάτω,
1335 3408 1423 3462 ἐάν
1455 3431 1504 3463 τε
1536 3408 1791 3482 σαββάτω,
1831 3415 1927 3461 τῶν
1951 3412 2006 3472 ’ἓξ
2034 3406 2229 3479 ἡμερῶν
2255 3408 2383 3482 πρός

503 3547 540 3589 ll.
577 3549 649 3591 καὶ
673 3547 958 3607 νηστεύσομεν
995 3566 1068 3593 om.
1101 3554 1185 3593 cod.
1218 3554 1379 3605 Rhediy.
1494 3554 1534 3597 7.
1577 3549 1698 3596 πάλιν
1730 3550 1779 3596 δὲ
1818 3554 1936 3593 verba
1971 3565 2049 3593 non
2086 3555 2261 3604 agnoscit
2293 3554 2377 3595 cod.

503 3606 543 3645 5.
583 3621 611 3658 η
652 3610 862 3648 articulum
888 3611 1040 3650 uncinis
1078 3612 1227 3650 notavit
1263 3612 1381 3650 Pela·
1438 3611 1601 3660 Rhediy.

446 3663 1711 3704 vius.CA1›.XH.
1734 3688 1789 3695 -
1835 3662 1870 3704 1.
1902 3663 2218 3718 πανσεβασμίου
2243 3667 2380 3716 scrips-

504 3718 544 3756 b'.
569 3714 745 3769 ἔστηκεν
771 3715 954 3771 ἀλήθεια
976 3723 1088 3762 codd.
1102 3734 1193 3763 mss.
1221 3720 1324 3776 ἔστη
1351 3738 1379 3776 η
1436 3734 1509 3772 pro
1545 3718 1868 3775 πανσεβάσμου.
1908 3722 2012 3770 quod
2047 3723 2163 3770 vu190
2200 3725 2306 3762 extat
2338 3724 2382 3762 in

449 3768 633 3827 (ἰληξῐεια
655 3775 748 3814 edili
771 3777 870 3815 libri.
1438 3779 1546 3818 libris
1580 3773 2157 3832 οηυιὶὸιιε.11ανσεβάσμιος
2189 3778 2381 3818 adiectivo
