2508 4134
391 230 493 283 312
1098 238 1303 282 SANch
1330 240 1616 283 ΕΡΙΡΗΑΝΗ

394 359 493 390 νων
522 340 621 388 τῶν
658 334 871 400 οὐσιῶν,
924 334 1043 389 ἀλλά
1070 342 1186 403 μιᾶς
1213 335 1349 407 παρά
1379 336 1608 403 4πάσας,
1663 336 1772 406 ἥτις
1802 340 1901 392 ἐστὶ
1932 337 2114 407 θεότης
2152 342 2240 408 μία
2270 342 2323 394 ἐν

391 420 578 491 τριάδι,
617 426 725 482 πῶς
756 422 826 473 ἔτι
853 418 1274 489 ὖπολειφθήσεται
1305 428 1371 496 τῷ
1398 422 1610 496 γεννάδα
1650 422 1808 497 τούτῳ
1841 423 1895 478 τὸ
1929 424 2323 493 καταπληκτικόν

393 504 549 559 αὐτοῦ
571 512 744 575 χωρεῖν
774 507 853 559 ἐπὶ
884 504 1002 568 τούς
1034 505 1178 570 υἷούς
1207 513 1295 575 τῆς
1334 507 1598 577 ἀληθείαςς
1671 512 1858 563 Λιοίσει
1897 510 1950 563 δὲ
1982 511 2067 563 καὶ
2108 507 2323 582 ὁποτέρα

390 597 478 659 τῆς
515 588 782 659 ὁποτέρας,
836 590 913 644 ὅτι
937 589 972 659 ἦ
998 592 1085 660 μὲν
1113 590 1252 663 τριάς
1277 597 1449 659 κτίζει,
1499 591 1559 646 τά
1590 594 1643 647 δὲ
1678 593 1841 647 πάντα
1870 592 1955 647 ἀπ’
1983 594 2137 663 αὐτῆς
2165 597 2323 650 κέκτι-

393 694 514 731 σται.
590 676 692 728 Καὶ
719 673 754 744 ἦ
782 676 873 743 μέν
902 678 1031 730 ἐστιν
1069 677 1368 748 ἀδέσποτος,
1419 678 1479 732 τά
1515 679 1568 732 δὲ
1595 677 1678 732 ὑπ’
1707 677 1859 748 αὐτῆς
1883 678 2120 750 γενόμενα
2147 681 2322 735 δεσπό-

391 768 549 837 ζεταιῇ
575 762 660 814 καὶ
686 758 720 829 ἦ
753 762 840 828 μὲν
866 760 1235 830 μεταβάλλεται,
1272 762 1307 832 ἡ
1333 765 1386 818 δὲ
1415 757 1742 835 ἀπαράβατον
1769 767 1862 833 ἔχει
1886 763 1978 832 τὴν
2008 764 2190 832 φύσιν,
2243 787 2324 835 με·

391 848 700 916 ταβάλλουσα
725 845 804 900 ἀεὶ
842 845 902 899 τά
937 844 1020 900 ὑπ’
1048 847 1204 916 αὐτῆς
1237 848 1653 918 μεταβαλλόμενα,
1705 852 1790 903 καὶ
1833 852 1883 914 ἐξ
1914 849 2007 904 οὐκ
2049 849 2207 905 ὅντων
2237 849 2326 914 τάς

394 933 568 994 οὐσίας
599 933 684 985 καὶ
720 930 809 995 τάς
840 930 1135 995 ὑποστάσεις
1174 932 1391 1001 ὖφιστᾶν
1422 937 1685 1004 δυναμένη.
1766 941 1922 990 Τοῦτο
1951 935 2043 1007 γάρ
2077 938 2176 990 ἔστι
2202 954 2324 1006 συμ-

393 1019 584 1090 πρέπον
611 1023 718 1091 θεῷ
744 1021 799 1073 ἐκ
827 1016 895 1087 μὴ
924 1016 1287 1087 ὑποκειμένων,
1340 1021 1423 1073 καὶ
1456 1021 1505 1083 ἐξ
1535 1018 1629 1073 οὐκ
1656 1017 1812 1074 ὄντων
1850 1018 1935 1074 ὑπ’
1972 1019 2124 1076 αὐτοῦ
2164 1043 2323 1093 γεγεν-

392 1105 614 1173 νημένων
653 1105 738 1158 καὶ
785 1101 1130 1170 ὑποστάντων,
1181 1102 1306 1158 κατά
1345 1103 1434 1174 τὴν
1476 1104 1803 1174 διακόσμησιν
1847 1105 2215 1175 μετασκευάζειν
2257 1105 2325 1171 ῶς

392 1188 632 1259 βούλεται.

534 1272 717 1329 Ἀετίου
745 1274 918 1342 κεφάλ.
946 1273 1022 1328 λε’.
1098 1277 1170 1327 Εἰ
1198 1281 1332 1329 πᾶσα
1365 1275 1512 1329 οὐσία
1541 1276 1672 1329 ἐστὶν
1700 1273 1985 1346 ἀγέννητος,
2039 1275 2175 1330 πᾶσά
2198 1279 2326 1332 ἐστιν

395 1359 777 1432 ἀπαράλλακτος.
859 1366 958 1428 Τῆς
991 1365 1006 1396 ¹
1028 1360 1080 1413 δὲ
1107 1360 1279 1424 οὐσίας
1311 1359 1365 1415 τὸ
1395 1359 1765 1432 ἀπαράλλακτον
1795 1363 2027 1430 ἔχουσης,
2084 1360 2139 1416 τὸ
2166 1370 2326 1417 ποιεῖν

392 1468 442 1500 τε
471 1447 556 1500 καὶ
590 1446 646 1500 τὸ
684 1444 888 1514 πάσχειν
930 1443 1276 1518 αὐτοματισμῷ
1319 1446 1606 1500 ἀναθετέον.
1684 1452 1893 1500 Πολλῶν
1923 1447 1977 1501 δὲ
2007 1445 2163 1502 ὄντων
2190 1447 2327 1520 ἀγεν-

393 1532 556 1600 νήτων
595 1533 679 1585 καὶ
722 1530 1130 1600 ἀπαραλλάκτων,
1189 1529 1587 1603 2α’ναριθμητως
1626 1535 1897 1587 διοίσουσιν
1930 1532 2162 1602 ἀλλήλων.
2249 1533 2324 1587 Οὔ

393 1617 486 1690 γάρ
519 1616 579 1672 ὃὶν
604 1619 677 1685 εἴη
706 1615 962 1686 ἀριθμητά
988 1615 1047 1671 τά
1076 1620 1308 1671 διεστῶτα
1336 1616 1370 1687 ἢ
1398 1617 1648 1684 καθόλου,
1699 1617 1734 1687 ἢ
1759 1617 1884 1672 κατά
1912 1642 1983 1685 τι,
2035 1618 2197 1688 πάσης
2223 1623 2328 1674 δια-

394 1702 611 1765 στάσεως
645 1700 992 1774 ἀποκλήρωσίν
1025 1725 1133 1756 τινα
1163 1704 1500 1773 ἐμφαινούσης
1525 1707 1685 1758 αἰτίου
1709 1702 2098 1776 ἀποτεταγμένης
2126 1703 2326 1776 ἀγεννή-

394 1811 481 1844 του
519 1788 731 1856 φύσεως.

532 1959 722 2031 Ἀνατρ.
802 1957 878 2013 Οὔ
900 1965 1034 2013 πάσα
1067 1957 1210 2014 οὐσία
1251 1959 1537 2031 ἀγέννητος·
1592 1960 1790 2029 ἠλίθιον
1829 1960 1920 2032 γάρ
1954 1963 2038 2015 καὶ
2072 1960 2127 2016 τό
2157 1965 2324 2016 διανο·

396 2055 580 2113 εῖσθαι,
619 2046 702 2100 καὶ
722 2042 1007 2114 Ἑλληνικῆς
1032 2044 1276 2117 ἀγνωσίας
1301 2040 1449 2109 οὗτος
1472 2044 1502 2100 ὅ
1522 2045 1770 2117 λογισμός,
1808 2049 1890 2100 καὶ
1916 2045 1970 2102 τὸ
2000 2046 2326 2118 ἀπόφθεγμα,

394 2132 490 2188 κάν
526 2154 576 2186 τε
614 2131 996 2198 ἀποφαντικῶς,
1039 2129 1135 2185 κάν
1175 2153 1225 2185 τε
1262 2135 1568 2204 έρωτητικῶς
1596 2139 1664 2205 τῷ
1689 2132 1861 2205 Ἀετίῳ
1885 2135 2082 2204 εἴρηται.
2158 2139 2328 2202 Δῆλον

401 2219 495 2273 3δὲ
536 2218 614 2272 ὅτι
654 2220 968 2288 έρωτητικῶς.
1038 2215 1280 2285 Ἑλλήνων
1308 2221 1475 2271 τοίνυν
1501 2221 1683 2280 παῖδας
1721 2224 1866 2271 τοῦτο
1900 2217 2142 2288 ἐρωτάτω.
2222 2219 2326 2272 K&-

194 2345 277 2380 pag.
297 2334 370 2371 984.
401 2312 555 2359 κεῖνοι
582 2304 635 2357 δὲ
663 2301 794 2375 αὐτῷ
834 2304 1245 2356 συντιθέσθωσαν
1274 2309 1418 2356 τοῦτο
1461 2305 1584 2372 ἔχειν
1624 2305 1677 2357 ἐκ
1709 2309 2036 2374 συλλογισμῶν
2067 2303 2122 2357 τό
2151 2303 2330 2374 έρῶτη-

396 2413 490 2459 μα,
528 2389 650 2458 ’ὕλην
676 2388 786 2442 τινά
820 2388 1088 2459 σύγχρονον
1117 2394 1187 2461 τῷ
1214 2394 1319 2461 θεῷ
1347 2391 1737 2457 ἐπιφημίζοντες.
1810 2387 2112 2443 Ἁλισκέσθω
2143 2390 2196 2443 δὲ
2226 2389 2329 2459 ἅμα

396 2478 628 2538 ἐκείνοις,
668 2477 712 2527 εἰ
734 2481 1049 2538 συντιθοῖτο,
1105 2472 1310 2542 ἐχούσης
1339 2480 1427 2543 τῆς
1457 2474 1695 2543 ἀληθείας
1713 2478 1771 2528 ἓν
1796 2472 1920 2528 εἶναι
1949 2472 2004 2528 τό
2033 2481 2237 2541 ποιοῦν,
2276 2478 2329 2530 ἐν

396 2567 485 2633 μιᾷ
519 2558 662 2633 οὐσίᾳ
705 2558 903 2630 τριάδος
939 2562 1143 2622 τελείας,
1194 2561 1277 2612 καὶ
1318 2560 1379 2613 οὗ
1421 2559 1547 2613 κατά
1585 2558 1902 2629 4συναλιφῆν
1941 2557 2327 2631 ἀριθμουμένης.

402 2645 474 2700 Τά
509 2643 551 2698 δ’
581 2643 698 2698 ἄλλα
725 2643 886 2697 πάντα
927 2643 1161 2715 γεννητά,
1211 2646 1293 2698 καὶ
1332 2645 1528 2712 κτιστά,
1579 2648 1665 2700 καὶ
1694 2644 1785 2700 οὐκ
1813 2644 2064 2716 ἀγέννητα.
2146 2652 2244 2714 Τῆς
2275 2647 2328 2700 δὲ

394 2729 634 2799 θεότητος
675 2728 906 2783 ἀκτίστου
946 2728 1126 2798 οὔσης,
1180 2730 1369 2802 πατρὸς
1394 2732 1482 2800 μὲν
1507 2738 1800 2802 γεννῶντος,
1852 2734 1968 2784 υἷοῦ
1998 2730 2051 2783 δὲ
2074 2737 2326 2801 γεννητοῦ,

395 2816 674 2885 πνεύματος
716 2816 768 2868 δὲ
806 2813 948 2886 ἀγίου
988 2818 1037 2879 ἐξ
1067 2814 1223 2870 αὐτοῦ
1257 2815 1620 2886 ἀπεσταλμένον
1659 2824 1751 2871 τοῦ
1777 2815 1964 2889 πατρός
1995 2817 2080 2869 καὶ
2111 2822 2210 2870 τῶν
2237 2823 2326 2871 τοῦ

394 2906 510 2956 υἷοῦ
542 2900 900 2970 λαμβάνοντος,
953 2900 1153 2955 πάντων
1191 2903 1243 2956 δὲ
1284 2900 1443 2956 ὄντων
1483 2905 1835 2969 κεκτισμένων,
1888 2908 1978 2956 τοῦ
2020 2902 2072 2954 δὲ
2109 2899 2325 2972 ἀπαραλ-

393 2988 574 3042 λάκτου
597 2993 657 3061 τῇ
688 2986 893 3055 δυνάμει
919 2988 1174 3054 μένοντος,
1217 2994 1240 3025 ⁵
1257 2987 1643 3059 συμπρεπόντως
1668 2991 1720 3043 έν
1747 2995 1808 3062 τῇ
1835 2987 1996 3059 τριάδι
2021 2986 2183 3054 πάσης
2208 2986 2325 3040 θεό-

393 3096 538 3142 τητος
567 3075 650 3127 ἐπὶ
680 3071 770 3126 τόν
808 3073 995 3142 πατέρα
1040 3070 1475 3142 ὅάναφερομένης,
1529 3072 1613 3128 διά
1657 3073 1711 3128 τὸ
1752 3072 1952 3143 εὔλογον
1981 3073 2065 3124 καὶ
2093 3068 2324 3126 ἄπτωτον

393 3164 479 3226 τῆς
508 3157 724 3227 μονάδος
751 3159 833 3211 καὶ
871 3156 924 3211 τὸ
962 3156 1272 3228 ἀναιρετικὸν
1313 3165 1400 3228 τῆς
1435 3164 1708 3222 πολυθεΐας
1744 3157 1799 3212 τό
1835 3158 1922 3226 μὲν
1951 3156 2324 3227 ἀπαράλλακτον

352 3317 359 3320 ‚
395 3246 526 3313 μένει
549 3251 609 3319 τῇ
638 3242 868 3312 δυνάμει,
907 3242 961 3296 τὸ
993 3244 1047 3296 δὲ
1077 3242 1276 3314 εὔλογον
1304 3244 1689 3316 συμπρεπόντως
1719 3243 2023 3313 ἀναλογεῖται
2052 3245 2166 3295 υἱοῦ
2195 3242 2323 3316 πρός

393 3331 605 3400 πατέρα,
660 3332 746 3383 καὶ
782 3327 925 3399 άγίου
966 3327 1257 3397 πνεύματος.
1353 3333 1531 3384 Τοίνυν
1574 3329 1759 3384 τούτων
1807 3328 1965 3389 οὕτως
2015 3327 2223 3396 ἐχόντων
2274 3331 2323 3392 ἐξ

392 3414 614 3486 ὑπαρχῆς
651 3422 863 3468 πεσεῖται
897 3420 985 3482 τῆς
1027 3416 1291 3483 ἐπιβουλῆς
1320 3421 1410 3469 τοῦ
1438 3415 1749 3487 ἐρωτήματος
1778 3411 1812 3482 ἦ
1838 3415 2045 3467 ἐπίνοια.
2128 3411 2202 3466 Οὕ
2227 3412 2319 3484 γάρ

449 3558 487 3601 4.
517 3559 659 3615 πάσης
682 3563 867 3602 mendum
885 3562 1013 3602 ested.
1036 3563 1171 3602 Petav.
1194 3562 1326 3602 Colon.
1440 3559 1479 3602 3.
1510 3555 1548 3603 δ’
1576 3554 1640 3602 ’ὅτι
1659 3561 1743 3600 cod.
1766 3559 1944 3610 Rhediy„
1973 3562 2007 3598 et
2026 3561 2104 3599 Ien.
2130 3570 2156 3598 a
2175 3570 2226 3599 m.
2247 3570 2318 3600 sec.

389 3622 507 3667 repet.
1439 3614 1477 3658 4.
1511 3613 1761 3670 συναλοιφὴν
1789 3617 1878 3655 edit.
1911 3618 2045 3656 Petav.

453 3673 488 3713 1.
520 3671 568 3716 δὲ
594 3687 667 3714 om.
698 3678 739 3715 in
769 3677 827 3716 ed.
859 3677 991 3715 Petav.
1025 3676 1155 3715 Coton.
1183 3679 1300 3726 repet.
1439 3675 1478 3715 5.
1511 3668 1837 3726 συμπρεπόντως
1870 3675 2008 3721 scripsi
2044 3684 2092 3712 ex
2131 3673 2321 3712 emendat.

449 3729 489 3769 2.
530 3726 780 3784 ἀριὲῐμητῶς
817 3734 929 3772 codd.
967 3743 1057 3771 mss.
1099 3736 1256 3783 uterque
1293 3737 1326 3773 ct
1386 3732 1578 3779 Cor-narii,
1601 3731 1668 3780 qui
1694 3731 1878 3769 convertit
1906 3727 2193 3769 condecenter.
2250 3729 2319 3769 Li-

391 3788 481 3832 edit.
506 3789 635 3844 princ.
663 3810 719 3817 —-
774 3791 830 3834 De
859 3800 959 3844 seqq.
990 3790 1037 3842 cf.
1068 3800 1200 3840 supra.
1383 3790 1442 3829 bri
1469 3789 1585 3838 vulgo
1616 3783 1937 3845 συμπρέποντος.
