2508 4134
195 2293 210 2308 .
231 2279 316 2315 pag.
331 2268 411 2306 955.

432 270 539 322 264
1142 278 1348 321 SANGTI
1375 278 1659 321 EPIPHANII

434 385 548 438 λους
577 373 703 428 αὐτοὶ
729 375 841 446 περὶ
866 379 967 428 τῶν
1001 372 1189 440 αὐτῶν,
1226 376 1311 428 καὶ
1347 383 1370 416 ³
1388 375 1545 430 οὐθὲν
1571 378 1735 447 ἕτερον
1762 378 2052 449 διηγήσατο,
2092 377 2153 434 οὗ
2186 379 2369 449 μυστή-

435 485 516 529 ρια
549 459 670 528 ἡμῖν
695 458 984 524 ὑποδείξας,
1039 459 1098 514 οὗ
1129 457 1255 514 θεόν
1283 460 1342 514 ὃν
1369 462 1702 532 ἐπαγγέλλεται
1739 462 1969 527 διδάξας,
2021 462 2082 518 οὖ
2117 468 2280 519 πίστιν
2309 464 2371 519 δι’

434 541 496 615 ἧς
525 548 835 617 ἐνεργοῦντες
864 543 1127 599 ἀπόστολοι
1155 543 1247 613 τήν
1278 551 1365 613 τῆς
1399 546 1638 615 ἀληθείας
1678 546 1994 617 ὀνομάζοντες
2029 548 2226 620 στερεᾶν
2253 548 2373 619 όμο-

434 635 602 702 λογίαν
628 629 833 701 νεκροῦς
858 628 1060 701 ἤγειραν
1082 632 1168 683 καὶ
1190 629 1402 703 λεπροῦς
1427 631 1761 703 έκαθάρισαν,
1813 637 1897 687 καὶ
1923 632 2071 695 τᾶλλα
2099 635 2259 688 πάντα
2284 641 2373 702 τῆς

435 714 635 788 ἀγαθῆς
675 719 970 783 συμφωνίας
1012 718 1061 779 ἐξ
1093 709 1164 769 ὧν
1203 715 1264 769 τά
1288 714 1642 787 ·ὖποδείγματα
1680 716 1961 786 ὑπέφαινον
2001 725 2090 788 τῆς
2130 719 2373 789 ἀληθινῆς

437 805 692 873 ἐνεργείας,
731 799 850 854 ἀλλά
877 805 1116 869 ματαίους
1143 803 1228 855 καὶ
1257 801 1541 870 κομπώδεις
1570 803 1923 873 συλλογισμοῦς
1951 804 2019 874 μὴ
2047 803 2373 875 ὑπερβαίνον-

435 909 522 950 τας
547 885 639 955 τὴν
665 893 752 954 τῆς
779 890 1095 957 ταυτολογίας
1119 886 1411 958 προφοράν,
1462 885 1559 940 ἀλλ’
1592 886 1717 941 αὐτὰ
1744 891 1930 955 ἐκεῖνα,
1983 891 2068 944 καὶ
2096 889 2243 945 οὐδὲν
2275 893 2373 945 ἕτε-

437 995 527 1043 ρον
554 971 892 1042 διηγούμενος.
967 971 1061 1027 Διό
1090 979 1470 1043 παρακαλοῦμεν
1507 971 1647 1035 ὅπως
1676 976 1849 1042 μηδεὶς
1877 973 2009 1044 ἡμᾶς
2035 978 2376 1045 ἐπιμέμψηται

437 1064 535 1112 τῶν
572 1058 991 1129 ἐντυγχανόντων,
1044 1062 1179 1128 εἴπερ
1226 1059 1310 1111 καὶ
1349 1058 1494 1112 αὐτοὶ
1543 1057 1669 1111 κατά
1716 1065 1814 1112 τῶν
1864 1060 2029 1114 αὐτῶν
2080 1063 2373 1130 ένεχθῶμεν,

438 1142 826 1214 ἀναγκαζόμενοι
861 1145 1014 1214 λέγειν
1053 1141 1180 1214 πρός
1219 1142 1309 1212 τὴν
1344 1141 1501 1196 αὐτοῦ
1528 1148 1866 1215 ταυτολογίαν.
1946 1145 2012 1200 T&
2039 1148 2254 1217 γέννημα
2281 1145 2374 1218 γάρ

440 1229 682 1300 ἅτρεπτόν
709 1231 866 1295 ἔστιν,
907 1228 1026 1283 ὅσον
1053 1230 1229 1300 πρέπει
1254 1228 1478 1297 θεότητι·
1516 1230 1601 1282 καὶ
1627 1227 1658 1283 ό
1682 1230 1928 1301 γεννήτωρ
1961 1229 2200 1302 ἅτρεπτός
2229 1235 2373 1297 ἐστιν,

441 1314 509 1378 οἷς
532 1317 708 1386 πρέπει
745 1310 998 1384 ἀναλόγως
1033 1321 1093 1388 τῇ
1125 1313 1280 1368 αὐτοῦ
1308 1311 1531 1388 ἀτρέπτῳ
1564 1313 1726 1382 φύσει.
1800 1317 1962 1370 Μένει
1990 1318 2044 1370 δὲ
2078 1315 2109 1372 ό
2140 1317 2377 1389 γεννήσας

441 1399 518 1454 ἀεὶ
556 1399 643 1454 τόν
685 1402 735 1463 ἐξ
777 1398 933 1452 αὐτοῦ
975 1402 1100 1468 ἔχων
1139 1401 1511 1470 γεγεννημένον,
1565 1403 1808 1469 μηδεμίαν
1837 1399 2083 1456 ὖπόνοιαν
2113 1409 2378 1476 συγχωρῶν

440 1494 545 1548 τοῖς
585 1483 670 1539 ὑπ’
694 1485 852 1538 αὐτοῦ
879 1487 1211 1554 κεκτισμένοις
1252 1484 1370 1539 ἄνευ
1403 1488 1518 1539 υἱοῦ
1550 1487 1732 1540 εἰδέναι
1763 1489 1976 1558 πατέρα,
2025 1490 2111 1543 καὶ
2139 1487 2255 1543 ἄνευ
2284 1511 2376 1543 πα-

440 1571 557 1643 τρός
583 1593 700 1625 ποτε
729 1572 910 1624 εἰδέναι
939 1570 1025 1624 τόν
1056 1573 1429 1642 γεγεννημένον,
1479 1573 1564 1625 καὶ
1590 1570 1646 1625 τό
1676 1573 1854 1627 τέλειον
1887 1572 2048 1627 αὐτοῦ
2080 1580 2298 1643 πνεῦμα,
2348 1574 2378 1630 ὃ

442 1659 496 1711 ἐκ
521 1663 610 1711 τοῦ
637 1655 824 1727 πατρός
857 1656 1173 1728 ἐκπορεύεται
1184 1700 1197 1723 ,
1236 1659 1321 1710 καὶ
1349 1663 1441 1711 τοῦ
1469 1659 1586 1710 υἱοῦ
1611 1657 1862 1726 λαμβάνει.
1938 1661 2041 1713 Καὶ
2082 1666 2227 1714 τοῦτο
2263 1661 2379 1732 πρέ-

439 1765 537 1797 πον
578 1745 707 1797 ἐστὶν
742 1741 1021 1811 ἀξιώματος
1053 1742 1227 1805 οὐσίας
1257 1749 1409 1807 θεοῦ,
1464 1741 1518 1796 τό
1551 1740 1958 1814 ἀπροςληπτικῶς
1995 1743 2062 1814 μὴ
2099 1747 2381 1800 ἐπιδεῖσθαί

441 1850 575 1892 τινος
612 1827 915 1897 ἀξιώματος,
953 1827 1050 1882 ἀλλ’
1090 1834 1117 1866 4
1144 1830 1267 1897 ἔχειν
1304 1826 1425 1882 αὐτό
1465 1826 1638 1891 ἀϊδίως
1674 1831 1727 1883 έν
1763 1836 1824 1904 τῇ
1861 1832 1965 1903 ἰδίᾳ
2001 1830 2272 1901 ταυτότητι.

587 2255 776 2324 Κεφάλ.
811 2257 1004 2310 Ἀετίου
1032 2254 1106 2318 ις’.
1195 2258 1267 2308 Εἰ
1307 2254 1360 2309 τό
1406 2253 1673 2326 ἀγέννητον
1721 2254 1894 2321 οὐσίας
1943 2260 2045 2312 ἐστὶ
2092 2260 2379 2328 δηλωτικόν,

444 2341 644 2405 εἰκότως
672 2340 799 2413 πρός
826 2341 916 2410 τὴν
941 2348 1030 2395 τοῦ
1058 2341 1360 2412 γεννήματος
1391 2339 1563 2395 οὐσίαν
1593 2340 2038 2398 ἀντιδιαστέλλεται.
2114 2348 2186 2398 Εἰ
2210 2347 2263 2400 δὲ
2287 2370 2376 2416 μη·

443 2427 527 2481 δὲν
567 2431 791 2495 σημαίνει
834 2426 890 2481 τό
931 2427 1224 2497 ἀγέννητον,
1274 2431 1436 2500 πολλῷ
1477 2433 1658 2495 μᾶλλον
1699 2429 1844 2482 οὐδὲν
1882 2433 2026 2498 δηλοῖ
2057 2429 2111 2485 τό
2148 2434 2377 2502 γέννημα.

448 2515 557 2564 1Εἰ
593 2514 647 2566 δὲ
687 2513 863 2581 μηδὲν,
914 2519 1023 2575 πῶς
1063 2511 1473 2581 ἀντιδιασταλείη,·
1548 2516 1620 2565 Εἰ
1648 2514 1700 2567 δὲ
1745 2512 1820 2582 20‘2'
1849 2515 2113 2586 ἀγέννητος
2145 2517 2380 2590 προφοροὶ

442 2595 571 2668 πρός
599 2597 689 2666 τὴν
712 2597 947 2668 γεννητὴν
973 2598 1238 2669 προφοράν
1272 2596 1729 2666 ἀντιδιαστέλλεται,
1781 2607 1972 2670 σιωπῆς
1999 2601 2087 2670 τὴν
2113 2602 2380 2675 προφοράν

445 2686 820 2752 διαδεχομένης,
873 2688 1098 2754 γίνεσθαι
1131 2688 1388 2753 συμβαίνει
1415 2687 1498 2738 καὶ
1530 2682 1860 2756 ἀπογίνεσθαι
1888 2688 1978 2756 τὴν
2012 2694 2111 2741 τῶν
2145 2695 2374 2759 Χριστια-

442 2774 542 2821 νῶν
571 2771 767 2836 ἐλπίδα,
807 2776 829 2807 ³
847 2773 898 2824 ἒν
926 2776 1165 2846 προφορᾷ
1194 2772 1448 2839 κειμένην,
1499 2769 1598 2823 ἀλλ’
1625 2771 1719 2825 οὐκ
1749 2774 1802 2825 έν
1825 2771 2033 2839 φύσεσιν
2060 2773 2219 2837 οὕτως
2245 2774 2379 2844 ἐχού-

443 2871 556 2917 σαις
593 2853 661 2918 ὥς
696 2854 730 2923 ἦ
764 2861 863 2909 τῶν
900 2855 1158 2924 ὀνομάτων
1196 2855 1423 2924 βούλεται
1460 2860 1687 2925 σημασία.

577 3111 773 3182 Ἀνατρ.
851 3117 973 3175 Πῶς
1004 3111 1365 3183 προλαμβάνειν
1391 3113 1596 3167 εἰώθασι
1622 3113 1710 3177 τάς
1737 3113 1855 3167 καθ’
1886 3116 2075 3167 ἑαυτῶν
2107 3119 2378 3187 μαρτυρίας

445 3200 497 3252 οἷ
520 3199 792 3265 ἒκθαμβεῖν
810 3196 899 3266 τήν
925 3197 1150 3252 διάνοιαν
1173 3204 1269 3251 τῶν
1295 3198 1515 3270 ἀπείρων
1541 3199 1907 3268 μεμαθηκότεςς
1978 3198 2034 3252 Ὅ
2059 3198 2152 3271 γάρ
2179 3203 2231 3254 έν
2257 3223 2375 3272 προ·

444 3287 582 3356 φορᾷ
610 3281 698 3350 τὴν
726 3285 897 3336 ἐλπίδα
920 3286 1215 3352 κεκτημένος
1239 3282 1420 3347 Ἀέτιος
1447 3291 1474 3321 4
1492 3285 1663 3353 μόνον,
1704 3286 1787 3338 καὶ
1818 3284 1911 3337 οὐκ
1941 3282 2167 3358 ἀληθείᾳ,
2194 3285 2377 3355 ταύτην

444 3366 564 3435 ἡμῖν
595 3370 902 3436 ἐπιφημίζειν
927 3376 1182 3439 τολμηρῶς
1210 3377 1489 3440 προῆλθεν,
1543 3368 1692 3432 αὐτὸς
1723 3368 1836 3422 υἱόν
1860 3375 1987 3422 θεοῦ
2022 3373 2107 3423 καὶ
2131 3370 2256 3426 θεόν
2282 3394 2374 3425 πα-

445 3455 559 3524 τέρα
599 3460 731 3526 ψιλῷ
765 3454 894 3527 λόγῳ
931 3454 999 3523 μὴ
1030 3457 1278 3517 αἰδεσθεὶς
1317 3453 1639 3526 ὁμολογῆσαι·
1692 3452 1835 3522 ἡμῶν
1872 3456 1925 3507 δὲ
1961 3455 2165 3523 μάλιστα
2199 3455 2373 3526 όμολο-

445 3539 667 3607 γούντων
697 3539 910 3606 φυσικόν
948 3538 1073 3594 εἶναι
1102 3543 1314 3612 πατέρα,
1353 3543 1437 3595 καὶ
1469 3540 1683 3608 φυσικόν
1712 3538 1838 3593 εἶναι
1871 3540 2004 3609 υἱόν,
2043 3545 2126 3596 καὶ
2161 3541 2375 3610 φυσικόν

500 3711 538 3753 3.
571 3708 689 3755 οὐδὲν
719 3716 802 3754 cod.
833 3716 994 3767 Rhediy.
1493 3715 1530 3756 2.
1561 3711 1592 3766 τί
1622 3716 1727 3754 abest
1751 3726 1778 3754 a
1807 3715 1891 3755 cod.
1921 3716 2084 3767 Rhediy.

500 3765 538 3808 4.
571 3766 656 3823 ἔχει
683 3773 766 3810 cod.
799 3773 959 3822 Rhediy.
1490 3771 1529 3813 3.
1560 3773 1713 3821 Repone
1741 3783 1788 3811 ex
1817 3774 2080 3821 superioribus
2107 3771 2148 3814 ἐν
2179 3770 2369 3827 διαφόρῳ

504 3827 538 3866 1.
572 3826 706 3875 Supra
732 3831 836 3867 extat
857 3831 990 3870 vitiose
1013 3828 1165 3884 μηδενὶ
1191 3828 1336 3884 μηδέν.
1431 3828 1632 3886 προφορᾷ.
1693 3830 1774 3870 Pro
1801 3830 1991 3888 προφορᾷ
2033 3833 2074 3870 in
2114 3831 2202 3871 edit.
2233 3831 2367 3873 Petav.
