2508 4134
401 244 502 298 746

397 353 621 396 Anomoios
654 366 743 393 esse
771 351 1015 393 idololatras
1043 358 1087 391 et
1115 350 1246 391 solem
1280 366 1328 393 ac

452 433 607 465 ceteras
637 431 843 464 creaturas
872 421 1046 463 adorare
1075 421 1170 462 985.

396 507 691 550 Anomoiorum
721 506 839 562 origo
880 514 923 548 et
951 521 975 547 a
1007 519 1088 562 quo
1117 505 1327 561 profluxe-

449 579 532 620 rint
558 581 653 619 886.

397 649 588 691 Anomoii
609 663 701 690 cum
730 647 892 689 Iudaeis
914 647 1182 689 conseruntur
1199 650 1323 689 1036.

398 732 897 776 Antidicomarianitarum
920 731 1099 773 haeresis
1123 731 1327 788 quinqua—

404 801 407 804 ’
451 805 764 860 gesima'octava
791 803 878 843 sive
893 806 957 843 78.
976 792 1259 859 ordine1033.
1273 826 1330 834 —

452 875 581 931 qualis
609 875 680 916 illa
711 874 836 915 fuerit
864 873 966 915 ibid.

396 959 730 1016 Apelleianorum
770 959 954 1000 haeresis
999 962 1067 1000 24.
1111 968 1209 1015 post
1254 974 1330 1000 ex·-

453 1039 588 1071 ortum
627 1029 926 1071 Christianismi
967 1033 1062 1071 380.
1095 1018 1159 1062 ’-4
1222 1030 1331 1071 unde

452 1100 512 1141 sic
551 1100 753 1141 nominati
792 1100 891 1141 ibid.
923 1124 978 1133 -
1037 1090 1193 1156 Apenis'
1222 1100 1330 1155 dog-

452 1180 563 1212 mata
603 1167 704 1211 ibid.
752 1195 803 1202 -—
877 1169 1100 1212 Marcionis
1149 1170 1332 1226 magistri

452 1242 514 1282 sui
539 1241 775 1298 opinionem
801 1252 1014 1298 oppugnat
1037 1241 1138 1283 ibid.
1158 1267 1209 1273 —
1254 1242 1333 1282 tria

456 1313 640 1354 eiusdem
669 1313 871 1369 principia
901 1312 1102 1364 destruit,
1133 1328 1181 1354 ac
1210 1327 1332 1353 unum

457 1384 626 1426 omnino
652 1384 869 1425 constituit
896 1387 992 1426 381.
1011 1407 1067 1416 -
1097 1384 1218 1425 deum
1246 1383 1335 1423 vult

457 1455 620 1496 unicum
650 1469 738 1495 esse
767 1454 1013 1511 principium
1042 1454 1130 1495 sine
1170 1453 1335 1494 nomine

457 1526 556 1568 ibid.
579 1550 636 1558 -
693 1525 902 1581 negligere
927 1524 1124 1566 mundum
1148 1524 1250 1565 ibid.
1284 1547 1332 1556 -—-

457 1597 530 1639 sed
581 1597 692 1638 hunc
746 1597 870 1637 alium
924 1595 1046 1637 deum
1095 1594 1336 1651 produxisse

456 1667 598 1709 mundi
621 1675 863 1718 creatorem,
895 1667 967 1708 sed
990 1666 1143 1707 malum
1167 1664 1338 1706 ibid.—

458 1739 542 1780 eius
587 1737 827 1794 dogmatum
873 1737 1107 1779 confutatio
1149 1720 1251 1777 ibid.
1283 1759 1334 1766 —

462 1809 667 1851 Christum
697 1809 797 1850 boni
842 1808 909 1850 dei
949 1808 1076 1849 filium
1118 1806 1338 1863 postremis

458 1881 715 1937 temporibus
754 1879 915 1921 venisse
954 1879 1098 1920 asserit
1140 1877 1240 1919 ibid.
1285 1902 1338 1910 —

460 1952 633 1993 eundem
665 1966 716 1992 ex
748 1950 878 1993 Maria
908 1950 1066 2006 virgine
1099 1958 1240 1990 natum
1271 1947 1338 1989 di-

462 2025 544 2074 cit,
576 2022 650 2064 sed
680 2022 846 2064 aliunde
876 2036 1041 2062 carnem
1075 2019 1340 2075 assumpsisse

459 2098 558 2139 ibid.
592 2121 644 2128 —-
691 2093 850 2136 scilicet
876 2107 926 2133 ex
953 2100 1130 2148 quatuor
1154 2091 1341 2132 elemen-

459 2168 511 2209 tis
542 2171 637 2209 382.
670 2189 721 2198 -·
769 2163 980 2220 quomodo
1011 2177 1102 2203 eam
1131 2161 1341 2217 deposue-

460 2239 515 2280 rit
557 2237 654 2278 ibid.
688 2261 740 2268 -
800 2235 967 2276 fabulae
1011 2233 1115 2274 tales
1155 2233 1343 2274 ridentur

461 2319 503 2351 et
553 2307 799 2350 refelluntur
855 2306 956 2347 ibid.
999 2330 1045 2336 —
1124 2304 1343 2346 mendaces

462 2379 689 2435 Apelleiani
710 2381 809 2420 383.
844 2401 893 2408 --
939 2385 1093 2432 negant
1124 2389 1344 2431 corporum

462 2449 807 2492 resurrectionem
836 2448 939 2490 ibid.
973 2472 1017 2478 -——
1081 2447 1224 2502 inepte
1254 2445 1343 2485 dis-

462 2529 600 2562 serunt
628 2521 681 2561 de
705 2520 840 2561 anima
869 2518 1019 2559 Christi
1037 2520 1131 2558 385.
1151 2540 1201 2548 -·
1244 2516 1344 2556 item

463 2592 515 2632 de
546 2605 720 2647 corpore
745 2589 927 2631 eiusdem
956 2592 1053 2629 386.
1087 2612 1134 2619 -
1197 2573 1344 2641 corpus

463 2663 572 2704 enim
614 2661 721 2702 illius
763 2660 949 2715 spiritale
993 2659 1033 2699 in
1079 2657 1197 2700 coelo
1240 2657 1346 2711 vidit

462 2734 696 2789 Stephanus
726 2731 826 2773 ibid.
857 2755 911 2762 —
955 2743 1174 2785 corporum
1205 2743 1344 2769 resur-

461 2805 594 2848 rectio
625 2803 826 2859 probatur
869 2809 1015 2843 contra
1048 2800 1272 2841 Lucianum
1303 2808 1347 2840 et

463 2874 720 2918 Lucianistas
749 2873 851 2914 ibid.
882 2896 938 2905 —
994 2871 1053 2912 illi
1098 2886 1345 2926 comparan-

466 2957 534 2989 tur
558 2962 649 2988 cum
673 2945 874 2987 crabrone
894 2957 1016 3000 quem
1031 2945 1244 2998 Zopyrum
1266 2957 1346 2983 vo-

467 3027 563 3061 cant
593 3021 692 3059 387.

410 3103 683 3161 Apocalypsis
725 3101 927 3159 quaedam
970 3099 1167 3156 mysteria
1210 3099 1346 3156 expli-

468 3184 613 3217 cantur
641 3177 738 3215 454.

411 3245 660 3302 Apollinaris
704 3245 856 3300 dogma
896 3244 948 3284 de
980 3257 1101 3284 carne
1141 3241 1350 3282 divinitati

468 3317 594 3359 Verbi
627 3314 968 3357 consubstantiali
997 3314 1204 3354 refutatur
1225 3315 1350 3353 1000.

468 3412 524 3421 --
555 3397 597 3429 et
619 3402 715 3428 vera
733 3386 885 3427 Christi
906 3385 1136 3426 humanitas
1152 3384 1351 3439 probatur

471 3463 594 3501 1001.
628 3482 677 3489 ·-—
737 3458 920 3499 Verbum
950 3471 997 3497 ea
1040 3455 1118 3496 sibi
1161 3453 1351 3495 attribuit

471 3545 575 3587 quae
607 3543 754 3584 corpus
785 3542 950 3583 passum
985 3535 1048 3568 est
1074 3529 1195 3567 1002.

418 3614 668 3670 Apollinaris
714 3614 768 3654 ob
818 3612 1051 3653 doctrinam
1104 3610 1350 3666 singularem

476 3684 778 3726 commendatio
795 3687 918 3724 1016.
945 3706 998 3714 —-
1040 3680 1246 3723 refutatur
1267 3681 1351 3722 eius

474 3754 652 3794 haeresis
684 3757 805 3795 1018.
841 3778 891 3786 --
967 3752 1351 3808 Apollinaristarum

480 3822 656 3864 obiectio
682 3827 802 3864 1020.
837 3848 885 3857 --
948 3822 1130 3867 Christus
1156 3822 1354 3864 humanas

1146 252 1331 294 minax
1359 229 1574 310 annom}

1441 350 1683 392 affectiones
1711 348 1857 391 habuit
1879 347 1981 389 ibid.
2012 370 2065 381 -
2116 348 2320 390 humanae

1441 430 1611 462 naturae
1662 421 1704 461 in
1753 419 1917 461 Christo
1971 417 2149 473 dignitas
2195 420 2320 460 1022.

1393 491 1770 548 Apollinaristarum
1798 488 2055 545 blasphemia
2084 488 2138 530 de
2167 488 2323 530 Christi

1444 576 1619 618 corpore
1643 560 1885 616 imaginario
1911 562 2009 601 998.
2036 583 2092 592 -—
2148 567 2321 615 qnater-

1442 633 1616 674 nitatem
1645 646 1728 672 non
1752 629 1982 671 trinitatem
2011 637 2198 673 asserunt
2219 628 2323 671 ibid.

1392 703 1581 759 Apostoli
1610 701 1793 750 dictum,
1841 703 1955 752 Quod
1993 703 2097 754 facio
2138 713 2215 742 non
2257 713 2321 742 co·

1441 786 1605 826 9nosco,
1646 771 1856 828 quomodo
1884 771 1941 812 sit
1966 769 2323 825 interpretandum

1445 847 1541 885 583.

1392 913 1682 970 Apostolorum
1710 912 1967 954 Iudaicorum
2003 911 2189 960 functio,
2235 917 2326 952 tum

1446 994 1487 1026 et
1515 984 1793 1025 ministrorum
1835 982 1904 1038 qui
1935 982 2134 1024 Azanitae
2174 980 2324 1023 ‹licun-

1446 1064 1515 1097 tur
1540 1058 1636 1095 135.

1395 1126 1688 1182 Apostolorum
1721 1124 1966 1167 constitutio
2009 1137 2090 1179 qua
2129 1122 2222 1164 vitis
2252 1135 2326 1163 ca-

1444 1196 1644 1238 tholicam
1661 1196 1877 1239 ecclesiam
1905 1195 2192 1236 demonstrare
2219 1191 2326 1235 dici-

1447 1276 1516 1308 tur
1543 1270 1637 1308 390.

1396 1340 1581 1396 Apostoli
1610 1338 1850 1380 ludaeorum
1876 1344 1921 1378 et
1947 1335 2206 1392 patriarchae
2234 1336 2328 1376 128.

1398 1411 1585 1467 Apostoli
1617 1424 1699 1465 quo
1728 1408 1872 1450 ordine
1913 1407 2082 1449 fuerunt
2110 1421 2134 1448 a
2167 1405 2330 1448 Christo

1450 1481 1588 1523 vocati
1617 1484 1713 1521 437.

1399 1553 1692 1608 Apostolorum
1719 1550 1871 1591 electio
1901 1558 1944 1591 et
1973 1548 2230 1591 enumeratio
2259 1550 2330 1589 50.

1399 1623 1733 1678 Apostolicorum
1769 1621 1948 1662 haeresis
1976 1623 2046 1662 41.
2078 1627 2175 1675 post
2208 1618 2333 1660 chri-

1450 1694 1706 1735 stianismum
1740 1695 1836 1734 506.
1879 1715 1933 1732 v—
2000 1690 2128 1732 iidem
2181 1688 2334 1730 dicun-

1453 1774 1520 1806 tur
1562 1763 1795 1820 Apotactici
1848 1766 1889 1804 1.
1936 1786 1985 1796 -·-
2070 1759 2335 1803 renuntiatob

1453 1851 1519 1878 res
1554 1844 1598 1877 et
1642 1851 1712 1876 cur
1752 1833 1853 1876 ibid.
1894 1857 1948 1865 —
2005 1847 2029 1874 a
2068 1831 2214 1888 quibus
2253 1830 2336 1872 orti

1453 1907 1554 1949 ibid.
1586 1931 1637 1938 -
1699 1905 1888 1946 Andreae
1925 1919 1974 1945 ac
2002 1903 2191 1946 Thomae
2225 1900 2335 1943 Actis

1455 1978 1683 2020 adhaerent
1722 1976 1823 2019 ibid.
1854 1997 1911 2008 --·
1967 1974 2131 2029 nuptias
2172 1972 2336 2028 impro-

1456 2050 1556 2091 bant
1583 2048 1684 2089 ibid.
1719 2071 1769 2079 -
1828 2046 1896 2088 ubi
1924 2045 2117 2088 habitent
2135 2045 2232 2085 50⁷.

1402 2122 1543 2176 Aquae
1567 2118 1812 2161 benedictae
1838 2132 1889 2159 ac
1914 2130 2035 2158 cruce
2057 2115 2244 2170 signatae
2274 2113 2334 2156 via

1458 2195 1552 2232 137.

1405 2263 1557 2304 Arabes
1590 2263 1773 2303 Dusaren
1815 2259 1939 2301 deum
1983 2257 2124 2299 colunt
2168 2257 2339 2313 eiusque

1459 2342 1632 2375 matrem
1661 2331 1872 2386 Virginem
1900 2333 1996 2372 444.
2030 2328 2269 2384 (addend.)

1407 2404 1572 2445 Arbitrii
1592 2403 1759 2444 libertas
1781 2402 1925 2457 cuique
1947 2408 2011 2442 est
2033 2413 2226 2441 concessa
2243 2400 2338 2440 575.

1409 2482 1537 2517 Areae
1568 2473 1828 2515 Noemiticae
1861 2471 1974 2526 apud
2005 2469 2240 2526 Cardyaeos
2268 2476 2339 2511 re-

1461 2545 1611 2601 liquiae
1640 2552 1873 2586 asservatae
1904 2546 1973 2584 39.

1411 2616 1750 2658 Archonticorum
1789 2614 1971 2657 haeresis
2015 2612 2210 2668 vigesima
2243 2618 2343 2667 post

1466 2686 1764 2728 Christianismi
1806 2694 1943 2727 ortum
1989 2687 2087 2725 291.
2133 2706 2189 2716 —-
2274 2681 2344 2723 ubi

1461 2757 1740 2814 proseminata
1784 2756 1911 2797 fuerit
1951 2755 2053 2797 ibid.
2097 2777 2147 2786 ·-
2219 2761 2262 2795 et
2290 2752 2343 2794 ab

1462 2831 1641 2870 Eutacto
1684 2828 1771 2870 sive
1816 2827 1955 2882 potius
1986 2832 2135 2867 Atacto
2165 2823 2345 2880 quodam

1462 2900 1715 2941 anachoreta
1754 2905 1984 2956 propagata
2017 2896 2118 2937 ibid.
2154 2919 2203 2926 —
2257 2899 2343 2935 'Ar-

1463 2970 1647 3012 chontici
1688 2969 1941 3026 apocryphis
2003 2966 2117 3008 libris
2175 2973 2346 3006 utuntur

1464 3044 1559 3083 292.
1604 3065 1653 3072 —-
1726 3055 1869 3082 eorum
1906 3039 2103 3093 dogmata
2144 3036 2246 3079 ibid.
2291 3057 2343 3067 -

1465 3112 1652 3168 corporis
1684 3119 1838 3166 negant
1864 3108 2219 3155 resurrectionem,
2249 3105 2343 3147 ani-

1463 3199 1554 3226 mae
1585 3182 1757 3226 credunt
1784 3181 1884 3223 ibid.
1917 3204 1972 3213 -·
2031 3193 2172 3221 eorum
2205 3175 2345 3218 fabula

1463 3256 1516 3296 de
1539 3268 1759 3309 congressu
1784 3251 1939 3293 diaboli
1965 3265 2056 3292 cum
2081 3251 2166 3290 Eva
2182 3249 2276 3288 295.
2293 3269 2344 3278 -

1466 3341 1568 3382 quos
1613 3325 1837 3379 prophetas
1884 3321 2134 3378 profitentur
2161 3320 2254 3359 297.
2287 3341 2340 3350 -

1464 3396 1642 3438 haeresis
1675 3394 2019 3436 Archonticorum
2049 3404 2098 3431 ex
2126 3387 2345 3444 multiplici

1465 3467 1656 3521 anguium
1686 3465 1864 3507 colluvie
1894 3461 2069 3505 conflata
2095 3462 2189 3501 299.

1412 3538 1548 3580 Ariani
1591 3545 1633 3578 et
1664 3536 1906 3577 Arianorum
1944 3529 2122 3574 haeresis
2164 3529 2344 3586 quadra-

1465 3608 1620 3663 gesima
1660 3621 1769 3648 nona
1810 3606 1904 3646 sive
1939 3600 2191 3655 sexagesima
2234 3616 2346 3643 nona

1470 3683 1564 3720 717.
1595 3703 1648 3710 -—
1707 3675 1816 3717 unde
1843 3672 2036 3719 oriundus
2065 3679 2108 3712 et
2137 3671 2343 3726 quomodo

1467 3765 1491 3790 a
1518 3748 1600 3789 fide
1625 3744 1879 3788 aberraverit
1913 3741 2012 3782 ibid.
2044 3765 2100 3774 —-
2156 3742 2231 3783 sub
2262 3756 2344 3797 quo

1468 3817 1651 3860 floruerit
1698 3816 1947 3874 imperatore
1989 3811 2089 3853 ibid.
2132 3835 2188 3844 -—
2259 3812 2344 3858 eius
