2508 4134
234 986 320 1024 pag.
343 976 439 1012 1⁰33.

223 2442 333 2498 Κεφ.
358 2440 412 2487 α’.

468 265 571 316 402
1184 274 1383 316 εΑΝοΤι
1413 274 1693 317 EPJPHANH

468 367 629 439 χειρός
674 373 764 423 τοῦ
803 370 1273 439 παιδαγωγήσαντος
1308 369 1395 424 τόν
1429 372 1766 442 εἰςαγόμενον,
1822 376 2038 429 τουτέστι
2075 381 2173 429 τῶν
2209 381 2396 429 πιστῶν
2409 363 2418 369 ³

467 453 557 522 τήν
583 452 727 532 άγίαν
757 456 1012 525 παρθένον
1039 456 1124 507 καὶ
1158 457 1414 524 ἐκκλησίαν
1431 499 1444 521 ,
1482 459 1564 510 καὶ
1595 455 1737 525 ήμῶν
1760 459 2059 529 ἕπιγνόντων
2085 460 2168 514 διά
2198 462 2285 529 μὲν
2313 460 2393 515 νό-

467 560 565 606 μου
611 545 699 592 τοῦ
741 542 1062 609 παιδαγωγοῦ
1101 537 1185 592 τὸν
1226 545 1418 607 μείζονα
1461 543 1544 594 καὶ
1580 542 1832 611 τελειωτήν
1867 542 2088 611 Ἰησοῦν,
2142 552 2249 608 πῶς
2284 545 2396 614 οὐχὶ

467 629 647 690 μᾶλλον
673 626 902 693 βραχείας
939 626 1130 686 ἐννοίας
1156 626 1240 677 καὶ
1266 625 1499 694 εὐηθείας
1527 631 1705 693 μᾶλλον
1736 627 2043 696 δειχθήσεται
2073 628 2102 684 ὁ
2129 630 2272 700 λόγος
2297 636 2397 683 τῶν

466 708 526 761 τά
555 714 757 762 τοιαῦτα
782 707 1051 779 λεγόντων,
1100 709 1173 763 ὅτι
1204 709 1322 777 μετά
1359 709 1449 779 τήν
1475 717 1562 764 τοῦ
1596 717 1811 781 Χριστοῦ
1839 717 2078 767 τελείωσιν
2107 714 2250 769 πάλιν
2282 736 2393 768 παι-

465 797 697 864 δαγωγοῦ
721 798 881 865 χρεία,
933 794 1072 857 ὅπως
1095 796 1467 866 ἐπιστρέψωμεν
1507 797 1586 849 ἐπὶ
1614 795 1703 863 τήν
1729 794 1883 866 ἀρχὴν
1908 804 2005 850 τῶν
2036 803 2282 868 στοιχείων
2309 802 2396 852 καὶ

463 881 666 947 διδαχῆς
711 881 796 932 καὶ
844 880 1116 941 ἐπιθέσεως
1152 886 1351 950 χειρῶν,
1400 879 1525 933 κατά
1563 880 1616 933 τό
1660 884 2022 951 γεγραμμένους
2077 891 2249 950 σαφῶς
2275 883 2397 953 ήμῖν

463 970 554 1018 τοῦ
581 963 858 1018 ἀποστόλου
880 966 1106 1035 λέγοντος
1133 964 1224 1030 ὅτι,
1267 971 1383 1018 Πᾶν
1408 963 1461 1018 τὸ
1487 965 1848 1034 παλαιούμενον
1873 969 1955 1020 καὶ
1978 967 2228 1038 γηράσκον
2251 969 2396 1040 ἐγγύς

462 1050 753 1117 ἀφανισμοῦ
791 1053 999 1120 γίνεται,
1041 1047 1107 1112 ὥς
1136 1051 1249 1120 περὶ
1280 1055 1490 1111 παλαιᾶς
1521 1049 1772 1119 διαθήκης
1795 1054 1880 1105 καὶ
1914 1056 2234 1120 νομοθεσίας·
2286 1060 2392 1108 Ms-

459 1138 781 1203 τατιθεμένης
810 1134 929 1206 γάρ,
969 1137 1119 1202 φησὶ,
1156 1141 1243 1202 τῆς
1274 1133 1540 1204 ἱερωσύνης
1570 1137 1618 1199 ἐξ
1648 1133 1864 1207 άνάγκης
1889 1140 1974 1191 καὶ
2000 1137 2159 1207 νόμου
2186 1139 2394 1207 μετάθε-

461 1238 536 1283 σις
565 1224 761 1291 γίνεται.
846 1227 864 1256 1
885 1222 956 1272 Εἰ
993 1220 1046 1272 δὲ
1077 1221 1312 1287 μετετέθη
1340 1217 1374 1287 ή
1397 1219 1580 1274 παλαιοὶ
1621 1223 1704 1275 καὶ
1741 1222 2063 1291 ἀνεκαινίσθη
2097 1221 2127 1291 ἡ
2157 1225 2270 1289 νέα,
2311 1229 2396 1287 ’τίς

459 1304 580 1374 ήμῖν
619 1303 768 1359 πάλιν
804 1311 1060 1376 τολμηρῶς
1097 1303 1383 1375 παρειςάγοι
1423 1304 1639 1360 παλαιάν
1676 1309 1745 1369 εἰς
1768 1314 1968 1378 χρῆσιν,
2005 1307 2096 1376 τὴν
2121 1308 2395 1377 καινήνείς

458 1395 730 1445 παλαίωσιν
773 1391 1175 1459 μετατιθέμενος,
1225 1396 1312 1458 τῆς
1341 1390 1429 1457 μὲν
1466 1389 1663 1462 χάριτος
1689 1392 1960 1446 ἀποπεσεῖν
1992 1393 2391 1465 παρασκευάζων,

457 1479 542 1531 καὶ
580 1475 680 1531 ἀπὸ
718 1482 804 1545 τῆς
841 1476 1078 1542 ὠφελείας
1119 1481 1336 1545 Χριστοῦ
1371 1473 1505 1544 ἡμᾶς
1541 1478 1790 1549 ἐκτρέπειν
1824 1477 2154 1550 πειρώμενος,-

600 1732 871 1800 Συντόμως
913 1733 965 1785 δὲ
1004 1738 1155 1785 ταῦτα
1185 1738 1252 1803 τῷ
1287 1730 1417 1804 λόγῳ
1456 1731 1720 1798 διελόντες,
1771 1735 1854 1787 καὶ
1898 1733 1952 1787 τό
1991 1733 2166 1789 ἱκανόν
2200 1734 2390 1806 λογισά-

457 1839 619 1886 μενοι,
670 1816 752 1871 διοὶ
781 1817 836 1871 τὸ
874 1817 1060 1879 πλάτος
1095 1824 1183 1886 τῆς
1212 1815 1513 1883 συντάξεως,
1567 1820 1648 1871 ἐπὶ
1675 1817 1734 1872 τά
1763 1820 1872 1887 ἑξῆς
1901 1823 2075 1887 ἴωμεν,
2126 1817 2390 1890 οἷγαπητοὶ,

456 1893 579 1958 θεὸν
622 1902 822 1971 βοηθὸν
858 1902 1094 1970 συνήθως
1136 1901 1513 1970 ἐπικαλούμενοι
1542 1905 1613 1966 εἰς
1640 1902 1729 1972 τήν
1761 1911 1858 1957 τῶν
1888 1911 2074 1959 λοιπῶν
2103 1903 2392 1960 2’ὑπόθεσίν

454 2011 503 2043 τε
539 1990 624 2043 καὶ
659 1987 914 2052 ὖπόδειξιν
949 1990 1034 2042 καὶ
1069 1987 1258 2042 τούτων
1295 1986 1593 2059 άνατροπήν.

648 2198 907 2254 ΚΑΤΑ
979 2196 2195 2270 ΑΝΤΙΔΙΚΟΜΑΡΙΑΝΙΤΩΝ,

709 2291 1054 2370 πεντηκοστὴ
1101 2290 1264 2369 ὀγδόη
1280 2338 1295 2366 ,
1340 2289 1377 2368 ἠ
1423 2292 1523 2351 καὶ
1569 2290 1886 2371 ἑπτακοστὴ
1934 2290 2116 2371 ὀγδόη.

588 2414 717 2469 'And
745 2414 925 2483 ταύτης
955 2421 1042 2483 τῆς
1068 2413 1203 2484 παρά
1230 2432 1324 2467 τισι
1355 2420 1657 2485 Διμοιριτῶν
1687 2415 2011 2483 κεκλημένης,
2063 2414 2096 2483 ἢ
2126 2417 2274 2487 χωρὶς
2300 2420 2390 2470 νοῦ

454 2500 695 2571 ἔνσάρκου
729 2506 947 2570 Χριστοῦ
977 2503 1252 2569 παρουσίας
1291 2498 1718 2568 1ὀνομαζομένης,
1769 2501 1900 2568 ε’φύη
1928 2499 2033 2554 τινά
2070 2503 2207 2572 ἕτερα
2234 2501 2388 2572 πράγ-

453 2610 607 2657 ματα,
647 2585 851 2655 μάλιστα
887 2588 939 2639 ἐν
964 2591 1022 2659 τῇ
1045 2585 1284 2657 Ἀραβίᾳ,
1323 2584 1572 2653 ἀνηνέχθη
1600 2586 1653 2638 δὲ
1676 2591 1735 2659 τῇ
1769 2583 1910 2654 ήμῶν
1936 2585 2244 2654 ταπεινότητι
2273 2588 2387 2658 περὶ

452 2671 643 2727 τούτων
686 2669 789 2725 ύπό
829 2693 973 2724 τινων
1012 2670 1247 2738 εὗλαβῶν.
1344 2672 1445 2723 Καὶ
1485 2677 1685 2741 πρῶτον
1727 2671 1814 2739 μὲν
1850 2670 2109 2740 ἐπιστολήν
2146 2674 2259 2741 περὶ
2301 2679 2387 2741 τῆς

451 2756 746 2819 ὑποθέσεως
790 2755 969 2824 ταύτης
1003 2755 1403 2827 γεγραφήκαμεν·
1458 2755 1592 2823 ὅμως
1635 2757 1687 2809 δὲ
1720 2755 1803 2809 διά
1843 2763 1929 2825 τῆς
1967 2755 2267 2819 ἀκολουθίας
2298 2759 2385 2810 τοῦ

450 2842 674 2915 άριθμοῦ
701 2844 786 2896 καὶ
817 2845 1038 2896 ἐνταῦθα
1069 2839 1226 2910 αὐτήν
1254 2843 1420 2896 διόλου
1450 2839 1540 2909 τήν
1569 2840 1829 2910 ἐπιστολήν
1858 2841 1977 2910 μετά
2003 2843 2088 2895 καὶ
2123 2847 2222 2895 τῶν
2250 2840 2381 2896 εὐλό-

448 2952 548 2999 γως
579 2927 771 3002 2ταύτῃ
812 2929 1270 2998 προςτεθειμένων,
1318 2925 1353 2995 ἢ
1380 2924 1482 2982 οἷπὸ
1528 2927 1719 2995 3αὗτῆς
1760 2929 2140 2998 ἐξαιρουμένων,
2192 2929 2260 2988 εἷς
2294 2925 2384 2995 τήν

450 3017 637 3086 αἵρεσιν
673 3016 892 3085 ἐροῦμεν.

588 3096 1131 3169 Ἀντιδικομαριανιτῶν
1169 3098 1259 3169 γάρ
1290 3119 1439 3162 τινες,
1491 3097 1650 3169 ῶςπερ
1689 3100 1891 3169 ἐχθρίαν
1919 3095 2046 3168 πρὸς
2070 3095 2159 3165 τήν
2192 3099 2381 3168 παρθέ-

451 3206 537 3237 νον
571 3186 780 3252 ἔχοντες,
830 3186 914 3238 καὶ
954 3183 1246 3252 βουλόμενοι
1288 3187 1626 3247 κατευτελίζειν
1673 3186 1860 3250 ε’κείνης
1889 3181 1943 3235 τό
1983 3183 2145 3247 κλέος,
2196 3182 2380 3258 φθόνῳ

450 3271 546 3322 τινὶ
575 3269 813 3339 ἀρθέντες
837 3268 871 3338 ἢ
894 3268 1155 3337 σφάλματι,
1193 3270 1278 3322 καὶ
1305 3274 1479 3340 χρᾶναι
1503 3267 1791 3337 βουλόμενοι
1824 3270 2046 3329 διανοίας
2075 3267 2379 3337 ἀνθρώπων,

509 3414 607 3454 CAP.
637 3415 850 3455 XXXIX.
896 3438 952 3445 ——
1024 3412 1058 3455 1.
1103 3412 1139 3456 εἰ
1174 3417 1312 3465 scripsi
1345 3426 1393 3454 ex
1449 3413 1559 3468 apud
1584 3412 1783 3468 quosdam
1807 3410 2051 3466 appellatur,
2081 3411 2269 3464 haeresi,
2297 3413 2381 3454 hoc

450 3474 715 3512 emendatione
748 3474 928 3512 Ceruarii
958 3474 1014 3524 (in
1042 3474 1215 3511 versione
1231 3470 1390 3523 Latina)
1450 3480 1513 3511 est
1533 3484 1636 3525 quae
1652 3469 1857 3510 Christum
1873 3467 2080 3508 hominem
2099 3469 2225 3509 fuisse
2240 3478 2380 3510 mente

449 3532 485 3567 et
511 3531 675 3569 Petavii.
731 3525 761 3582 γῖ
785 3531 925 3569 habent
949 3530 1063 3569 codd.
1095 3541 1185 3568 mss.
1240 3522 1271 3580 η’
1298 3530 1392 3568 editi
1447 3540 1529 3567 non
1552 3525 1783 3581 praeditum
1803 3533 1924 3579 putat
1947 3530 2029 3566 cett.
2077 3528 2291 3567 Cornarius
2314 3526 2377 3567 Ab

451 3586 552 3623 libri.
938 3613 942 3621 .
1446 3584 1525 3624 hac
1556 3581 1872 3622 Dimoeritarum
1901 3596 1924 3621 a
1959 3582 2200 3636 quibusdam
2234 3582 2378 3637 appel-

507 3639 547 3679 2-
593 3637 802 3693 ὗπόδειξίν
845 3656 893 3684 τε
939 3641 1011 3684 καὶ
1056 3637 1258 3684 ὗπόὲεσιν
1303 3643 1385 3682 cod.
1445 3640 1530 3680 lata
1558 3638 1742 3691 haeresi,
1781 3638 1863 3678 hoc
1887 3647 1951 3677 est
1977 3653 2080 3694 quae
2109 3639 2208 3679 duas
2231 3639 2376 3680 tertias

451 3696 611 3747 Rhedi9.
1443 3705 1582 3751 partes
1607 3696 1809 3736 humanae
1831 3703 2002 3735 naturae
2026 3695 2066 3736 in
2087 3695 2251 3736 Christo
2278 3710 2378 3736 con-

509 3751 605 3792 CAP.
638 3755 665 3792 Ῐ.
699 3778 750 3784 -
829 3755 862 3796 1.
907 3757 1067 3806 Corriyo
1101 3752 1387 3808 νομιζομένης,
1442 3754 1607 3803 fitetur,
1640 3766 1788 3806 corpus
1814 3750 2011 3793 videlicet
2035 3760 2076 3793 et
2103 3753 2302 3804 animam,
2336 3760 2378 3792 et

450 3812 485 3848 et
524 3813 628 3849 verto
672 3809 722 3849 de
763 3811 842 3851 hac
884 3811 1226 3859 Dimoeritarum‚
1283 3824 1386 3864 quae
