2508 4134
899 290 1078 332 INDEX
1108 290 1314 332 RERUM.

1951 281 2046 331 771

219 392 335 426 ctore
354 385 588 427 Ptolemaeo
610 386 772 431 erudito
801 390 894 429 215.
918 410 967 418 —
999 386 1079 428 deo
1138 386 1459 429 Resurrectiouis
1473 386 1672 428 beneficio
1686 385 1871 428 homines
1884 385 1926 427 in
1943 393 2054 428 terra

176 496 182 502 ¹
220 452 410 508 coniuges
442 454 556 496 binas
585 455 728 498 tribuit
755 456 854 498 ibid.
885 479 938 487 —
995 458 1078 498 eius

217 523 344 564 aniles
370 524 533 566 fabulae
555 524 656 566 ibid.
679 548 738 558 -
780 526 957 567 eiusdem
986 527 1078 581 epi-

217 593 325 634 stola
353 594 407 635 ad
435 594 600 636 Floram
629 598 722 636 216.

162 662 412 718 Pythagoras
442 664 510 705 ubi
536 673 721 706 mortuus
751 669 817 706 14.

161 732 534 787 pythagoraeorum
561 734 755 790 quadriga
777 730 826 776 ex
843 743 981 776 mente
997 737 1078 778 Va-

215 802 387 855 lentini,
417 803 517 844 item
545 804 700 859 ogdoas
731 807 826 847 175.

160 872 431 928 Pythagoraei
469 887 691 929 eorumque
717 874 893 916 haeresis
920 876 1074 930 quinta,

215 942 429 996 gentilium
459 942 603 985 ordine
629 944 803 998 septima
833 949 899 986 14.

158 1011 416 1067 Pythagorae
445 1012 542 1068 quid
565 1021 608 1054 et
635 1013 763 1068 qualis
798 1014 854 1056 sit
879 1015 980 1056 deus
1011 1020 1075 1058 14.

593 1139 644 1189 Q.

160 1220 475 1277 Quadragesima
503 1222 736 1264 observatio
753 1253 766 1272 ,
800 1231 841 1264 et
867 1224 1076 1279 xeropha-

211 1291 277 1346 gia
300 1307 371 1333 sex
397 1292 552 1334 dierum
571 1293 723 1334 Pascha
746 1293 1075 1347 praecedentium

214 1365 337 1403 1105.
369 1386 421 1394 --
491 1377 594 1418 quae
634 1371 698 1404 est
735 1363 941 1404 Paschatis
988 1363 1075 1404 sive

213 1432 415 1473 Passionis
452 1432 737 1482 hebdomada,
777 1444 885 1488 ‘quae
925 1447 1073 1475 severo

216 1501 327 1542 victu
355 1502 464 1543 solet
490 1502 657 1557 transigi
688 1505 809 1543 1105.

162 1570 620 1622 Quartadecimanorum
631 1572 809 1625 haeresis
818 1573 965 1615 XXX.
978 1581 1074 1628 post

214 1641 586 1692 Christianismum,
631 1651 674 1683 et
702 1630 844 1684 ordine
873 1643 1074 1698 quinqua-

210 1711 364 1766 gesima
390 1715 490 1755 419.
510 1736 559 1744 —
593 1727 734 1754 eorum
760 1728 877 1754 error
900 1713 999 1754 ibid.
1018 1738 1073 1744 —

209 1781 249 1821 in
293 1781 439 1823 ceteris
477 1781 739 1833 consentiunt
778 1797 867 1823 cum
903 1783 1073 1824 ecclesia

212 1859 404 1905 excepto,
434 1850 545 1906 quod
567 1851 673 1892 diem
696 1852 901 1893 Paschatis
927 1867 1073 1908 super-

210 1920 373 1960 stitiose
402 1920 609 1962 celebrant
638 1921 737 1961 ibid.

155 1989 514 2041 Quintillianorum
552 1991 727 2032 haeresis
763 1991 848 2032 sive
874 1992 1070 2046 Pepuzia-

208 2074 354 2100 norum
370 2068 412 2100 et
426 2060 779 2114 Priscillianorum,
798 2062 941 2116 quibus
956 2076 1070 2102 acce-

208 2129 310 2170 dunt
326 2129 577 2184 Artotyritae
588 2131 751 2171 XXIX.
767 2139 865 2187 post
880 2131 1072 2172 Christia-

207 2199 381 2239 nismum
408 2198 495 2239 sive
523 2200 683 2240 XLIX.
712 2204 807 2242 417.
830 2226 883 2233 -
930 2217 1070 2243 eorum

210 2277 397 2309 auctores
421 2277 542 2324 atque
572 2284 730 2310 errores
758 2275 853 2311 418.
871 2296 922 2303 -—
977 2287 1069 2312 mu-

209 2338 329 2378 lieres
369 2338 411 2378 in
453 2338 605 2379 clerum
646 2349 847 2395 cooptant
882 2341 981 2382 ibid.
1017 2366 1064 2373 -

210 2408 424 2462 episcopos
453 2416 495 2448 et
518 2409 782 2464 presbyteros
806 2410 970 2451 easdem
996 2425 1067 2452 or-

211 2477 354 2518 dinant
381 2477 481 2518 ibid.

592 2605 639 2645 R.

155 2686 286 2740 Reges
300 2693 342 2726 et
354 2685 587 2727 sacerdotes
598 2687 708 2742 apud
722 2688 892 2731 Iudaeos
907 2690 1070 2745 quando

211 2755 321 2796 idem
351 2756 515 2797 fuerunt
543 2760 635 2797 118.

157 2824 336 2880 Reginae
363 2840 512 2866 nomen
541 2826 748 2881 quomodo
777 2827 828 2868 ad
859 2828 1069 2870 ecclesiam

208 2893 410 2949 pertineat
440 2899 561 2936 1081.

156 2966 338 3019 Regnum
379 2965 586 3007 coelorum
621 2981 703 3007 non
742 2967 782 3008 in
824 2968 1070 3022 argumentis

209 3043 279 3076 aut
302 3035 547 3090 syllogismis
576 3036 766 3091 positum,
795 3036 868 3077 sed
892 3038 934 3078 in
959 3038 1069 3079 veri-

207 3113 296 3146 tate
326 3108 421 3146 964.

155 3174 315 3230 Religio
341 3175 588 3216 Graecorum
614 3175 665 3216 ab
693 3176 906 3231 Aegyptiis
932 3185 1070 3217 trans—

205 3245 289 3286 lata
316 3249 381 3285 11.
406 3269 459 3276 —
504 3245 546 3285 in
573 3245 769 3299 religione
791 3246 950 3287 novitas
975 3246 1071 3300 opi-

208 3315 378 3356 nionum
415 3314 643 3369 periculosa
686 3318 807 3355 1018.
838 3340 891 3347 -
948 3315 1070 3356 fidem

211 3393 252 3425 et
280 3384 515 3438 religionem
557 3384 711 3433 eiurat,
757 3384 824 3439 qui
858 3385 919 3425 vel
959 3385 1000 3425 in
1027 3398 1072 3425 re

209 3454 410 3494 levissima
439 3454 628 3494 dissentit
655 3469 678 3494 a
707 3454 879 3494 veritate
907 3454 1004 3495 ibid.

157 3523 412 3577 Reprehendi
449 3538 567 3578 quam
603 3524 900 3578 reprehendere
928 3523 1071 3565 melius

214 3602 278 3633 est
307 3596 399 3633 507.

158 3662 413 3704 Resurrectio
438 3664 635 3716 probatur
660 3663 875 3717 multiplici
902 3677 1071 3718 compa-

213 3730 370 3772 ratione
398 3735 490 3775 560.

1191 457 1448 498 habitaturos
1476 465 1595 512 putat
1624 455 1874 512 Epiphanius
1903 458 1999 498 555.

1139 526 1395 566 Resurrectio
1423 535 1676 567 mortuorum
1703 534 1848 567 contra
1873 525 2055 568 Samari-

1192 603 1311 636 tanos
1342 595 1538 650 probatur
1567 598 1631 636 26.

1135 649 1393 705 Resurrectio
1415 679 1488 718 per
1507 664 1621 720 grani
1642 664 1949 707 similitudinem
1974 665 2051 708 de-

1189 741 1439 775 monstratur
1465 734 1507 774 iu
1537 734 1748 788 evangelio
1778 737 1874 777 599.

1136 817 1392 858 Resurrectio
1432 818 1552 859 facile
1574 834 1599 860 a
1626 819 1704 860 deo
1731 818 1965 874 perficitur,
2007 828 2051 862 et

1189 901 1313 941 quare
1341 890 1434 928 602.
1464 912 1518 919 -
1575 888 1621 928 fit
1657 888 1775 929 simul
1813 888 1971 930 animae
2009 898 2053 931 et

1192 956 1399 1011 corporis,
1430 966 1473 997 et
1501 972 1573 998 cur
1602 961 1694 999 603.

1133 1026 1427 1078 Rhinocorura,
1452 1041 1554 1082 quae
1568 1036 1609 1067 et
1623 1027 1741 1077 Neel‚
1759 1036 1804 1069 et
1819 1043 1890 1070 cur
1900 1028 1959 1070 sic
1979 1029 2048 1070 di-

1188 1104 1254 1137 cta
1293 1100 1384 1137 703.
1424 1120 1479 1128 --
1545 1097 1642 1137 inde
1675 1106 1805 1139 sortes
1840 1098 2049 1140 divisionis

1189 1174 1414 1220 coeperunt
1441 1166 1549 1207 inter
1578 1166 1682 1208 filios
1717 1168 1865 1208 Noemi
1893 1168 1990 1209 ibid.

1134 1235 1317 1276 Roboam
1369 1235 1608 1277 Iudaeorum
1652 1251 1749 1287 rex,
1797 1237 2048 1280 Hieroboam

1189 1305 1459 1346 Israelitarum
1489 1310 1553 1346 21.

1133 1375 1332 1416 Roboami
1362 1375 1518 1430 posteri
1550 1380 1617 1416 21.

1569 1503 1610 1542 8.

1133 1585 1316 1626 Sabaoth
1346 1599 1424 1626 vox
1455 1585 1552 1640 qnid
1589 1584 1813 1640 significet,
1865 1592 1908 1626 et
1940 1598 2046 1640 quo-

1186 1654 1312 1695 modo
1344 1655 1487 1710 Aquila
1513 1655 1806 1709 interpretetur
1834 1658 1901 1696 92.

1132 1725 1352 1765 Sabbatum
1382 1725 1589 1779 quomodo
1618 1725 1916 1766 observandum
1942 1738 2047 1766 con-

1188 1805 1250 1835 tra
1299 1794 1580 1835 Manichaeum
1621 1798 1711 1835 702.
1742 1818 1797 1827 --
1866 1803 1911 1835 et
1949 1795 2047 1836 olim

1186 1864 1308 1905 etiam
1324 1864 1505 1906 honestis
1521 1865 1573 1905 de
1590 1864 1736 1905 caussis
1752 1864 1930 1905 solutum
1945 1865 2045 1906 ibid.

1131 1934 1351 1975 Sabbatum
1380 1943 1552 1990 propter
1576 1935 1808 1983 hominem,
1853 1942 1895 1975 et
1922 1934 2046 1989 pluris

1184 2005 1308 2046 homo
1340 2019 1459 2059 quam
1488 2004 1699 2045 sabbatum
1731 2006 1824 2045 705.

1128 2074 1351 2115 Sabbatum
1370 2073 1696 2129 deuteroproton
1732 2073 1935 2129 quodnam
1956 2074 2047 2115 sue·

1181 2144 1235 2184 rit
1263 2147 1359 2184 453.

1127 2213 1295 2254 Sabbati
1315 2214 1380 2254 lex
1400 2212 1597 2267 abrogata
1622 2226 1697 2267 per
1724 2212 1928 2255 Christum
1951 2216 2044 2255 158.

1127 2297 1397 2338 sabbatorum
1422 2297 1530 2337 varia
1549 2310 1698 2351 genera
1723 2297 1822 2338 ibid.
1842 2322 1898 2329 —
1937 2297 2048 2353 quod

1180 2366 1346 2421 proprie
1376 2366 1597 2407 Sabbatum
1626 2366 1784 2407 dicatur
1809 2366 1910 2409 ibid.

1128 2437 1349 2477 Sabbatum
1381 2436 1528 2477 Christi
1557 2436 1668 2491 quies
1696 2451 1719 2476 a
1744 2437 1923 2491 peccatis
1953 2440 2045 2477 159.

1128 2520 1450 2561 Sabellianorum
1468 2520 1644 2561 haeresis
1659 2521 1794 2560 XLII.
1809 2528 1907 2575 post
1924 2520 2046 2562 Chri-

1182 2590 1448 2639 stianismum,
1479 2590 1541 2631 vel
1557 2590 1685 2630 LXII.
1718 2589 1861 2630 ordine
1877 2593 1972 2632 513.
1990 2614 2040 2622 —

1182 2674 1299 2715 aquo
1317 2668 1359 2700 et
1382 2660 1448 2701 ubi
1474 2668 1700 2715 propagata
1726 2659 1825 2700 ibid.
1855 2684 1910 2691 -—
1968 2674 2044 2701 eo·-

1182 2744 1271 2771 rum
1294 2730 1433 2785 opinio
1448 2729 1546 2770 ibid.
1565 2754 1614 2760 —
1654 2729 1747 2769 loca
1766 2744 1788 2769 e
1805 2744 1918 2770 sacra
1940 2729 2044 2771 scri-

1182 2808 1303 2854 ptura
1343 2814 1366 2840 a
1405 2798 1644 2840 Sabellianis
1682 2799 1806 2839 allata
1851 2802 1945 2840 513.
1988 2817 2044 2827 -·-

1182 2869 1400 2923 explicatio
1431 2868 1665 2912 eorumdem
1694 2868 1881 2909 locorum
1910 2871 2005 2911 518.

1127 2938 1365 2980 sacerdotia
1391 2939 1470 2980 tria
1496 2937 1773 2993 antiquissima
1796 2937 1838 2979 in
1863 2952 2043 2994 praepu-

1180 3007 1241 3048 tio
1270 3011 1364 3048 470.

1128 3077 1370 3118 Sacerdotes
1396 3063 1564 3119 alendos
1588 3092 1674 3118 esse
1696 3092 1719 3118 a
1738 3077 1893 3132 populo
1922 3081 2042 3119 1072.

1128 3161 1370 3201 Sacerdotes
1419 3169 1461 3201 et
1505 3161 1687 3215 episcopi
1729 3161 1910 3216 plerique
1951 3176 2043 3203 ma-

1182 3244 1304 3270 nuum
1335 3244 1436 3285 opus
1466 3231 1711 3271 exercebant
1741 3233 1863 3271 1072.

1129 3299 1269 3353 Regno
1314 3299 1516 3340 translato
1562 3299 1836 3341 sacerdotium
1880 3314 2043 3357 quoque

1182 3369 1422 3409 translatum
1452 3373 1546 3408 119.

1130 3440 1485 3479 sacramentorum
1524 3438 1779 3481 ceremoniae
1820 3453 1869 3480 ex
1910 3448 2042 3496 apost.

1182 3508 1404 3549 traditione
1433 3512 1554 3551 1106.

1129 3578 1331 3619 Sacrificia
1361 3593 1431 3619 cur
1459 3579 1556 3620 deus
1580 3580 1667 3634 ipse
1694 3579 1915 3621 instituerit
1945 3582 2040 3622 692.

1130 3661 1355 3702 Sadducaei
1387 3663 1515 3704 carnis
1545 3664 1884 3706 resurrectionem
1912 3680 2041 3721 nega-

1187 3731 1287 3772 bant
1315 3734 1411 3773 557.

1581 3802 1689 3858 49*
