2508 4134
529 275 756 316 PANARH
785 277 887 315 mn.
919 276 991 315 111.
1019 277 1154 318 ΤοΜ.
1180 279 1231 318 11.
1260 278 1425 318 HAER.
1450 278 1669 318 Lxxvn.
1945 265 2040 315 351

153 373 331 424 minum
373 373 421 423 in
460 389 651 423 carnem
693 381 741 422 et
777 389 890 423 ossa
942 381 1170 423 mutatum
1224 392 1332 426 esse
1386 376 1621 426 affirmare
1666 392 1758 425 non
1810 373 2042 424 dubitant.

150 454 324 524 Neque
352 457 478 507 enim
506 456 653 519 dixit,
696 459 1076 519 Quemadmodum
1103 475 1172 505 me
1201 476 1382 507 curnem
1416 470 1463 508 et
1487 478 1591 508 ossa
1617 463 1778 509 videtis
1805 476 1919 517 esse,
1961 458 2043 507 sed

150 542 345 600 habere,
387 557 447 590 ne
481 541 688 590 fortasse
718 540 913 590 verbum
943 539 1097 607 ipsum
1130 541 1176 589 in
1206 541 1472 592 istiusmodi
1506 560 1793 595 conversum
1827 558 1934 592 esse
1962 559 2046 609 pu-

149 632 358 686 taretur,
411 623 496 673 sed
528 633 661 674 ntea
692 623 927 674 duntaxat
962 632 1007 673 et
1036 633 1147 674 ante
1187 633 1388 674 mortem
1425 634 1472 675 et
1499 634 1607 693 post
1642 626 2044 677 resurrectionem

151 707 375 757 habuisse
414 708 657 758 credatur.

289 789 378 842 His
409 792 466 841 ad
499 808 606 841 eum
641 791 828 841 modum
863 790 1182 858 comprobatis
1213 791 1270 840 de
1297 790 1404 841 aliis
1436 791 1594 842 dicere
1628 809 2036 860 supervacaneum
2081 792 2178 845 Cap.
2197 793 2254 834 X.

150 883 252 939 est,
296 884 380 925 aut
404 874 588 942 agitare
619 875 921 942 disputando.
996 872 1122 924 Nam
1157 892 1262 924 cum
1301 892 1472 942 corpus
1506 876 1552 925 in
1586 894 1679 943 quo
1714 877 1911 927 verbum
1947 878 2047 927 ine-

149 968 224 1009 rat
264 957 501 1009 divinitati
543 958 950 1008 consubstantiale
980 958 1172 1008 minime
1215 958 1389 1021 fuerit,
1444 959 1527 1010 sed
1566 976 1632 1009 ex
1662 957 1819 1010 Maria
1863 961 2047 1029 virgine

148 1059 322 1093 revera
352 1050 543 1105 natum,
584 1059 785 1110 cumque
825 1042 1021 1093 verbum
1061 1042 1214 1111 ipsum
1255 1060 1349 1092 non
1387 1043 1434 1092 in
1475 1060 1587 1092 ossa
1622 1060 1909 1112 carnemque
1947 1063 2048 1095 mu—

149 1134 295 1177 tatum
329 1127 418 1176 sit:
473 1126 637 1177 sedin
676 1143 819 1176 carne
859 1125 1114 1177 resederit.
1192 1123 1331 1192 Quod
1372 1126 1497 1176 enim
1541 1144 1568 1177 a
1601 1124 1780 1177 Ioanne
1817 1128 2043 1196 scriptum

149 1219 251 1275 est,
295 1211 488 1259 Verbum
514 1228 624 1260 earo
646 1212 822 1275 factum
849 1220 943 1269 est,
1002 1210 1126 1260 hunc
1162 1210 1303 1260 habet
1334 1227 1557 1274 sensum,
1616 1221 1667 1262 ut
1700 1230 1763 1262 ex
1796 1213 1936 1262 simili
1976 1213 2294 1264 10-10ann.1,14.

148 1294 323 1362 quendi
348 1295 535 1346 ratione
566 1294 723 1362 colligi
753 1302 929 1362 potest.
1008 1292 1099 1344 Est
1136 1294 1261 1344 enim
1291 1312 1316 1344 a
1346 1292 1497 1345 Paulo
1529 1296 1785 1363 scriptum,
1829 1299 2040 1347 Clzm'stus
2065 1306 2149 1340 Gal·
2170 1307 2204 1347 3.
2224 1308 2274 1341 15·

141 1397 232 1443 pro
270 1381 401 1429 nobis
425 1381 583 1445 factus
619 1388 694 1427 est
726 1381 1033 1428 maledictum.
1112 1377 1175 1429 Ut
1215 1378 1363 1445 igitur
1409 1379 1708 1430 maledictum
1743 1379 1822 1430 ille
1857 1383 2045 1448 proprie

149 1480 244 1512 non
275 1463 389 1526 fuit,
445 1463 529 1513 sed
558 1463 666 1512 ideo
695 1461 844 1513 fuisse
870 1462 1069 1526 dicitur,
1127 1463 1249 1529 quod
1282 1463 1395 1512 illud
1426 1472 1589 1513 nostra
1607 1481 1788 1514 *caussa
1820 1481 2045 1533 suscepe-

149 1546 237 1609 rit,
277 1545 348 1595 sic
375 1554 424 1596 et
450 1563 560 1595 caro
580 1548 757 1612 factum
790 1556 883 1606 est,
928 1564 1020 1596 non
1054 1547 1177 1614 quod
1205 1547 1249 1596 in
1285 1564 1478 1598 carnem
1511 1557 1850 1598 commutatum
1882 1550 2041 1614 fuerit,

148 1631 232 1680 sed
267 1631 387 1697 quod
421 1646 614 1680 carnem
660 1647 745 1697 pro
780 1631 918 1681 nobis
956 1631 1300 1698 assumpserit,
1350 1641 1398 1680 et
1430 1634 1561 1680 homo
1587 1634 1744 1697 faetus
1772 1637 1850 1681 εῖτ.
1929 1632 2045 1684 Ete-

148 1714 244 1764 nim
287 1714 377 1764 hoc
411 1713 593 1782 ipsum,
647 1716 841 1763 Verbum
879 1733 989 1764 earo
1016 1716 1202 1779 sactum
1241 1725 1339 1774 est,
1383 1717 1582 1766 eandem
1613 1716 1706 1767 vim
1750 1717 1890 1767 habet
1920 1736 1974 1767 ac
2002 1718 2043 1768 si

148 1798 419 1860 diceretur,
459 1796 619 1848 Homo
653 1799 825 1849 factum
861 1807 953 1849 est.
1033 1796 1313 1850 Cuiusmodi
1352 1808 1426 1850 est
1458 1800 1568 1850 illud
1609 1819 1634 1850 a
1668 1798 1799 1852 loe'le
1836 1801 2041 1852 dictum:

145 1883 400 1950 Effundam
425 1885 481 1931 de
503 1886 675 1947 spiritu
700 1900 797 1931 meo
823 1901 965 1947 super·
994 1901 1164 1932 omnem
1193 1901 1393 1932 carnem.
1473 1882 1611 1950 Quae
1644 1884 1832 1952 quidem
1864 1887 2045 1936 denun-
2068 1887 2201 1931 10e12‚
2223 1889 2275 1923 ²8·

146 1967 283 2016 tiatio
320 1984 374 2016 ac
412 1966 668 2034 promissio
707 1983 799 2016 non
840 1967 896 2016 ad
929 1968 1167 2034 pecudes,
1210 1968 1293 2017 sed
1329 1968 1384 2017 ad
1417 1967 1632 2019 homines
1663 1969 1889 2037 pertinet,
1931 1988 2047 2037 quo-

145 2067 249 2101 rum
274 2050 427 2118 gratia
465 2050 683 2101 dominus
712 2058 787 2100 est
811 2050 951 2101 homo
982 2052 1155 2101 factus.
1234 2049 1373 2117 Quae
1408 2038 1607 2102 cum'ita
1640 2052 1761 2117 sint,
1804 2071 1956 2121 eaque
1983 2054 2047 2104 sit

146 2134 403 2185 verborum
447 2134 637 2185 illorum
678 2135 948 2197 sententia,
1000 2136 1076 2185 vel
1111 2134 1298 2202 seipsos
1328 2136 1433 2186 iure
1481 2137 1866 2187 condemnabunt
1899 2138 1929 2187 ii
1966 2138 2046 2206 qni

141 2216 302 2269 Maria
326 2219 534 2287 priorem
563 2235 672 2269 esse
699 2236 892 2268 carnem
920 2219 1047 2269 illam
1080 2219 1379 2283 existimant,
1422 2237 1543 2287 quae
1579 2223 1636 2271 ‹le
1665 2220 1823 2273 Maria
1856 2232 2043 2291 sumpta

143 2303 232 2367 sit,
288 2312 336 2353 et
361 2310 471 2354 ante
501 2303 628 2353 illam
660 2303 863 2354 humana
892 2304 1153 2371 praeditum
1195 2304 1353 2354 anima
1383 2304 1530 2355 fuisse
1559 2306 1789 2369 verbum,
1842 2323 2042 2374 eamque

144 2395 395 2454 antequam
437 2387 527 2437 huc
568 2387 818 2437 adveniret
861 2387 1105 2438 babuisse.
1184 2386 1280 2439 Sed
1324 2397 1372 2438 et
1410 2388 1475 2439 illi
1515 2390 1684 2456 nugari
1717 2391 1936 2442 desinent
1962 2392 2040 2459 qui

145 2487 338 2521 carnem
368 2470 536 2520 mortis
580 2487 689 2521 esse
718 2488 939 2539 capacem
974 2480 1177 2538 negant,
1222 2481 1270 2522 et
1300 2474 1356 2523 ad
1389 2472 1673 2524 immortalis
1707 2483 1907 2526 naturae
1935 2493 2042 2527 sor-

145 2562 239 2605 tem
278 2554 693 2621 conditionemque
734 2555 1077 2606 transcribunt.
1152 2555 1280 2607 Nam
1325 2557 1366 2608 si
1400 2567 1617 2608 mortuus
1653 2577 1746 2610 non
1778 2569 1882 2623 est,
1925 2579 2041 2629 quo-

144 2638 286 2688 modo
316 2636 492 2689 Paulus
533 2639 724 2688 tradere
765 2639 854 2689 hoc
882 2636 1148 2691 Corinthiis
1186 2641 1337 2709 potuit
1356 2681 1369 2705 ,
1429 2643 1552 2709 quod
1581 2662 1631 2692 se
1657 2648 1886 2709 accepisse
1912 2643 2040 2696 dice-

142 2721 256 2772 bat?
329 2726 551 2786 Quoniam
588 2726 799 2771 Christus
835 2732 1042 2772 mortuus
1080 2734 1152 2773 est
1176 2744 1269 2789 pro
1294 2731 1502 2790 peccatis
1535 2731 1735 2787 nostris,
1791 2733 2038 2778 secundum
2062 2739 2291 2786 1.cor.15,3.

141 2811 417 2871 sompturas.
496 2805 778 2872 Resurgere
816 2823 931 2856 vero
974 2806 1052 2873 qui
1080 2809 1233 2875 potuit
1277 2809 1370 2861 nisi
1413 2819 1627 2861 mortuus
1659 2820 1801 2862 antea
1839 2813 2041 2863 fuisset?

143 2888 367 2941 Maximo
398 2908 516 2942 vero
545 2891 723 2958 pudore
753 2890 1099 2956 perfunduntur
1125 2892 1156 2942 ii
1184 2893 1261 2959 qui
1301 2894 1660 2961 quaternionem
1701 2913 1786 2963 pro
1826 2896 2039 2947 trinitate

144 2975 368 3025 constitui
409 2992 692 3043 persuasum
725 2974 929 3036 hahent,
984 2974 1023 3025 si
1054 2993 1226 3043 corpus
1254 2994 1279 3027 e
1305 2976 1466 3028 Maria
1499 2987 1659 3029 natum
1690 2996 1798 3029 esse
1832 2980 2034 3030 dicatur.

142 3058 271 3110 Nam
297 3060 337 3109 si
366 3059 773 3109 consubstantiale
817 3057 964 3108 verbo
997 3075 1169 3126 corpus
1208 3061 1524 3125 arbitremur,
1581 3063 1769 3113 trinitas
1800 3063 2036 3113 nihilomi-

144 3160 233 3193 nus
265 3143 453 3194 trinitas
481 3151 746 3211 permanet,
776 3160 879 3191 cum
911 3142 1215 3209 peregrinum
1247 3145 1424 3195 nullum
1451 3146 1648 3196 verbum
1675 3146 1722 3195 in
1748 3146 1874 3196 illam
1901 3148 2037 3197 inve-

142 3226 300 3278 hatur.
378 3227 446 3278 At
474 3227 514 3277 si
543 3244 717 3294 corpus
743 3226 854 3276 illud
885 3225 1007 3275 idem
1037 3242 1098 3276 ex
1127 3224 1288 3278 Maria
1319 3238 1478 3279 natum
1505 3229 1742 3279 hominem
1775 3247 1883 3281 esse
1911 3231 2037 3281 dica-

143 3329 276 3376 mus,
329 3328 529 3362 necesse
563 3319 662 3372 est,
720 3328 823 3360 cum
855 3326 1027 3376 corpus
1059 3318 1227 3360 natura
1259 3313 1563 3379 peregrinum
1607 3312 1908 3381 alienumque
1952 3316 2032 3378 sit,

142 3404 196 3445 ut
223 3395 270 3445 in
306 3396 410 3463 ipso
441 3395 638 3445 verbum
675 3394 905 3456 insideat,
964 3394 1326 3459 quaternionem
1360 3413 1444 3463 pro
1476 3396 1687 3447 trinitate
1717 3414 2032 3466 consurgere,

144 3496 346 3547 corpore
385 3479 607 3529 videlicet
644 3478 848 3528 adiecto.

198 3588 237 3631 9.
266 3583 413 3637 πάντες
440 3592 485 3630 Β.
1176 3588 1237 3630 13.
1267 3588 1460 3643 γενέσθαι
1488 3593 1533 3631 Β.

202 3645 263 3686 10.
294 3642 382 3687 τινὰ
412 3644 634 3700 ἐσχηκέναι
661 3648 705 3686 Β.
1176 3643 1237 3686 14.
1269 3644 1341 3699 μὲν
1370 3649 1484 3686 abest.
1516 3659 1541 3686 a
1571 3650 1613 3687 Β.

202 3701 264 3740 11.
295 3696 403 3747 ὅλως
432 3700 503 3742 καὶ
528 3704 573 3740 Β.
1172 3702 1231 3741 15.
1264 3701 1468 3755 εἴπωμεν,
1498 3702 1618 3756 φασὶ,
1649 3700 1695 3746 τὸ
1723 3706 1768 3744 Β.

201 3756 262 3796 12.
293 3755 364 3798 καὶ
393 3753 607 3799 ἀπέθανεν.
662 3751 984 3810 Ἐρυῇριάσουσι
1012 3757 1055 3795 Β.
1172 3755 1232 3797 16.
1264 3753 1379 3800 οὐδὲν
1409 3756 1516 3807 ξένον
1545 3761 1604 3810 Β.,
1633 3762 1735 3810 quod
1768 3771 1900 3802 verum
1926 3766 2029 3812 puto.
