2508 4134
516 304 742 348 PANARII
769 303 874 348 Lm.
897 306 971 349 111.
1001 306 1135 348 ToM.
1161 310 1193 348 ι.
1225 307 1388 349 HAER.
1418 306 1613 349 LXXVI.
1904 298 2004 349 323

110 407 362 481 prudentia
403 415 455 457 ut
498 404 669 475 legatis
713 405 920 474 postulo.
1013 402 1085 455 lta
1125 403 1282 467 enim,
1341 423 1370 455 o
1416 403 1680 457 Christiani
1727 423 1782 457 ac
1826 404 2009 458 Christi

109 491 271 556 servi,
322 489 640 558 veritatisque
683 488 791 553 filii,
851 498 1094 540 terrenam
1135 505 1190 538 ac
1226 488 1536 540 vanissimam
1566 490 1693 540 illius
1720 491 2006 554 doctrinam,

110 585 252 644 atque
280 592 309 626 a
344 573 515 643 spiritu
552 580 721 624 sancto
752 589 952 641 prorsus
994 571 1332 622 abhorrentem
1366 588 1474 623 esse
1506 574 1833 641 cognoscetis.
1913 574 2009 642 Qui

111 659 259 711 divini
286 656 424 709 verbi
451 674 511 707 ne
542 673 636 708 una
671 655 859 724 quidem
892 656 1032 707 litera
1067 655 1360 707 mentionem
1393 656 1577 723 attigit,
1632 675 1721 709 nec
1754 659 1899 710 ullum
1927 676 2012 710 ve-

110 743 227 795 teris
253 750 333 794 aut
361 740 475 792 novi
503 739 779 792 testamenti
805 740 960 792 locum
989 740 1203 808 protulit.
1278 737 1416 790 Nihil
1444 757 1508 790 ex
1534 740 1660 807 lege,
1706 742 1821 793 nihil
1848 761 1874 793 e
1901 760 2012 811 pro-

111 826 265 896 phetis
284 864 297 890 ,
341 820 457 876 nihil
483 841 548 876 ex
575 823 859 893 evangeliiS,
900 823 1017 874 nihil
1047 840 1111 874 ex
1136 823 1388 892 apostoliS‚
1430 823 1547 874 nihil
1576 842 1602 874 e
1631 827 2011 893 patriarcharum

113 910 401 962 testimoniis
443 908 492 959 in
541 907 744 959 medium
783 906 1001 958 adduxit.
1076 905 1191 958 Non
1229 906 1381 975 ipsius
1423 907 1683 959 salvatoris
1724 912 2011 962 sententiam

112 994 284 1057 ullam,
340 1011 435 1044 non
468 992 618 1061 patris
652 991 945 1061 spiritusque
975 991 1129 1042 sancti
1162 991 1337 1041 dictum
1368 991 1560 1059 aliquod
1586 992 1643 1042 ab
1675 996 1906 1061 apostolis
1936 996 2015 1047 vel

112 1076 356 1148 prophetis
402 1086 827 1128 commemoratum
870 1075 1137 1143 proposuit.
1216 1072 1326 1141 Quo
1370 1074 1484 1125 illud
1530 1076 1749 1128 veritatis
1796 1088 2014 1131 amantes

111 1162 409 1229 intelligant,
450 1161 590 1228 plane
614 1160 744 1211 illum
776 1177 804 1210 a
835 1160 925 1210 deo
958 1176 1066 1210 esse
1097 1167 1146 1210 et
1174 1176 1202 1210 a
1230 1159 1320 1209 fide
1348 1159 1496 1226 ipsius
1528 1160 1755 1212 alienum.
1832 1160 2015 1214 Contra

113 1247 234 1297 haec
273 1245 401 1296 illius
436 1246 628 1296 decreta
671 1244 856 1295 abunde
885 1261 911 1294 a
943 1242 1082 1293 nohis
1123 1242 1355 1294 hactenus
1388 1261 1474 1312 pro
1511 1244 1695 1296 viribus
1727 1244 2015 1314 disputatum

114 1330 341 1393 arbitror,
383 1347 439 1381 ac
465 1329 570 1380 rudi
596 1327 784 1397 quidem
813 1336 861 1379 et
886 1327 1088 1396 simplici
1114 1327 1349 1379 orationis
1374 1329 1521 1397 stylo,
1562 1330 1646 1380 sed
1671 1330 1827 1382 allatis
1854 1349 2018 1383 sacra-

115 1433 219 1465 rum
249 1413 497 1465 literarum
526 1411 911 1475 auctoritatibuS,
952 1428 1009 1462 ac
1038 1410 1330 1480 depromptis
1356 1428 1419 1462 ex
1449 1413 1679 1481 religioso
1701 1414 1847 1465 animi
1870 1433 2018 1466 sensu

115 1497 382 1550 rationibus
424 1496 550 1548 illius
589 1495 794 1565 impetus
834 1513 943 1547 esse
982 1495 1248 1546 discussos.
1324 1493 1495 1564 ltaque
1530 1515 1637 1549 cum
1666 1499 1713 1549 in
1743 1498 1870 1550 illius
1905 1517 2020 1550 con-

117 1581 429 1633 futationibus
457 1583 514 1632 de
548 1581 639 1631 fide
670 1580 787 1632 satis
820 1588 984 1649 aperte
1017 1579 1416 1644 disseruerimuS,
1468 1582 1687 1633 sufficere
1724 1583 1851 1634 istud
1893 1584 2020 1635 arbi-

117 1675 331 1729 tramur3
386 1682 447 1716 ne
488 1665 528 1715 si
573 1664 774 1733 amplius
815 1663 989 1731 aliquid
1034 1664 1260 1714 addamus
1301 1665 1627 1716 molestiorem
1674 1668 1834 1736 operis
1880 1668 2020 1720 huius

120 1750 377 1801 lectionem
415 1765 777 1817 supervacanea
815 1747 1113 1816 longitudine
1154 1748 1401 1800 faciamus.
1480 1748 1577 1801 Sed
1605 1769 1758 1819 pauca
1789 1753 2020 1820 quaedam

119 1832 426 1884 nihilominus
452 1832 760 1883 retractanda
799 1848 854 1881 ao
883 1831 1097 1883 breviter
1123 1833 1410 1901 exponenda
1440 1843 1551 1884 sunt
1581 1836 1728 1886 exiis
1762 1854 1880 1904 quae
1913 1845 2022 1905 post

118 1919 389 1987 importuna
428 1916 507 1967 illa
542 1915 845 1983 absurdaque
892 1916 1115 1983 dogmata
1155 1916 1443 1968 insolentius
1482 1919 1635 1969 elatus
1685 1919 1734 1969 in
1774 1917 2020 1971 Christum

121 2003 320 2070 eiusque
351 2000 570 2069 spiritum
595 2009 810 2050 sanctum
844 2017 957 2068 prae
980 2001 1229 2068 utriusque
1254 2002 1363 2051 odio
1391 2003 1574 2053 nefarie
1601 2004 1833 2068 contulit,
1876 2022 2021 2071 quae-

120 2103 211 2154 que
237 2086 295 2136 ab
321 2084 585 2154 impudenti
608 2083 734 2135 illius
761 2101 816 2134 ac
841 2083 1182 2152 discipulorum
1207 2085 1358 2153 ipsius
1385 2103 1469 2136 ore
1493 2088 1711 2154 profecta
1736 2097 1784 2137 et
1808 2088 2021 2138 inaudito

119 2171 321 2238 quodam
360 2169 505 2221 animi
546 2170 670 2220 fastu
715 2170 1088 2237 arrogantiaque
1124 2168 1171 2219 in
1208 2170 1344 2220 deum
1385 2171 1871 2223 contumeliosissime
1912 2181 2024 2224 sunt

120 2253 359 2305 coniecta.

263 2336 352 2389 IV.
429 2335 524 2387 Hic
563 2335 687 2388 enim
727 2337 830 2406 ipse
860 2355 967 2388 cum
1007 2337 1108 2388 suis
1138 2336 1186 2387 in
1218 2354 1324 2388 eam
1357 2331 1584 2390 vanitatis
1618 2340 1872 2391 amentiam
1904 2340 2024 2391 inci-

123 2422 218 2486 dit,
273 2430 323 2472 ut
349 2438 492 2488 supra
531 2421 758 2472 mortales
794 2439 961 2472 omnes
1004 2422 1143 2472 deum
1177 2439 1356 2472 senon
1396 2423 1486 2473 fide
1525 2424 1655 2487 sola,
1709 2425 1793 2475 sed
1831 2425 2024 2493 propria

124 2505 324 2574 quadam
352 2504 557 2555 scientia
585 2506 992 2573 comprehendere
1021 2506 1244 2556 iactaret.
1304 2504 1715 2573 Quemadmodum
1748 2510 1885 2577 paulo
1911 2517 2023 2560 ante

37 2577 43 2581 ”
124 2588 318 2640 memini
343 2589 433 2639 hoc
466 2588 524 2639 ab
559 2589 651 2639 illis
681 2590 902 2658 usurpari
932 2590 1154 2655 solitum,
1196 2591 1335 2641 deum
1366 2609 1420 2641 se
1450 2610 1544 2642 non
1576 2593 1684 2643 fidei
1713 2594 1855 2643 modo
1885 2592 2026 2644 intel-

122 2674 350 2741 ligentia,
405 2673 489 2723 sed
526 2672 724 2740 perinde
757 2673 917 2724 animo
959 2675 1214 2743 concipere
1255 2692 1311 2725 ac
1346 2675 1544 2742 quilibet
1579 2677 1890 2745 aspectabilia
1931 2677 2035 2728 ista.

124 2775 181 2808 ac
218 2756 482 2808 tractabilia
516 2756 794 2824 cognoscit,
847 2766 1011 2826 utputa
1042 2758 1081 2809 si
1110 2758 1216 2826 quis
1248 2758 1449 2826 lapidem
1480 2769 1561 2810 aut
1592 2760 1772 2828 lignum
1808 2762 1883 2812 vel
1909 2762 2027 2813 alte-

124 2842 226 2893 rius
253 2841 483 2892 materiae
511 2841 881 2892 instrumentum
921 2842 1094 2909 capiat.
1174 2840 1246 2893 Ita
1285 2844 1473 2910 quidem
1502 2846 1660 2897 audax
1685 2846 1765 2897 ille
1794 2863 1849 2896 ao
1877 2855 2025 2895 teme-

125 2926 284 2978 rarius
309 2924 546 2994 loquitur:
602 2924 726 2975 Tam
757 2926 896 2976 deum
926 2925 1142 2992 intelligo
1174 2944 1320 2994 quam.
1343 2928 1608 2995 meipsum3
1659 2930 1755 2980 imo
1783 2938 1880 2979 tam
1910 2929 2028 2979 mei-

127 3029 263 3079 psum
295 3028 392 3061 non
420 3009 531 3062 novi
562 3026 699 3077 quam
735 3010 894 3059 deum.
973 3007 1153 3060 Verum
1195 3028 1346 3078 nugas
1381 3011 1500 3062 istas
1530 3014 1656 3063 ultra
1688 3014 1890 3064 dicendo
1921 3030 2027 3081 per-

129 3095 292 3163 sequi,
341 3094 422 3145 vel
448 3093 643 3158 audire,
695 3093 765 3144 uti
791 3092 1004 3162 pluribus
1032 3093 1246 3144 fraudem
1280 3112 1335 3145 ac
1365 3097 1626 3163 perniciem
1645 3135 1658 3160 ,
1710 3098 1776 3147 ita
1800 3096 2031 3165 sapienti-

129 3179 217 3230 bus
258 3177 405 3229 risum
449 3196 506 3229 ac
545 3178 798 3229 ludibrium
842 3176 1129 3228 consciscat.
1206 3176 1386 3245 Ecquis
1429 3180 1553 3230 enim
1591 3180 1767 3231 mentis
1802 3180 2031 3231 vecordia

130 3280 184 3313 ac
223 3263 387 3313 furore
432 3262 642 3331 percitus
686 3262 806 3312 alios
856 3262 903 3311 in
950 3261 1148 3312 eandem
1191 3262 1425 3313 insaniam
1467 3263 1688 3328 trahere,
1745 3264 2029 3332 praesertim

132 3347 454 3414 obsequentes
494 3346 583 3397 sibi
622 3364 677 3397 ac
717 3345 842 3396 dicto
876 3345 1153 3407 audientes,
1211 3363 1307 3395 non
1334 3347 1522 3414 possit?
1595 3345 1737 3413 Quod
1775 3348 1814 3398 si
1845 3348 1949 3415 quis
1975 3347 2033 3397 il·-

131 3432 255 3494 lum,
309 3430 388 3481 vel
427 3429 530 3481 eius
560 3430 817 3499 discipulos
857 3437 1081 3497 rogaret:
1133 3427 1212 3479 Ne
1240 3438 1289 3479 tu
1318 3429 1431 3479 mihi
1460 3431 1846 3498 incomparabilis
1882 3440 1928 3481 et
1959 3433 2032 3481 iu-

134 3513 579 3583 comprehensibilis
607 3515 682 3565 dei
712 3514 960 3566 scientiam
992 3512 1211 3574 iactiteS,
1253 3513 1388 3562 cuius
1417 3515 1612 3563 formam
1643 3515 1831 3581 quidem
1863 3533 1917 3565 ac
1947 3533 2031 3566 na-

132 3608 288 3650 turam
336 3599 529 3666 assequi
574 3615 714 3649 nemo
758 3607 943 3667 potest,
1004 3597 1094 3646 fide
1134 3613 1250 3647 vero
1295 3596 1353 3646 ab
1398 3596 1548 3664 ipsius
1593 3598 1750 3649 servis
1776 3609 2032 3667 utcumque

134 3684 362 3751 cognosci
390 3691 564 3751 potest.
644 3680 741 3734 Sed
772 3683 860 3733 hoc
886 3681 1028 3734 velim
1055 3679 1191 3730 nobis
1223 3680 1491 3744 edisseras,
1536 3682 1842 3733 fundamenta
1875 3693 2034 3734 terrae

136 3785 256 3835 quae
287 3767 411 3830 sint,
453 3784 666 3834 quaeque
693 3767 855 3834 abyssi
887 3764 1120 3834 penitiora
1152 3765 1483 3831 receptacula,
1527 3767 1672 3816 maris
1706 3771 1877 3830 venas,
1912 3769 2034 3817 infe-

1563 3864 1678 3916 21*
