2508 4134
232 699 342 755 Κεφ.
364 697 430 742 ια’.

463 267 564 319 480
1171 278 1374 320 SANGTI
1404 279 1687 322 ΕΡΙΡΗΑΝΠ

461 372 623 427 οὐσῶν
651 374 921 440 ἐνθέσμων,
960 374 1053 436 ἔξω
1072 374 1126 426 δὲ
1148 377 1446 442 βεβηκυιῷν,
1485 375 1639 444 μόνον
1663 377 1716 430 δὲ
1738 374 1793 431 τό
1817 376 1976 446 ὄνομα
2001 380 2388 448 ἐπικεκλημένων

464 464 708 527 Χριστοῦ,
759 456 1191 528 περιλειφθήσεται
1221 457 1341 528 ἡμῖν
1369 457 1405 528 ἦ
1432 462 1545 532 περὶ
1575 458 1812 529 άληθείας
1840 459 2118 530 άπόδειξις,
2154 463 2310 533 αὐτῆς
2338 485 2390 518 τε

458 549 546 612 τῆς
581 550 866 614 περιστερᾶς
901 549 988 611 τῆς
1025 542 1311 613 μονωτάὶης
1346 542 1446 598 ύπὸ
1487 552 1577 599 τοῦ
1612 550 1835 615 νυμφίου
1874 549 2245 619 ἐπαινουμένης.

606 715 707 767 Καὶ
735 716 786 767 ἐν
813 720 958 788 σχολῇ
986 712 1130 783 ἡμῶν
1156 717 1448 786 γενομένων,
1487 717 1572 769 καὶ
1602 714 1801 787 σφόδρα
1831 717 2181 773 ἱκετευσάντων
2209 727 2230 758 1
2247 718 2387 784 θεὸν,

457 800 697 869 σύντομον
727 800 815 868 μὲν
839 806 899 873 τῇ
929 804 1149 874 διαλογῇ,
1187 800 1387 868 ἀσφαλῆ
1416 801 1468 853 δὲ
1497 807 1555 874 τῇ
1587 800 1857 871 παραδόσει
1887 804 1972 856 καὶ
1998 801 2121 875 ύπὲρ
2151 804 2390 873 ἀληθείας

457 885 725 956 ἀπολογίαν
767 887 819 939 ἐν
849 890 915 957 τῷ
941 886 1051 953 ἑξῆς
1078 885 1422 953 ποιησόμεθα,
1475 884 1567 940 ούκ
1605 884 1760 955 αὐτῆς
1791 884 1996 958 ύστέρας
2037 887 2215 958 οὔσης,
2266 887 2384 943 άλλοὶ

456 970 684 1040 πρώτης,
737 972 823 1024 καὶ
856 968 953 1038 ἤδη
983 972 1035 1024 δὲ
1061 976 1158 1024 τῷν
1189 969 1327 1043 2πρό
1364 977 1463 1024 τῶν
1500 972 1733 1042 αἷρέσεων
1764 974 1817 1025 ἐν
1841 979 1903 1046 τῇ
1930 974 2136 1046 ἐνδημίᾳ
2168 980 2388 1052 Χριστοῦ

460 1055 692 1110 ἀνωτάτω
731 1054 849 1125 ἡμῖν
881 1053 1307 1125 ύπομνησθείσης,
1364 1062 1496 1109 3νῢν
1532 1057 1584 1110 δὲ
1612 1055 1813 1127 πρώτην
1840 1053 2024 1124 οὖσαν,
2071 1061 2158 1112 καὶ
2192 1064 2388 1134 Χριστῷ

455 1145 772 1210 συνημμένην
810 1139 951 1213 άγίαν
991 1141 1197 1210 νύμφην
1237 1139 1334 1195 άπό
1375 1148 1465 1210 τῆς
1504 1140 1747 1213 ἐνσάρκου
1781 1140 1935 1197 αὐτοῦ
1957 1147 2256 1214 παρουσίας,
2303 1147 2389 1198 καὶ

455 1226 511 1282 τό
537 1234 624 1296 τῆς
666 1227 822 1280 αὐτοῦ
860 1231 1164 1297 παρουσίας,
1213 1226 1322 1295 ἥτις
1355 1229 1453 1280 ἐστὶ
1485 1225 1577 1280 σύν
1611 1233 1680 1302 τῷ
1719 1226 1873 1298 Ἀδάμ
1910 1231 2251 1298 πεπλασμένη,
2302 1231 2389 1284 καὶ
2452 1236 2456 1239 ’

458 1315 508 1367 ἐν
554 1320 657 1375 τοῖς
701 1311 798 1384 πρὸ
840 1319 928 1366 τοῦ
970 1310 1191 1384 Ἁβραάμ
1230 1312 1556 1383 πατριάρχαις
1594 1315 1960 1384 κεκηρυγμένη,
2018 1317 2103 1368 καὶ
2140 1313 2260 1384 μετά
2296 1320 2386 1370 τοῢ

453 1397 674 1469 Ἁβραάμ
721 1399 1104 1466 πεπιστευμένη,
1157 1399 1241 1451 καὶ
1292 1397 1375 1451 διά
1413 1400 1676 1461 Μωυσέως
1724 1397 2162 1468 άποκαλυφθεῖσα,
2213 1402 2298 1454 καὶ
2335 1403 2389 1455 ἐν

453 1482 627 1557 Ἡσαῖα
653 1486 1087 1554 προφητευσμένη,
1141 1485 1192 1537 ἐν
1224 1489 1420 1558 Χριστῷ
1450 1485 1502 1538 δὲ
1530 1482 1901 1554 άναδειχθεῖσα,
1951 1488 2036 1539 καὶ
2066 1485 2158 1540 σύν
2189 1491 2388 1560 Χριστῷ

455 1568 762 1641 ὑπάρχουσα,
802 1571 854 1622 ἐν
881 1567 1067 1642 ’ὑστέρῳ
1092 1570 1146 1622 δὲ
1169 1566 1256 1635 ὕφ’
1283 1567 1425 1638 ἡμῶν
1452 1572 1855 1641 έγκωμιαζομένη.
1914 1578 2009 1627 Δεῖ
2025 1570 2117 1642 γάρ
2142 1571 2230 1626 τὸν
2257 1571 2386 1643 ἄγω-

456 1655 705 1724 νιζόμενον
729 1660 927 1726 πρῶτον
959 1657 1244 1708 ἐνίστασθαι
1268 1661 1338 1729 τῷ
1366 1653 1536 1726 άγῷνι,
1573 1663 1642 1730 τῷ
1671 1678 1720 1710 τε
1739 1655 1941 1731 καμάτῳ
1974 1659 2058 1711 καὶ
2095 1666 2198 1722 τοῖς
2229 1656 2388 1722 ἄλλοις

455 1748 546 1796 τοῦ
578 1740 771 1812 άγῷνος
803 1744 1146 1808 παλαίσμασιν,
1182 1743 1266 1794 ἵνα
1295 1740 1499 1814 ὕστερον
1523 1740 1609 1796 τόν
1640 1744 1886 1810 στέφανον
1914 1741 2243 1812 κομισάμενος
2268 1743 2388 1813 μετά

456 1834 546 1882 τοῦ
569 1826 817 1895 στεφάνου
844 1829 896 1881 ἐν
920 1826 1197 1898 ἀγαλλιάσει
1222 1830 1480 1896 διατελοίη,
1520 1826 1581 1882 ού
1603 1835 1692 1882 τοῦ
1716 1828 1964 1896 στεφάνου
1989 1827 2203 1884 ύστάτου
2225 1827 2386 1896 ὄντος,

458 1911 576 1967 ἄλλα
604 1914 932 1984 προκειμένου
958 1913 1046 1981 μὲν
1071 1919 1159 1981 τῆς
1186 1911 1369 1981 πάλης,
1418 1912 1622 1984 ’ὕστερον
1647 1914 1700 1967 δὲ
1725 1916 1987 1983 διδομένου
2020 1918 2088 1978 εἰς
2121 1914 2277 1986 χαράν
2301 1918 2386 1970 καὶ

458 2002 527 2062 εἰς
559 1997 839 2070 άγαλλίασιν
875 2004 942 2071 τῷ
980 1998 1260 2067 κεκμηκότι.
1343 2005 1508 2052 Ταῦτα
1555 1999 1607 2052 δὲ
1643 2001 1754 2069 περὶ
1795 1998 1984 2054 τούτων
2020 2001 2266 2071 εἰρηκότες
2304 2003 2385 2055 ἐπὶ

454 2084 572 2148 τούς
602 2085 986 2156 προειρημένους
1017 2090 1044 2122 4
1062 2086 1388 2155 παρέλθωμεν
1411 2084 1606 2156 λόγους,
1645 2088 1797 2148 δεῖξαι
1824 2091 1930 2148 πῶς
1963 2085 2271 2156 ὀγδοήκοντα
2298 2087 2385 2155 μέν

457 2174 546 2225 εἰσι
574 2173 844 2236 παλλακαὶ,
882 2168 919 2233 ξ’
951 2170 1004 2223 δὲ
1030 2173 1329 2238 βασίλισσαι,
1369 2177 1476 2233 πῶς
1501 2175 1588 2238 μία
1615 2167 1650 2238 ἦ
1677 2172 1959 2241 παρθένος,
1995 2173 2080 2224 καὶ
2109 2169 2260 2242 άγνή,
2297 2173 2384 2225 καὶ

454 2256 626 2326 νύμφη
668 2255 821 2324 ὅμου,
871 2257 956 2309 καὶ
996 2254 1277 2327 περιστερά,
1329 2258 1413 2309 καὶ
1446 2254 1632 2324 άμνοὶς,
1686 2254 1827 2318 πόλις
1865 2257 1917 2309 δὲ
1949 2254 2062 2327 άγία
2094 2263 2249 2323 θεοῦ,
2297 2258 2383 2311 καὶ

457 2348 645 2408 πίστις,
684 2343 768 2396 καὶ
801 2342 1051 2412 ἑδραίωμα
1076 2348 1164 2409 τῆς
1188 2339 1452 2410 άληθείας,
1491 2343 1574 2394 καὶ
1605 2342 1757 2411 πέτρα
1783 2340 1982 2413 στερεοὶ,
2037 2341 2113 2410 ἐφ’
2142 2336 2205 2411 ἧς
2233 2345 2382 2397 πύλαι

457 2428 583 2500 ᾅδου
613 2434 637 2464 ⁵
655 2428 715 2481 οὗ
741 2426 1129 2496 κατισχύσουσιν.
1186 2426 1355 2495 ΓὈμου
1380 2426 1471 2497 γάρ
1502 2429 1552 2480 ἐν
1574 2433 1696 2480 πᾶσι
1719 2426 1841 2481 θεόν
1868 2426 2261 2496 ἐπικαλούμενοι,
2298 2430 2381 2482 καὶ

457 2513 873 2581 ἐπικαλεσάμενοι,
913 2501 1144 2580 ἐτύχομεν
1169 2518 1256 2581 τῆς
1281 2514 1565 2584 ἐπαγγελίας
1588 2519 1840 2584 πληρῶσαι
1863 2513 1954 2582 τὴν
1978 2511 2256 2583 ὑπόσχεσιν,
2294 2513 2383 2583 τήν

454 2597 580 2652 κατά
609 2600 842 2669 αἱρέσεων
873 2604 1043 2651 πασῶν
1074 2620 1228 2666 φημι,
1283 2592 1408 2672 ᾗτινι
1447 2600 1703 2671 ἐπαγγελία
1731 2601 1815 2653 καὶ
1853 2596 1965 2671 ἄχρι
1995 2606 2083 2668 τῆς
2109 2606 2204 2653 τῷν
2231 2606 2382 2653 Μασ-

456 2690 700 2738 σαλιανῷν
732 2683 1023 2751 ἐφθάσαμεν
1066 2685 1308 2754 αἱρέσεως.
1398 2687 1498 2738 Καὶ
1535 2683 1692 2753 αὐτὴν
1735 2686 1787 2739 δὲ
1822 2684 2280 2753 καταπεπατηκότες
2314 2691 2382 2759 τῷ

463 2768 785 2838 ὅὑποδήματι
822 2774 911 2822 τοῦ
958 2769 1266 2839 εὐαγγελίου,
1323 2769 1483 2842 ὥςπερ
1522 2772 1842 2839 χαμαιλέοντα
1882 2771 2162 2839 πολύπουν,
2220 2771 2379 2839 ἀειδῆ,

456 2854 711 2928 ἄμορφον,
750 2857 1019 2923 δυςοδμίαν
1044 2857 1317 2921 πνέουσαν,
1356 2858 1408 2910 ἐν
1436 2862 1556 2910 πᾶσι
1582 2863 1689 2930 θεῷ
1718 2855 2155 2928 εὐχαριστήσωμεν,
2193 2858 2380 2925 πατέρα

456 2944 509 2995 ἐν
529 2945 624 3015 υἱῷ
635 2985 649 3008 ,
686 2940 797 2995 υἱὸν
824 2942 875 2994 ἐν
901 2942 1079 3011 πατρὶ,
1118 2940 1208 2995 σύν
1234 2939 1357 3016 άγίῳ
1384 2940 1651 3011 πνεύματι,
1690 2945 1759 3006 εἰς
1783 2941 1902 3005 τούς
1931 2944 2114 3003 αἰῶνας
2139 2947 2236 2995 τῶν
2262 2941 2378 2995 αἰώ·

454 3051 584 3094 νων,
625 3033 650 3064 7
667 3025 839 3096 Ἀμήν.

514 3173 610 3213 CAP.
641 3173 719 3215 XI.
755 3195 801 3201 ω
866 3171 900 3211 1.
933 3171 1020 3227 ἓεῷ
1051 3174 1134 3214 cod.
1167 3174 1329 3224 Rhedi9.
1442 3186 1508 3215 cor
1545 3176 1796 3224 scriptorem,
1841 3174 1883 3213 id
1917 3174 2021 3223 quod
2057 3185 2134 3213 non
2162 3175 2278 3214 semel
2305 3174 2380 3215 sibi

511 3230 550 3271 2.
582 3232 769 3280 Suspicor
797 3228 880 3270 τῶν
910 3227 1084 3281 πρώτων
1115 3229 1328 3283 αἱρέσεων.
1441 3232 1619 3281 indulsit,
1645 3226 1938 3276 οἷνακολούὲῐως
1963 3231 2057 3269 haec
2085 3231 2203 3269 verba
2232 3231 2379 3272 adiun-

509 3286 549 3327 3.
579 3289 764 3327 Petavius
786 3288 988 3326 annotavit
1011 3288 1052 3326 in
1075 3289 1250 3338 margine
1274 3287 1388 3327 Haec
1442 3290 1558 3328 xisse.
1631 3288 1744 3336 Quod
1777 3289 1811 3327 si
1843 3289 1972 3326 mimis
2006 3287 2222 3337 placuerit,
2262 3289 2378 3338 facile

453 3343 678 3397 depravata
705 3341 865 3382 leviter.
910 3343 1014 3392 Quid
1042 3345 1089 3382 de
1113 3345 1183 3384 hoc
1206 3346 1286 3384 loco
1308 3349 1388 3384 sta·
1443 3346 1510 3384 tibi
1534 3346 1605 3384 erit
1627 3345 1831 3385 emendare
1854 3335 1907 3394 ἣν
1928 3343 1998 3384 νῦν
2025 3339 2087 3385 ἰδὲ
2110 3339 2281 3397 πρώτην
2307 3334 2378 3387 οὗ·

453 3402 639 3442 tuendum
664 3402 713 3440 sit
738 3401 913 3451 equidem
933 3401 1100 3440 incertus
1120 3411 1231 3452 sum,·
1261 3404 1387 3452 suspi-
1448 3413 1536 3443 σαν.
