2508 4134
532 294 757 334 PANARn
786 292 886 334 Lm.
913 295 983 333 111.
1015 294 1202 334 ToM.1.
1234 294 1615 336 HAER.LXX1V.
1925 281 2027 331 287

119 394 212 447 tari
243 392 424 463 possit3
464 400 628 442 cetera
672 391 860 455 omnia,
919 391 994 441 ubi
1042 408 1070 441 a
1101 392 1313 442 trinitate
1344 391 1654 455 discesseriS,
1713 390 1807 459 pati
1853 389 2025 457 aliquid

119 485 343 546 possunt3
385 475 474 527 nisi
503 477 625 526 forte
640 492 821 543 expers
845 474 924 525 ille
951 475 1222 525 affectionis
1249 476 1404 525 omnis
1434 476 1635 526 similem
1666 474 1900 542 quendam
1930 482 2027 524 sta-

117 571 214 613 tum
250 577 338 629 per
366 558 805 628 incorruptionem,
862 559 1033 627 quibus
1075 559 1299 623 libuerit,
1353 559 1582 627 singulari
1615 560 1816 627 quodam
1851 557 2031 608 benefi-

118 645 355 710 cio-large
386 645 687 712 benigneque
715 643 1034 694 concesserit.
1113 641 1269 709 Quem
1303 643 1490 710 quidem
1527 642 1901 710 incorruptionis
1935 651 2031 692 sta-

119 739 216 780 tum
251 747 348 779 non
384 746 450 779 ex
489 728 773 797 incorporea
820 728 979 796 aliqua
1023 736 1224 789 natura,
1285 727 1370 777 sed
1417 744 1480 776 ex
1518 726 1631 776 boni
1675 736 1721 776 et
1762 726 2030 776 affectionis

119 813 274 865 omnis
302 812 519 882 expertis
548 812 621 862 dei
658 811 882 880 largitate
915 820 1295 879 consequuntur.
1376 808 1515 877 Quod
1552 819 1708 860 aulem
1752 812 1920 860 unicus
1954 810 2029 860 dei

119 898 242 949 filius
270 898 318 948 in
349 915 496 948 carne
524 897 588 947 sit
622 914 821 965 passuS,
877 897 1051 947 nullam
1092 896 1217 946 istud
1250 895 1295 945 in
1324 894 1476 962 ipsius
1512 894 1811 944 divinitatem
1843 894 2029 962 passio-

118 999 227 1033 nem
254 982 566 1034 transfundit.
645 979 945 1048 Quamquam
983 980 1095 1031 illud
1136 988 1268 1030 recta
1309 980 1425 1029 fides
1463 996 1520 1028 ac
1559 979 1750 1029 sincera
1790 978 2027 1046 professio

119 1067 287 1130 docet,
344 1066 418 1116 dei
466 1066 695 1130 verbum,
751 1066 875 1133 qnod
916 1082 1003 1133 per
1031 1081 1141 1115 sese
1185 1064 1280 1132 pati
1321 1062 1436 1114 nibil
1479 1071 1668 1131 potest,
1723 1062 2028 1113 nihilominus

121 1166 231 1202 esse
264 1167 476 1219 passum.
555 1149 684 1200 Idem
730 1166 874 1217 porro
918 1150 1083 1199 eadem
1132 1148 1235 1217 ipsa
1275 1146 1482 1217 patiendi
1523 1147 1637 1197 nihil
1675 1147 1723 1197 in
1754 1148 2028 1198 conditione

119 1233 413 1304 permansit,
467 1251 557 1284 nec
584 1234 632 1284 in
660 1243 831 1284 natura
871 1251 957 1285 sua
985 1233 1263 1283 mutationis
1302 1231 1477 1300 aliquid
1510 1241 1590 1283 aut
1617 1231 1910 1282 diversitatis
1944 1248 2030 1281 ex·

121 1328 286 1388 pertus
332 1326 425 1369 est.
503 1317 830 1385 Quamobrem
877 1316 957 1368 ille
997 1316 1074 1385 qui
1114 1316 1351 1386 sapientia
1392 1335 1446 1366 ac
1492 1318 1609 1366 deus
1651 1324 1754 1366 erat
1791 1315 2030 1384 passionis

122 1404 278 1454 omnis
311 1419 520 1471 expers,
562 1421 668 1453 cum
699 1402 924 1470 patiendo
955 1402 1104 1452 sciret
1133 1419 1186 1452 se
1214 1418 1298 1451 eos
1325 1401 1634 1451 liberaturum
1666 1418 1776 1451 esse
1798 1400 1876 1468 qui
1903 1418 2031 1451 mor-

122 1496 216 1537 tem
249 1487 578 1555 patiebantur,
621 1505 716 1537 non
752 1487 959 1554 legatum
992 1486 1136 1536 ullum
1158 1525 1170 1548 ,
1213 1504 1307 1536 non
1338 1486 1560 1553 angelum
1593 1484 1748 1549 misit,
1792 1503 1887 1535 non
1923 1502 2031 1553 pro-

121 1571 290 1641 phetas
319 1570 552 1638 denique,
594 1570 858 1622 cuiusmodi
889 1571 1146 1621 adveutum
1174 1588 1311 1621 suum
1346 1578 1740 1632 antecesserant,
1796 1570 1879 1620 sed
1905 1570 2031 1638 ipse-

123 1664 221 1706 met
250 1654 469 1705 dominus
510 1657 673 1718 venit,
728 1673 782 1705 ac
815 1654 1177 1723 perpessionem
1215 1654 1281 1704 ita
1323 1656 1370 1705 in
1410 1672 1462 1705 se
1498 1655 1604 1723 ipso
1641 1671 1853 1722 vereque
1886 1654 2032 1705 susti-

124 1739 257 1803 nuit,
299 1748 351 1790 ut
373 1739 564 1790 interim
599 1756 776 1808 expers
811 1739 1053 1807 passionis
1085 1739 1311 1791 divinitas
1343 1739 1445 1807 ipsa
1473 1747 1798 1807 permaneret.
1878 1735 2030 1789 Cuius

124 1824 314 1892 quidem
340 1824 435 1873 vim
466 1841 521 1874 ac
551 1824 810 1892 potentiam
850 1823 965 1874 nihil
994 1822 1264 1874 incarnatio
1306 1822 1407 1892 ipsa
1441 1823 1676 1873 diminuit.
1751 1821 1882 1874 Nam
1913 1841 2031 1874 eun-

124 1911 229 1959 dem
255 1907 304 1958 in
335 1906 586 1958 divinitate
614 1925 731 1971 sua,
776 1925 898 1976 quae
928 1908 1001 1958 dei
1037 1908 1231 1976 propria
1262 1917 1402 1970 sunt,
1445 1916 1767 1976 praestantem
1799 1908 1904 1959 sine
1934 1908 2030 1958 ullo

124 1992 284 2043 carnis
313 1992 653 2060 impedimento
686 1993 955 2055 cernimus,
997 1994 1130 2044 velut
1161 2011 1265 2043 cum
1298 2003 1483 2053 ventos,
1526 2011 1653 2041 mare
1680 2002 1727 2041 et
1745 1996 1930 2059 fluctus
1955 1997 2025 2042 e’n—
2049 2010 2260 2056 Lucem.

121 2086 305 2143 crepat,
345 2095 447 2126 cum
473 2080 710 2126 Lazarum
731 2081 928 2143 propria
955 2078 1242 2128 auctoritate
1271 2085 1471 2141 evocat,
1513 2085 1562 2127 et
1587 2077 1771 2126 infinita
1802 2077 1891 2127 alia
1918 2095 2029 2146 pro—
2047 2055 2173 2090 ΜΗ·
2191 2056 2239 2091 ¹²·

123 2161 307 2229 digiosa
334 2179 390 2212 ac
418 2162 649 2230 stupenda
687 2162 897 2212 molitur.
976 2161 1275 2229 Quamquam
1306 2162 1495 2212 interim
1530 2161 1749 2229 quicquid
1783 2170 1887 2212 erat
1915 2180 2030 2213 con-

123 2254 406 2296 sentaneum
441 2246 630 2315 corpori
670 2247 924 2297 tribuebat.
1000 2245 1128 2298 Nam
1165 2255 1213 2297 et
1241 2246 1429 2296 diabolo
1461 2255 1649 2297 tentare
1680 2246 1925 2315 permisit,
1982 2255 2028 2297 et
2073 2252 2260 2290 Matth-4-

126 2329 396 2380 hominibus
422 2332 655 2393 caedere,
700 2340 743 2381 et
781 2331 852 2381 bis
886 2330 964 2398 qui
998 2331 1467 2399 comprehendebant
1498 2348 1698 2399 capere,
1752 2340 1802 2381 ut
1832 2331 1878 2380 in
1913 2331 2030 2399 pati-

125 2413 207 2463 bili
243 2422 411 2465 natura
455 2414 694 2482 passionis
738 2432 916 2484 expers
951 2424 1225 2484 pateretur,
1281 2424 1329 2466 et
1363 2415 1556 2465 interim
1589 2416 1635 2466 in
1668 2432 1754 2466 sua
1782 2415 2030 2466 divinitate

126 2497 366 2566 passionis
410 2515 588 2566 expers
635 2508 881 2563 maneret,
942 2518 1037 2550 non
1083 2500 1270 2550 alienus
1313 2518 1340 2551 a
1384 2500 1623 2568 passionis
1668 2509 1869 2569 experte
1916 2500 2025 2563 dee,

126 2582 212 2634 sed
245 2581 404 2633 omnia
438 2582 669 2649 singulari
701 2584 904 2650 quodam
945 2592 992 2634 et
1025 2583 1290 2635 admirabili
1321 2585 1555 2653 mysterio
1589 2593 1758 2653 suapte
1783 2584 2030 2635 voluntate

125 2666 415 2735 suscipiens·
492 2665 903 2734 Quemadmodum
932 2676 980 2718 et
1006 2677 1141 2736 pater
1171 2669 1288 2719 deus
1314 2686 1419 2719 cnm
1449 2669 1700 2736 unigenito
1725 2669 1829 2738 ipso
1855 2687 1910 2720 ac
1935 2668 2031 2737 spi-

125 2750 222 2802 ritu
261 2759 458 2816 sancto3
518 2768 641 2819 quae
683 2751 871 2818 quidem
924 2753 1170 2819 perfecta,
1232 2761 1281 2803 et
1319 2753 1557 2821 passionis
1600 2771 1777 2823 expers
1815 2753 2025 2814 trinitaS‚

125 2852 317 2903 unaque
356 2835 581 2886 divinitas
624 2835 850 2886 universa
894 2835 1254 2904 complectitur,
1311 2839 1428 2889 deus
1460 2856 1613 2902 unus,
1670 2856 1726 2890 ac
1759 2838 2029 2889 dominatus

130 2937 254 2972 unus
291 2919 583 2971 continentis
623 2921 784 2970 omnia
823 2920 917 2970 dei.

268 3005 325 3054 11.
398 3002 573 3072 Neque
604 3021 719 3054 vero
749 3004 872 3071 quod
901 3004 1149 3056 continere
1176 3006 1362 3057 dicatur
1387 3007 1572 3070 omnia,
1613 3006 1793 3057 idcirco
1822 3005 2029 3074 patiendi

129 3088 391 3139 conditioni
431 3088 711 3151 subiicitur,
770 3089 882 3138 licet
928 3106 1049 3155 quae
1088 3089 1145 3139 ab
1191 3090 1295 3157 ipso
1341 3091 1811 3159 comprehenduntur
1851 3090 1892 3140 ei
1936 3089 2030 3157 legi

128 3171 425 3223 subiaceant.
501 3171 596 3223 Est
619 3172 743 3222 enim
769 3172 891 3222 intra
920 3172 1080 3222 omnia
1105 3180 1152 3222 et
1178 3181 1316 3223 extra
1341 3174 1498 3224 omnia
1524 3175 1860 3225 universorum
1888 3174 2026 3237 deus,

84 3269 284 3324 *neque
327 3266 485 3307 tamen
533 3274 638 3307 cnm
686 3257 780 3307 ulla
814 3273 868 3306 re
907 3265 1162 3306 concretus
1199 3273 1254 3306 ac
1292 3259 1592 3325 perniixtus3
1645 3275 1709 3308 ex
1752 3275 1844 3325 quo
1889 3258 1942 3308 fit
1980 3268 2031 3309 ut

130 3357 288 3408 neque
330 3342 452 3408 quod
500 3340 673 3408 ubique
713 3341 807 3403 sit,
863 3357 1017 3407 neque
1051 3340 1173 3407 quod
1207 3349 1346 3391 extra
1378 3342 1538 3391 omnia
1569 3341 1658 3404 sit,
1713 3358 1867 3409 neque
1904 3344 2027 3409 quod

130 3425 502 3493 comprehendat
536 3426 723 3488 omnia,
778 3442 930 3493 neque
971 3425 1094 3492 quod
1131 3423 1178 3473 in
1208 3424 1310 3491 ipso
1341 3426 1567 3475 universa
1600 3434 1913 3489 moveantur,
1969 3427 2027 3477 ob

128 3507 176 3558 id
217 3509 311 3576 pati
344 3509 580 3577 qnicpiam
626 3509 975 3560 existimandus
1007 3508 1069 3559 sit
1101 3507 1325 3557 immunis
1369 3509 1427 3557 ab
1460 3508 1587 3558 omni
1622 3508 1831 3576 patiendi
1865 3512 2028 3562 condi-

129 3591 260 3642 tione
287 3592 423 3644 deus.
499 3590 638 3644 Sicut
664 3611 753 3644 nec
778 3593 1000 3661 idipsum,
1043 3593 1166 3659 quod
1192 3592 1381 3641 unicum
1411 3591 1553 3641 lilium
1584 3592 1768 3659 genuit,
1810 3594 2029 3663 quodque

131 3676 301 3727 unicus
330 3677 408 3727 ille
437 3678 626 3744 genitus
657 3686 759 3740 est,
801 3687 882 3728 aut
907 3677 1030 3744 quod
1056 3684 1249 3726 sanctus
1278 3675 1382 3725 eius
1409 3675 1604 3743 spiritus
1635 3677 1839 3728 emissus
1867 3689 1942 3729 est
1967 3678 2026 3729 ab

130 3760 265 3828 ipsc,
318 3760 458 3811 ullam
495 3762 828 3813 sanctissimae
871 3760 1069 3813 trinitati
1111 3759 1411 3811 affectionem
1444 3759 1639 3812 inferet.
1717 3759 1903 3832 Quippe
1937 3780 2027 3815 nee
