2508 4134
522 312 745 354 PANAnn
776 311 877 352 Lis.
894 312 965 351 111.
997 312 1134 353 ΤοΜ.
1153 313 1182 352 1.
1211 312 1374 352 mea.
1401 311 1593 352 Lxxvi.
1900 297 2001 349 267

112 422 258 466 ctum.
332 409 467 463 Nihil
491 418 650 461 autem
683 408 893 459 conferri
923 425 1027 458 cum
1058 408 1268 459 trinitate
1304 418 1487 477 potest3
1542 410 1601 459 ob
1630 408 1769 476 idque
1796 405 2003 458 consub-

110 495 331 548 stantiale
363 511 418 545 re
446 511 562 546 vera
593 502 668 544 est
693 493 801 542 fidei
830 500 1022 541 nostrae
1053 491 1425 555 firmamentum,
1475 510 1628 560 neque
1659 493 1761 542 sola
1795 507 2004 560 pronun-

110 580 308 631 tiatione
343 586 562 641 constat,
603 593 724 644 quae
757 593 860 626 cum
889 575 1029 625 modo
1055 574 1148 636 sit,
1188 575 1328 624 modo
1357 575 1574 638 desinat,
1626 577 1673 626 in
1705 575 1898 625 nihilum
1929 590 2004 624 re-

111 662 307 730 digitur.
380 660 518 712 Talis
546 669 621 711 est
658 660 715 710 de
746 667 910 728 patre,
963 658 1057 708 filio
1096 674 1153 707 ac
1181 657 1350 725 spiritu
1381 668 1548 709 sancto
1577 660 1707 710 Ae'tii
1742 657 2001 709 sententia.

110 745 202 797 Est
239 745 368 796 enim
408 762 555 796 verus
594 744 754 810 utique
794 750 955 811 pater,
1006 758 1150 791 verns
1189 741 1343 804 fitius,
1398 759 1542 791 verus
1567 742 1762 810 spiritus
1787 750 2003 803 sanctus,

110 828 415 898 quantumvis
445 827 655 878 infinitos
683 827 759 877 ille
786 826 1120 895 syllogismoS,
1162 824 1452 892 eosdemque
1481 826 1796 887 vanissimos,
1838 841 2004 876 serere

111 913 386 963 contendat.
464 909 539 962 De
571 910 838 962 huiusmodi
879 926 1000 959 vero
1042 908 1311 959 bominibus
1347 908 1535 958 divinus
1565 914 1725 959 ser‘mo
1753 910 1822 959 sic
1855 909 2006 976 loqui-

112 1006 216 1060 tur,
269 999 553 1061 Sapientiam
587 998 842 1060 sapientum
879 994 1163 1058 reprobab05
1218 992 1359 1042 item:
1412 995 1558 1041 Novit
1584 996 1792 1043 dominus
1825 997 2003 1058 cogita-

111 1084 256 1130 tiones
290 1082 551 1139 hominum,
593 1082 806 1144 quoniam
843 1094 987 1126 vanae
1021 1086 1133 1129 sunt
1167 1085 1262 1126 etc.

249 1163 380 1213 Aetii
412 1158 569 1230 Caput
597 1159 769 1213 xvu.
847 1158 900 1212 Si
935 1160 1199 1228 ingenitum
1245 1160 1361 1210 nihil
1387 1160 1443 1210 ad
1483 1160 1778 1211 substantiae
1804 1160 2006 1228 dignita-

111 1255 204 1298 tem
232 1246 433 1315 amplius
462 1247 650 1297 confert
678 1262 815 1312 quam
842 1246 1053 1312 genitum
1084 1244 1205 1295 filius
1234 1244 1336 1295 sola
1367 1244 1587 1295 vocabuli
1621 1245 2006 1313 pronuntiatione

109 1339 362 1398 superatus
386 1330 763 1399 praestantiores
789 1346 842 1379 se
871 1330 1165 1397 appellantes
1194 1328 1326 1397 ipsos
1353 1338 1614 1397 agnoscet,
1669 1347 1764 1380 non
1792 1346 1897 1381 eum
1930 1327 2010 1397 qui

109 1413 261 1482 ipsius
297 1414 415 1464 deus
453 1414 750 1483 appeHatur‚
793 1421 841 1463 et
878 1422 1031 1481 pater.
1104 1471 1109 1475 ⁵

252 1494 453 1548 Confut.
486 1494 660 1547 Xth.
740 1487 986 1563 'Quamvis
1025 1496 1303 1548 innumeras
1346 1498 1485 1549 nobis
1528 1499 1699 1550 Ae'tius
1737 1496 2009 1565 tragoedias

112 1581 312 1643 excitet,
373 1581 500 1632 nulla
530 1581 667 1631 nobis
703 1598 906 1648 unquam
934 1597 1037 1630 cum
1070 1581 1243 1649 pietate
1277 1582 1532 1634 coniuncta
1566 1583 1686 1632 ratio
1722 1582 2012 1650 persuadere

111 1665 286 1733 poterit
312 1666 689 1733 praestantiores
729 1664 836 1715 illos
878 1682 987 1715 esse
1019 1665 1096 1732 qui
1127 1665 1185 1714 ab
1219 1683 1277 1715 eo
1305 1667 1380 1733 qui
1413 1675 1487 1717 est
1519 1676 1570 1717 ut
1599 1675 1764 1716 essent
1792 1664 2013 1716 obtinue-

111 1756 240 1798 runt.
318 1746 447 1799 Nam
485 1748 636 1817 ipsius
674 1748 908 1799 beneficio
935 1749 1042 1799 illos
1072 1749 1294 1800 extitisse
1323 1751 1402 1800 ille
1432 1752 1536 1819 ipse
1566 1759 1787 1800 testatur.
1863 1748 2012 1816 Atqui

110 1832 340 1900 singulari
373 1833 500 1883 illius
533 1849 731 1882 munere
765 1829 1148 1883 Christianorum
1183 1833 1461 1900 dignitatem
1498 1835 1704 1885 assecuti
1738 1841 1875 1895 sunt,
1931 1849 2014 1900 ge-

110 1917 255 1967 nitam
287 1916 499 1968 sobolem
528 1934 623 1966 non
651 1920 752 1966 sola
786 1916 919 1966 vocis
951 1917 1249 1984 prolatione,
1292 1919 1373 1968 sed
1405 1936 1570 1970 verum
1601 1936 1626 1968 e
1656 1936 1772 1969 vero
1802 1916 2012 1985 genitum

112 2000 354 2069 appellare
385 2008 588 2064 norunt3
641 2017 700 2049 eo
729 2001 852 2067 quod
892 2018 1007 2053 vere
1046 2002 1197 2069 ipsum
1240 2001 1540 2069 intelligunt,
1596 2011 1643 2052 et
1672 2021 1699 2051 a
1722 2012 1861 2067 putre
1883 2011 2008 2061 sunt,

110 2103 201 2135 non
227 2103 256 2134 a
283 2103 440 2144 earne,
483 2087 559 2134 vel
579 2088 807 2149 sanguine
825 2088 1056 2149 perdoelz'.
1136 2084 1292 2153 Quam
1314 2087 1379 2143 ‚ob
1405 2104 1622 2137 caussam
1653 2087 1817 2137 felices
1844 2086 2014 2135 merito

112 2169 476 2237 praedicantum
533 2177 583 2219 ut
631 2169 758 2219 inter
801 2178 991 2219 ceteros
1029 2171 1274 2237 apostolus
1317 2170 1426 2233 ille,
1484 2171 1562 2238 qui
1605 2171 1814 2221 viventis
1857 2170 2015 2220 addito

112 2252 346 2303 vocabulo
388 2252 463 2303 dei
506 2253 650 2303 filium
694 2253 822 2303 illum
863 2255 1080 2320 agnovit.
1158 2252 1305 2304 Iidem
1350 2272 1492 2323 porro
1527 2255 1778 2304 animalem
1816 2254 2012 2305 A'etium

112 2335 393 2404 spiritaliter
427 2336 712 2400 diiudicant3
767 2337 847 2405 qui
891 2354 945 2387 ea
987 2355 1108 2405 quae
1147 2340 1203 2389 ad
1242 2339 1460 2407 spiritum
1496 2339 1737 2407 pertinent
1774 2338 2009 2406 repudiat.

113 2419 188 2470 Ae
214 2419 326 2469 licet
354 2418 628 2486 unigenitus
652 2421 726 2470 dei
753 2421 874 2471 lilius
905 2438 961 2471 ac
985 2421 1180 2488 spiritus
1209 2424 1274 2473 ita
1302 2424 1551 2490 loquatur:
1596 2427 1720 2472 Vade
1745 2426 1807 2471 ad
1825 2431 2006 2487 patrem

112 2521 284 2563 meum,
338 2512 386 2552 et
412 2512 594 2568 patrem
634 2514 861 2564 vestrum,
918 2509 1049 2554 deum
1084 2525 1254 2566 meum,
1310 2517 1358 2556 et
1392 2511 1523 2558 deam
1557 2518 1753 2557 vestrum
1769 2545 1783 2567 ,
1841 2507 2007 2557 ambae

115 2595 273 2637 tamen
318 2587 663 2655 appellationes
705 2588 826 2638 istae
877 2588 1047 2640 alienis
1086 2608 1142 2640 ac
1185 2591 1391 2642 diversis
1444 2592 1715 2643 nominihus
1757 2590 2016 2658 adaequari

114 2680 385 2739 nequeunt,
428 2688 533 2721 cum
562 2679 792 2739 perpetuo
821 2671 1002 2722 veritas
1030 2673 1133 2741 ipsa
1159 2685 1464 2742 permaneat,
1517 2694 1572 2726 ac
1607 2677 1901 2744 singularum
1931 2695 2016 2727 vo-

114 2773 220 2806 cnni
258 2755 477 2824 proprius
518 2763 568 2805 et
610 2756 914 2828 pecessarius
953 2757 1070 2806 ordo
1103 2758 1250 2808 reiin
1284 2760 1378 2809 fifio
1410 2760 1484 2809 dei
1518 2761 1929 2811 verstaten1‹ssare
1954 2778 2013 2811 ac

113 2839 363 2908 perspicue
409 2839 724 2890 demonstret.
800 2837 974 2906 Neque
1021 2840 1146 2891 enim
1196 2842 1312 2892 baec
1357 2843 1492 2912 ipsa,
1561 2849 1741 2894 Patrem
1784 2864 1928 2894 meum
1970 2854 2018 2893 et

106 2934 288 2988 patrem
325 2933 555 2983 vestrum,
608 2924 664 2973 ad
703 2922 853 2990 ipsius
881 2940 1072 2974 carnem
1113 2928 1363 2977 referenda
1394 2937 1523 2978 sunt.
1602 2927 1855 2994 Quomodo
1889 2927 2011 2978 enini

115 3007 274 3058 carnis
303 3016 438 3075 pater
466 3009 583 3057 deus
613 3024 723 3057 csse
752 3015 933 3072 potest,
986 3007 1063 3074 qui
1091 3026 1283 3060 carnem
1319 3029 1558 3079 nunquam
1585 3012 1769 3062 induit?
1838 3010 2014 3079 Neque

116 3092 262 3154 haec,
302 3095 444 3140 Deum
474 3110 616 3140 meum
645 3101 691 3139 et
716 3095 845 3139 deum
873 3101 1099 3151 vestrum,
1154 3094 1209 3142 de
1251 3094 1330 3143 filii
1362 3096 1610 3146 divinitate
1644 3097 1719 3145 vel
1762 3096 2015 3163 adoptione

115 3174 452 3242 discipulorum
480 3175 755 3243 accipienda
785 3183 913 3224 sunt.
992 3172 1088 3225 Sed
1120 3176 1236 3227 haec
1266 3179 1431 3241 verba,
1472 3184 1616 3228 Deum
1644 3198 1786 3228 meum
1812 3190 1860 3228 et
1884 3183 2014 3228 deum

115 3269 343 3319 vestrum,
400 3260 458 3309 ob
491 3260 739 3309 humanam
781 3267 1021 3320 nostram,
1074 3277 1211 3325 quam
1240 3264 1480 3330 suscepit,
1536 3273 1751 3313 naturam
1789 3281 1881 3313 non
1910 3263 2014 3314 sine

117 3343 347 3412 inysundo
382 3344 599 3394 vernaus
638 3343 684 3392 un
728 3342 947 3392 onunbus
988 3342 1442 3396 observannsshnus
1484 3348 1539 3395 ad
1582 3346 1839 3414 (Hscijussos
1880 3364 2015 3415 prae-

117 3428 397 3478 muniendos
441 3443 672 3496 usurpare
718 3428 885 3478 voluit.
960 3431 1141 3475 Patrem
1189 3446 1306 3478 vero
1348 3448 1491 3478 meum
1535 3440 1581 3477 ec
1598 3440 1776 3494 patrem
1815 3441 2013 3480 vestrum

118 3512 266 3575 dixit,
309 3522 501 3580 propter
533 3530 682 3562 meam
712 3529 816 3562 cuin
848 3512 928 3562 illo
961 3520 1159 3560 naturae
1191 3514 1602 3575 communionem,
1656 3532 1902 3582 meamque
1927 3533 2013 3565 vo-

118 3595 321 3658 biscum,
359 3597 494 3647 cuius
517 3615 607 3665 ego
637 3614 720 3665 pro
747 3614 848 3646 mea
875 3595 1168 3661 benignitate
1194 3594 1266 3645 hic
1294 3598 1413 3663 apud
1443 3615 1527 3646 vos
1555 3599 1733 3664 degens
1760 3599 2013 3668 participes

118 3743 321 3781 vestrum,
365 3737 506 3777 ambae
548 3738 625 3777 hae
651 3735 946 3790 appellationes
986 3735 1039 3774 ad
1096 3744 1290 3789 possunt,
1322 3736 1495 3775 veritate
1522 3751 1682 3791 semper
1709 3748 1899 3782 manente
1933 3745 2013 3781 cett-

119 3791 280 3833 alterius
310 3793 469 3847 generis
512 3793 675 3833 nomina
711 3792 925 3848 adaequari
956 3805 1038 3833 non
1150 3793 1188 3835 ὁ,
1221 3795 1371 3844 Repone
1401 3793 1623 3838 κοινωνίαν.

2019 991 2049 1025 1.
2054 989 2147 1066 1935.
2147 988 2192 1064 ³1¹,
2203 987 2256 1021 19.

2060 1075 2115 1118 93,
2142 1072 2191 1107 ιι.

2062 2016 2202 2052 Matth.

2061 2061 2101 2095 16
2114 2085 2124 2105 ,
2154 2060 2202 2093 17.

2072 2427 2199 2460 Ioann.

2072 2470 2127 2513 20,
2151 2469 2203 2503 17.
