2508 4134
735 280 877 323 ΤοΜῐ
905 281 1114 321 Pmoms
1145 281 1281 323 PARS
1312 281 1486 321 Pmou.
1951 271 2052 320 599

146 379 369 434 παρουσίαν
398 375 494 436 ἄχρι
528 382 607 434 τῆς
636 381 765 428 vem,
807 378 971 433 reliquis
1008 393 1134 432 prave
1160 378 1315 419 omissis
1348 393 1371 418 a
1399 378 1578 419 librario.
1622 403 1661 408 -
1719 379 1747 418 l.
1770 379 1808 420 7.
1841 377 2055 433 βασιλείας

147 452 247 490 Ven.
278 472 332 480 —
388 448 460 490 1.8
488 457 531 490 et
554 450 592 492 9.
638 445 794 498 ἅλωσις
829 447 991 502 ἔμειναν
1030 444 1062 502 ’ἦ
1100 443 1207 500 αὐτῆ
1244 446 1345 488 Ven.
1376 473 1428 479 -—
1488 448 1514 488 l.
1536 447 1599 488 13.
1637 450 1805 502 Repone
1842 445 2055 502 Ἀρκετῶς

144 518 193 563 δὲ
219 518 305 575 ἔχει
327 533 380 559 ex
405 518 498 560 cod.
526 521 629 562 Ven.
660 542 712 550 -—
769 518 795 558 1.
824 515 884 560 17.
914 517 1050 558 verba
1073 515 1178 571 πλὴν
1204 517 1305 572 ἐμοῦ
1330 518 1478 558 absunt
1501 533 1523 558 a
1550 520 1652 558 Ven.
1685 542 1740 549 --
1796 518 1822 559 1.
1842 518 1897 559 20
1920 526 1962 558 et
1986 518 2054 559 21.

142 586 340 642 περισσὸν
364 585 443 642 γὰρ
469 603 507 630 τ.
539 588 588 631 ἐκ
614 603 652 631 τ.
679 602 722 630 π.
749 586 871 630 ἔστιν.
929 582 1049 641 Ἐγώ
1078 588 1182 627 Ven.
1212 611 1268 618 -—
1324 587 1438 628 1.31.
1467 592 1553 635 τοῖς
1574 586 1686 640 παρὰ
1714 590 1817 629 Ven.
1850 611 1904 619 --
1960 588 1988 627 l.
2009 584 2050 629 4.

142 658 193 698 ab
219 658 340 698 infer.
369 656 529 712 αἵρεσις
550 658 667 699 abest
691 672 713 698 a
737 659 840 698 Ven.
868 680 921 688 --
977 656 1006 697 l.
1033 656 1189 711 penult.
1215 655 1318 699 εἰσὶν
1341 657 1458 697 abest
1480 672 1503 697 a
1526 658 1628 698 Ven.
1656 681 1707 689 -
1765 658 1792 698 Ι.
1816 657 1889 698 ult.
1915 656 2052 711 κύριον

143 742 223 768 om.
257 729 360 768 Ven.

129 796 131 798 ’
253 799 384 854 Peg.
415 798 540 842 104.
597 797 686 838 1.1.
718 793 896 850 Χριστὸν
932 810 1010 837 om.
1046 797 1147 835 Ven.
1177 819 1232 826 —
1289 796 1315 836 l.
1343 795 1380 837 3.
1425 792 1512 850 μετ’
1554 792 1680 839 αὐτοῦ
1717 798 1819 837 Ven.
1848 817 1904 827 -—
1959 797 1987 837 l.
2010 796 2049 839 9.

142 862 263 923 ἤχθη
304 880 381 920 pro
420 866 588 922 ἐλήφθη
629 868 732 907 Ven.
761 889 817 898 -
873 865 900 905 1.
929 863 988 907 14.
1028 864 1181 908 παιδίω
1217 867 1317 906 Veu.
1350 889 1405 897 -—
1462 866 1488 906 l.
1516 865 1580 908 17.
1608 865 1675 908 ἐπὶ
1706 869 1785 920 τῆς
1809 862 2053 921 Ἰδουμαίας

141 939 244 977 Ven.
278 958 334 966 —
390 937 415 976 l.
437 937 502 978 21.
535 932 662 984 αὐτὸς
694 943 790 977 ante
825 932 1081 984 ῦπόσπονδος
1112 935 1227 975 abest
1257 949 1280 975 a
1309 937 1410 975 Ven.
1441 959 1493 965 -
1552 936 1578 976 l.
1598 937 1664 977 26.
1698 937 1868 990 Repone
1905 935 2049 990 φησὶν,

141 1006 250 1061 quod
290 1014 428 1046 tuetur
466 1007 588 1047 etiam
631 1009 733 1048 Ven.
762 1030 817 1038 —-
874 1006 900 1045 1.
922 1006 990 1048 31.
1035 1000 1188 1053 αὐτοὺς
1217 1019 1297 1045 om.
1325 1006 1427 1044 Ven.
1461 1028 1511 1035 —-
1571 1005 1596 1044 l.
1624 1004 1689 1046 29.
1721 1006 1855 1045 Verba
1885 1005 1957 1047 καὶ
1987 1001 2050 1048 ἐπ’

141 1073 258 1133 αὐτῷ
283 1100 308 1107 -
333 1100 359 1107 -
384 1100 410 1106 -
437 1072 532 1129 παρ’
556 1074 722 1124 αὐτοῖς,
766 1075 994 1129 ἐπληροῦτο
1025 1075 1172 1115 absunt
1196 1090 1219 1114 a
1247 1076 1349 1115 Ven.
1407 1074 1578 1128 Legitur
1616 1074 1722 1114 enim
1754 1075 1795 1114 in
1829 1090 1879 1115 eo
1907 1074 2050 1124 ἐθνῶν,

136 1142 336 1199 “Ηρώδην
373 1146 752 1199 παραδοκεῖν.πῶς
783 1145 829 1189 δὲ
872 1141 967 1199 παρ’
1006 1140 1148 1193 αὐτοῖς
1184 1144 1412 1198 ἐπληροῦτο
1456 1142 1529 1194 τὸ,
1573 1141 1816 1200 Ἐκοιμήθη
1848 1141 1907 1193 ὥς
1934 1146 2049 1188 λέων.

141 1218 184 1255 In
212 1230 303 1255 mea
328 1216 510 1256 editione
537 1215 743 1269 distingue
768 1212 1028 1270 Ἐκοιμήθη,
1059 1211 1155 1268 παρ’
1179 1210 1321 1263 αὐτοῖς
1344 1213 1586 1268 ἐπληροῦτο,
1619 1211 1678 1262 οἷς
1702 1214 1816 1257 λέων.
1845 1239 1902 1246 -
1957 1215 1984 1254 1.
2007 1217 2046 1256 5.

138 1286 189 1327 ab
213 1286 333 1326 infer.
360 1300 515 1340 repone
540 1283 667 1328 αῦτοῦ
696 1286 803 1339 ραντ,
835 1301 883 1324 ex
911 1285 1023 1325 libris
1053 1284 1238 1325 omnibus
1267 1299 1342 1338 pro
1370 1281 1519 1335 αὑτοῦ,
1565 1284 1676 1339 quod
1703 1285 1948 1338 typothetae
1973 1284 2050 1325 de—

139 1355 273 1397 betur.
306 1379 357 1387 -
414 1356 440 1396 l.
466 1353 504 1397 4.
547 1354 598 1395 ab
636 1355 756 1396 infer.
794 1350 817 1398 3
857 1355 981 1410 λέγω.
1026 1353 1156 1398 δώσει
1185 1356 1286 1396 Ven.
1314 1379 1368 1385 —-
1423 1355 1449 1395 l.
1492 1355 1647 1409 penult.
1690 1354 1793 1398 ἰδίου
1833 1354 2050 1411 βρώματος

138 1426 216 1480 τῆς
244 1427 346 1466 Ven.

249 1496 380 1553 Pag.
411 1497 537 1542 106.
594 1496 621 1536 1.
654 1493 697 1538 4.
739 1494 852 1535 Ferri
891 1503 1029 1549 potest
1067 1490 1213 1545 αῦταὶ,
1271 1494 1382 1550 quod
1420 1503 1560 1535 tuetur
1599 1493 1725 1535 etiam
1767 1496 1963 1536 Venetus.
1994 1518 2050 1526 --

140 1565 167 1604 l.
188 1565 226 1607 8.
256 1580 363 1614 τινες
390 1564 430 1609 ἐν
457 1564 606 1622 σπανία
631 1562 715 1619 εῦρ.
743 1567 847 1604 Ven.
881 1589 933 1595 -
991 1564 1016 1604 l.
1052 1565 1097 1606 11
1132 1573 1173 1605 et
1203 1565 1264 1606 12.
1295 1565 1465 1619 Repone
1498 1563 1821 1619 ῦπερκειμένης,
1865 1577 1940 1617 pro
1968 1578 2048 1619 quo

138 1634 250 1675 volui
278 1631 584 1692 ῦπερκειμένῳ,
630 1649 711 1675 non
742 1631 1074 1688 ῦπερκειμένοις,
1116 1643 1161 1683 ut
1190 1649 1424 1690 expressum
1453 1643 1526 1674 est.
1558 1659 1608 1665 —-
1669 1634 1696 1674 1.
1728 1631 1789 1675 14.
1821 1631 1946 1688 ληξάῖ
1976 1633 2048 1689 μὲν

137 1701 279 1753 αὐτοῖς
307 1702 330 1748 ὅ
359 1703 494 1760 μάγος
527 1701 608 1748 α’πὸ
639 1706 741 1745 Ven.
801 1704 906 1745 Mira
931 1705 1145 1759 scriptura.
1178 1729 1230 1735 -—-
1289 1705 1316 1746 1.
1341 1704 1405 1746 18.
1436 1704 1628 1759 φέρονται
1654 1704 1697 1747 αἱ
1723 1709 1835 1759 τρεῖς
1861 1706 1963 1745 Ven.
1995 1729 2048 1735 —-

137 1775 164 1815 l.
187 1774 253 1817 26.
287 1766 466 1829 Reponev
485 1774 557 1817 καὶ
587 1770 792 1828 ἀληθείας
822 1789 869 1814 ex
903 1775 1005 1815 Ven.
1035 1799 1089 1805 —
1146 1774 1173 1814 l.
1207 1774 1280 1815 ult.
1313 1776 1394 1818 εἴτε
1425 1771 1538 1818 οἷναλ.
1571 1777 1671 1815 Ven.

246 1846 377 1902 Peg.
398 1845 525 1889 108.
591 1844 618 1885 l.
649 1844 689 1883 9.
731 1841 856 1898 οἱγίας
892 1844 1122 1899 παρθένου,
1167 1844 1240 1887 καὶ
1276 1846 1378 1885 Ven.
1408 1869 1461 1876 —
1519 1845 1546 1885 l.
1576 1843 1639 1886 14.
1674 1839 1828 1894 ’Ἄννας
1859 1847 1961 1887 ven.
1992 1869 2046 1876 --

134 1915 162 1955 1.
193 1912 255 1957 17.
287 1913 479 1967 δευτέραν
506 1928 584 1954 om.
613 1915 714 1953 Ven.
745 1938 798 1946 —-
859 1914 960 1955 Ibid.
994 1916 1166 1971 βιθλεεμ
1189 1917 1290 1956 Ven.
1309 1947 1318 1964 ,
1351 1915 1410 1954 uti
1437 1916 1609 1970 saepius.
1641 1939 1696 1945 -—-
1752 1916 1778 1956 l.
1803 1915 1866 1957 18.
1898 1914 1945 1959 δὲ
1972 1931 2047 1958 κα-

134 1982 339 2039 ταχθέντα
372 1982 415 2026 ἐν
443 1983 554 2041 οἰκίᾳ
582 1985 683 2024 Ven.
712 2009 766 2015 —
825 1985 850 2025 l.
874 1984 934 2026 19.
971 1986 1139 2039 Repone
1177 1985 1333 2025 articul.
1375 1986 1454 2040 τῆς
1491 1994 1586 2025 ante
1629 1981 1759 2028 αὐτοῦ
1797 1983 2046 2040 γεννήσεως,

135 2054 203 2109 qui
243 2053 498 2094 desideratur
537 2054 658 2094 etiam
696 2055 736 2094 in
779 2054 875 2094 edit.
920 2056 1058 2094 Petav.
1100 2055 1245 2095 Colon.
1290 2064 1418 2110 repet.
1449 2080 1504 2086 —-
1561 2056 1586 2095 l.
1621 2056 1687 2096 20.
1718 2054 2050 2109 προςκυνηθέντα

135 2125 240 2164 Ven.
272 2148 319 2154 -
382 2122 408 2166 l.
432 2125 498 2166 22.
528 2124 844 2178 παραληθέντα,
891 2120 1166 2179 ἀποκριθέντα
1201 2139 1247 2167 τε
1274 2123 1393 2168 πάλιν
1422 2127 1522 2164 Ven.
1555 2150 1609 2156 --
1667 2126 1692 2165 1.
1717 2125 1782 2167 24.
1826 2125 1908 2168 ἔτει
1932 2126 2048 2166 abest

135 2208 158 2233 a
186 2195 289 2235 ven.
319 2218 372 2224 —
431 2194 458 2234 l.
487 2193 554 2236 26.
584 2198 619 2235 Α
650 2195 752 2234 Ven.
785 2195 900 2234 abest
933 2193 1015 2237 ἔτει
1040 2195 1125 2238 καὶ.
1156 2219 1212 2226 —-
1267 2195 1380 2237 ,1.28.
1424 2195 1558 2236 Verba
1588 2192 1723 2249 αὐτῆς
1750 2196 1822 2239 τοῦ
1848 2196 1995 2236 absunt
2023 2211 2047 2236 a

133 2265 235 2303 Ven.
264 2287 320 2295 -—
376 2264 402 2303 l.
423 2265 460 2305 5.
503 2264 554 2304 ab
581 2264 702 2304 infer.
743 2260 947 2319 Ἱ-Ιρώδης
983 2257 1102 2313 οὗτος
1138 2265 1199 2321 τῷ
1236 2266 1338 2306 Ven.
1369 2289 1423 2295 —
1480 2266 1505 2305 l.
1528 2263 1567 2306 4.
1599 2266 1648 2306 ab
1685 2265 1805 2305 infer.
1836 2265 1897 2321 τῷ
1930 2261 2046 2322 αὐτῷ

134 2333 251 2373 abest
281 2348 304 2373 a
333 2335 438 2375 Ven.
1063 2361 1066 2364 >

245 2402 375 2460 Pag.
401 2405 527 2448 11⁰.
582 2403 607 2443 1.
631 2405 668 2446 5.
699 2404 770 2447 τοῦ
800 2398 998 2458 ”Ηρῶδου
1031 2405 1146 2445 abest
1175 2419 1198 2445 a
1225 2406 1328 2446 Ven.
1359 2421 1416 2436 -’--
1471 2404 1500 2445 1.
1522 2405 1561 2446 8.
1591 2403 1692 2459 ὑπὲρ
1722 2403 1869 2460 ἡμῶν,
1917 2404 2046 2460 φησὶν

132 2470 163 2526 ἦ
188 2471 282 2514 θεία
307 2471 448 2526 γραφὴ
476 2475 580 2514 Ven.
609 2498 652 2503 —-
703 2475 732 2517 1.
760 2474 818 2516 16.
852 2471 953 2517 αὐτὸ
980 2474 1026 2517 τὸ
1053 2476 1133 2519 ἴδιο
1159 2475 1256 2530 (sic)
1284 2473 1581 2530 ἐνδυναμώσας
1603 2477 1721 2525 Ven„
1751 2476 1791 2515 in
1817 2489 1897 2530 quo
1924 2477 2046 2516 etiarn

132 2539 257 2582 verba
282 2541 341 2590 εἰς
366 2542 460 2596 μίαν
487 2540 661 2597 ἑνότητα
684 2544 824 2584 deesse
851 2545 1052 2584 videntur.
1080 2570 1135 2577 —
1191 2546 1219 2587 l.
1239 2546 1305 2588 23.
1337 2548 1414 2586 Pro
1442 2545 1765 2600 ἐπιζητουμένας
1789 2546 1830 2585 in
1854 2547 1956 2586 Ven.
1985 2554 2047 2586 est

132 2611 417 2666 πιστουμένας.
448 2637 501 2642 -
562 2613 661 2652 ibid.
694 2614 801 2669 δίψῃ
832 2616 933 2655 Ven.
965 2640 1016 2645 —
1075 2614 1189 2656 124.
1229 2615 1399 2670 Repone
1426 2613 1605 2668 δάκρυσι
1634 2631 1682 2655 ex
1712 2617 1814 2656 Ven.
1873 2618 1926 2656 Et
1955 2618 2043 2656 Bas.

131 2682 257 2722 habet
297 2680 487 2735 δακρύσι.
523 2708 573 2714 -
634 2683 660 2723 1.
681 2684 747 2725 26.
789 2680 993 2737 ἀληθείας
1020 2700 1055 2727 τ.
1091 2686 1127 2728 θ.
1158 2683 1333 2739 ἐνούσης
1362 2685 1403 2728 ἐν
1428 2687 1483 2741 τῇ
1514 2687 1613 2725 Ven.
1643 2710 1696 2716 —
1754 2685 1781 2725 1.
1813 2686 1967 2740 penult.
1995 2683 2042 2728 τὸ

133 2748 344 2806 ὁρώμενον
374 2753 476 2792 Veu.
509 2777 560 2783 —-
619 2753 646 2792 l.
676 2753 748 2792 ult.
782 2756 860 2793 Pro
890 2755 1059 2803 τελείως
1089 2770 1138 2794 ex
1168 2755 1258 2796 cod.
1294 2758 1393 2796 Ven.
1424 2755 1705 2810 reponendum
1734 2754 1974 2803 τελειώσας.

243 2821 374 2879 Peg.
398 2824 523 2866 112.
580 2823 606 2862 l.
629 2823 655 2863 3
680 2831 722 2861 et
747 2820 785 2863 4.
818 2825 952 2864 Verba
983 2824 1169 2868 τουτέστι
1199 2824 1480 2882 μεταβάλλετε
1509 2824 1561 2869 τὰ
1592 2825 1691 2880 ἔθνη
1720 2826 1867 2866 absunt
1892 2841 1914 2865 a
1941 2826 2043 2866 Ven.

131 2916 185 2922 —
214 2891 324 2931 l.2l.
355 2887 603 2940 ἀποστείλας
625 2890 672 2935 δὲ
696 2892 769 2934 καὶ
793 2895 893 2932 Ven.
920 2917 970 2924 -—
1028 2895 1113 2934 1.ὀ.
1146 2896 1196 2935 ab
1220 2895 1341 2936 infer.
1367 2895 1562 2951 συνεργὸς
1585 2891 1640 2939 ὢν
1666 2897 1738 2939 τοῦ
1765 2891 1908 2950 εῦαγγ.
1936 2892 2043 2949 ὁμοῦ

132 2977 170 3003 κ.
203 2956 433 3009 ἀπόστολος
473 2963 574 3002 ven.
606 2986 659 2992 —
716 2962 742 3001 1.
773 2963 832 3003 13.
875 2960 1286 3018 ἅπαριθμησοὶμενος.
1345 2966 1494 3008 Ταῦτα
1531 2966 1570 3009 ἔν
1605 2980 1708 3009 τισιν
1749 2962 1824 3008 οῦκ
1862 2964 2044 3020 ἔγκειται

131 3034 234 3072 Ven.
296 3034 410 3082 Quae
435 3031 588 3072 librarii
619 3031 825 3071 cuiusdam
850 3041 947 3073 nota
974 3033 1026 3073 ad
1056 3035 1359 3076 Nazarenorum
1398 3051 1501 3090 quae
1527 3037 1708 3091 sequitur
1732 3035 1918 3076 haeresin
1943 3050 2042 3089 per-

129 3099 261 3142 tinere
289 3102 466 3143 videtur.
498 3126 551 3133 -
608 3102 633 3141 1.
662 3104 725 3142 15.
771 3101 1098 3156 Χριστιανισμός
1124 3099 1234 3146 οῦτω
1268 3105 1442 3159 κληθεὶς
1468 3105 1507 3148 ἐν
1535 3103 1595 3149 ὄλ.
1626 3121 1691 3162 χρ.
1720 3103 1798 3148 ὑπὸ
1827 3101 2040 3148 Ἰουδαίων

130 3171 202 3214 καὶ
228 3168 294 3215 ὑπ’
324 3168 460 3214 αὐτῶν
498 3186 533 3214 τ.
565 3167 659 3220 dm,
702 3173 735 3213 λ.
767 3171 826 3213 Π.
853 3168 900 3213 Ἰ,
928 3187 963 3213 τ.
990 3173 1042 3214 Ν.
1071 3169 1109 3216 οἷ.
1139 3170 1482 3229 ἀποδεδειγμένον
1520 3175 1591 3219 καὶ
1626 3175 1678 3218 τὰ
1718 3175 1818 3230 ἑξῆς
1861 3175 2040 3229 (reliquis

132 3241 311 3296 omissis)
342 3244 444 3282 Ven.
476 3264 532 3271 —-
588 3242 614 3280 l.
647 3242 900 3295 antepenult.
930 3242 1022 3296 περὶ
1052 3237 1109 3296 ἧς
1137 3244 1232 3285 καθ.
1264 3246 1368 3285 Ven.
1446 3279 1449 3282 ,
2082 3235 2086 3239 ,

242 3313 373 3368 Pag.
400 3313 525 3356 116.
583 3312 608 3351 l.
628 3313 665 3353 5.
698 3311 841 3354 Γιθῶν
868 3313 968 3351 Ven.
998 3335 1054 3342 --
1110 3313 1135 3352 l.
1157 3313 1194 3355 7.
1232 3315 1334 3355 Cod.
1362 3317 1465 3356 Ven.
1492 3330 1574 3356 non
1601 3312 1881 3370 οἶδιαῳρονίαν,
1913 3323 1956 3355 ut
1982 3316 2039 3356 le-

131 3380 240 3435 gitur
269 3381 309 3420 in
337 3382 632 3430 annotatione,
664 3382 738 3421 sed
763 3378 985 3435 ἀδιάφορον
1014 3382 1147 3422 habet.
1180 3408 1231 3414 -
1289 3384 1316 3423 1.
1342 3383 1401 3425 19.
1434 3384 1545 3439 παρὰ
1570 3386 1694 3425 habet
1722 3385 1844 3425 etiam
1862 3387 1965 3426 Ven.
1983 3411 2040 3416 --

129 3451 156 3491 l.
178 3452 227 3492 21
261 3460 302 3490 et
327 3452 395 3492 22.
429 3452 816 3506 μεμαθητευμένοις
840 3454 940 3493 Ven.
966 3477 1020 3483 —
1077 3453 1105 3492 l.
1129 3451 1195 3494 24.
1229 3452 1455 3508 ἐκτίθησαν
1483 3457 1583 3496 Ven.
1614 3480 1668 3486 -—
1725 3453 1810 3497 1.4.
1842 3456 1893 3496 ab
1917 3456 2036 3497 infer.

127 3515 261 3574 ὄνομα
292 3517 393 3563 εἶναι
426 3508 509 3572 {E}
570 3521 657 3564 Καὶ
687 3523 786 3562 Ven.

241 3590 371 3646 Pag.
398 3592 523 3636 118.
580 3592 606 3632 l.
637 3595 651 3633 l
686 3601 727 3631 et
758 3593 818 3632 12.
849 3591 1132 3635 Καυλαυκαυκ
1154 3595 1255 3634 Ven.
1285 3617 1338 3623 —
1397 3595 1422 3634 l.
1444 3595 1480 3635 2.
1512 3591 1723 3649 ὀνομάτων
1754 3594 2036 3652 εἰςηγησοὶμε-

130 3675 217 3709 νος,
262 3659 425 3714 reliquis
468 3661 649 3716 omissis,
695 3664 887 3702 Venetus.
925 3687 970 3692 —-
1029 3663 1054 3702 l.
1072 3662 1111 3704 9.
1159 3664 1349 3720 βαρβερῶ
1389 3666 1483 3704 Ben.
1516 3690 1569 3696 ——
1626 3666 1652 3706 l.
1684 3667 1744 3709 17.
1786 3663 2037 3722 ἀπαγορεύει

131 3732 234 3770 Ven.
266 3753 321 3759 —
378 3729 402 3770 1.
421 3730 487 3771 29.
521 3731 710 3775 ἔκτισθαι
737 3735 839 3772 Ven.
870 3756 922 3763 ——
979 3732 1006 3772 1.
1027 3733 1094 3775 30.
1128 3730 1253 3776 αὐτοῦ
1286 3749 1364 3777 om.
1395 3737 1496 3777 Ven.
1528 3760 1582 3766 —
1638 3737 1664 3776 l.
1685 3737 1751 3780 33.
1781 3734 2032 3797 ἐνδυόμενον.

132 3799 267 3844 Τοῦτο
296 3797 375 3855 γὰρ
406 3801 534 3857 φησὶν
565 3801 632 3847 ἐπὶ
660 3802 914 3848 τετελεκέναι
941 3804 1043 3846 Ven.
