2508 4134
254 590 338 627 pag.
361 579 455 614 1096.

229 3160 315 3197 pag.
337 3149 433 3187 109⁷.

476 211 579 262 514
1188 220 1391 262 SANCTI
1422 223 1704 264 EPIPHANII

476 316 679 383 πνεῦμα
717 314 812 368 οὐκ
851 314 1105 385 ἀλλότριον
1140 316 1327 386 πατρὸς
1362 319 1448 371 καὶ
1483 321 1625 383 υἷοῦ,
1679 313 1833 372 οὖσαν
1871 320 1924 372 δὲ
1968 318 2043 373 dez
2082 319 2170 388 τὴν
2207 320 2399 392 τριάδα,

476 402 560 454 καὶ
587 401 828 468 μηδέποτε
855 399 1147 470 προςθήκης
1177 403 1517 471 ἐπιδεομένην,
1570 403 1637 472 μὴ
1663 407 1868 472 ἔχουσαν
1898 405 1952 457 δέ
1977 426 2023 457 τι
2047 407 2099 458 ἐν
2124 406 2252 480 αὐτῇ
2277 405 2402 460 ὑπο-

475 483 717 553 βεβηκὸς,
771 487 839 547 εἰς
880 488 996 553 μίαν
1025 486 1078 539 δὲ
1107 485 1307 555 ἑνότητα
1334 489 1418 540 καὶ
1460 494 1482 525 ³
1501 492 1619 556 μίαν
1656 487 1812 559 ἀρχὴν
1842 494 1930 541 τοῦ
1957 495 2084 542 θεοῦ
2109 492 2193 543 καὶ
2218 489 2403 561 πατρός

483 571 821 641 ἀναγομένην,
873 573 957 624 καὶ
998 573 1052 624 ἐκ
1066 570 1257 651 ἰνταύτης
1284 578 1370 640 τῆς
1398 572 1596 644 τριάδος
1635 572 1821 643 πατρὸς
1860 575 1943 626 καὶ
1981 576 2095 627 υἱοῦ
2132 578 2217 629 καὶ
2259 575 2401 647 άγίου

474 657 753 723 πνεύματος
793 654 853 708 τά
894 654 1057 709 πάντα
1103 660 1427 722 4κεκτίσθαι,
1483 657 1576 711 οῦκ
1619 656 1736 711 ὄντα
1769 659 1912 723 ποτὲ,
1963 656 2310 715 οῦτεσυνόντα
2334 667 2417 734 τςῖ

473 747 603 814 θεῷ,
644 739 755 794 οὕτε
778 739 1188 811 προϋπάρξαντα,
1239 742 1470 812 γινόμενα
1500 743 1551 795 δὲ
1587 745 1635 806 ἐξ
1670 740 1764 795 οῦκ
1794 741 1950 797 ὅντων
1976 746 2045 807 εἰς
2067 744 2122 799 τὸ
2149 743 2272 799 εἶναι
2298 744 2399 799 ἀπὸ

473 825 662 895 πατρὸς
686 828 772 880 καὶ
810 829 926 880 υἱοῦ
963 828 1049 879 καὶ
1090 824 1233 897 οἳγίου
1276 826 1580 895 πνεύματος·
1617 822 1719 880 ’καὶ
1757 833 1934 881 τοῦτον
1972 826 2058 882 τὸν
2092 832 2279 902 πατέρα
2314 832 2400 884 καὶ

473 910 588 965 υἴὸν
633 913 718 965 καὶ
758 911 899 982 ἅγιον
936 917 1131 980 πνεῦμα
1175 920 1277 974 τοῖς
1320 912 1476 965 αὐτοῦ
1518 909 1677 981 άγίοις
1712 914 1798 965 καὶ
1838 911 1924 965 ἀπ’
1960 916 2140 978 αἰῶνος
2167 915 2400 979 καταξιώ-

473 1015 625 1049 σαντα
653 999 705 1050 ἐν
734 994 988 1060 ὄπτασίαις
1018 1003 1267 1065 φανῆναι,
1304 996 1533 1067 καθάπερ
1562 995 1780 1064 ἠδύνατο
1815 998 2016 1061 ἕκαστος
2042 1007 2238 1069 χωρεῖν,
2276 999 2402 1053 κατὰ

473 1080 526 1136 τό
553 1080 765 1153 χάρισμα
803 1080 956 1135 αὐτοῦ
985 1081 1068 1136 διά
1097 1089 1184 1150 τῆς
1211 1081 1471 1150 θεότητος,
1524 1081 1646 1152 ὅπερ
1679 1084 1916 1152 ἐχαρίζετο
1957 1083 2144 1157 ἑκάστῳ
2184 1091 2282 1138 τῶν
2313 1109 2400 1139 κα-

471 1169 829 1236 ταξιουμένων,
886 1167 957 1235 πῆ
1001 1168 1089 1235 μὲν
1127 1169 1312 1237 πατέρα
1353 1165 1669 1232 θεάσασθαι,
1728 1167 1903 1231 καθώς
1937 1169 2155 1238 ἠδύνατο
2199 1172 2402 1233 ἕκαστος

471 1253 686 1306 ἀκοῦσαι
725 1258 813 1321 τῆς
858 1259 1031 1320 φωνῆς
1070 1252 1255 1318 αὐτοῦ,
1308 1250 1376 1315 οἷς
1415 1251 1606 1322 ἐχώρει’
1660 1250 1726 1315 ὥς
1764 1255 1816 1306 ἐν
1845 1254 2045 1322 στόματι
2075 1263 2165 1309 τοῦ
2195 1253 2398 1310 Ἡσαΐου

469 1340 652 1409 ἔλεγεν,
690 1336 848 1403 Ἰδοῦ,
905 1337 1104 1405 συνήσει
1130 1335 1158 1391 ὅ
1188 1345 1306 1400 παῖς
1332 1361 1428 1407 μου
1459 1337 1489 1392 ὁ
1515 1337 1788 1409 ἀγαπητός·
1842 1346 1985 1394 τοῦτο
2016 1340 2162 1409 φωνὴ
2188 1339 2399 1412 πατρός·

472 1425 555 1477 καὶ
589 1421 656 1486 ὥς
687 1421 716 1477 ὁ
743 1422 931 1491 Δανιὴλ
963 1421 1061 1476 εἶδε
1101 1421 1187 1476 τὸν
1224 1423 1435 1478 παλαιόν
1473 1430 1572 1477 τῶν
1605 1422 1826 1493 ἡμερῶν·
1880 1432 2025 1479 τοῦτο
2069 1424 2277 1480 όπτασία
2309 1432 2400 1480 τοῦ

473 1509 674 1579 πατρός.
746 1507 831 1571 Ὡς
856 1509 909 1561 δὲ
933 1510 984 1561 έν
1015 1515 1081 1581 τῷ
1107 1508 1342 1583 προφήτῃ
1385 1508 1562 1575 πάλιν,
1610 1508 1732 1580 Ἐγώ
1762 1507 1958 1579 ὁράσεις
1983 1509 2266 1579 ἔπλήθυνα,
2316 1512 2399 1564 καὶ

470 1596 522 1648 έν
551 1596 682 1664 χερσὶ
713 1600 988 1664 προφητῶν
1017 1592 1306 1662 ὦμοιῶθηυ·
1357 1602 1502 1669 τοῦτο
1544 1594 1687 1663 φωνὴ
1717 1598 1856 1648 υἱοῦ·
1907 1593 1975 1658 ὦς
2006 1597 2060 1649 δὲ
2091 1598 2143 1650 ἐν
2164 1593 2398 1665 Ἰεζεκιήλ,

471 1681 575 1732 Καὶ
622 1681 765 1747 ἔλαβέ
804 1700 860 1747 με
900 1686 1093 1747 πνεῦμα
1133 1687 1288 1746 θεοῦ,
1341 1683 1424 1734 καὶ
1467 1682 1660 1748 ἐξέβαλέ
1705 1702 1762 1748 με
1808 1683 1876 1743 εἰς
1911 1680 1965 1734 τὸ
2008 1685 2199 1735 πεδίον·
2252 1688 2397 1736 τοῦτο

467 1767 579 1836 περὶ
614 1763 757 1835 άγίου
794 1764 1086 1833 πνεύματος.
1163 1768 1264 1818 Καὶ
1303 1764 1459 1819 πολλοὶ
1500 1768 1600 1819 ἔστι
1636 1773 1837 1820 τοιαῦτα
1874 1768 2054 1837 λέγειν,
2109 1760 2181 1820 οἷν
2219 1766 2399 1836 ὀλίγων

467 1849 569 1904 ἆπὸ
615 1852 794 1919 μέρους
839 1851 1140 1919 μνησθέντες
1179 1854 1229 1905 ἐν
1268 1854 1565 1925 παραδρομῇ
1606 1854 1675 1914 εἰς
1714 1850 1768 1905 τὸ
1809 1855 1964 1916 δεῖξαι
2004 1850 2090 1906 τόν
2120 1857 2399 1923 χαρακτῆρα

464 1940 552 2004 τῆς
578 1938 832 2004 ἐκκλησίας
860 1935 918 1989 τοὶ
948 1935 1039 1990 δύο
1084 1935 1277 2006 ῥήματα
1309 1939 1663 2008 παρεθέμεθα,
1720 1941 1908 2007 μυρίων
1947 1936 2124 2005 ὅντων,
2176 1940 2259 1991 καὶ
2289 1939 2396 1992 έπέ-

463 2043 621 2090 κεινα,
679 2028 776 2075 τῶν
820 2019 1007 2090 ὁμοίων
1041 2021 1228 2076 τούτων
1265 2024 1316 2076 ἐν
1354 2030 1461 2085 ταῖς
1498 2026 1661 2084 θείαις
1701 2030 1939 2093 γραφαῖς,
1986 2028 2196 2084 παλαιᾶς
2230 2043 2281 2076 τε
2309 2024 2393 2075 καὶ

465 2114 641 2177 καινῆς
687 2104 963 2175 διαθήκη“ς,
1023 2109 1383 2177 ἐμφερομένων.
1462 2110 1560 2160 Καὶ
1599 2107 1676 2160 ὅτι
1716 2106 1865 2169 αὐτὸς
1911 2106 2084 2178 κύριος
2124 2110 2299 2162 ἔπλασε
2336 2105 2393 2161 τὸ

467 2199 608 2259 σῶμα
648 2199 717 2265 τῷ
741 2191 927 2260 Ἀδάμ,
978 2195 1063 2246 καὶ
1102 2194 1389 2246 ἐνέπνευσεν
1433 2195 1484 2246 έν
1515 2192 1650 2265 αὐτῷ
1676 2192 1836 2260 πνοήν
1865 2198 2016 2260 ζωῆς,
2067 2197 2234 2256 κτίσας
2262 2193 2399 2266 αὐτῷ

465 2277 635 2347 ψυχὴν
673 2284 858 2343 ζῶσαν,
908 2280 992 2331 καὶ
1032 2277 1107 2332 ὅτι
1149 2276 1299 2339 αὐτός
1343 2279 1525 2331 δέδωκε
1567 2277 1653 2332 τὸν
1690 2278 1846 2346 νόμον
1885 2284 1954 2351 τῷ
1980 2285 2182 2352 Μωϋσῇ
2221 2276 2250 2332 ὅ
2274 2277 2396 2340 θεὸς

464 2362 627 2434 πατὴρ
659 2366 744 2417 καὶ
777 2362 888 2425 υἱός
918 2366 1002 2417 καὶ
1040 2363 1182 2433 ἅγιον
1214 2369 1431 2431 πνεῦμα,
1483 2360 1518 2430 ἡ
1544 2367 1630 2432 μία
1659 2364 1860 2432 θεότης,
1911 2365 1991 2417 καὶ
2021 2362 2097 2417 ὅτι
2123 2367 2175 2417 οἷ
2197 2364 2395 2433 προφῆ-

461 2470 543 2502 ται
566 2447 667 2502 ὖπὸ
694 2455 782 2516 τῆς
810 2446 963 2516 αὐτῆς
986 2446 1225 2515 θεότητος
1252 2447 1616 2516 ἀπεστάλησαν,
1669 2451 1752 2502 καὶ
1782 2447 1859 2502 ὅτι
1894 2448 2042 2511 αὐτὸς
2074 2445 2190 2517 ἡμῖν
2217 2447 2247 2503 ό
2273 2448 2396 2514 θεὸς

465 2531 495 2587 ὅ
523 2533 782 2587 Ἰουδαίων
820 2555 868 2586 τε
907 2535 993 2587 καὶ
1034 2539 1344 2603 Χριστιανῶν
1381 2532 1449 2587 ὢν
1488 2533 1637 2599 θεὸς,
1677 2535 1959 2597 Ἰουδαίους
1996 2555 2046 2587 τε
2084 2536 2290 2596 καλέσας
2329 2537 2396 2597 είς

463 2622 745 2683 δικαίωσιν,
796 2617 912 2681 τοῦς
943 2617 1011 2686 μὴ
1041 2617 1374 2689 ἀρνουμένους
1415 2623 1504 2688 τήν
1543 2618 1699 2688 αὐτὴν
1735 2626 1825 2686 τοῦ
1855 2624 2031 2690 κυρίου
2070 2617 2210 2688 ἡμῶν
2234 2618 2395 2688 Ἰησοῦ

463 2707 765 2775 παρουσίαν,
814 2705 900 2757 καὶ
943 2703 1130 2765 πάντας
1161 2703 1396 2768 σώζοντος
1431 2705 1548 2767 τούς
1585 2704 1712 2759 κατά
1741 2704 1830 2774 τήν
1858 2704 2106 2774 ἀληθινήν
2136 2705 2290 2759 αὐτοῦ
2317 2708 2394 2759 πί·-

463 2807 568 2842 στιν
594 2793 854 2857 βιοῦντας,
892 2791 974 2842 καὶ
1004 2788 1069 2857 μὴ
1095 2787 1435 2860 οἷρνουμένους
1460 2790 1551 2859 τῆν
1579 2790 1823 2859 ἀλήθειαν
1854 2797 1943 2844 τοῦ
1967 2790 2282 2861 κηρύγματος
2307 2797 2393 2860 τῆς

464 2875 704 2943 ἀληθινῆς
731 2873 1039 2945 εὖαγγελικῆς
1066 2874 1220 2928 αὐτοῦ
1261 2879 1586 2939 διδασκαλίας.
1650 2871 1808 2930 ςΗλθε
1839 2875 1960 2947 γάρ,
2011 2871 2166 2944 ἦλθεν
2191 2873 2221 2929 ὅ
2249 2897 2393 2943 μονο-

463 2960 627 3032 γενής·
666 2962 749 3014 καὶ
777 2959 936 3022 οὕτως
967 2962 1061 3028 ἔχει
1093 2958 1126 3028 ἡ
1157 2961 1314 3032 μήτηρ
1349 2960 1492 3030 ἡμῶν
1522 2965 1778 3030 ἐκκλησία,
1828 2959 1858 3015 ό
1881 2960 2027 3030 λιμήν
2057 2960 2086 3015 ὁ
2113 2958 2278 3023 εὔδιος
2307 2967 2392 3029 τῆς

464 3045 687 3115 εἰρήνης,
739 3043 772 3113 ἡ
798 3043 1039 3116 εὖφρασία
1070 3044 1102 3114 ἦ
1128 3049 1346 3100 πνέουσα
1383 3046 1474 3115 τῆν
1503 3054 1526 3084 ⁵
1546 3047 1729 3118 κύπριν
1773 3054 1861 3115 τῆς
1901 3045 2147 3115 άμπέλου,
2196 3048 2279 3098 καὶ
2306 3044 2391 3114 βό·

465 3153 586 3202 τρυν
616 3132 839 3203 φέρουσα
865 3128 983 3199 ἡμῖν
1020 3138 1107 3199 τῆς
1132 3130 1354 3202 εὐλογίας
1365 3175 1378 3198 ,
1429 3134 1513 3186 καὶ
1543 3132 1597 3186 τὸ
1624 3137 1887 3186 λυσίπονον
1923 3129 2043 3200 ἡμῖν
2073 3129 2248 3198 6πόμα
2273 3128 2391 3187 καθ’

463 3215 674 3284 ἑκάστην
709 3214 898 3286 ἡμέραν
935 3214 1057 3284 αἷμα
1098 3223 1317 3287 Χριστοῦ
1353 3220 1667 3289 χαριζομένη,
1704 3216 1918 3289 ἄκρατον
1930 3259 1944 3285 ,
1983 3215 2182 3283 ἀληθές.

518 3359 558 3402 3.
591 3360 687 3415 μίαν
717 3364 846 3402 omiss.
877 3364 918 3403 in
947 3364 1031 3404 cod.
1064 3364 1222 3414 Rhediy.
1508 3359 1545 3404 4.
1578 3362 1799 3406 κέκτισὲεαι
1836 3363 1948 3403 codd.
1979 3373 2068 3402 mss.
2111 3365 2146 3401 et
2175 3362 2233 3401 ed.
2262 3363 2386 3412 princ.

1453 3420 1690 3474 κεκτῆσθαι
1717 3422 1827 3461 habet
1855 3430 1992 3469 maryo
2020 3419 2109 3459 edit.
2138 3419 2271 3458 Petav-
