2508 4134
458 242 561 295 258
1175 249 1380 292 SANCTI
1409 251 1691 293 EmPHANn

461 351 563 402 Καὶ
592 345 745 415 πολλὴ
773 348 906 400 ἔσται
930 344 964 414 ἡ
990 351 1081 400 τοῦ
1117 349 1287 415 βυθοῦ
1313 354 1400 415 τῆς
1439 346 1630 416 πλάνης
1668 344 1702 414 ἦ
1737 350 2052 417 ματαιολογία
2080 352 2179 403 τῶν
2205 348 2391 418 νοημά-

459 455 583 498 των,
622 439 711 500 τῆς
736 435 959 494 διανοίας
981 433 1152 499 μηκέτι
1177 430 1545 500 εὕσταμθούσης,
1584 429 1704 486 ἀλλά
1728 432 2011 500 πληρούσης
2035 430 2091 487 vd
2117 436 2389 503 εἰρημένον,

449 517 847 589 Ἐμωράνθησαν
892 520 944 571 οἱ
981 520 1151 570 δοῦλοι
1189 523 1278 571 τοῦ
1319 523 1470 582 θεοῦ,
1532 518 1616 571 καὶ
1660 515 1931 588 ἐμωράνθη
1974 523 2074 580 πᾶς
2113 516 2390 590 ἅνθρωπος

455 601 558 658 ἀπὸ
589 603 826 674 γνώσεως.
907 600 981 655 Οὐ
1007 600 1100 672 γάρ
1124 624 1199 664 τις
1224 603 1381 675 ἑαυτῷ
1404 609 1460 676 ζῇ
1476 645 1489 668 ,
1527 600 1642 656 οὐδὲ
1669 604 1828 675 ἑαυτῷ
1851 600 2176 671 ἀποθνήσκει.
2254 604 2392 659 Οὗδέ

453 712 528 752 τις
568 687 807 759 γνώσεται
841 685 986 741 οὐδὲν
1025 687 1178 757 πάρεξ
1221 694 1308 741 τοῦ
1349 694 1501 752 θεοῦ,
1553 694 1642 741 τοῦ
1684 686 2108 755 ἀποκαλύψαντος
2147 687 2391 759 ἧμῖνητήν

456 773 704 842 ἀληθινὴν
727 778 888 827 πίστιν
911 770 1084 838 αὐτοῦ,
1121 774 1362 843 λέγοντος,
1406 766 1566 835 Οὗτός
1591 775 1722 826 ἐστιν
1749 770 1777 827 ὁ
1798 771 1908 835 υἱός
1935 794 2032 841 μου
2062 771 2091 828 δ
2119 772 2389 846 ἀγαπητὸς,

452 861 538 914 καὶ
569 858 723 913 αὐτοῦ
766 858 997 923 ἀκούετε,
1047 859 1134 912 καὶ
1171 864 1262 911 τοῦ
1300 860 1350 921 ἐξ
1382 855 1537 911 αὐτοῦ
1571 859 1924 928 γεγεννημένου
1968 858 2392 926 ἀπακαλύψαντος

452 943 572 1014 ’ἡμῖν
597 943 684 998 τόν
710 945 901 1018 πατέρα
923 942 1103 1007 αὐτοῦ,
1154 945 1239 996 καὶ
1267 945 1522 1013 λέγοντος,
1569 940 1692 1013 Ἐγώ
1728 945 1783 996 ἐκ
1810 949 1900 996 τοῦ
1941 943 2129 1014 πατρὸς
2163 946 2389 1013 ἐξῆλθον,

239 1047 326 1085 1³³ss-
348 1037 424 1074 952.
456 1033 540 1085 καὶ
578 1030 700 1099 ἥκω.
795 1031 894 1082 Καὶ
932 1028 1043 1083 οὔτε
1081 1027 1182 1082 ἀπὸ
1222 1028 1491 1096 ὀνομασίας
1531 1026 1821 1098 ἀνθρώπων
1858 1028 1913 1082 τό
1952 1028 2248 1100 ἀσύγκριτον
2286 1031 2391 1099 ἔσχε

451 1115 603 1181 θεὸς,
644 1114 758 1169 οὔτε
785 1113 868 1168 διά
893 1113 947 1167 τὸ
980 1112 1276 1184 ἀσύγκριτον
1302 1111 1335 1182 ἦ
1365 1111 1476 1177 ἀξία
1505 1120 1592 1168 τοῦ
1621 1111 1864 1181 ἀληθινοῦ
1897 1115 2232 1170 ἐνυποστάτου
2263 1121 2390 1169 θεοῦ

451 1201 603 1273 λόγου
647 1203 732 1255 καὶ
770 1202 825 1255 ἐκ
860 1199 1047 1270 πατρὸς
1084 1198 1309 1269 ἀνάρχως
1340 1196 1618 1266 όμοουσίως
1652 1201 2006 1269 γεγεννημένου
2043 1199 2390 1272 παρεκτραπή-

454 1308 612 1353 σεται,
651 1292 677 1324 4
696 1285 809 1340 οὔτε
840 1284 1084 1355 ὁποτέρου
1117 1291 1215 1337 τῶν
1245 1283 1506 1352 ὀνομάτων
1531 1283 1672 1354 χάριν
1699 1287 1891 1352 ἔχοντος
1918 1287 2159 1349 ἐπινοίαις
2190 1285 2391 1357 ἀνθρώ-

450 1395 574 1427 πων.
653 1370 811 1426 Οὐδὲν
850 1371 943 1442 γάρ
985 1370 1408 1440 προςλαμβάνεται
1443 1368 1498 1422 vd
1526 1377 1669 1422 θεῖον
1701 1369 1980 1437 ἀξιώματος
2011 1370 2046 1440 ἢ
2081 1371 2389 1442 προςθήκης,

450 1457 572 1512 αὐτὸ
597 1458 651 1511 δὲ
680 1456 773 1511 5τὸ
799 1465 942 1510 θεῖον
972 1462 1093 1509 πᾶσι
1120 1457 1316 1525 παρέχει
1342 1458 1395 1509 ἐκ
1423 1460 1511 1509 τοῦ
1537 1452 1692 1509 αὐτοῦ
1716 1454 2060 1525 πληρώματος,
2099 1455 2173 1511 ἀεὶ
2200 1459 2253 1517 ἐν
2274 1479 2390 1511 vav·

449 1543 614 1612 τότητι
654 1544 915 1612 μένοντος,
969 1543 1054 1596 καὶ
1085 1539 1152 1610 μή
1181 1542 1563 1608 ἐλαττουμένου,
1615 1538 1712 1593 ἀλλ’
1742 1543 1794 1595 ἐν
1821 1547 1881 1616 τῇ
1915 1545 2017 1616 ἰδίᾳ
2047 1544 2287 1615 φέροντος
2312 1539 2390 1596 ἀεὶ

449 1622 722 1703 οὐσίᾳτοῦ
764 1627 1011 1697 ὀνόματος
1046 1629 1131 1681 καὶ
1169 1626 1428 1695 δυνάμεως
1463 1627 1551 1679 καὶ
1586 1623 1761 1689 οὐσίας
1794 1626 1848 1681 vd
1890 1627 2096 1697 ἀξίωμα.

593 1883 781 1939 Ἀετίου
810 1883 981 1951 κεφάλ.
1006 1883 1083 1955 ιγ’.
1124 1886 1195 1937 Εἰ
1222 1886 1410 1948 ἔξωθεν
1438 1885 1783 1954 ἐπιθεωρεῖται
1814 1888 1882 1957 τῷ
1910 1892 2017 1958 θεῳ
2057 1882 2148 1939 lvd
2187 1882 2389 1956 ἀγέννη-

449 1994 552 2038 τον,
607 1974 658 2025 οἰ
687 1969 1111 2041 ἐπιθεωρήσαντες
1138 1976 1227 2024 τοῦ
1257 1970 1691 2039 ἐπιθεωρηθέντος
1712 1971 1833 2023 εἰσὶν
1857 1967 2120 2038 ἀμείνους,
2169 1977 2388 2042 κρεῖττον

450 2056 608 2127 ὄνομα
636 2062 723 2124 τῆς
749 2055 948 2124 φύσεως
985 2054 1119 2128 αύτῷ
1156 2054 1493 2126 πορισάμενοι.

586 2140 776 2213 Ἀνατρ.
809 2140 1045 2209 Ἀμείνων
1068 2140 1234 2203 οὐδεὶς
1255 2148 1399 2206 θεοῦ,
1437 2138 1564 2209 πρός
1586 2137 1771 2194 Ἀέτιόν
1794 2162 1881 2208 μοι
1902 2138 2094 2209 ἦλέξις,
2118 2138 2206 2194 τὸν
2227 2139 2387 2203 οὕτως

445 2227 815 2296 ἐπινενοηκότα.
852 2225 937 2290 Ὡς
963 2230 1055 2295 ἔχει
1082 2224 1115 2295 ἦ
1142 2224 1367 2295 ἀλήθεια.
1412 2231 1533 2288 Πῶς
1558 2225 1649 2296 γάρ
1679 2223 1892 2294 ἀμείνων
1916 2232 2044 2281 θεοῦ
2070 2229 2146 2294 εἴη
2173 2247 2261 2291 τις,
2287 2231 2388 2279 τῶν

447 2314 648 2368 πάντων
674 2315 729 2366 ἐκ
756 2319 880 2367 θεοῦ
907 2311 962 2365 τὸ
995 2310 1120 2365 εἶναι
1147 2310 1425 2379 εἰληφότων
1435 2335 1450 2376 3
1524 2315 1705 2364 Αἰτίου
1743 2312 1796 2365 δὲ
1838 2309 1982 2375 ὄντος
2013 2318 2103 2366 τοῦ
2133 2317 2260 2366 θεοῦ
2287 2315 2386 2365 τῶν

444 2397 529 2453 ’ὕπ’
568 2397 724 2452 αὐτοῦ
764 2400 1091 2473 κεκτισμένων
1126 2403 1334 2467 λογικῶν
1360 2418 1410 2450 τε
1437 2399 1521 2451 καὶ
1548 2396 1771 2467 ἀλόγων,
1826 2395 2021 2467 ὁρατῶν
2044 2418 2094 2451 τε
2121 2399 2204 2451 καὶ
2233 2396 2384 2467 ἀορά·

444 2508 572 2548 των,
611 2482 830 2552 ἀμείνων
855 2481 1006 2545 αὐτός
1033 2485 1130 2536 ἐστι
1158 2482 1295 2553 παρά
1321 2480 1537 2548 πάντας,
1576 2481 1672 2536 κάν
1696 2503 1746 2536 τε
1768 2485 1821 2554 οἷ
1842 2484 2031 2553 λογικοὶ
2059 2485 2280 2545 διανοίας
2307 2483 2383 2553 γέ-

445 2592 610 2624 νοιντο
653 2569 816 2640 ὀρθῆς
858 2571 926 2631 εἰς
967 2568 1239 2637 εὐσέβειαν,
1293 2574 1382 2622 τοῦ
1423 2572 1663 2639 γεραίρειν
1704 2566 1758 2621 τό
1801 2566 2002 2637 ἀμεινον
2043 2567 2143 2622 ἀπό
2184 2570 2381 2646 μέρους,

447 2656 571 2724 μηδὲ
600 2654 725 2718 ὅλως
754 2661 852 2708 τῶν
880 2653 1079 2708 πάντων
1108 2652 1368 2708 ἐπιτοαυτὸ
1399 2656 1772 2723 συναχθέντων,
1823 2656 1907 2708 καὶ
1941 2658 2132 2725 μυρίων
2158 2656 2383 2708 ἐπέκεινα

448 2742 842 2809 διανενοημένων
873 2738 999 2810 πρὸς
1037 2740 1196 2809 ῦμνον
1231 2746 1361 2793 θεοῦ
1385 2742 1747 2794 ἐπεκτείνεσθαι
1779 2742 2069 2809 δυναμένων
2108 2738 2207 2793 2τό
2236 2759 2286 2792 τε
2310 2740 2382 2794 τέ-

444 2833 576 2880 λειον
601 2832 688 2894 τῆς
715 2825 870 2894 αὐτῆς
896 2825 1044 2894 δόξης
1071 2828 1123 2879 ἐν
1160 2827 1355 2888 ἑαυτοῖς
1391 2828 1717 2896 ἐμπεριέχειν,
1767 2823 2165 2897 ύπερβαινούσης
2194 2824 2273 2879 ἀεὶ
2293 2831 2382 2894 τῆς

446 2911 710 2978 ἀμείνονος
733 2917 832 2965 τῶν
857 2909 1247 2980 ύποβεβηκότων
1273 2909 1362 2979 τὴν
1390 2914 1610 2978 ἔννοιαν,
1663 2910 1758 2966 κάν
1784 2932 1832 2965 τε
1858 2909 1983 2964 κατά
2010 2910 2246 2980 δύναμιν,
2294 2912 2381 2965 καὶ

443 2995 570 3067 ὑπὲρ
607 2996 846 3065 δύναμιν,
899 2995 1026 3067 πρός
1065 2995 1358 3067 ὖμνολογίαν
1406 3000 1813 3052 θέπεκτείνωνται
1843 3003 1912 3070 τῷ
1949 2994 2180 3064 ἀμείνονι.
2239 2995 2379 3051 ’Ἐστι

443 3084 537 3154 γάρ
581 3083 642 3137 οὗ
684 3082 813 3156 λόγῳ
841 3079 1080 3150 ἀμείνων,
1120 3080 1238 3136 ἀλλά
1271 3081 1503 3150 δυνάμει,
1553 3085 1638 3137 καὶ
1662 3083 1888 3152 ὀνόματι,
1936 3084 2021 3135 καὶ
2044 3081 2188 3155 λόγῳ.
2253 3079 2380 3136 Ἀλλ’

447 3169 510 3223 οὗ
542 3173 715 3222 διοίσει
741 3167 796 3222 τὸ
829 3165 1124 3238 ἀσύγκριτον
1157 3167 1256 3222 ἀπὸ
1286 3175 1376 3222 τοῦ
1416 3167 1712 3239 ἀσυγκρίτου
1742 3166 1818 3236 4ἦ
1844 3173 1933 3222 τοῦ
1961 3165 2215 3235 ἀμείνονος
2240 3166 2378 3239 παρά

445 3260 544 3307 τῶν
571 3252 960 3322 ὖποβεβηκότων
1000 3256 1268 3324 δοξολογία.
1349 3251 1465 3306 Οἷδε
1498 3253 1589 3324 γάρ
1617 3257 1669 3307 ἐν
1694 3255 1840 3324 πατρὶ
1865 3251 1918 3307 τὸ
1945 3251 2145 3321 ἄμεινον
2177 3252 2260 3307 διά
2285 3259 2378 3308 τοῦ

241 3359 328 3398 pag.
349 3349 425 3385 ⁹53·
451 3338 748 3410 ἀγεννήτου,
786 3342 870 3393 καὶ
893 3337 947 3392 τὸ
978 3337 1177 3406 ἄμεινον
1206 3342 1254 3402 ἐξ
1278 3337 1433 3392 αὐτοῦ
1457 3341 1820 3409 γεγεννημένον.
1893 3339 2082 3410 Διόπερ
2113 3336 2378 3407 ὄμοούσιον

503 3452 541 3497 4.
572 3457 752 3497 Fortasse
779 3450 891 3499 οὐδὲ.
1442 3459 1572 3498 culam
1594 3470 1642 3499 τε
1673 3468 1722 3496 ex
1749 3457 1937 3495 vocabulo
1963 3453 2130 3498 τέλειον.
2189 3457 2377 3498 Ρείαυίιιε

501 3514 541 3552 5.
581 3509 630 3555 τὸ
669 3516 854 3554 omissum
882 3515 923 3553 in
965 3514 1054 3553 edit.
1085 3514 1222 3555 Petav.
1254 3516 1385 3555 Colon.
1439 3516 1598 3554 coniecit
1625 3510 1728 3566 πρὸς
1755 3508 1802 3554 τὸ
1832 3510 1999 3555 τέλειον.

442 3573 559 3618 repet.
1497 3569 1537 3612 3.
1580 3565 1898 3611 ἐπεκτεινόντων
1939 3571 2025 3610 cod.
2058 3570 2247 3621 Rhedi9.‚
2290 3581 2374 3611 cor-

504 3626 539 3664 1.
567 3623 615 3667 τὸ
632 3656 642 3671 ,
687 3628 790 3677 quod
816 3628 899 3667 1ι.ῑ.
926 3629 1111 3667 omissum
1139 3630 1193 3666 esi
1218 3628 1260 3666 in
1293 3627 1384 3666 edit.
1438 3631 1614 3668 rectume
1650 3627 1821 3677 vestigiis
1856 3629 1898 3666 in
1937 3627 2051 3677 finali
2087 3629 2193 3667 vocis
2220 3627 2374 3677 syllaba

444 3682 577 3720 Petav.
611 3684 738 3722 Calon.
765 3688 898 3734 repet„
928 3686 1032 3724 abest
1060 3695 1088 3722 a
1117 3685 1198 3724 loco
1223 3685 1384 3734 gemello
1438 3684 1667 3734 conspicuis.

443 3738 487 3776 in
514 3741 786 3787 superioribus.
1495 3738 1535 3781 4.
1578 3741 1687 3779 Libri
1721 3740 1836 3790 vulyo
1874 3732 1905 3791 ἧ
1944 3738 2031 3782 τοῦ.
2103 3740 2374 3782 Emendarunt

502 3794 541 3834 2.
572 3793 680 3833 Libri
705 3798 821 3846 vulyo
844 3793 890 3839 τὸ
918 3794 1084 3840 τέλειον.
1145 3797 1292 3847 Repetit·
1314 3807 1382 3837 vo·
1438 3799 1520 3838 iam
1545 3797 1699 3847 pridem
1731 3797 1942 3837 Carnarius
1970 3801 2004 3838 et
2032 3798 2229 3838 Petavius.
