<?xml version="1.0" encoding="UTF-8"?>
<!DOCTYPE html PUBLIC "-//W3C//DTD XHTML 1.0 Transitional//EN"
    "http://www.w3.org/TR/xhtml1/DTD/xhtml1-transitional.dtd">
<html xmlns="http://www.w3.org/1999/xhtml" xml:lang="en" lang="en">
 <head>
  <title>
</title>
<meta http-equiv="Content-Type" content="text/html;charset=utf-8" />
  <meta name='ocr-system' content='tesseract 3.04.00' />
  <meta name='ocr-capabilities' content='ocr_page ocr_carea ocr_par ocr_line ocrx_word'/>
</head>
<body>
  <div class='ocr_page' id='page_1' title='image "./pt3corporishaere02epipuoft/pt3corporishaere02epipuoft_0267.png"; bbox 0 0 2508 4134; ppageno 0'>
   <div class='ocr_carea' id='block_1_1' title="bbox 520 240 2016 292">
    <p class='ocr_par' dir='ltr' id='par_1_1' title="bbox 520 240 2016 292">
     <span class='ocr_line' id='line_1_1' title="bbox 520 240 2016 292; baseline 0 -2"><span class='ocrx_word' id='word_1_1' title='bbox 520 249 746 290; x_wconf 73' lang='lat' dir='ltr'><strong>PANARH</strong></span> <span class='ocrx_word' id='word_1_2' title='bbox 773 249 879 290; x_wconf 73' lang='grc' dir='ltr'>ΜΒ.</span> <span class='ocrx_word' id='word_1_3' title='bbox 901 250 975 292; x_wconf 82' lang='lat'>111.</span> <span class='ocrx_word' id='word_1_4' title='bbox 1006 250 1142 291; x_wconf 88' lang='grc' dir='ltr'><strong>ΤοΜ.</strong></span> <span class='ocrx_word' id='word_1_5' title='bbox 1167 253 1199 291; x_wconf 88' lang='lat'>1.</span> <span class='ocrx_word' id='word_1_6' title='bbox 1232 251 1397 292; x_wconf 77' lang='lat' dir='ltr'><strong>HAER.</strong></span> <span class='ocrx_word' id='word_1_7' title='bbox 1425 251 1623 292; x_wconf 79' lang='lat' dir='ltr'>Lxxvi.</span> <span class='ocrx_word' id='word_1_8' title='bbox 1916 240 2016 290; x_wconf 84' lang='lat'>257</span> 
     </span>
    </p>
   </div>
   <div class='ocr_carea' id='block_1_2' title="bbox 105 346 2244 3698">
    <p class='ocr_par' dir='ltr' id='par_1_2' title="bbox 115 346 2025 1071">
     <span class='ocr_line' id='line_1_2' title="bbox 118 346 2020 418; baseline -0.001 -18"><span class='ocrx_word' id='word_1_9' title='bbox 118 349 305 418; x_wconf 92' lang='lat' dir='ltr'>quidem</span> <span class='ocrx_word' id='word_1_10' title='bbox 344 348 403 398; x_wconf 92' lang='lat' dir='ltr'>ad</span> <span class='ocrx_word' id='word_1_11' title='bbox 444 355 662 398; x_wconf 88' lang='lat' dir='ltr'>naturam</span> <span class='ocrx_word' id='word_1_12' title='bbox 703 348 901 411; x_wconf 78' lang='lat' dir='ltr'>attinet,</span> <span class='ocrx_word' id='word_1_13' title='bbox 953 365 1049 398; x_wconf 94' lang='lat' dir='ltr'>non</span> <span class='ocrx_word' id='word_1_14' title='bbox 1090 349 1289 416; x_wconf 91' lang='lat' dir='ltr'>amplius</span> <span class='ocrx_word' id='word_1_15' title='bbox 1320 358 1539 418; x_wconf 87' lang='lat' dir='ltr'>generat.</span> <span class='ocrx_word' id='word_1_16' title='bbox 1614 346 1682 400; x_wconf 90' lang='lat' dir='ltr'>Ut</span> <span class='ocrx_word' id='word_1_17' title='bbox 1714 365 1779 400; x_wconf 85' lang='lat' dir='ltr'>ex</span> <span class='ocrx_word' id='word_1_18' title='bbox 1805 365 1862 400; x_wconf 90' lang='lat' dir='ltr'>eo</span> <span class='ocrx_word' id='word_1_19' title='bbox 1894 349 2020 416; x_wconf 89' lang='lat' dir='ltr'>quod</span> 
     </span>
     <span class='ocr_line' id='line_1_3' title="bbox 118 431 2016 501; baseline -0.001 -17"><span class='ocrx_word' id='word_1_20' title='bbox 118 432 232 484; x_wconf 83' lang='lat' dir='ltr'>nihil</span> <span class='ocrx_word' id='word_1_21' title='bbox 258 432 361 500; x_wconf 88' lang='lat' dir='ltr'>ipse</span> <span class='ocrx_word' id='word_1_22' title='bbox 388 439 558 482; x_wconf 86' lang='lat' dir='ltr'>natura</span> <span class='ocrx_word' id='word_1_23' title='bbox 587 431 947 499; x_wconf 81' lang='lat' dir='ltr'><strong>substantiaque</strong></span> <span class='ocrx_word' id='word_1_24' title='bbox 971 432 1155 500; x_wconf 87' lang='lat' dir='ltr'>gignat,</span> <span class='ocrx_word' id='word_1_25' title='bbox 1198 441 1333 498; x_wconf 89' lang='lat' dir='ltr'>pater</span> <span class='ocrx_word' id='word_1_26' title='bbox 1359 451 1478 484; x_wconf 91' lang='lat' dir='ltr'>vero</span> <span class='ocrx_word' id='word_1_27' title='bbox 1506 450 1533 483; x_wconf 92' lang='lat' dir='ltr'>a</span> <span class='ocrx_word' id='word_1_28' title='bbox 1560 433 1689 484; x_wconf 92' lang='lat' dir='ltr'>nullo</span> <span class='ocrx_word' id='word_1_29' title='bbox 1718 433 1781 484; x_wconf 90' lang='lat' dir='ltr'>sit</span> <span class='ocrx_word' id='word_1_30' title='bbox 1805 433 2016 501; x_wconf 87' lang='lat' dir='ltr'>genitus,</span> 
     </span>
     <span class='ocr_line' id='line_1_4' title="bbox 117 514 2015 585; baseline 0 -17"><span class='ocrx_word' id='word_1_31' title='bbox 117 515 307 569; x_wconf 86' lang='lat' dir='ltr'>divinae</span> <span class='ocrx_word' id='word_1_32' title='bbox 336 515 655 584; x_wconf 77' lang='lat' dir='ltr'>amplitudinis</span> <span class='ocrx_word' id='word_1_33' title='bbox 683 515 835 583; x_wconf 88' lang='lat' dir='ltr'>gloria</span> <span class='ocrx_word' id='word_1_34' title='bbox 864 515 913 566; x_wconf 90' lang='lat' dir='ltr'>in</span> <span class='ocrx_word' id='word_1_35' title='bbox 940 533 1033 567; x_wconf 90' lang='lat' dir='ltr'>una</span> <span class='ocrx_word' id='word_1_36' title='bbox 1062 533 1118 566; x_wconf 92' lang='lat' dir='ltr'>ac</span> <span class='ocrx_word' id='word_1_37' title='bbox 1147 514 1378 582; x_wconf 81' lang='lat' dir='ltr'>singulari</span> <span class='ocrx_word' id='word_1_38' title='bbox 1409 517 1482 567; x_wconf 90' lang='lat' dir='ltr'>dei</span> <span class='ocrx_word' id='word_1_39' title='bbox 1510 517 1740 585; x_wconf 81' lang='lat' dir='ltr'>dignitate</span> <span class='ocrx_word' id='word_1_40' title='bbox 1771 526 2015 580; x_wconf 88' lang='lat' dir='ltr'>servetur,</span> 
     </span>
     <span class='ocr_line' id='line_1_5' title="bbox 115 598 2015 670; baseline 0.001 -19"><span class='ocrx_word' id='word_1_41' title='bbox 115 600 263 670; x_wconf 86' lang='lat' dir='ltr'>patris</span> <span class='ocrx_word' id='word_1_42' title='bbox 309 598 533 651; x_wconf 90' lang='lat' dir='ltr'>videlicet</span> <span class='ocrx_word' id='word_1_43' title='bbox 576 599 807 668; x_wconf 86' lang='lat' dir='ltr'>perfecti,</span> <span class='ocrx_word' id='word_1_44' title='bbox 865 599 1068 668; x_wconf 85' lang='lat' dir='ltr'>perfecti</span> <span class='ocrx_word' id='word_1_45' title='bbox 1104 599 1212 662; x_wconf 89' lang='lat' dir='ltr'>filii,</span> <span class='ocrx_word' id='word_1_46' title='bbox 1264 617 1320 650; x_wconf 91' lang='lat' dir='ltr'>ac</span> <span class='ocrx_word' id='word_1_47' title='bbox 1362 601 1561 668; x_wconf 87' lang='lat' dir='ltr'>perfecti</span> <span class='ocrx_word' id='word_1_48' title='bbox 1603 601 1800 669; x_wconf 89' lang='lat' dir='ltr'>spiritus</span> <span class='ocrx_word' id='word_1_49' title='bbox 1841 602 2015 652; x_wconf 90' lang='lat' dir='ltr'>sancti.</span> 
     </span>
     <span class='ocr_line' id='line_1_6' title="bbox 118 680 2021 754; baseline 0.001 -20"><span class='ocrx_word' id='word_1_50' title='bbox 118 681 255 750; x_wconf 82' lang='lat' dir='ltr'>Quae</span> <span class='ocrx_word' id='word_1_51' title='bbox 296 701 403 734; x_wconf 89' lang='lat' dir='ltr'>cum</span> <span class='ocrx_word' id='word_1_52' title='bbox 442 683 508 734; x_wconf 90' lang='lat' dir='ltr'>ita</span> <span class='ocrx_word' id='word_1_53' title='bbox 556 682 681 747; x_wconf 87' lang='lat' dir='ltr'>sint,</span> <span class='ocrx_word' id='word_1_54' title='bbox 733 684 835 752; x_wconf 92' lang='lat' dir='ltr'>ipsa</span> <span class='ocrx_word' id='word_1_55' title='bbox 878 680 1304 734; x_wconf 87' lang='lat' dir='ltr'>consubstantialis</span> <span class='ocrx_word' id='word_1_56' title='bbox 1350 684 1472 733; x_wconf 89' lang='lat' dir='ltr'>ratio</span> <span class='ocrx_word' id='word_1_57' title='bbox 1517 684 1637 734; x_wconf 79' lang='lat' dir='ltr'>falsa</span> <span class='ocrx_word' id='word_1_58' title='bbox 1664 701 1727 735; x_wconf 87' lang='lat' dir='ltr'>ex</span> <span class='ocrx_word' id='word_1_59' title='bbox 1768 686 2021 754; x_wconf 89' lang='lat' dir='ltr'>scripturis</span> 
     </span>
     <span class='ocr_line' id='line_1_7' title="bbox 116 766 2025 837; baseline 0.001 -18"><span class='ocrx_word' id='word_1_60' title='bbox 116 767 303 819; x_wconf 91' lang='lat' dir='ltr'>ostendi</span> <span class='ocrx_word' id='word_1_61' title='bbox 334 767 528 818; x_wconf 90' lang='lat' dir='ltr'>minime</span> <span class='ocrx_word' id='word_1_62' title='bbox 550 775 735 836; x_wconf 87' lang='lat' dir='ltr'>potest,</span> <span class='ocrx_word' id='word_1_63' title='bbox 792 785 947 836; x_wconf 90' lang='lat' dir='ltr'>neque</span> <span class='ocrx_word' id='word_1_64' title='bbox 983 768 1057 837; x_wconf 91' lang='lat' dir='ltr'>pia</span> <span class='ocrx_word' id='word_1_65' title='bbox 1088 785 1143 818; x_wconf 91' lang='lat' dir='ltr'>ac</span> <span class='ocrx_word' id='word_1_66' title='bbox 1180 766 1409 835; x_wconf 85' lang='lat' dir='ltr'>religiosa</span> <span class='ocrx_word' id='word_1_67' title='bbox 1445 784 1579 817; x_wconf 89' lang='lat' dir='ltr'>mens</span> <span class='ocrx_word' id='word_1_68' title='bbox 1609 768 1862 836; x_wconf 84' lang='lat' dir='ltr'>repudiare</span> <span class='ocrx_word' id='word_1_69' title='bbox 1893 770 2025 820; x_wconf 90' lang='lat' dir='ltr'>velut</span> 
     </span>
     <span class='ocr_line' id='line_1_8' title="bbox 116 843 2025 921; baseline 0.001 -19"><span class='ocrx_word' id='word_1_70' title='bbox 116 843 366 902; x_wconf 85' lang='lat' dir='ltr'>confictam</span> <span class='ocrx_word' id='word_1_71' title='bbox 394 859 570 920; x_wconf 89' lang='lat' dir='ltr'>potest,</span> <span class='ocrx_word' id='word_1_72' title='bbox 612 852 736 920; x_wconf 93' lang='lat' dir='ltr'>quod</span> <span class='ocrx_word' id='word_1_73' title='bbox 766 851 823 902; x_wconf 93' lang='lat' dir='ltr'>de</span> <span class='ocrx_word' id='word_1_74' title='bbox 854 861 989 921; x_wconf 88' lang='lat' dir='ltr'>patre</span> <span class='ocrx_word' id='word_1_75' title='bbox 1013 869 1068 902; x_wconf 89' lang='lat' dir='ltr'>ac</span> <span class='ocrx_word' id='word_1_76' title='bbox 1099 852 1194 902; x_wconf 86' lang='lat' dir='ltr'>filio</span> <span class='ocrx_word' id='word_1_77' title='bbox 1219 859 1481 919; x_wconf 89' lang='lat' dir='ltr'>sanctoque</span> <span class='ocrx_word' id='word_1_78' title='bbox 1506 851 1676 919; x_wconf 90' lang='lat' dir='ltr'>spiritu</span> <span class='ocrx_word' id='word_1_79' title='bbox 1704 852 1778 920; x_wconf 91' lang='lat' dir='ltr'>pie</span> <span class='ocrx_word' id='word_1_80' title='bbox 1807 853 2025 904; x_wconf 90' lang='lat' dir='ltr'>instituta</span> 
     </span>
     <span class='ocr_line' id='line_1_9' title="bbox 117 935 2024 1003; baseline 0 -17"><span class='ocrx_word' id='word_1_81' title='bbox 117 935 289 999; x_wconf 84' lang='lat' dir='ltr'>fuerit,</span> <span class='ocrx_word' id='word_1_82' title='bbox 343 936 638 1003; x_wconf 84' lang='lat' dir='ltr'>eandemque</span> <span class='ocrx_word' id='word_1_83' title='bbox 676 935 923 987; x_wconf 89' lang='lat' dir='ltr'>celebrare</span> <span class='ocrx_word' id='word_1_84' title='bbox 955 944 1003 987; x_wconf 90' lang='lat' dir='ltr'>et</span> <span class='ocrx_word' id='word_1_85' title='bbox 1032 936 1236 986; x_wconf 90' lang='lat' dir='ltr'>adorare</span> <span class='ocrx_word' id='word_1_86' title='bbox 1275 952 1418 1003; x_wconf 88' lang='lat' dir='ltr'>posse</span> <span class='ocrx_word' id='word_1_87' title='bbox 1457 935 1719 985; x_wconf 78' lang='lat' dir='ltr'>trinitatem</span> <span class='ocrx_word' id='word_1_88' title='bbox 1760 936 1922 988; x_wconf 92' lang='lat' dir='ltr'>divino</span> <span class='ocrx_word' id='word_1_89' title='bbox 1961 938 2024 988; x_wconf 90' lang='lat' dir='ltr'>sit</span> 
     </span>
     <span class='ocr_line' id='line_1_10' title="bbox 121 1019 678 1071; baseline 0 0"><span class='ocrx_word' id='word_1_90' title='bbox 121 1019 357 1071; x_wconf 86' lang='lat' dir='ltr'>beneficio</span> <span class='ocrx_word' id='word_1_91' title='bbox 396 1029 678 1071; x_wconf 87' lang='lat' dir='ltr'>consecuta.</span> 
     </span>
    </p>

    <p class='ocr_par' dir='ltr' id='par_1_3' title="bbox 114 1100 2028 1492">
     <span class='ocr_line' id='line_1_11' title="bbox 254 1100 2023 1173; baseline -0.001 -17"><span class='ocrx_word' id='word_1_92' title='bbox 254 1105 388 1156; x_wconf 89' lang='lat' dir='ltr'>Aetii</span> <span class='ocrx_word' id='word_1_93' title='bbox 433 1100 589 1173; x_wconf 89' lang='lat' dir='ltr'>Caput</span> <span class='ocrx_word' id='word_1_94' title='bbox 625 1101 747 1154; x_wconf 84' lang='lat' dir='ltr'>Xlt.</span> <span class='ocrx_word' id='word_1_95' title='bbox 843 1102 896 1155; x_wconf 92' lang='lat' dir='ltr'>Si</span> <span class='ocrx_word' id='word_1_96' title='bbox 944 1103 1148 1172; x_wconf 87' lang='lat' dir='ltr'>ingeniti</span> <span class='ocrx_word' id='word_1_97' title='bbox 1200 1121 1293 1155; x_wconf 82' lang='lat' dir='ltr'>vox</span> <span class='ocrx_word' id='word_1_98' title='bbox 1345 1103 1420 1154; x_wconf 88' lang='lat' dir='ltr'>dei</span> <span class='ocrx_word' id='word_1_99' title='bbox 1460 1102 1776 1154; x_wconf 87' lang='lat' dir='ltr'>substantiam</span> <span class='ocrx_word' id='word_1_100' title='bbox 1829 1104 2023 1156; x_wconf 90' lang='lat' dir='ltr'>minime</span> 
     </span>
     <span class='ocr_line' id='line_1_12' title="bbox 115 1187 2024 1257; baseline 0 -17"><span class='ocrx_word' id='word_1_101' title='bbox 115 1188 381 1257; x_wconf 87' lang='lat' dir='ltr'>signifieat,</span> <span class='ocrx_word' id='word_1_102' title='bbox 422 1188 505 1239; x_wconf 92' lang='lat' dir='ltr'>sed</span> <span class='ocrx_word' id='word_1_103' title='bbox 536 1187 907 1256; x_wconf 79' lang='lat' dir='ltr'>incomparabile</span> <span class='ocrx_word' id='word_1_104' title='bbox 939 1188 1065 1239; x_wconf 87' lang='lat' dir='ltr'>istud</span> <span class='ocrx_word' id='word_1_105' title='bbox 1097 1205 1271 1239; x_wconf 88' lang='lat' dir='ltr'>nomen</span> <span class='ocrx_word' id='word_1_106' title='bbox 1302 1187 1359 1238; x_wconf 89' lang='lat' dir='ltr'>ab</span> <span class='ocrx_word' id='word_1_107' title='bbox 1391 1187 1607 1239; x_wconf 92' lang='lat' dir='ltr'>humanis</span> <span class='ocrx_word' id='word_1_108' title='bbox 1637 1188 1847 1256; x_wconf 91' lang='lat' dir='ltr'>ingeniis</span> <span class='ocrx_word' id='word_1_109' title='bbox 1876 1206 2024 1240; x_wconf 85' lang='lat' dir='ltr'>exco-</span> 
     </span>
     <span class='ocr_line' id='line_1_13' title="bbox 114 1272 2026 1342; baseline 0.001 -19"><span class='ocrx_word' id='word_1_110' title='bbox 114 1273 311 1341; x_wconf 88' lang='lat' dir='ltr'>gitatum</span> <span class='ocrx_word' id='word_1_111' title='bbox 339 1281 441 1336; x_wconf 90' lang='lat' dir='ltr'>est,</span> <span class='ocrx_word' id='word_1_112' title='bbox 482 1274 600 1324; x_wconf 90' lang='lat' dir='ltr'>deus</span> <span class='ocrx_word' id='word_1_113' title='bbox 626 1273 686 1323; x_wconf 95' lang='lat' dir='ltr'>ob</span> <span class='ocrx_word' id='word_1_114' title='bbox 718 1272 832 1323; x_wconf 91' lang='lat' dir='ltr'>illud</span> <span class='ocrx_word' id='word_1_115' title='bbox 861 1273 1014 1341; x_wconf 92' lang='lat' dir='ltr'>ipsum</span> <span class='ocrx_word' id='word_1_116' title='bbox 1047 1272 1246 1341; x_wconf 89' lang='lat' dir='ltr'>ingeniti</span> <span class='ocrx_word' id='word_1_117' title='bbox 1280 1281 1601 1322; x_wconf 89' lang='lat' dir='ltr'>commentum</span> <span class='ocrx_word' id='word_1_118' title='bbox 1636 1272 1694 1323; x_wconf 92' lang='lat' dir='ltr'>iis</span> <span class='ocrx_word' id='word_1_119' title='bbox 1722 1273 1800 1341; x_wconf 85' lang='lat' dir='ltr'>qui</span> <span class='ocrx_word' id='word_1_120' title='bbox 1830 1290 2026 1342; x_wconf 84' lang='lat' dir='ltr'>repere-</span> 
     </span>
     <span class='ocr_line' id='line_1_14' title="bbox 115 1356 2028 1425; baseline 0.001 -18"><span class='ocrx_word' id='word_1_121' title='bbox 115 1356 211 1407; x_wconf 86' lang='lat' dir='ltr'>rint</span> <span class='ocrx_word' id='word_1_122' title='bbox 238 1357 423 1425; x_wconf 89' lang='lat' dir='ltr'>gratiae</span> <span class='ocrx_word' id='word_1_123' title='bbox 450 1356 638 1408; x_wconf 90' lang='lat' dir='ltr'>debitor</span> <span class='ocrx_word' id='word_1_124' title='bbox 661 1365 755 1420; x_wconf 89' lang='lat' dir='ltr'>est,</span> <span class='ocrx_word' id='word_1_125' title='bbox 791 1374 897 1407; x_wconf 90' lang='lat' dir='ltr'>cum</span> <span class='ocrx_word' id='word_1_126' title='bbox 925 1365 1058 1408; x_wconf 87' lang='lat' dir='ltr'>tanto</span> <span class='ocrx_word' id='word_1_127' title='bbox 1079 1356 1262 1408; x_wconf 89' lang='lat' dir='ltr'>nomini</span> <span class='ocrx_word' id='word_1_128' title='bbox 1288 1357 1660 1425; x_wconf 83' lang='lat' dir='ltr'>respondentem</span> <span class='ocrx_word' id='word_1_129' title='bbox 1687 1358 2028 1409; x_wconf 83' lang='lat' dir='ltr'>excellentiam</span> 
     </span>
     <span class='ocr_line' id='line_1_15' title="bbox 115 1439 908 1492; baseline 0 -1"><span class='ocrx_word' id='word_1_130' title='bbox 115 1439 166 1491; x_wconf 91' lang='lat' dir='ltr'>in</span> <span class='ocrx_word' id='word_1_131' title='bbox 205 1441 418 1492; x_wconf 84' lang='lat' dir='ltr'>essentia</span> <span class='ocrx_word' id='word_1_132' title='bbox 457 1458 544 1492; x_wconf 89' lang='lat' dir='ltr'>sua</span> <span class='ocrx_word' id='word_1_133' title='bbox 584 1458 678 1491; x_wconf 94' lang='lat' dir='ltr'>non</span> <span class='ocrx_word' id='word_1_134' title='bbox 718 1440 908 1492; x_wconf 90' lang='lat' dir='ltr'>habeat.</span> 
     </span>
    </p>

    <p class='ocr_par' dir='ltr' id='par_1_4' title="bbox 105 1521 2244 3698">
     <span class='ocr_line' id='line_1_16' title="bbox 105 1521 2028 1593; baseline 0.002 -19"><span class='ocrx_word' id='word_1_135' title='bbox 105 1589 109 1592; x_wconf 13' lang='grc' dir='ltr'><strong><em>Δ</em></strong></span> <span class='ocrx_word' id='word_1_136' title='bbox 258 1521 458 1575; x_wconf 85' lang='lat' dir='ltr'>Confut.</span> <span class='ocrx_word' id='word_1_137' title='bbox 499 1522 622 1575; x_wconf 86' lang='lat' dir='ltr'><strong>XII.</strong></span> <span class='ocrx_word' id='word_1_138' title='bbox 716 1522 922 1593; x_wconf 86' lang='lat' dir='ltr'>lngeniti</span> <span class='ocrx_word' id='word_1_139' title='bbox 970 1543 1095 1590; x_wconf 87' lang='lat' dir='ltr'>vox,</span> <span class='ocrx_word' id='word_1_140' title='bbox 1156 1533 1206 1576; x_wconf 91' lang='lat' dir='ltr'>ut</span> <span class='ocrx_word' id='word_1_141' title='bbox 1251 1526 1487 1576; x_wconf 90' lang='lat' dir='ltr'>adversus</span> <span class='ocrx_word' id='word_1_142' title='bbox 1536 1525 1731 1576; x_wconf 70' lang='lat' dir='ltr'>Aetium</span> <span class='ocrx_word' id='word_1_143' title='bbox 1779 1527 2028 1577; x_wconf 89' lang='lat' dir='ltr'>contendi-</span> 
     </span>
     <span class='ocr_line' id='line_1_17' title="bbox 118 1608 2028 1679; baseline 0.001 -19"><span class='ocrx_word' id='word_1_144' title='bbox 118 1627 251 1672; x_wconf 86' lang='lat' dir='ltr'>mus,</span> <span class='ocrx_word' id='word_1_145' title='bbox 307 1626 395 1660; x_wconf 91' lang='lat' dir='ltr'>nec</span> <span class='ocrx_word' id='word_1_146' title='bbox 425 1608 627 1660; x_wconf 88' lang='lat' dir='ltr'>inficiari</span> <span class='ocrx_word' id='word_1_147' title='bbox 656 1626 939 1678; x_wconf 83' lang='lat' dir='ltr'>possumuS,</span> <span class='ocrx_word' id='word_1_148' title='bbox 996 1609 1185 1660; x_wconf 87' lang='lat' dir='ltr'>tametsi</span> <span class='ocrx_word' id='word_1_149' title='bbox 1214 1609 1262 1659; x_wconf 92' lang='lat' dir='ltr'>in</span> <span class='ocrx_word' id='word_1_150' title='bbox 1296 1610 1447 1660; x_wconf 89' lang='lat' dir='ltr'>sacris</span> <span class='ocrx_word' id='word_1_151' title='bbox 1478 1609 1631 1661; x_wconf 91' lang='lat' dir='ltr'>literis</span> <span class='ocrx_word' id='word_1_152' title='bbox 1660 1610 1854 1661; x_wconf 91' lang='lat' dir='ltr'>minime</span> <span class='ocrx_word' id='word_1_153' title='bbox 1889 1627 2028 1679; x_wconf 89' lang='lat' dir='ltr'>repe—</span> 
     </span>
     <span class='ocr_line' id='line_1_18' title="bbox 117 1692 2031 1764; baseline 0.001 -21"><span class='ocrx_word' id='word_1_154' title='bbox 117 1693 296 1756; x_wconf 88' lang='lat' dir='ltr'>riatur,</span> <span class='ocrx_word' id='word_1_155' title='bbox 338 1692 412 1762; x_wconf 86' lang='lat' dir='ltr'>pie</span> <span class='ocrx_word' id='word_1_156' title='bbox 441 1700 599 1743; x_wconf 91' lang='lat' dir='ltr'>tamen</span> <span class='ocrx_word' id='word_1_157' title='bbox 629 1702 703 1743; x_wconf 86' lang='lat' dir='ltr'>est</span> <span class='ocrx_word' id='word_1_158' title='bbox 732 1693 1028 1764; x_wconf 81' lang='lat' dir='ltr'>excogitata.</span> <span class='ocrx_word' id='word_1_159' title='bbox 1106 1692 1240 1762; x_wconf 90' lang='lat' dir='ltr'>Ergo</span> <span class='ocrx_word' id='word_1_160' title='bbox 1280 1694 1545 1762; x_wconf 89' lang='lat' dir='ltr'>ingenitum</span> <span class='ocrx_word' id='word_1_161' title='bbox 1591 1703 1774 1762; x_wconf 88' lang='lat' dir='ltr'>patrem</span> <span class='ocrx_word' id='word_1_162' title='bbox 1821 1695 2031 1763; x_wconf 90' lang='lat' dir='ltr'>appella-</span> 
     </span>
     <span class='ocr_line' id='line_1_19' title="bbox 117 1778 2029 1845; baseline 0.001 -17"><span class='ocrx_word' id='word_1_163' title='bbox 117 1795 223 1828; x_wconf 91' lang='lat' dir='ltr'>mus</span> <span class='ocrx_word' id='word_1_164' title='bbox 252 1794 306 1828; x_wconf 91' lang='lat' dir='ltr'>ac</span> <span class='ocrx_word' id='word_1_165' title='bbox 336 1778 640 1840; x_wconf 75' lang='lat' dir='ltr'>confitemur,</span> <span class='ocrx_word' id='word_1_166' title='bbox 675 1778 886 1845; x_wconf 87' lang='lat' dir='ltr'>genitum</span> <span class='ocrx_word' id='word_1_167' title='bbox 917 1795 1034 1828; x_wconf 88' lang='lat' dir='ltr'>vero</span> <span class='ocrx_word' id='word_1_168' title='bbox 1065 1778 1209 1828; x_wconf 86' lang='lat' dir='ltr'>filium</span> <span class='ocrx_word' id='word_1_169' title='bbox 1235 1778 1518 1842; x_wconf 80' lang='lat' dir='ltr'>asserimuS,</span> <span class='ocrx_word' id='word_1_170' title='bbox 1561 1786 1609 1828; x_wconf 92' lang='lat' dir='ltr'>et</span> <span class='ocrx_word' id='word_1_171' title='bbox 1635 1787 1850 1829; x_wconf 87' lang='lat' dir='ltr'>creatum</span> <span class='ocrx_word' id='word_1_172' title='bbox 1879 1779 2029 1830; x_wconf 88' lang='lat' dir='ltr'>fuisse</span> 
     </span>
     <span class='ocr_line' id='line_1_20' title="bbox 117 1859 2030 1931; baseline 0.001 -19"><span class='ocrx_word' id='word_1_173' title='bbox 117 1878 369 1930; x_wconf 79' lang='lat' dir='ltr'>negamus,</span> <span class='ocrx_word' id='word_1_174' title='bbox 444 1859 572 1912; x_wconf 91' lang='lat' dir='ltr'>Nam</span> <span class='ocrx_word' id='word_1_175' title='bbox 618 1879 724 1912; x_wconf 89' lang='lat' dir='ltr'>cum</span> <span class='ocrx_word' id='word_1_176' title='bbox 779 1861 921 1912; x_wconf 86' lang='lat' dir='ltr'>filium</span> <span class='ocrx_word' id='word_1_177' title='bbox 965 1862 1178 1930; x_wconf 89' lang='lat' dir='ltr'>genitum</span> <span class='ocrx_word' id='word_1_178' title='bbox 1221 1879 1333 1913; x_wconf 85' lang='lat' dir='ltr'>esse</span> <span class='ocrx_word' id='word_1_179' title='bbox 1376 1862 1803 1926; x_wconf 86' lang='lat' dir='ltr'>constituerimus,</span> <span class='ocrx_word' id='word_1_180' title='bbox 1857 1863 1969 1931; x_wconf 91' lang='lat' dir='ltr'>quin</span> <span class='ocrx_word' id='word_1_181' title='bbox 2003 1881 2030 1913; x_wconf 90' lang='lat' dir='ltr'>a</span> 
     </span>
     <span class='ocr_line' id='line_1_21' title="bbox 122 1945 2028 2015; baseline 0.001 -18"><span class='ocrx_word' id='word_1_182' title='bbox 122 1947 212 1997; x_wconf 88' lang='lat' dir='ltr'>deo</span> <span class='ocrx_word' id='word_1_183' title='bbox 240 1955 375 2015; x_wconf 88' lang='lat' dir='ltr'>patre</span> <span class='ocrx_word' id='word_1_184' title='bbox 408 1945 723 1998; x_wconf 87' lang='lat' dir='ltr'>substantiam</span> <span class='ocrx_word' id='word_1_185' title='bbox 754 1947 995 2015; x_wconf 86' lang='lat' dir='ltr'>acceperit</span> <span class='ocrx_word' id='word_1_186' title='bbox 1034 1964 1213 2015; x_wconf 87' lang='lat' dir='ltr'>negare</span> <span class='ocrx_word' id='word_1_187' title='bbox 1247 1965 1340 1997; x_wconf 93' lang='lat' dir='ltr'>non</span> <span class='ocrx_word' id='word_1_188' title='bbox 1370 1963 1643 2015; x_wconf 89' lang='lat' dir='ltr'>possumus.</span> <span class='ocrx_word' id='word_1_189' title='bbox 1721 1945 1847 1997; x_wconf 89' lang='lat' dir='ltr'>Nam</span> <span class='ocrx_word' id='word_1_190' title='bbox 1881 1964 2028 2014; x_wconf 90' lang='lat' dir='ltr'>gene-</span> 
     </span>
     <span class='ocr_line' id='line_1_22' title="bbox 120 2029 2032 2100; baseline 0.001 -19"><span class='ocrx_word' id='word_1_191' title='bbox 120 2031 309 2081; x_wconf 88' lang='lat' dir='ltr'>ratione</span> <span class='ocrx_word' id='word_1_192' title='bbox 350 2029 504 2099; x_wconf 91' lang='lat' dir='ltr'>ipsum</span> <span class='ocrx_word' id='word_1_193' title='bbox 543 2030 798 2097; x_wconf 84' lang='lat' dir='ltr'>produxit,</span> <span class='ocrx_word' id='word_1_194' title='bbox 857 2048 952 2081; x_wconf 93' lang='lat' dir='ltr'>non</span> <span class='ocrx_word' id='word_1_195' title='bbox 998 2031 1201 2082; x_wconf 88' lang='lat' dir='ltr'>creavit.</span> <span class='ocrx_word' id='word_1_196' title='bbox 1278 2030 1354 2081; x_wconf 90' lang='lat' dir='ltr'>Ac</span> <span class='ocrx_word' id='word_1_197' title='bbox 1390 2039 1438 2081; x_wconf 89' lang='lat' dir='ltr'>tu</span> <span class='ocrx_word' id='word_1_198' title='bbox 1472 2048 1725 2100; x_wconf 86' lang='lat' dir='ltr'>perperam</span> <span class='ocrx_word' id='word_1_199' title='bbox 1757 2039 1807 2081; x_wconf 86' lang='lat' dir='ltr'>et</span> <span class='ocrx_word' id='word_1_200' title='bbox 1838 2031 2032 2099; x_wconf 91' lang='lat' dir='ltr'>oblique</span> 
     </span>
     <span class='ocr_line' id='line_1_23' title="bbox 120 2113 2030 2184; baseline 0 -18"><span class='ocrx_word' id='word_1_201' title='bbox 120 2114 333 2184; x_wconf 88' lang='lat' dir='ltr'>genitum</span> <span class='ocrx_word' id='word_1_202' title='bbox 362 2115 477 2165; x_wconf 90' lang='lat' dir='ltr'>illud</span> <span class='ocrx_word' id='word_1_203' title='bbox 505 2123 554 2165; x_wconf 88' lang='lat' dir='ltr'>et</span> <span class='ocrx_word' id='word_1_204' title='bbox 583 2113 849 2182; x_wconf 90' lang='lat' dir='ltr'>ingenitum</span> <span class='ocrx_word' id='word_1_205' title='bbox 885 2114 1157 2183; x_wconf 85' lang='lat' dir='ltr'>accipienS,</span> <span class='ocrx_word' id='word_1_206' title='bbox 1211 2115 1498 2183; x_wconf 89' lang='lat' dir='ltr'>detorquere</span> <span class='ocrx_word' id='word_1_207' title='bbox 1527 2116 1832 2183; x_wconf 85' lang='lat' dir='ltr'>temetipsum</span> <span class='ocrx_word' id='word_1_208' title='bbox 1864 2116 2030 2167; x_wconf 88' lang='lat' dir='ltr'>studes</span> 
     </span>
     <span class='ocr_line' id='line_1_24' title="bbox 121 2197 2034 2267; baseline 0 -17"><span class='ocrx_word' id='word_1_209' title='bbox 121 2202 302 2267; x_wconf 89' lang='lat' dir='ltr'>(neque</span> <span class='ocrx_word' id='word_1_210' title='bbox 331 2198 460 2250; x_wconf 89' lang='lat' dir='ltr'>enim</span> <span class='ocrx_word' id='word_1_211' title='bbox 490 2197 741 2267; x_wconf 90' lang='lat' dir='ltr'>quicquam</span> <span class='ocrx_word' id='word_1_212' title='bbox 770 2199 895 2250; x_wconf 86' lang='lat' dir='ltr'>aliud</span> <span class='ocrx_word' id='word_1_213' title='bbox 929 2199 1126 2266; x_wconf 90' lang='lat' dir='ltr'>efficis),</span> <span class='ocrx_word' id='word_1_214' title='bbox 1185 2207 1280 2249; x_wconf 92' lang='lat' dir='ltr'>tum</span> <span class='ocrx_word' id='word_1_215' title='bbox 1314 2200 1371 2250; x_wconf 92' lang='lat' dir='ltr'>de</span> <span class='ocrx_word' id='word_1_216' title='bbox 1406 2199 1622 2251; x_wconf 88' lang='lat' dir='ltr'>humanis</span> <span class='ocrx_word' id='word_1_217' title='bbox 1652 2199 2034 2250; x_wconf 87' lang='lat' dir='ltr'>ratiocinationi-</span> 
     </span>
     <span class='ocr_line' id='line_1_25' title="bbox 122 2283 2034 2353; baseline 0 -19"><span class='ocrx_word' id='word_1_218' title='bbox 122 2283 212 2334; x_wconf 92' lang='lat' dir='ltr'>bus</span> <span class='ocrx_word' id='word_1_219' title='bbox 244 2292 293 2334; x_wconf 89' lang='lat' dir='ltr'>et</span> <span class='ocrx_word' id='word_1_220' title='bbox 323 2291 490 2351; x_wconf 88' lang='lat' dir='ltr'>arguta</span> <span class='ocrx_word' id='word_1_221' title='bbox 523 2283 878 2352; x_wconf 85' lang='lat' dir='ltr'>oppugnatione</span> <span class='ocrx_word' id='word_1_222' title='bbox 908 2284 1324 2353; x_wconf 88' lang='lat' dir='ltr'>disputationeque</span> <span class='ocrx_word' id='word_1_223' title='bbox 1353 2293 1432 2334; x_wconf 88' lang='lat' dir='ltr'>tua</span> <span class='ocrx_word' id='word_1_224' title='bbox 1451 2324 1463 2348; x_wconf 91' lang='lat'>,</span> <span class='ocrx_word' id='word_1_225' title='bbox 1516 2284 1605 2335; x_wconf 88' lang='lat' dir='ltr'>hoc</span> <span class='ocrx_word' id='word_1_226' title='bbox 1635 2292 1710 2335; x_wconf 88' lang='lat' dir='ltr'>est</span> <span class='ocrx_word' id='word_1_227' title='bbox 1741 2284 1799 2334; x_wconf 92' lang='lat' dir='ltr'>de</span> <span class='ocrx_word' id='word_1_228' title='bbox 1829 2283 2034 2335; x_wconf 91' lang='lat' dir='ltr'>humana</span> 
     </span>
     <span class='ocr_line' id='line_1_26' title="bbox 124 2367 2244 2437; baseline 0 -19"><span class='ocrx_word' id='word_1_229' title='bbox 124 2367 356 2431; x_wconf 81' lang='lat' dir='ltr'>stultitia,</span> <span class='ocrx_word' id='word_1_230' title='bbox 397 2368 645 2418; x_wconf 91' lang='lat' dir='ltr'>commode</span> <span class='ocrx_word' id='word_1_231' title='bbox 673 2367 787 2418; x_wconf 90' lang='lat' dir='ltr'>illud</span> <span class='ocrx_word' id='word_1_232' title='bbox 816 2385 841 2418; x_wconf 94' lang='lat' dir='ltr'>e</span> <span class='ocrx_word' id='word_1_233' title='bbox 870 2368 1024 2419; x_wconf 91' lang='lat' dir='ltr'>sacris</span> <span class='ocrx_word' id='word_1_234' title='bbox 1052 2368 1205 2419; x_wconf 89' lang='lat' dir='ltr'>literis</span> <span class='ocrx_word' id='word_1_235' title='bbox 1236 2369 1468 2419; x_wconf 86' lang='lat' dir='ltr'>exaudire</span> <span class='ocrx_word' id='word_1_236' title='bbox 1495 2378 1662 2437; x_wconf 81' lang='lat' dir='ltr'>potes:</span> <span class='ocrx_word' id='word_1_237' title='bbox 1718 2372 1935 2435; x_wconf 81' lang='lat' dir='ltr'>Prompta</span> <span class='ocrx_word' id='word_1_238' title='bbox 1962 2379 2034 2418; x_wconf 78' lang='lat' dir='ltr'>est</span> <span class='ocrx_word' id='word_1_239' title='bbox 2054 2381 2149 2418; x_wconf 81' lang='lat' dir='ltr'>Gen.</span> <span class='ocrx_word' id='word_1_240' title='bbox 2167 2383 2199 2427; x_wconf 80' lang='lat'>6,</span> <span class='ocrx_word' id='word_1_241' title='bbox 2213 2384 2244 2418; x_wconf 83' lang='lat'>5.</span> 
     </span>
     <span class='ocr_line' id='line_1_27' title="bbox 126 2451 2031 2517; baseline 0.002 -17"><span class='ocrx_word' id='word_1_242' title='bbox 126 2454 322 2501; x_wconf 75' lang='lat' dir='ltr'>hominis</span> <span class='ocrx_word' id='word_1_243' title='bbox 345 2469 470 2500; x_wconf 80' lang='lat' dir='ltr'>mens</span> <span class='ocrx_word' id='word_1_244' title='bbox 492 2455 539 2500; x_wconf 74' lang='lat' dir='ltr'>in</span> <span class='ocrx_word' id='word_1_245' title='bbox 567 2454 687 2501; x_wconf 85' lang='lat' dir='ltr'>mala</span> <span class='ocrx_word' id='word_1_246' title='bbox 710 2455 975 2517; x_wconf 76' lang='lat' dir='ltr'>impensius,</span> <span class='ocrx_word' id='word_1_247' title='bbox 1018 2457 1106 2502; x_wconf 75' lang='lat' dir='ltr'>iam</span> <span class='ocrx_word' id='word_1_248' title='bbox 1134 2457 1240 2503; x_wconf 76' lang='lat' dir='ltr'>inde</span> <span class='ocrx_word' id='word_1_249' title='bbox 1263 2455 1322 2503; x_wconf 88' lang='lat' dir='ltr'>ab</span> <span class='ocrx_word' id='word_1_250' title='bbox 1347 2457 1675 2503; x_wconf 75' lang='lat' dir='ltr'>adolescentia.</span> <span class='ocrx_word' id='word_1_251' title='bbox 1733 2451 1842 2504; x_wconf 93' lang='lat' dir='ltr'>Nos</span> <span class='ocrx_word' id='word_1_252' title='bbox 1872 2462 2031 2504; x_wconf 89' lang='lat' dir='ltr'>autem</span> 
     </span>
     <span class='ocr_line' id='line_1_28' title="bbox 129 2535 2036 2606; baseline 0.001 -20"><span class='ocrx_word' id='word_1_253' title='bbox 129 2544 177 2586; x_wconf 92' lang='lat' dir='ltr'>et</span> <span class='ocrx_word' id='word_1_254' title='bbox 202 2535 315 2586; x_wconf 91' lang='lat' dir='ltr'>illud</span> <span class='ocrx_word' id='word_1_255' title='bbox 356 2543 523 2586; x_wconf 88' lang='lat' dir='ltr'>contra</span> <span class='ocrx_word' id='word_1_256' title='bbox 551 2543 598 2585; x_wconf 92' lang='lat' dir='ltr'>te</span> <span class='ocrx_word' id='word_1_257' title='bbox 628 2535 786 2586; x_wconf 86' lang='lat' dir='ltr'>dicere</span> <span class='ocrx_word' id='word_1_258' title='bbox 817 2553 1100 2604; x_wconf 83' lang='lat' dir='ltr'>possumuS,</span> <span class='ocrx_word' id='word_1_259' title='bbox 1159 2538 1305 2588; x_wconf 91' lang='lat' dir='ltr'>multo</span> <span class='ocrx_word' id='word_1_260' title='bbox 1344 2538 1389 2588; x_wconf 90' lang='lat' dir='ltr'>id</span> <span class='ocrx_word' id='word_1_261' title='bbox 1418 2537 1636 2588; x_wconf 89' lang='lat' dir='ltr'>increato</span> <span class='ocrx_word' id='word_1_262' title='bbox 1676 2537 1766 2588; x_wconf 92' lang='lat' dir='ltr'>deo</span> <span class='ocrx_word' id='word_1_263' title='bbox 1794 2536 2036 2606; x_wconf 89' lang='lat' dir='ltr'>indignius</span> 
     </span>
     <span class='ocr_line' id='line_1_29' title="bbox 129 2618 2039 2690; baseline 0.001 -19"><span class='ocrx_word' id='word_1_264' title='bbox 129 2629 176 2672; x_wconf 87' lang='lat' dir='ltr'>et</span> <span class='ocrx_word' id='word_1_265' title='bbox 201 2618 503 2670; x_wconf 86' lang='lat' dir='ltr'>indecentius</span> <span class='ocrx_word' id='word_1_266' title='bbox 532 2635 669 2682; x_wconf 87' lang='lat' dir='ltr'>esse,</span> <span class='ocrx_word' id='word_1_267' title='bbox 726 2636 895 2670; x_wconf 87' lang='lat' dir='ltr'>creare</span> <span class='ocrx_word' id='word_1_268' title='bbox 939 2619 1161 2688; x_wconf 84' lang='lat' dir='ltr'>quicquid</span> <span class='ocrx_word' id='word_1_269' title='bbox 1192 2630 1268 2672; x_wconf 88' lang='lat' dir='ltr'>est</span> <span class='ocrx_word' id='word_1_270' title='bbox 1304 2621 1576 2686; x_wconf 91' lang='lat' dir='ltr'>conditum,</span> <span class='ocrx_word' id='word_1_271' title='bbox 1631 2631 1712 2673; x_wconf 88' lang='lat' dir='ltr'>aut</span> <span class='ocrx_word' id='word_1_272' title='bbox 1743 2622 1821 2690; x_wconf 91' lang='lat' dir='ltr'>qui</span> <span class='ocrx_word' id='word_1_273' title='bbox 1850 2639 1876 2671; x_wconf 89' lang='lat' dir='ltr'>a</span> <span class='ocrx_word' id='word_1_274' title='bbox 1909 2622 2039 2672; x_wconf 92' lang='lat' dir='ltr'>nullo</span> 
     </span>
     <span class='ocr_line' id='line_1_30' title="bbox 130 2700 2038 2774; baseline -0.001 -18"><span class='ocrx_word' id='word_1_275' title='bbox 130 2706 287 2757; x_wconf 86' lang='lat' dir='ltr'>factus</span> <span class='ocrx_word' id='word_1_276' title='bbox 316 2713 391 2755; x_wconf 89' lang='lat' dir='ltr'>est</span> <span class='ocrx_word' id='word_1_277' title='bbox 419 2704 599 2754; x_wconf 89' lang='lat' dir='ltr'>facere.</span> <span class='ocrx_word' id='word_1_278' title='bbox 677 2700 869 2753; x_wconf 89' lang='lat' dir='ltr'>Etenim</span> <span class='ocrx_word' id='word_1_279' title='bbox 908 2703 978 2768; x_wconf 91' lang='lat' dir='ltr'>si,</span> <span class='ocrx_word' id='word_1_280' title='bbox 1033 2705 1155 2772; x_wconf 94' lang='lat' dir='ltr'>quod</span> <span class='ocrx_word' id='word_1_281' title='bbox 1190 2705 1363 2756; x_wconf 77' lang='lat' dir='ltr'>Ae&#39;tius</span> <span class='ocrx_word' id='word_1_282' title='bbox 1393 2707 1600 2770; x_wconf 89' lang='lat' dir='ltr'>asserit,</span> <span class='ocrx_word' id='word_1_283' title='bbox 1658 2705 1924 2774; x_wconf 89' lang='lat' dir='ltr'>ingenitum</span> <span class='ocrx_word' id='word_1_284' title='bbox 1954 2722 2038 2772; x_wconf 88' lang='lat' dir='ltr'>ge-</span> 
     </span>
     <span class='ocr_line' id='line_1_31' title="bbox 132 2787 2038 2856; baseline -0.002 -15"><span class='ocrx_word' id='word_1_285' title='bbox 132 2805 306 2841; x_wconf 87' lang='lat' dir='ltr'>nerare</span> <span class='ocrx_word' id='word_1_286' title='bbox 336 2804 634 2856; x_wconf 87' lang='lat' dir='ltr'>nequaquam</span> <span class='ocrx_word' id='word_1_287' title='bbox 660 2787 817 2851; x_wconf 88' lang='lat' dir='ltr'>decet,</span> <span class='ocrx_word' id='word_1_288' title='bbox 859 2804 1164 2855; x_wconf 88' lang='lat' dir='ltr'>consequens</span> <span class='ocrx_word' id='word_1_289' title='bbox 1196 2798 1270 2840; x_wconf 89' lang='lat' dir='ltr'>est</span> <span class='ocrx_word' id='word_1_290' title='bbox 1298 2808 1387 2840; x_wconf 89' lang='lat' dir='ltr'>nec</span> <span class='ocrx_word' id='word_1_291' title='bbox 1414 2789 1680 2841; x_wconf 89' lang='lat' dir='ltr'>increatum</span> <span class='ocrx_word' id='word_1_292' title='bbox 1707 2807 1875 2841; x_wconf 87' lang='lat' dir='ltr'>creare</span> <span class='ocrx_word' id='word_1_293' title='bbox 1906 2789 2038 2856; x_wconf 89' lang='lat' dir='ltr'>quic-</span> 
     </span>
     <span class='ocr_line' id='line_1_32' title="bbox 135 2871 2036 2942; baseline -0.002 -18"><span class='ocrx_word' id='word_1_294' title='bbox 135 2891 295 2942; x_wconf 89' lang='lat' dir='ltr'>quam,</span> <span class='ocrx_word' id='word_1_295' title='bbox 337 2889 492 2940; x_wconf 91' lang='lat' dir='ltr'>neque</span> <span class='ocrx_word' id='word_1_296' title='bbox 520 2872 597 2940; x_wconf 91' lang='lat' dir='ltr'>qui</span> <span class='ocrx_word' id='word_1_297' title='bbox 626 2889 653 2922; x_wconf 92' lang='lat' dir='ltr'>a</span> <span class='ocrx_word' id='word_1_298' title='bbox 679 2871 807 2921; x_wconf 90' lang='lat' dir='ltr'>nullo</span> <span class='ocrx_word' id='word_1_299' title='bbox 831 2872 983 2922; x_wconf 85' lang='lat' dir='ltr'>factus</span> <span class='ocrx_word' id='word_1_300' title='bbox 1011 2880 1104 2935; x_wconf 90' lang='lat' dir='ltr'>est,</span> <span class='ocrx_word' id='word_1_301' title='bbox 1145 2890 1265 2940; x_wconf 90' lang='lat' dir='ltr'>quae</span> <span class='ocrx_word' id='word_1_302' title='bbox 1292 2883 1428 2924; x_wconf 89' lang='lat' dir='ltr'>erant</span> <span class='ocrx_word' id='word_1_303' title='bbox 1455 2875 1705 2925; x_wconf 84' lang='lat' dir='ltr'>condenda</span> <span class='ocrx_word' id='word_1_304' title='bbox 1730 2889 2036 2942; x_wconf 87' lang='lat' dir='ltr'>procreasse.</span> 
     </span>
     <span class='ocr_line' id='line_1_33' title="bbox 138 2954 2038 3025; baseline -0.002 -17"><span class='ocrx_word' id='word_1_305' title='bbox 138 2955 381 3025; x_wconf 80' lang='lat' dir='ltr'>Quocirca</span> <span class='ocrx_word' id='word_1_306' title='bbox 413 2974 519 3007; x_wconf 91' lang='lat' dir='ltr'>cum</span> <span class='ocrx_word' id='word_1_307' title='bbox 546 2964 737 3006; x_wconf 89' lang='lat' dir='ltr'>creatae</span> <span class='ocrx_word' id='word_1_308' title='bbox 765 2971 845 3005; x_wconf 89' lang='lat' dir='ltr'>res</span> <span class='ocrx_word' id='word_1_309' title='bbox 872 2954 1024 3005; x_wconf 90' lang='lat' dir='ltr'>oculis</span> <span class='ocrx_word' id='word_1_310' title='bbox 1055 2956 1398 3022; x_wconf 88' lang='lat' dir='ltr'>subiiciautur,</span> <span class='ocrx_word' id='word_1_311' title='bbox 1452 2975 1508 3008; x_wconf 91' lang='lat' dir='ltr'>ac</span> <span class='ocrx_word' id='word_1_312' title='bbox 1535 2958 1659 3008; x_wconf 92' lang='lat' dir='ltr'>bona</span> <span class='ocrx_word' id='word_1_313' title='bbox 1694 2974 1805 3025; x_wconf 90' lang='lat' dir='ltr'>pars</span> <span class='ocrx_word' id='word_1_314' title='bbox 1835 2965 2038 3006; x_wconf 87' lang='lat' dir='ltr'>naturae</span> 
     </span>
     <span class='ocr_line' id='line_1_34' title="bbox 137 3039 2042 3109; baseline -0.003 -16"><span class='ocrx_word' id='word_1_315' title='bbox 137 3040 445 3093; x_wconf 88' lang='lat' dir='ltr'>subsistentis</span> <span class='ocrx_word' id='word_1_316' title='bbox 473 3048 720 3109; x_wconf 87' lang='lat' dir='ltr'>appareat,</span> <span class='ocrx_word' id='word_1_317' title='bbox 762 3055 850 3089; x_wconf 89' lang='lat' dir='ltr'>nec</span> <span class='ocrx_word' id='word_1_318' title='bbox 879 3039 990 3089; x_wconf 92' lang='lat' dir='ltr'>illud</span> <span class='ocrx_word' id='word_1_319' title='bbox 1021 3039 1205 3104; x_wconf 90' lang='lat' dir='ltr'>deceat,</span> <span class='ocrx_word' id='word_1_320' title='bbox 1246 3041 1490 3093; x_wconf 89' lang='lat' dir='ltr'>increatus</span> <span class='ocrx_word' id='word_1_321' title='bbox 1525 3050 1574 3092; x_wconf 90' lang='lat' dir='ltr'>ut</span> <span class='ocrx_word' id='word_1_322' title='bbox 1601 3041 1728 3091; x_wconf 90' lang='lat' dir='ltr'>illam</span> <span class='ocrx_word' id='word_1_323' title='bbox 1758 3041 1874 3090; x_wconf 90' lang='lat' dir='ltr'>deus</span> <span class='ocrx_word' id='word_1_324' title='bbox 1905 3055 2042 3089; x_wconf 90' lang='lat' dir='ltr'>crea-</span> 
     </span>
     <span class='ocr_line' id='line_1_35' title="bbox 138 3122 2042 3192; baseline -0.002 -15"><span class='ocrx_word' id='word_1_325' title='bbox 138 3126 294 3189; x_wconf 88' lang='lat' dir='ltr'>verit,</span> <span class='ocrx_word' id='word_1_326' title='bbox 347 3142 408 3175; x_wconf 91' lang='lat' dir='ltr'>ne</span> <span class='ocrx_word' id='word_1_327' title='bbox 433 3124 474 3175; x_wconf 95' lang='lat' dir='ltr'>si</span> <span class='ocrx_word' id='word_1_328' title='bbox 499 3123 874 3192; x_wconf 90' lang='lat' dir='ltr'>incomparabile</span> <span class='ocrx_word' id='word_1_329' title='bbox 901 3122 1013 3173; x_wconf 91' lang='lat' dir='ltr'>illud</span> <span class='ocrx_word' id='word_1_330' title='bbox 1041 3124 1098 3173; x_wconf 89' lang='lat' dir='ltr'>ad</span> <span class='ocrx_word' id='word_1_331' title='bbox 1127 3141 1292 3175; x_wconf 90' lang='lat' dir='ltr'>eorum</span> <span class='ocrx_word' id='word_1_332' title='bbox 1321 3142 1442 3192; x_wconf 89' lang='lat' dir='ltr'>quae</span> <span class='ocrx_word' id='word_1_333' title='bbox 1472 3127 1598 3175; x_wconf 84' lang='lat' dir='ltr'>facta</span> <span class='ocrx_word' id='word_1_334' title='bbox 1630 3132 1742 3175; x_wconf 90' lang='lat' dir='ltr'>sunt</span> <span class='ocrx_word' id='word_1_335' title='bbox 1767 3122 2042 3173; x_wconf 90' lang='lat' dir='ltr'>mutabilem</span> 
     </span>
     <span class='ocr_line' id='line_1_36' title="bbox 141 3205 2045 3275; baseline -0.003 -13"><span class='ocrx_word' id='word_1_336' title='bbox 141 3209 464 3262; x_wconf 89' lang='lat' dir='ltr'>conditionem</span> <span class='ocrx_word' id='word_1_337' title='bbox 502 3208 783 3271; x_wconf 88' lang='lat' dir='ltr'>abiiciatur‚</span> <span class='ocrx_word' id='word_1_338' title='bbox 838 3224 932 3257; x_wconf 93' lang='lat' dir='ltr'>non</span> <span class='ocrx_word' id='word_1_339' title='bbox 968 3207 1107 3257; x_wconf 91' lang='lat' dir='ltr'>modo</span> <span class='ocrx_word' id='word_1_340' title='bbox 1145 3225 1240 3258; x_wconf 91' lang='lat' dir='ltr'>non</span> <span class='ocrx_word' id='word_1_341' title='bbox 1278 3208 1505 3259; x_wconf 90' lang='lat' dir='ltr'>decorum</span> <span class='ocrx_word' id='word_1_342' title='bbox 1541 3209 1630 3271; x_wconf 91' lang='lat' dir='ltr'>sit,</span> <span class='ocrx_word' id='word_1_343' title='bbox 1686 3207 1769 3258; x_wconf 91' lang='lat' dir='ltr'>sed</span> <span class='ocrx_word' id='word_1_344' title='bbox 1802 3205 2045 3275; x_wconf 88' lang='lat' dir='ltr'>exipsius</span> 
     </span>
     <span class='ocr_line' id='line_1_37' title="bbox 143 3290 2048 3355; baseline -0.003 -9"><span class='ocrx_word' id='word_1_345' title='bbox 143 3295 274 3346; x_wconf 79' lang='lat' dir='ltr'>A&#39;etii</span> <span class='ocrx_word' id='word_1_346' title='bbox 310 3293 551 3346; x_wconf 90' lang='lat' dir='ltr'>sententia</span> <span class='ocrx_word' id='word_1_347' title='bbox 584 3293 663 3343; x_wconf 91' lang='lat' dir='ltr'>vel</span> <span class='ocrx_word' id='word_1_348' title='bbox 699 3291 908 3342; x_wconf 87' lang='lat' dir='ltr'>maxime</span> <span class='ocrx_word' id='word_1_349' title='bbox 939 3290 1194 3355; x_wconf 86' lang='lat' dir='ltr'>dedeceat,</span> <span class='ocrx_word' id='word_1_350' title='bbox 1249 3309 1307 3342; x_wconf 92' lang='lat' dir='ltr'>eo</span> <span class='ocrx_word' id='word_1_351' title='bbox 1339 3309 1417 3342; x_wconf 91' lang='lat' dir='ltr'>res</span> <span class='ocrx_word' id='word_1_352' title='bbox 1445 3293 1634 3342; x_wconf 86' lang='lat' dir='ltr'>tandem</span> <span class='ocrx_word' id='word_1_353' title='bbox 1662 3290 1943 3355; x_wconf 86' lang='lat' dir='ltr'>adducitur,</span> <span class='ocrx_word' id='word_1_354' title='bbox 1995 3299 2048 3341; x_wconf 91' lang='lat' dir='ltr'>ut</span> 
     </span>
     <span class='ocr_line' id='line_1_38' title="bbox 145 3374 2045 3441; baseline -0.003 -10"><span class='ocrx_word' id='word_1_355' title='bbox 145 3380 267 3431; x_wconf 88' lang='lat' dir='ltr'>alter</span> <span class='ocrx_word' id='word_1_356' title='bbox 293 3379 410 3430; x_wconf 90' lang='lat' dir='ltr'>deus</span> <span class='ocrx_word' id='word_1_357' title='bbox 439 3378 711 3440; x_wconf 84' lang='lat' dir='ltr'>increatuS,</span> <span class='ocrx_word' id='word_1_358' title='bbox 766 3376 888 3426; x_wconf 89' lang='lat' dir='ltr'>alter</span> <span class='ocrx_word' id='word_1_359' title='bbox 915 3383 1134 3436; x_wconf 83' lang='lat' dir='ltr'>creatuS‚</span> <span class='ocrx_word' id='word_1_360' title='bbox 1190 3375 1267 3441; x_wconf 92' lang='lat' dir='ltr'>qui</span> <span class='ocrx_word' id='word_1_361' title='bbox 1300 3375 1357 3425; x_wconf 87' lang='lat' dir='ltr'>ad</span> <span class='ocrx_word' id='word_1_362' title='bbox 1387 3376 1459 3425; x_wconf 90' lang='lat' dir='ltr'>sui</span> <span class='ocrx_word' id='word_1_363' title='bbox 1490 3374 1845 3424; x_wconf 91' lang='lat' dir='ltr'>similitudinem</span> <span class='ocrx_word' id='word_1_364' title='bbox 1877 3390 2045 3425; x_wconf 86' lang='lat' dir='ltr'>creare</span> 
     </span>
     <span class='ocr_line' id='line_1_39' title="bbox 147 3456 2048 3530; baseline -0.003 -16"><span class='ocrx_word' id='word_1_365' title='bbox 147 3472 308 3514; x_wconf 87' lang='lat' dir='ltr'>cetera</span> <span class='ocrx_word' id='word_1_366' title='bbox 338 3461 517 3530; x_wconf 90' lang='lat' dir='ltr'>possit,</span> <span class='ocrx_word' id='word_1_367' title='bbox 569 3461 870 3528; x_wconf 87' lang='lat' dir='ltr'>quaerendus</span> <span class='ocrx_word' id='word_1_368' title='bbox 900 3458 1070 3508; x_wconf 88' lang='lat' dir='ltr'>merito</span> <span class='ocrx_word' id='word_1_369' title='bbox 1101 3457 1340 3508; x_wconf 81' lang='lat' dir='ltr'>videatur.</span> <span class='ocrx_word' id='word_1_370' title='bbox 1418 3456 1518 3508; x_wconf 86' lang='lat' dir='ltr'>lam</span> <span class='ocrx_word' id='word_1_371' title='bbox 1548 3475 1668 3508; x_wconf 91' lang='lat' dir='ltr'>vero</span> <span class='ocrx_word' id='word_1_372' title='bbox 1699 3476 1805 3508; x_wconf 92' lang='lat' dir='ltr'>cum</span> <span class='ocrx_word' id='word_1_373' title='bbox 1839 3458 1915 3508; x_wconf 91' lang='lat' dir='ltr'>hic</span> <span class='ocrx_word' id='word_1_374' title='bbox 1945 3458 2048 3527; x_wconf 88' lang='lat' dir='ltr'>ipse</span> 
     </span>
     <span class='ocr_line' id='line_1_40' title="bbox 148 3540 2047 3614; baseline -0.002 -17"><span class='ocrx_word' id='word_1_375' title='bbox 148 3555 339 3614; x_wconf 84' lang='lat' dir='ltr'>creatus</span> <span class='ocrx_word' id='word_1_376' title='bbox 380 3546 497 3596; x_wconf 91' lang='lat' dir='ltr'>deus</span> <span class='ocrx_word' id='word_1_377' title='bbox 527 3554 575 3596; x_wconf 90' lang='lat' dir='ltr'>et</span> <span class='ocrx_word' id='word_1_378' title='bbox 615 3545 808 3596; x_wconf 88' lang='lat' dir='ltr'>creandi</span> <span class='ocrx_word' id='word_1_379' title='bbox 838 3550 1073 3612; x_wconf 86' lang='lat' dir='ltr'>potestate</span> <span class='ocrx_word' id='word_1_380' title='bbox 1111 3542 1354 3609; x_wconf 90' lang='lat' dir='ltr'>praeditus</span> <span class='ocrx_word' id='word_1_381' title='bbox 1387 3559 1414 3592; x_wconf 89' lang='lat' dir='ltr'>a</span> <span class='ocrx_word' id='word_1_382' title='bbox 1452 3559 1505 3592; x_wconf 89' lang='lat' dir='ltr'>se</span> <span class='ocrx_word' id='word_1_383' title='bbox 1533 3540 1638 3609; x_wconf 90' lang='lat' dir='ltr'>ipso</span> <span class='ocrx_word' id='word_1_384' title='bbox 1675 3558 1769 3592; x_wconf 93' lang='lat' dir='ltr'>non</span> <span class='ocrx_word' id='word_1_385' title='bbox 1806 3541 2047 3605; x_wconf 84' lang='lat' dir='ltr'>extiterit,</span> 
     </span>
     <span class='ocr_line' id='line_1_41' title="bbox 150 3625 2052 3698; baseline -0.002 -17"><span class='ocrx_word' id='word_1_386' title='bbox 150 3631 235 3682; x_wconf 91' lang='lat' dir='ltr'>sed</span> <span class='ocrx_word' id='word_1_387' title='bbox 259 3638 450 3681; x_wconf 88' lang='lat' dir='ltr'>creatus</span> <span class='ocrx_word' id='word_1_388' title='bbox 476 3637 710 3698; x_wconf 90' lang='lat' dir='ltr'>ponatur,</span> <span class='ocrx_word' id='word_1_389' title='bbox 763 3626 1063 3697; x_wconf 89' lang='lat' dir='ltr'>quaerendus</span> <span class='ocrx_word' id='word_1_390' title='bbox 1105 3625 1277 3676; x_wconf 90' lang='lat' dir='ltr'>iterum</span> <span class='ocrx_word' id='word_1_391' title='bbox 1317 3625 1439 3675; x_wconf 90' lang='lat' dir='ltr'>alter</span> <span class='ocrx_word' id='word_1_392' title='bbox 1476 3625 1556 3675; x_wconf 92' lang='lat' dir='ltr'>ille</span> <span class='ocrx_word' id='word_1_393' title='bbox 1589 3625 1734 3675; x_wconf 86' lang='lat' dir='ltr'>fuerit</span> <span class='ocrx_word' id='word_1_394' title='bbox 1766 3642 1794 3676; x_wconf 91' lang='lat' dir='ltr'>a</span> <span class='ocrx_word' id='word_1_395' title='bbox 1821 3643 1915 3694; x_wconf 91' lang='lat' dir='ltr'>quo</span> <span class='ocrx_word' id='word_1_396' title='bbox 1946 3634 2052 3677; x_wconf 88' lang='lat' dir='ltr'>tan-</span> 
     </span>
    </p>
   </div>
   <div class='ocr_carea' id='block_1_3' title="bbox 153 3708 2052 3861">
    <p class='ocr_par' dir='ltr' id='par_1_5' title="bbox 153 3708 2052 3861">
     <span class='ocr_line' id='line_1_42' title="bbox 153 3708 2052 3783; baseline -0.003 -17"><span class='ocrx_word' id='word_1_397' title='bbox 153 3732 291 3783; x_wconf 90' lang='lat' dir='ltr'>quam</span> <span class='ocrx_word' id='word_1_398' title='bbox 322 3731 350 3765; x_wconf 88' lang='lat' dir='ltr'>a</span> <span class='ocrx_word' id='word_1_399' title='bbox 383 3714 616 3783; x_wconf 85' lang='lat' dir='ltr'>principio</span> <span class='ocrx_word' id='word_1_400' title='bbox 655 3714 899 3782; x_wconf 89' lang='lat' dir='ltr'>profectus</span> <span class='ocrx_word' id='word_1_401' title='bbox 933 3710 1022 3775; x_wconf 86' lang='lat' dir='ltr'>sit,</span> <span class='ocrx_word' id='word_1_402' title='bbox 1076 3708 1247 3760; x_wconf 90' lang='lat' dir='ltr'>deinde</span> <span class='ocrx_word' id='word_1_403' title='bbox 1274 3708 1416 3760; x_wconf 89' lang='lat' dir='ltr'>etiam</span> <span class='ocrx_word' id='word_1_404' title='bbox 1442 3709 1564 3760; x_wconf 89' lang='lat' dir='ltr'>alius</span> <span class='ocrx_word' id='word_1_405' title='bbox 1591 3718 1697 3779; x_wconf 90' lang='lat' dir='ltr'>post</span> <span class='ocrx_word' id='word_1_406' title='bbox 1718 3710 1875 3779; x_wconf 89' lang='lat' dir='ltr'>ipsum</span> <span class='ocrx_word' id='word_1_407' title='bbox 1903 3727 2052 3762; x_wconf 84' lang='lat' dir='ltr'>exco-</span> 
     </span>
     <span class='ocr_line' id='line_1_43' title="bbox 239 3806 1718 3861; baseline -0.006 -15"><span class='ocrx_word' id='word_1_408' title='bbox 239 3811 383 3855; x_wconf 80' lang='lat' dir='ltr'>eorpus</span> <span class='ocrx_word' id='word_1_409' title='bbox 405 3809 624 3845; x_wconf 77' lang='lat' dir='ltr'>Haereseol.</span> <span class='ocrx_word' id='word_1_410' title='bbox 642 3806 690 3842; x_wconf 88' lang='lat'>11.</span> <span class='ocrx_word' id='word_1_411' title='bbox 711 3809 744 3842; x_wconf 81' lang='lat'>3.</span> <span class='ocrx_word' id='word_1_412' title='bbox 1656 3813 1718 3861; x_wconf 76' lang='lat'>17</span> 
     </span>
    </p>
   </div>
  </div>
 </body>
</html>
