2508 4134
256 700 368 757 Κεφ.
402 699 441 744 ι’.

238 1239 324 1276 pag.
347 1229 443 1265 1042.

476 251 578 302 418
1193 259 1395 303 SANCTI
1427 260 1708 303 EP1PHAN11

1406 356 1416 375 ἱ

475 355 584 419 υἱὸς
608 355 856 427 τυγχάνει,
896 357 978 410 καὶ
1009 358 1064 410 ἐκ
1087 359 1235 419 ποίας
1264 379 1447 429 μητρος
1473 355 1502 412 ὁ
1519 356 1793 426 Ἰάκωβος,
1846 359 2061 427 νοήσωσι
2083 361 2137 415 δὲ
2162 359 2287 421 κατά
2316 359 2407 430 τὴν

473 440 667 510 ἡλικίαν
707 445 779 504 τίς
818 443 917 495 ε’στι
952 445 1139 509 μείζων.
1210 439 1266 494 Ὅ
1293 439 1387 512 γάρ
1418 439 1616 510 Ἰησοῦς
1658 450 1953 514 σταυροῦται
1997 447 2050 498 έν
2082 448 2181 500 ἔτει·
2215 469 2406 516 τριακο-

475 533 572 600 στῷ
610 531 754 600 τρίτῳ
785 533 871 594 τῆς
907 524 1062 579 αὐτοῦ
1098 524 1340 596 ένσάρκού
1381 531 1668 597 παρουσίας.
1751 534 1851 581 Τοῦ
1884 530 1935 583 δὲ
1959 527 2183 602 Ἡρώδου
2211 525 2275 600 ἧν
2302 530 2408 586 κατ’

475 614 633 665 έκεῖνο
672 617 877 682 καιροῦ,
917 613 1032 664 υἱοῦ
1072 611 1124 664 δὲ
1157 609 1444 681 Ἀρχελάου,
1484 614 1590 675 ἔτος
1627 613 1857 667 εἰκοστόν.

614 695 699 749 Ἐν
726 694 819 768 γάρ
848 702 915 769 τῷ
938 702 1209 769 τριακοστῷ
1238 699 1383 770 τρίτῳ
1411 698 1505 749 ἔτει
1530 701 1620 749 τοῦ
1647 697 1850 768 πρώτου
1874 695 2126 768 Ἡρώδου,
2163 705 2278 756 υἱοῦ
2302 700 2406 755 Ἀν-

472 781 741 853 τιπάτρου,
793 787 1016 851 γεννᾶται
1058 779 1087 835 ὅ
1123 779 1282 853 σωτὴρ
1323 784 1375 836 έν
1425 788 1440 817 ¹
1463 781 1687 849 Βηθλεὲμ
1725 788 1811 850 τῆς
1849 779 2123 851 Ἰουδαίας,
2182 781 2303 856 ὅπερ
2343 778 2409 853 ἦν

473 865 861 938 τεσσαρακοστὸν
904 865 1132 938 δεύτερον
1172 865 1467 937 Αὐγούστου
1505 867 1754 933 βασιλέως.
1831 869 1932 920 Καὶ
1960 867 2175 937 ποιήσας
2200 870 2283 937 ἔτη
2313 868 2407 924 δύο

472 951 769 1021 λαμβάνεται
796 950 895 1006 ύπὸ
929 958 1017 1006 τοῦ
1043 951 1240 1021 Ἰωσήφ
1280 954 1348 1014 εἰς
1390 954 1677 1021 Αἴγυπτον,
1729 949 1811 1004 διά
1853 950 1912 1005 τά
1945 949 2043 1006 ύπὸ
2086 958 2182 1013 τῷν
2209 953 2407 1025 Μάγων

471 1044 542 1111 τῷ
570 1035 766 1112 Ἡρώδῃ
815 1039 1073 1109 εἰρημένα,
1123 1044 1211 1091 τοῦ
1236 1035 1458 1109 Ἡρώδου
1491 1041 1754 1104 ζητοῦντος
1784 1034 1871 1091 τόν
1910 1040 2079 1092 παῖδα.
2159 1037 2408 1093 2Κάτεισι

473 1124 526 1177 δὲ
565 1126 634 1187 εἰς
667 1126 954 1193 Αἴγυπτον,
1010 1125 1092 1176 καὶ
1135 1130 1258 1176 τελεῖ
1292 1125 1443 1177 ἐκεῖσε
1481 1121 1598 1175 ἄλλα
1651 1120 1742 1176 δύο
1781 1124 1878 1190 ἔτη.
1954 1125 2055 1176 Καὶ
2094 1130 2290 1198 τελευτᾷ
2330 1122 2406 1177 ‘H-

480 1207 645 1279 ρώδης
677 1206 706 1262 ὅ
729 1207 957 1277 βασιλεύς
988 1210 1081 1262 ἔτει
1109 1214 1379 1282 τριακοστῷ
1416 1206 1627 1282 ἕβδόμῳζ
1703 1210 1989 1277 Διαδέχεται
2017 1210 2070 1263 δὲ
2093 1216 2271 1264 τοῦτον
2298 1208 2407 1281 Ἀρ-

469 1295 640 1363 χέλαος
683 1291 714 1348 ὅ
753 1293 864 1357 υἱὸς
906 1291 1084 1359 αὐτοῦ,
1141 1295 1223 1348 ε’πὶ
1264 1295 1418 1347 ἔτεσιν
1461 1295 1612 1348 ἐννέα.
1688 1295 1789 1346 Καὶ
1833 1292 1994 1357 οὕτως
2035 1292 2070 1362 ή
2104 1300 2408 1367 πραγματεία

472 1385 767 1446 τελειοῦται,
819 1381 903 1433 καὶ
950 1382 1279 1450 παραδίδοται
1308 1384 1523 1452 σταυρῷ,
1579 1378 1984 1453 ὀκτωκαιδεκάτῳ
2018 1380 2104 1448 μὲν
2137 1383 2232 1435 ἔτει
2272 1384 2408 1450 Τιβε-

478 1469 590 1536 ρίου
638 1469 916 1536 Καίσαρος,
967 1471 1056 1518 τοῦ
1101 1466 1153 1518 δὲ
1193 1460 1436 1537 Ἀγρίππα
1483 1467 1833 1533 ἐπικληθέντος
1868 1464 2138 1536 Μεγάλου,
2184 1465 2407 1538 Ἡρώδου

478 1552 571 1604 3δὲ
602 1552 865 1622 νεωτέρου,
926 1554 1042 1604 υἱοῦ
1087 1551 1139 1604 δὲ
1179 1548 1464 1622 Ἀρχελάου,
1521 1553 1627 1614 ἔτος
1670 1545 1732 1620 ἧν
1765 1550 1998 1605 εἰκοστόν.
2079 1552 2322 1621 Οὗδαμοῦ
2355 1554 2408 1606 δὲ

470 1634 753 1705 ήκούσαμεν
797 1635 883 1690 τὸν
909 1634 1099 1705 Ἰωσήφ
1132 1634 1275 1700 υἱούς
1312 1636 1630 1705 πεποιηκότα.
1704 1634 1822 1690 Ἀλλ’
1862 1635 1974 1691 οὔτε
2005 1636 2125 1706 μετά
2157 1637 2212 1693 τὸ
2244 1641 2408 1692 ἐλθεῖν

471 1719 570 1775 άπὸ
602 1728 691 1790 τῆς
715 1722 980 1793 Αἰγύπτου
1011 1721 1041 1776 ὁ
1069 1720 1218 1785 αύτὸς
1258 1724 1460 1791 ἐβίωσεν
1490 1725 1569 1777 ἐπὶ
1596 1728 1794 1786 πολλοῖς
1820 1724 1957 1777 ἔτεσι.
2042 1725 2282 1795 Τέταρτον
2312 1722 2404 1795 γάρ

467 1801 530 1876 ἧν
560 1809 669 1871 ἔτος
708 1815 774 1882 τῷ
813 1814 1022 1880 σωτῆρι,
1074 1814 1143 1881 τῷ
1174 1809 1227 1862 δὲ
1253 1806 1444 1877 Ἰωσὴφ
1486 1806 1611 1880 ὑπὲρ
1643 1810 1751 1871 ἔτος
1791 1807 2123 1879 ὀγδοηκοστόν
2159 1811 2405 1880 τέταρτον,

467 1891 547 1946 ὅτε
575 1896 628 1948 ἔκ
650 1900 736 1962 τῆς
760 1893 1021 1965 Αἰγύπτου
1045 1892 1206 1964 χώρας
1233 1895 1535 1965 παρεγένετο.
1613 1896 1714 1947 Καὶ
1741 1895 1994 1961 4διέμενεν
2018 1893 2136 1948 ὄῖλλα
2159 1897 2241 1964 ἔτη
2270 1894 2403 1950 ὀκτώ

471 1977 541 2032 56
571 1977 765 2048 Ἰωσήφ
796 1979 1006 2052 περιών,
1063 1981 1146 2033 καὶ
1178 1982 1369 2057 ένῆὅτῷ
1404 1978 1592 2054 δεκάτῳ
1630 1981 1721 2033 ἔτει
1754 1978 1999 2035 ἀνιόντων
2041 1983 2121 2035 ἐπὶ
2158 1979 2407 2053 Ἰερουσα-

466 2063 590 2133 λήμ,
644 2064 888 2135 ε’ζητήθη,
941 2065 1020 2120 ὅτε
1064 2063 1152 2134 ούχ
1191 2063 1438 2137 εὑρίσκετο
1470 2068 1521 2119 ἐν
1550 2072 1612 2139 τῇ
1641 2063 1928 2138 ὁδοιπορίᾳ,
1982 2063 2051 2129 αἷς
2081 2069 2173 2135 ἔχει
2200 2065 2254 2121 τό
2281 2065 2405 2120 κατά

465 2157 676 2205 Λουκᾶν
705 2149 1001 2223 εὐαγγέλιον.
1076 2153 1251 2205 Μέσον
1278 2152 1330 2204 δὲ
1354 2149 1543 2205 τούτων
1568 2157 1667 2205 τῷν
1698 2153 1820 2205 ἒτῷν
1841 2157 2035 2224 τελευτᾷ
2063 2149 2281 2220 Ἰωσὴφ,
2319 2154 2402 2206 καὶ

468 2234 721 2308 ἀνετράφη
766 2237 930 2291 οὐκέτι
975 2235 1074 2291 ύπὸ
1114 2236 1199 2290 τόν
1238 2235 1458 2305 Ἰωσήφ,
1513 2235 1612 2290 ἄλλ’
1652 2239 1719 2299 εἰς
1756 2235 1842 2290 τὸν
1881 2234 2022 2291 οἷκον
2061 2244 2150 2292 τοῦ
2194 2236 2401 2307 Ἰωσήφ.

450 2322 623 2376 ”Οθεν
650 2323 819 2377 οὐκέτι
847 2323 901 2377 τὸ
936 2321 1213 2394 εὐαγγέλιον
1258 2321 1479 2389 7φάσκει
1516 2324 1670 2393 λέγων
1699 2321 1800 2387 ὅτι,
1844 2316 2031 2376 ῗΗλθεν
2063 2320 2092 2377 ὅ
2119 2323 2278 2394 πατὴρ
2316 2321 2405 2376 αύ-

465 2414 585 2474 τοῦ,
628 2410 713 2461 καὶ
747 2406 781 2477 ἦ
810 2408 971 2479 μήτηρ
1003 2407 1182 2474 αὐτοῦ,
1236 2410 1320 2462 καὶ
1353 2411 1404 2461 οἱ
1428 2406 1660 2474 άδελφοὶ,
1712 2406 1837 2473 ἄλλ’,
1886 2405 2021 2461 Ἰδού
2051 2407 2084 2477 ἡ
2109 2409 2266 2481 μήτηρ
2294 2428 2402 2475 σου,

469 2495 554 2547 καὶ
585 2497 636 2547 οἱ
658 2491 865 2560 οἷδελφοί
905 2512 996 2547 σου
1040 2496 1131 2558 ἔξω
1160 2492 1433 2562 ἑστήκασιν.
1507 2491 1623 2547 Ἀλλ’
1662 2491 1772 2547 οὔτε
1800 2493 1879 2547 ὅτε
1908 2495 2074 2564 ἔλεγον
2103 2493 2242 2568 αὐτῷ
2263 2497 2314 2549 ἐν
2342 2500 2404 2569 τῇ

472 2577 799 2652 8Ἰδουμαία,
856 2578 1035 2642 Οὐδεὶς
1079 2586 1230 2632 ταῦτα
1269 2585 1430 2633 ποιῶν
1469 2581 1602 2632 θέλει
1646 2582 1697 2633 έν
1731 2585 1936 2652 κρυπτῷ
1970 2577 2115 2633 εἶναι·
2169 2583 2213 2634 εἰ
2251 2586 2402 2634 ταῦτα

468 2672 656 2730 ποιεῖς,
697 2666 986 2735 φανέρωσον
1015 2664 1247 2731 σεαυτόν,
1286 2663 1377 2719 ούκ
1408 2663 1542 2719 εἶπεν
1572 2665 1673 2732 ὅτι,
1712 2663 1872 2719 Εἶπεν
1902 2664 2034 2738 αύτῷ
2067 2663 2096 2719 ὅ
2124 2664 2284 2737 πατὴρ
2314 2666 2403 2720 αὐ-

465 2756 580 2817 τοῦ,
633 2751 718 2803 καὶ
745 2753 794 2804 οἱ
817 2748 1020 2816 ἀδελφοὶ
1050 2749 1231 2818 αὐτοῦ,
1272 2749 1392 2817 ἄλλ’,
1438 2755 1503 2804 Οἱ
1529 2749 1732 2818 άδελφοὶ
1763 2751 1947 2817 αὐτοῦ,
1999 2749 2067 2814 ώς
2093 2757 2182 2805 τοῦ
2211 2749 2401 2819 Ἰωσήφ

469 2837 643 2905 μηκέτι
684 2834 987 2908 ὑπάρχοντες
1023 2835 1149 2891 κατά
1186 2836 1240 2891 τό
1284 2843 1437 2906 σῶμα.
1517 2834 1686 2889 9Εἷτα
1730 2838 1782 2890 δὲ
1813 2835 1887 2891 ἐπ’
1911 2836 2036 2910 αὐτῇ
2063 2841 2123 2910 τῇ
2151 2835 2403 2903 τελειώσει,

467 2921 548 2976 ὅτε
574 2920 603 2976 ὁ
632 2921 792 2994 σωτήρ
825 2925 877 2975 έν
906 2930 973 2996 τῷ
998 2930 1194 2998 σταυρῷ
1221 2926 1444 2992 ἕστηκεν,
1496 2921 1563 2986 ὥς
1594 2925 1687 2991 ἔχει
1714 2922 1768 2976 τὸ
1794 2921 1918 2976 κατά
1942 2921 2182 2990 Ἰωάννην
2206 2922 2402 2992 εὐαγγέ-

465 3015 597 3074 λιον,
653 3010 927 3079 Στραφεὶς,
979 3011 1128 3077 φησὶ,
1179 3007 1276 3063 εἶδε
1318 3008 1404 3063 τὸν
1442 3007 1676 3078 μαθητὴν
1715 3008 1773 3063 ὃν
1803 3007 1975 3079 ἠγάπα
2003 3005 2033 3061 0‘
2060 3006 2261 3078 κύριος,
2315 3008 2401 3061 καὶ

467 3092 602 3147 εἶπεν
629 3091 763 3167 αύτῷ
787 3095 899 3165 περὶ
927 3099 1149 3165 Μαρίας,
1187 3093 1325 3149 Ἰδού
1347 3092 1382 3163 ἡ
1407 3093 1565 3166 μήτηρ
1586 3112 1700 3148 σου·
1739 3096 1822 3147 καὶ
1846 3099 1905 3166 τῇ
1932 3092 2061 3166 αὐτῇ
2085 3095 2225 3163 λέγει,
2262 3091 2400 3148 Ἰδού

469 3177 497 3233 ὁ
528 3179 638 3243 υἱός
661 3198 766 3233 σου.
841 3183 912 3233 Εἰ
935 3174 1059 3248 ἦσαν
1089 3181 1139 3233 δὲ
1170 3182 1312 3234 τέκνα
1338 3186 1398 3254 τῇ
1427 3183 1633 3253 Μαρία,
1671 3181 1754 3232 καὶ
1785 3181 1829 3232 εἰ
1856 3176 2073 3248 ύπῆρχεν
2099 3176 2223 3252 αὐτῇ
2253 3177 2398 3251 ἀνὴρ,

466 3268 559 3318 τίνι
606 3265 733 3339 λόγῳ
776 3269 1045 3335 παρεδίδου
1085 3264 1173 3334 τὴν
1203 3269 1412 3337 Μαρίαν
1450 3272 1518 3338 τῷ
1539 3264 1787 3338 Ἰωάννῃ,
1837 3265 1919 3318 καὶ
1958 3262 2045 3317 τόν
2071 3259 2314 3333 Ἰωάννην
2339 3270 2400 3338 τῇ

469 3353 677 3423 Μαρίας
727 3355 822 3406 τίνι
852 3353 904 3405 δὲ
936 3357 1004 3425 τῷ
1034 3350 1160 3424 λόγῳ
1201 3353 1377 3424 Πέτρῳ
1422 3357 1602 3419 μᾶλλον
1640 3350 1700 3404 οὗ
1729 3352 2061 3418 παραδίδωσι,·
2111 3353 2205 3404 τίνι
2241 3350 2294 3403 δὲ
2330 3355 2399 3423 τῷ

466 3435 595 3508 λόγῳ
634 3437 935 3510 1θἈνδρέρι,
988 3441 1246 3510 Ματθαίῳ
1292 3458 1341 3491 τε
1377 3439 1462 3490 καὶ
1492 3438 1879 3507 Βαρθολομαίῳ;
1945 3433 2092 3488 Ἀλλά
2134 3440 2284 3505 δῆλον
2324 3434 2400 3490 ὅτι

466 3519 678 3597 Ἰωάννῃ
711 3521 795 3576 διά
828 3521 919 3590 τήν
944 3526 1236 3593 παρθενίαν.
1308 3520 1445 3575 Ἰδού
1475 3520 1567 3592 γάρ
1600 3519 1635 3589 ή
1658 3519 1814 3590 μήτηρ
1841 3539 1951 3574 σου·
2007 3524 2091 3574 καί
2122 3525 2198 3575 τοί
2224 3543 2279 3592 γε
2306 3518 2398 3576 ούκ

527 3694 623 3735 ΟΜ).
652 3696 710 3735 X.
744 3719 793 3726 ——
855 3696 891 3738 l.
935 3695 975 3739 ἐν
1010 3697 1066 3752 τῇ
1104 3693 1319 3749 Βηθλεὲμ.
1349 3718 1403 3725 -
1517 3695 1556 3736 2.
1587 3692 1751 3736 κάτεισι
1774 3694 1994 3734 emendavit
2020 3696 2171 3745 Petav„
2199 3706 2247 3734 ex
2271 3706 2395 3746 marg.

468 3750 524 3789 De
552 3762 592 3790 re
619 3753 667 3801 cf.
695 3754 904 3793 Montacut.
945 3755 1134 3804 Apparat-
1175 3754 1229 3793 ad
1265 3754 1398 3803 Or2’99.
1458 3753 1623 3801 exempli
1649 3751 1886 3800 Schottiani,
1915 3752 1956 3790 m·
1980 3752 2112 3801 fallor,
2144 3754 2184 3792 in
2210 3762 2285 3801 quo
2310 3762 2398 3791 eam

469 3807 609 3847 Eccles.
637 3819 677 3856 p.
705 3807 776 3850 191
801 3821 854 3859 sq.
871 3839 884 3859 ‚
916 3814 950 3850 et
974 3822 1015 3859 p.
1036 3810 1116 3851 ⁴205
1141 3822 1220 3860 sqq.
1461 3810 1692 3858 scripturam
1731 3807 1996 3858 deprehendo,
2046 3809 2180 3849 addito
2216 3809 2313 3859 siglo
2343 3809 2394 3848 M.
