2508 4134
208 1101 293 1138 pag.
317 1091 391 1128 945.

402 284 507 340 246
1107 295 1315 338 sANcTI
1340 295 1629 339 EPIPHANn

405 395 567 463 μένων
591 393 675 446 καὶ
702 391 780 444 ἀεὶ
805 393 1121 462 γιγνομένων.
1197 390 1290 446 Διὸ
1322 392 1487 446 οὐκέτι
1519 398 1714 446 πολλῶν
1741 395 1867 446 υἷῶν
1891 393 2193 464 γενωμένων,
2226 389 2337 447 οὔτε

405 483 598 532 πολλῶν
636 477 929 545 πνευμάτων
956 479 1005 540 ἐξ
1033 475 1187 530 αὐτοῦ
1219 479 1646 548 ἐκπορευομένων,
1695 485 1784 547 τῆς
1813 479 1967 546 αὐτῆς
1993 478 2233 546 θεότητος
2259 476 2339 530 ἀεὶ

409 566 462 617 ἐν
491 569 551 636 τῇ
587 561 751 628 τριάδι
789 561 1056 630 μενούσης,
1108 564 1191 615 καὶ
1222 564 1570 632 δοξαζομένης,
1623 565 1708 617 καὶ
1737 566 1980 632 μηδέποτε
2018 562 2338 633 προςτιθεμέ-

409 669 525 716 νης,
584 646 704 716 μήτε
737 646 1010 718 ληγούσης,
1064 648 1183 717 μήτε
1219 645 1605 717 ’ὑπολειφθείσης
1644 650 1763 703 ποτὲ
1800 647 1866 711 ὥς
1906 646 1973 717 μή
2003 647 2168 715 οὔσης.
2243 644 2339 700 Διό

407 735 495 787 καὶ
532 730 620 801 οὐχ
652 734 745 795 ἕως
778 740 930 801 ψιλῆς
970 731 1239 801 ὀνομασίας
1267 735 1350 788 ἐπὶ
1385 740 1454 806 τῷ
1495 735 1756 804 γεννήματι
1793 737 1984 788 ἵσταται
2022 732 2080 787 ‘cd
2117 731 2336 800 ἀξίωμα·

409 820 512 872 ἐπεὶ
541 816 601 871 ὅῖν
625 817 837 881 ’πολλοὺς
874 817 1119 885 ἄδελφούς
1147 817 1246 887 μετ’
1277 817 1430 872 αὐτόν
1460 820 1594 886 ἔσχεν
1619 817 1824 887 ὁμοίους
1851 819 2012 891 αὐτῷ,
2066 816 2134 881 ώς
2163 820 2246 872 ἐπὶ
2274 820 2343 890 τῷ

411 905 675 976 εἰρημένῳ,
730 902 883 966 Τίοῦς
921 906 1156 975 ἐγέννησα
1184 905 1265 958 καὶ
1295 905 1505 971 ὕψωσα,
1557 907 1639 958 καὶ
1670 906 1753 958 ἐπὶ
1780 911 1876 978 τῷ,
1927 902 1982 957 Ὁ
2005 901 2215 966 τετοκώς
2245 901 2343 972 βώ-

409 995 526 1052 λους
566 987 777 1059 δρόσου,
829 991 914 1042 καὶ
952 992 1033 1043 ἐπὶ
1074 995 1168 1062 τῷ,
1214 987 1328 1055 Ἀφ’
1360 984 1422 1042 οὗ
1452 994 1588 1042 πᾶσα
1626 988 1809 1060 πατριὰ
1841 992 1894 1044 ἐν
1924 988 2122 1063 οὐρανῷ
2147 990 2233 1042 καὶ.
2260 989 2344 1042 ἐπὶ

415 1081 506 1146 γῆς
535 1072 845 1143 ὀνομάζεται,
898 1077 982 1128 καὶ
1015 1077 1095 1129 ἐπὶ
1123 1082 1216 1148 τῷ,
1276 1074 1380 1143 Οὐχ
1412 1072 1482 1137 εἷς
1511 1074 1670 1144 πατὴρ
1703 1073 2098 1142 πάντωνιῦμῶνς
2149 1075 2235 1127 καὶ
2261 1074 2344 1127 ἐπὶ

410 1166 507 1232 τῷ,
548 1165 682 1223 Παῖς
710 1183 809 1229 μου
835 1159 1039 1229 Ἰακώβ,
1074 1162 1160 1213 καὶ
1192 1162 1274 1214 ἐπὶ
1295 1166 1392 1232 τῷ,
1433 1159 1764 1229 Πρωτότοκός
1790 1182 1887 1227 μου
1909 1158 2111 1229 Ἰσραήλ.
2191 1151 2345 1212 Οὗτοι

413 1245 507 1317 γᾶρ
532 1247 715 1309 ποίντες
741 1252 864 1321 ψιλῇ
891 1248 1013 1310 λέξει
1038 1245 1093 1299 τὸ
1128 1252 1215 1314 τῆς
1254 1244 1512 1316 ἀναγωγῆς
1541 1243 1642 1298 ἀπὸ
1671 1250 1760 1298 τοῦ
1791 1242 1859 1313 μὴ
1888 1242 2013 1297 εἶναι
2044 1246 2114 1306 εἰς
2137 1243 2192 1298 τό
2218 1241 2348 1297 εἶναι

413 1330 804 1402 προκεκοφότες,
858 1330 919 1385 οὐ
960 1330 1063 1385 κατ’
1103 1332 1279 1384 οὐσίαν
1320 1336 1380 1405 τῇ
1411 1330 1629 1404 ἀληθινῇ
1657 1333 1877 1383 ἵστανται
1912 1327 2177 1402 ὀνομασίᾳ,
2229 1326 2346 1382 ἀλλὰ

412 1423 603 1484 ψιλῶς,
658 1419 743 1470 καὶ
791 1416 958 1470 “naz-o}
994 1416 1150 1487 χάριν.
1227 1415 1319 1470 Διὸ
1353 1414 1436 1470 διὰ
1466 1422 1555 1469 τοῦ
1583 1414 1721 1482 ἕνὸς,
1772 1421 1863 1469 τοῦ
1893 1413 2006 1469 οὔτε
2034 1412 2160 1469 κατὰ
2186 1412 2344 1483 χάριν,

415 1501 527 1557 οὔτε
562 1508 688 1576 ψιλῇ
736 1503 978 1575 ὀνομασίᾳ
1020 1502 1410 1570 ὀνομαζομένου,
1459 1497 1577 1555 ἄλλα
1610 1500 1734 1555 κατά
1774 1497 2016 1569 οἷλήθειαν
2052 1502 2349 1567 ἐκτίσθησαν

415 1587 515 1642 οἷπὸ
545 1594 634 1642 τοῦ
661 1587 771 1651 ἕνὸς
797 1587 880 1642 διοὶ
904 1595 993 1641 τοῦ
1025 1588 1159 1653 ἑνός,
1198 1585 1289 1640 σύν
1315 1592 1382 1660 τῷ
1405 1589 1454 1651 ἐξ
1483 1586 1640 1641 αὐτοῦ
1668 1587 2069 1660 ἐκπορευομένῳ,
2111 1586 2235 1639 ἔ’καὶ
2257 1589 2349 1638 τοῦ

416 1671 571 1728 αὐτοῦ
606 1673 917 1742 λαμβάνοντι.

565 1935 690 1996 Κεφ.
709 1930 902 1983 Ἀετίου
929 1928 997 1982 θ’.
1037 1931 1107 1982 Εἰ
1132 1935 1473 1999 σπερματικῶς
1497 1923 1561 1999 ἦν
1585 1931 1638 1984 ἐν
1664 1935 1733 2002 τῷ
1756 1927 2002 2003 οἷγεννήτῳ
2028 1934 2134 2003 θεῷ
2164 1926 2218 1982 τὰ
2244 1928 2351 1999 γέν·

418 2037 577 2085 νημα,
616 2013 735 2083 μετοὶ
763 2014 851 2084 τὴν
880 2017 1106 2084 γέννησιν
1129 2017 1316 2078 ἔξωθεν
1343 2013 1647 2084 προςλαβὸν,
1687 2013 1756 2077 ώς
1783 2014 1846 2068 ἂν
1870 2018 2002 2068 ε’ίποι
2026 2037 2123 2080 τις,
2160 2012 2351 2085 ἦνδρώ·

419 2111 507 2170 θη.
592 2104 781 2163 Τέλειος
815 2094 906 2154 οὖν
934 2103 1063 2153 ἐστιν
1097 2098 1126 2153 ὁ
1151 2099 1259 2162 υἱός
1292 2098 1384 2153 οὐκ
1407 2102 1457 2164 ἐξ
1490 2094 1558 2154 ὧν
1585 2099 1855 2170 ἐγεννήθη,
1907 2098 1999 2153 ἀλλ’
2030 2102 2079 2164 ἐξ
2107 2093 2180 2153 ὧν
2206 2121 2356 2168 προς-

422 2189 574 2257 έλαβε.
655 2185 727 2241 To}
754 2185 848 2257 γοῖρ
882 2192 1178 2256 συγγενικῶς
1203 2187 1666 2254 προςλαμβοίνοντα,
1707 2183 1776 2248 ώς
1805 2187 1854 2249 ἐξ
1887 2187 2084 2239 ἐκείνων
2118 2190 2354 2239 συνεστῶ·

421 2295 506 2339 τα,
557 2271 613 2327 τὸ
659 2275 876 2325 1τελείου
915 2270 1072 2339 ὄνομα
1110 2271 1368 2342 διαφόρως
1405 2274 1741 2342 2προςίεσθαι
1775 2271 2010 2338 πέφυκεν.

561 2525 748 2598 Ἀνατρ.
823 2529 895 2580 Εἰ
943 2526 1010 2595 μὴ
1048 2526 1341 2597 ώμολογεῖτο
1389 2525 1649 2595 ἀσώματος
1683 2525 1755 2580 ὥν
1810 2524 1838 2580 ὁ
1870 2525 2143 2597 γεννήτωρ,
2193 2525 2355 2578 πάντα

422 2610 559 2683 παρὰ
582 2614 659 2666 σοὶ
690 2616 1175 2683 δραματουργείσθω.
1249 2612 1707 2683 Δραματουργήσας
1733 2613 1785 2666 δὲ
1812 2609 1904 2666 οὐκ
1930 2610 2075 2664 ἄλλον
2099 2609 2207 2664 τινὰ
2235 2609 2356 2663 πτύ-

423 2720 550 2769 ρεις,
604 2705 813 2751 σεαυτοῦ
843 2699 895 2751 δὲ
927 2697 1014 2752 τόν
1057 2704 1177 2752 νοῦν
1216 2705 1390 2761 θολοῖς
1418 2696 1518 2751 ἀπὸ
1552 2704 1640 2766 τῆς
1665 2697 1908 2767 ἀληθινῆς
1931 2696 2206 2767 ὁμολογίας.
2276 2693 2355 2760 Ἐξ

424 2782 578 2837 αὐτοῦ
601 2782 695 2854 γάρ
720 2784 842 2847 θεὸς
863 2786 1042 2846 τέλειος
1065 2783 1137 2837 ὢν
1159 2785 1339 2837 τέλειον
1366 2782 1478 2837 υἵόν
1502 2785 1772 2854 ἐγέννησεν,
1811 2783 1903 2852 οὐχ
1929 2784 2091 2852 ἕτερον
2115 2779 2250 2852 παρὰ
2267 2780 2355 2850 τὴν

423 2868 592 2937 φύσιν.
673 2866 747 2922 Οὕ
772 2869 865 2940 γὰρ
908 2868 1134 2939 ἀπρεπής
1159 2871 1257 2923 ἐστι
1279 2867 1407 2940 πρὸς
1437 2867 1525 2923 τὸν
1548 2867 1839 2940 γεννήτορα,
1891 2866 2004 2921 οὔτε
2031 2870 2216 2935 ἔξωθεν
2252 2868 2355 2920 ἐπι-

423 2954 659 3023 δεόμενος
697 2954 1033 3026 προςλήψεως.
1113 2952 1187 3007 Οὔ
1227 2953 1319 3025 γάρ
1354 2958 1399 3007 τί
1424 2957 1525 3008 ἐστι
1551 2960 1714 3023 μεῖζον
1740 2952 1859 3022 μετὰ
1884 2951 1976 3021 τὴν
1999 2958 2090 3006 τοῦ
2117 2958 2243 3006 θεοῦ
2268 2951 2353 3005 οὖ-

425 3044 551 3105 σίαν,
590 3040 729 3104 ὅπως
752 3046 820 3114 τῷ
846 3041 1116 3112 ἐνδεομένῳ
1145 3044 1437 3107 μεταδοῦναι
1463 3046 1550 3108 τῆς
1579 3038 1903 3108 προςλήψεως
1926 3036 2054 3109 πρὸς
2080 3036 2351 3104 τελειότητα

427 3130 687 3194 δυνηθείη.
745 3123 799 3179 Ὁ
827 3124 918 3196 γοὶρ
948 3124 1019 3178 ὢν
1046 3122 1123 3179 οἷεὶ
1152 3124 1413 3194 ἀσώματος
1437 3125 1521 3179 τὸν
1549 3122 1667 3179 ὅντα
1689 3123 1952 3192 ἀσώματον
1982 3120 2095 3193 παρ’
2127 3120 2258 3194 αὐτῷ
2283 3125 2352 3194 τῷ

426 3210 532 3265 ὄντι
575 3209 651 3265 ἀεὶ
691 3217 985 3282 γεννητικῶς
1018 3212 1199 3264 τέλειον
1239 3209 1269 3264 ὅ
1307 3212 1482 3273 τέλειος
1525 3209 1599 3263 ἀεὶ
1643 3208 1798 3271 ὅντως
1834 3209 2109 3278 γεγέννηκε,
2161 3212 2354 3274 πνεῦμα

427 3297 496 3351 ὢν
525 3296 670 3362 θεὸς,
720 3299 806 3351 καὶ
836 3303 1028 3364 πνεῦμα
1066 3294 1183 3349 ὄντα
1220 3295 1305 3350 ‘cdv
1341 3294 1671 3350 ἐνυπόστατον
1711 3292 1855 3363 λόγον
1889 3291 2201 3362 γεγεννηκώς.
2284 3289 2348 3345 T&

424 3384 542 3437 ὅλον
570 3381 662 3453 γαρ
692 3381 891 3451 η’λίθιον
920 3384 995 3450 εἴη
1028 3379 1165 3450 παρα
1197 3383 1274 3435 σοὶ
1312 3388 1334 3420 ³
1353 3386 1423 3454 τῷ
1444 3381 1641 3453 Ἀετίῳ,
1678 3385 1747 3451 τῷ
1785 3376 2116 3446 ἐμβατεύοντι,
2150 3379 2231 3430 καὶ
2251 3375 2352 3439 ,τὰς

425 3466 549 3521 κατὰ
593 3465 719 3521 θεὸν
762 3466 908 3531 δόξας
947 3470 1207 3538 ἐρευνῶντι
1246 3469 1299 3520 ἐκ
1338 3471 1671 3536 συλλογισμῶν
1708 3467 1792 3516 καί
1829 3479 1920 3515 σου
1962 3467 2351 3533 φιλολογιστικῆς

483 3607 523 3651 4.
569 3614 692 3654 Verba
729 3610 837 3656 κατὰ
877 3610 1006 3668 χάριν.
1067 3608 1138 3655 Διὸ
1182 3608 1253 3655 διὰ
1289 3611 1362 3654 τοῦ
1421 3610 1489 3666 qui
1528 3621 1659 3664 neque
1701 3605 1926 3647 secundum
1966 3606 2164 3660 gratiam,
2216 3620 2349 3662 neque

429 3665 545 3715 ἑνὸς,
574 3669 645 3710 τοῦ
677 3664 797 3721 οὔτε,
840 3673 982 3710 omissa
1007 3673 1048 3710 in
1075 3671 1214 3716 editis,
1256 3670 1366 3708 resti·
1422 3666 1531 3707 nude
1561 3663 1840 3720 appellatione
1876 3663 2134 3710 nominatur,
2176 3662 2250 3703 sed
2278 3677 2348 3703 se-

425 3727 482 3766 lui
505 3737 553 3764 ex
578 3728 688 3765 codd.
716 3739 807 3767 mss.
865 3729 1044 3777 Aynoscit
1069 3728 1184 3766 eliam
1210 3727 1354 3765 Latina
1413 3722 1588 3765 cundum
1628 3719 1843 3760 veritatem
1883 3719 2009 3759 creati
2047 3728 2141 3760 sunt
2182 3720 2233 3760 ab
2265 3733 2346 3760 uno

427 3783 610 3820 corna-rii
634 3785 781 3822 versio:
809 3807 863 3813 -—
897 3782 970 3821 sed
995 3782 1103 3822 nude
1138 3790 1180 3820 et
1207 3794 1359 3820 secun·
1416 3794 1492 3834 per
1515 3792 1661 3826 unum,
1709 3790 1798 3815 cum
1829 3789 1879 3815 eo
1908 3776 1977 3829 qui
2002 3791 2051 3816 ex
2076 3776 2167 3831 ipso
2194 3789 2348 3831 proce-

428 3837 526 3877 dum
569 3836 756 3890 gratiam.
815 3840 1077 3894 Quapropter
1118 3852 1192 3892 per
1237 3850 1358 3877 unum
1416 3836 1501 3886 dit,
1532 3843 1572 3875 et
1605 3833 1657 3874 de
1685 3832 1776 3890 ipso
1806 3831 1970 3888 accipit.
