2508 4134
568 270 792 312 emanti
820 271 924 313 Lm.
951 273 1022 313 m.
1051 273 1185 315 ToM.
1207 276 1238 315 1.
1267 274 1433 316 man.
1459 276 1657 317 Lxxm.
1966 264 2065 315 117

158 370 207 421 in
237 368 398 422 animo
426 368 666 421 habebant
693 368 1027 435 occultarunt,
1084 388 1188 421 cum
1220 372 1335 424 nihil
1365 373 1490 424 aliud
1522 382 1716 443 praeter
1745 373 1857 425 illud
1886 372 1934 424 in
1962 373 2065 442 opi-

157 454 300 504 nione
334 453 594 518 haberent,
646 453 769 522 quod
807 469 972 503 eorum
998 454 1153 521 gratia
1188 455 1405 506 fecerunt
1435 456 1511 524 qui
1542 475 1595 508 se
1625 459 1681 508 ad
1709 458 1921 527 ipsorum
1952 475 2065 510 coe-

154 546 252 589 tum
283 546 696 606 aggregaverant,
760 536 977 587 homines
1017 537 1226 606 alioquin
1268 540 1555 603 orthodoxi,
1606 543 1690 592 sed
1733 542 2060 605 simulatoreS,

155 630 204 672 et
231 622 535 691 imperatoris
573 620 800 691 potestati
831 620 1134 685 servienteS,
1190 622 1488 690 eandemque
1528 625 1926 690 reforniidanteS‚
1984 625 2065 694 qui

153 724 316 758 secum
358 706 565 758 invicem
607 705 883 757 inimicitias
921 706 1238 757 exercebant.
1312 704 1440 756 Nam
1478 705 1742 776 Eutychius
1775 709 2065 762 Eleuthero-

151 790 421 859 politanus,
475 799 638 859 utpote
680 808 707 842 a
750 790 889 840 beato
929 788 1215 842 Maxiniona
1252 788 1703 858 Hierosolymitano
1744 794 1970 863 episcopo
2007 813 2062 846 ac

152 877 435 926 confessore
474 875 740 926 catholicae
780 875 889 925 fidei
927 875 1161 925 institutis
1191 876 1420 938 edoctus,
1477 884 1673 943 propter
1701 873 1872 946 Cyrilli
1903 879 2064 930 odinm

148 959 206 1010 ad
239 959 470 1010 Acacium
513 976 622 1010 sese
657 977 750 1010 non
792 958 1035 1010 adiunxit.
1115 956 1211 1026 Qui
1243 958 1433 1026 quidem
1466 959 1709 1027 aliquanto
1743 970 1955 1029 tempore
1984 981 2064 1014 ca-

147 1043 368 1094 tholicam
397 1044 533 1094 [idem
568 1043 861 1112 amplectens
892 1042 1138 1111 dignitatis
1170 1060 1288 1094 suae
1320 1043 1602 1094 retinendae
1644 1044 1801 1112 gratia
1842 1046 2063 1099 dissimu-

147 1127 292 1191 lavit3
334 1136 383 1178 ut
411 1136 459 1177 et
493 1128 570 1178 alii
597 1125 906 1178 Palaestinae
937 1128 1208 1196 complures
1235 1127 1468 1196 episcopi.
1544 1126 1755 1197 Propter
1786 1148 1905 1198 quos
1935 1130 2064 1182 Aca-

148 1211 250 1263 cius
278 1229 384 1262 cum
412 1211 514 1262 suis
541 1212 707 1262 eadem
737 1211 871 1262 rabie
902 1220 950 1262 et
976 1212 1271 1263 infidelitatis
1305 1214 1471 1263 furore
1512 1213 1681 1281 perciti
1715 1213 1831 1264 nihil
1858 1215 1914 1265 ad
1945 1223 2062 1265 tem-

146 1314 233 1364 pus
264 1296 322 1346 de
358 1295 489 1347 hisce
528 1295 829 1364 dogmatibus
866 1313 1064 1347 movere
1104 1296 1390 1360 voluerunt,
1450 1313 1605 1365 neque
1646 1306 1728 1348 aut
1763 1299 2060 1364 affirmando,

147 1389 228 1432 aut
268 1381 488 1448 negando
529 1379 917 1448 pronuntiarunt.
998 1378 1095 1431 Sed
1134 1377 1422 1444 Seleuciae,
1475 1399 1596 1449 quae
1638 1381 1826 1450 Aspera
1868 1383 2060 1448 dicitur,

148 1464 196 1515 in
229 1461 412 1515 Isauria
439 1461 714 1516 Constantii
753 1465 1060 1533 imperatoris
1090 1465 1226 1516 iussu
1253 1467 1535 1533 congregati
1563 1467 1704 1518 aliam
1734 1467 1842 1517 fidei
1882 1469 2063 1519 sormu-

146 1548 238 1599 lam
279 1557 577 1617 proponunt,
636 1567 730 1600 non
777 1550 962 1617 qualem
1002 1558 1164 1618 patres
1203 1550 1315 1601 olim
1348 1550 1392 1600 in
1424 1549 1648 1602 Nicaena
1681 1553 1869 1621 synodo
1898 1552 2064 1603 ortho-

145 1632 318 1683 doxam
362 1649 419 1683 ac
449 1633 744 1702 praeclaram
786 1634 1123 1698 instituerant,
1182 1635 1265 1685 sed
1298 1634 1468 1685 callide
1506 1653 1563 1686 ac
1596 1637 1703 1687 ficte
1742 1636 1964 1688 simulata
1989 1646 2062 1688 ta-

143 1734 251 1767 men
293 1716 628 1786 simplicitate,
670 1718 798 1768 hunc
835 1718 882 1768 in
922 1719 1112 1769 modum
1152 1719 1564 1786 conscripserunt.

283 1797 542 1853 Credimus
567 1801 617 1853 in
646 1820 789 1853 unum
821 1803 960 1853 deum
980 1843 993 1865 ,
1034 1812 1219 1872 patrem
1249 1804 1627 1873 omnipotentem
1664 1813 1759 1855 etc.
1779 1844 1793 1868 ,
1847 1813 1897 1855 et
1931 1805 1979 1856 in
2006 1805 2059 1856 fi-

144 1884 256 1936 lium
301 1886 376 1936 dei
418 1894 546 1950 etc.,
604 1887 912 1956 simpliciter,
967 1905 1022 1937 ac
1067 1888 1180 1938 nihil
1226 1888 1562 1939 vehementius
1604 1889 1799 1941 elocuti.
1877 1887 2060 1941 Postea

145 1987 265 2022 vero
299 1978 445 2021 totam
478 1979 528 2021 ut
561 1970 763 2022 fabulam
798 1980 1029 2040 agerent,
1071 1973 1386 2036 addiderunt,
1430 1970 1858 2025 Consubstantiale
1899 1974 2060 2025 reiici-

143 2073 276 2118 muS,
319 2063 540 2123 tanquam
571 2073 597 2106 a
624 2056 777 2107 sacris
806 2056 960 2107 literis
988 2056 1216 2108 alienum.
1297 2055 1425 2108 lstud
1457 2074 1576 2108 vero
1608 2058 1887 2109 damnamus
1907 2097 1920 2120 ,
1963 2059 2060 2109 dis-

143 2138 346 2191 similem
374 2157 483 2191 csse
514 2140 662 2209 patris
701 2140 865 2192 filium.
945 2141 1106 2208 Atque
1138 2141 1255 2192 haec
1288 2142 1474 2192 demum
1506 2151 1610 2192 erat
1639 2141 2058 2194 callidissimornm

139 2232 425 2276 venatorum
471 2224 718 2276 illecebra.
795 2223 879 2277 Sic
921 2227 1047 2276 enim
1091 2226 1218 2277 inter
1263 2243 1374 2276 sese
1416 2226 1761 2291 mussitabant,
1821 2244 1877 2277 ac
1916 2227 2061 2279 doce-

142 2308 282 2359 bant:
325 2305 564 2360 Creatura
592 2309 779 2377 quidem
813 2319 888 2361 est
913 2310 987 2361 dei
1020 2310 1172 2375 lilius3
1229 2311 1313 2362 sed
1344 2309 1513 2361 similis
1552 2312 1702 2380 patri,
1744 2329 1802 2362 eo
1835 2312 2060 2364 videlieet

142 2411 290 2445 sensu
324 2393 404 2462 qui
429 2393 638 2444 omnium
664 2393 905 2444 hominnm
935 2413 1027 2446 usu
1053 2413 1110 2446 ac
1134 2395 1484 2446 consuetudine
1515 2395 1765 2446 familiaris
1791 2405 1885 2447 cst.
1943 2395 2060 2448 Ete-

142 2479 237 2529 nim
268 2478 451 2548 plastae
487 2486 670 2528 statuas
695 2479 950 2546 effingunt,
1008 2497 1063 2530 ac
1088 2480 1343 2531 simulacra
1371 2497 1437 2530 ex
1464 2497 1611 2544 auro,
1666 2490 1899 2546 argento,
1941 2481 2060 2532 alia-

142 2580 202 2614 ve
231 2562 459 2625 materia,
514 2570 592 2613 aut
633 2562 876 2614 coloribus
914 2562 962 2613 in
1001 2564 1129 2632 ligno
1167 2565 1476 2633 exprimunt3
1536 2582 1655 2633 quae
1699 2565 2058 2616 similitudinem

141 2647 319 2698 habent
346 2647 423 2698 illa
451 2647 669 2714 quidem,
724 2647 1082 2715 exemplaribus
1122 2665 1240 2699 vero
1281 2649 1381 2699 suis
1412 2649 1542 2700 nullo
1576 2650 1716 2700 modo
1743 2658 1855 2700 sunt
1883 2667 2059 2718 aequa-

144 2731 224 2783 lia.
302 2729 387 2783 Sic
425 2731 483 2781 ab
522 2731 616 2780 illis
657 2730 825 2789 callide
864 2732 1082 2799 quiddam
1123 2734 1453 2801 excogitatum
1495 2743 1570 2785 est
1616 2734 1884 2785 huiusmodi
1922 2743 1973 2785 ut
2005 2735 2058 2784 fi-

143 2816 255 2866 lium
287 2815 409 2884 patri
439 2815 642 2866 similem
677 2832 787 2865 csse
820 2816 1115 2879 faterentur,
1169 2817 1283 2868 licet
1313 2818 1427 2868 nihil
1457 2819 1503 2868 in
1532 2818 1637 2885 ipso
1672 2828 1903 2887 paternae
1936 2818 2056 2867 divi-

142 2900 305 2951 nitatis
327 2899 530 2951 inesset.
613 2898 743 2950 Haec
770 2899 958 2950 illorum
990 2901 1184 2952 decreta
1212 2902 1460 2966 nonnulli,
1502 2903 1578 2970 qui
1614 2921 1720 2954 cum
1749 2902 1866 2970 ipsis
1896 2910 2054 2966 erant,

141 2984 310 3054 partim
340 2993 536 3054 propter
562 2984 791 3052 temporis
822 2983 1137 3035 calamitatem
1168 2987 1521 3055 approbarunt,
1565 2995 1612 3036 et
1643 3004 1759 3037 vero
1788 3003 1959 3053 magna
1993 3003 2056 3037 cx

143 3077 280 3138 parte
306 3069 487 3119 conscii
524 3086 580 3119 ac
618 3070 830 3119 fautores
861 3077 1017 3118 erant.
1095 3068 1300 3137 Quidam
1342 3079 1499 3121 tamen
1537 3070 1676 3121 inscii
1707 3079 1755 3120 et
1782 3070 2057 3138 impruden-

145 3162 219 3204 tes
266 3152 447 3222 abrepti
492 3162 631 3216 sunt,
690 3162 739 3203 ut
781 3153 922 3221 paulo
961 3162 1067 3221 post
1100 3155 1336 3221 apparuit.
1412 3153 1568 3205 Erant
1611 3154 1736 3204 enim
1782 3153 1911 3204 inter
1947 3155 2056 3205 illos

145 3235 451 3304 Patropliilus
484 3237 939 3307 Scythopolitanus,
982 3245 1031 3286 et
1057 3235 1334 3306 Philippus,
1377 3239 1454 3306 qui
1490 3239 1626 3289 huius
1655 3254 1911 3288 successor
1941 3256 2056 3290 con-

146 3322 340 3372 stitutus
370 3321 467 3372 illic
500 3323 682 3386 fuerat,
737 3339 842 3372 cum
876 3321 980 3371 aliis
1016 3320 1282 3389 plerisque,
1339 3324 1416 3390 qui
1451 3323 1570 3372 banc
1613 3322 1847 3372 baeresim
1878 3323 2056 3391 ample-

144 3405 414 3456 ctebantur.
493 3405 650 3456 Hodie
687 3423 804 3456 vero
837 3414 944 3474 post
986 3404 1175 3455 illorum
1214 3406 1422 3470 obitum,
1479 3407 1557 3457 ubi
1590 3406 1799 3474 ipsorum
1836 3405 2054 3474 impietas

144 3490 286 3557 longe
317 3490 507 3558 lateque
539 3498 829 3559 propagata,
872 3487 1116 3540 audaciam
1151 3506 1207 3539 ac
1238 3489 1477 3540 licentiam
1515 3490 1641 3540 nacti
1670 3507 1726 3540 ac
1758 3490 1917 3541 carnis
1946 3492 2055 3543 bra-

144 3574 251 3624 chio
282 3575 419 3637 freti,
461 3575 587 3625 nulla
619 3592 671 3625 re
702 3575 793 3625 iam
826 3574 1075 3636 obstante,
1133 3591 1332 3639 quorum
1365 3573 1617 3624 consilium
1643 3573 1854 3626 inierant
1887 3585 2053 3646 aperte

142 3754 260 3793 quam
282 3748 378 3784 certe
406 3744 636 3793 Cornarium
664 3747 760 3783 recte
787 3745 1073 3795 interpretatum
1101 3753 1179 3783 esse
1206 3742 1317 3782 video
1345 3748 1442 3799 post
1468 3741 1587 3782 hunc.

2116 1847 2276 1914 xxiv.
