<?xml version="1.0" encoding="UTF-8"?>
<!DOCTYPE html PUBLIC "-//W3C//DTD XHTML 1.0 Transitional//EN"
    "http://www.w3.org/TR/xhtml1/DTD/xhtml1-transitional.dtd">
<html xmlns="http://www.w3.org/1999/xhtml" xml:lang="en" lang="en">
 <head>
  <title>
</title>
<meta http-equiv="Content-Type" content="text/html;charset=utf-8" />
  <meta name='ocr-system' content='tesseract 3.04.00' />
  <meta name='ocr-capabilities' content='ocr_page ocr_carea ocr_par ocr_line ocrx_word'/>
</head>
<body>
  <div class='ocr_page' id='page_1' title='image "./pt3corporishaere02epipuoft/pt3corporishaere02epipuoft_0537.png"; bbox 0 0 2508 4134; ppageno 0'>
   <div class='ocr_carea' id='block_1_1' title="bbox 393 276 2006 332">
    <p class='ocr_par' dir='ltr' id='par_1_1' title="bbox 393 276 2006 332">
     <span class='ocr_line' id='line_1_1' title="bbox 393 276 2006 332; baseline -0.004 0"><span class='ocrx_word' id='word_1_1' title='bbox 393 291 615 332; x_wconf 75' lang='lat' dir='ltr'><strong>PANARn</strong></span> <span class='ocrx_word' id='word_1_2' title='bbox 645 292 747 331; x_wconf 78' lang='lat' dir='ltr'><strong>Lm.</strong></span> <span class='ocrx_word' id='word_1_3' title='bbox 775 291 845 331; x_wconf 86' lang='lat'><strong>111.</strong></span> <span class='ocrx_word' id='word_1_4' title='bbox 883 290 1016 331; x_wconf 86' lang='grc' dir='ltr'><strong>ΤοΜ.</strong></span> <span class='ocrx_word' id='word_1_5' title='bbox 1046 291 1093 330; x_wconf 89' lang='lat'><strong>11.</strong></span> <span class='ocrx_word' id='word_1_6' title='bbox 1137 290 1323 330; x_wconf 71' lang='lat' dir='ltr'><strong>expos</strong></span> <span class='ocrx_word' id='word_1_7' title='bbox 1356 290 1461 330; x_wconf 80' lang='lat' dir='ltr'><strong>Fu).</strong></span> <span class='ocrx_word' id='word_1_8' title='bbox 1492 289 1727 330; x_wconf 79' lang='lat' dir='ltr'><strong>cATnoL.</strong></span> <span class='ocrx_word' id='word_1_9' title='bbox 1907 276 2006 327; x_wconf 73' lang='lat'><strong>527</strong></span> 
     </span>
    </p>
   </div>
   <div class='ocr_carea' id='block_1_2' title="bbox 101 385 2007 3809">
    <p class='ocr_par' dir='ltr' id='par_1_2' title="bbox 110 385 2005 542">
     <span class='ocr_line' id='line_1_2' title="bbox 112 385 2005 455; baseline -0.002 -15"><span class='ocrx_word' id='word_1_10' title='bbox 112 391 302 453; x_wconf 86' lang='lat' dir='ltr'><strong>facere,</strong></span> <span class='ocrx_word' id='word_1_11' title='bbox 341 389 390 439; x_wconf 90' lang='lat' dir='ltr'><strong>in</strong></span> <span class='ocrx_word' id='word_1_12' title='bbox 419 385 615 440; x_wconf 87' lang='lat' dir='ltr'><strong>Christo</strong></span> <span class='ocrx_word' id='word_1_13' title='bbox 645 386 756 439; x_wconf 87' lang='lat' dir='ltr'><strong>lesu</strong></span> <span class='ocrx_word' id='word_1_14' title='bbox 781 387 970 438; x_wconf 88' lang='lat' dir='ltr'><strong>domino</strong></span> <span class='ocrx_word' id='word_1_15' title='bbox 1005 396 1197 449; x_wconf 89' lang='lat' dir='ltr'><strong>nostr0‚</strong></span> <span class='ocrx_word' id='word_1_16' title='bbox 1256 403 1339 455; x_wconf 92' lang='lat' dir='ltr'><strong>per</strong></span> <span class='ocrx_word' id='word_1_17' title='bbox 1369 405 1506 455; x_wconf 90' lang='lat' dir='ltr'><strong>quem</strong></span> <span class='ocrx_word' id='word_1_18' title='bbox 1526 426 1538 450; x_wconf 93' lang='lat'><strong>,</strong></span> <span class='ocrx_word' id='word_1_19' title='bbox 1593 396 1637 437; x_wconf 91' lang='lat' dir='ltr'><strong>et</strong></span> <span class='ocrx_word' id='word_1_20' title='bbox 1671 404 1872 454; x_wconf 90' lang='lat' dir='ltr'><strong>quocum</strong></span> <span class='ocrx_word' id='word_1_21' title='bbox 1903 385 2005 453; x_wconf 87' lang='lat' dir='ltr'><strong>glo-</strong></span> 
     </span>
     <span class='ocr_line' id='line_1_3' title="bbox 110 471 1495 542; baseline -0.003 -18"><span class='ocrx_word' id='word_1_22' title='bbox 110 474 182 524; x_wconf 89' lang='lat' dir='ltr'><strong>ria</strong></span> <span class='ocrx_word' id='word_1_23' title='bbox 220 473 369 542; x_wconf 89' lang='lat' dir='ltr'><strong>patri,</strong></span> <span class='ocrx_word' id='word_1_24' title='bbox 411 491 515 523; x_wconf 89' lang='lat' dir='ltr'><strong>cum</strong></span> <span class='ocrx_word' id='word_1_25' title='bbox 554 471 725 541; x_wconf 91' lang='lat' dir='ltr'><strong>spiritu</strong></span> <span class='ocrx_word' id='word_1_26' title='bbox 762 479 929 522; x_wconf 88' lang='lat' dir='ltr'><strong>sancto</strong></span> <span class='ocrx_word' id='word_1_27' title='bbox 969 471 1015 521; x_wconf 91' lang='lat' dir='ltr'><strong>in</strong></span> <span class='ocrx_word' id='word_1_28' title='bbox 1054 471 1275 531; x_wconf 86' lang='lat' dir='ltr'><strong>saecula,</strong></span> <span class='ocrx_word' id='word_1_29' title='bbox 1317 472 1495 521; x_wconf 88' lang='lat' dir='ltr'><strong>Amen.</strong></span> 
     </span>
    </p>

    <p class='ocr_par' dir='ltr' id='par_1_3' title="bbox 101 553 2007 3809">
     <span class='ocr_line' id='line_1_4' title="bbox 250 553 2007 623; baseline -0.001 -17"><span class='ocrx_word' id='word_1_30' title='bbox 250 554 497 606; x_wconf 75' lang='lat' dir='ltr'><strong>Hactenus</strong></span> <span class='ocrx_word' id='word_1_31' title='bbox 547 556 691 623; x_wconf 89' lang='lat' dir='ltr'><strong>igitur</strong></span> <span class='ocrx_word' id='word_1_32' title='bbox 728 572 960 622; x_wconf 82' lang='lat' dir='ltr'><strong>quaenam</strong></span> <span class='ocrx_word' id='word_1_33' title='bbox 1004 562 1135 604; x_wconf 89' lang='lat' dir='ltr'><strong>esset</strong></span> <span class='ocrx_word' id='word_1_34' title='bbox 1182 554 1321 604; x_wconf 90' lang='lat' dir='ltr'><strong>unius</strong></span> <span class='ocrx_word' id='word_1_35' title='bbox 1368 562 1415 604; x_wconf 86' lang='lat' dir='ltr'><strong>et</strong></span> <span class='ocrx_word' id='word_1_36' title='bbox 1459 553 1723 606; x_wconf 88' lang='lat' dir='ltr'><strong>catholicae</strong></span> <span class='ocrx_word' id='word_1_37' title='bbox 1773 554 2007 604; x_wconf 90' lang='lat' dir='ltr'><strong>ecclesiae</strong></span> 
     </span>
     <span class='ocr_line' id='line_1_5' title="bbox 109 637 2007 708; baseline -0.002 -18"><span class='ocrx_word' id='word_1_38' title='bbox 109 640 255 703; x_wconf 86' lang='lat' dir='ltr'><strong>fides,</strong></span> <span class='ocrx_word' id='word_1_39' title='bbox 309 640 566 708; x_wconf 88' lang='lat' dir='ltr'><strong>simplicis,</strong></span> <span class='ocrx_word' id='word_1_40' title='bbox 621 639 843 707; x_wconf 88' lang='lat' dir='ltr'><strong>inquam,</strong></span> <span class='ocrx_word' id='word_1_41' title='bbox 884 638 1010 688; x_wconf 90' lang='lat' dir='ltr'><strong>illius</strong></span> <span class='ocrx_word' id='word_1_42' title='bbox 1039 647 1087 687; x_wconf 89' lang='lat' dir='ltr'><strong>et</strong></span> <span class='ocrx_word' id='word_1_43' title='bbox 1115 637 1386 687; x_wconf 90' lang='lat' dir='ltr'><strong>innocentis</strong></span> <span class='ocrx_word' id='word_1_44' title='bbox 1421 638 1688 702; x_wconf 88' lang='lat' dir='ltr'><strong>columbae,</strong></span> <span class='ocrx_word' id='word_1_45' title='bbox 1726 655 1842 703; x_wconf 83' lang='lat' dir='ltr'><strong>quae</strong></span> <span class='ocrx_word' id='word_1_46' title='bbox 1871 642 2007 687; x_wconf 58' lang='lat' dir='ltr'><strong>unzi-a</strong></span> 
     </span>
     <span class='ocr_line' id='line_1_6' title="bbox 109 722 2007 791; baseline -0.001 -19"><span class='ocrx_word' id='word_1_47' title='bbox 109 733 178 773; x_wconf 80' lang='lat' dir='ltr'><strong>cst</strong></span> <span class='ocrx_word' id='word_1_48' title='bbox 205 727 304 773; x_wconf 75' lang='lat' dir='ltr'><strong>viro</strong></span> <span class='ocrx_word' id='word_1_49' title='bbox 331 742 441 784; x_wconf 82' lang='lat' dir='ltr'><strong>suo,</strong></span> <span class='ocrx_word' id='word_1_50' title='bbox 483 724 549 774; x_wconf 90' lang='lat' dir='ltr'><strong>uti</strong></span> <span class='ocrx_word' id='word_1_51' title='bbox 579 723 806 791; x_wconf 88' lang='lat' dir='ltr'><strong>scriptum</strong></span> <span class='ocrx_word' id='word_1_52' title='bbox 842 730 943 784; x_wconf 89' lang='lat' dir='ltr'><strong>est,</strong></span> <span class='ocrx_word' id='word_1_53' title='bbox 1002 724 1099 771; x_wconf 81' lang='lat' dir='ltr'><strong>Una</strong></span> <span class='ocrx_word' id='word_1_54' title='bbox 1127 731 1197 769; x_wconf 79' lang='lat' dir='ltr'><strong>est</strong></span> <span class='ocrx_word' id='word_1_55' title='bbox 1219 722 1427 769; x_wconf 77' lang='lat' dir='ltr'><strong>columba</strong></span> <span class='ocrx_word' id='word_1_56' title='bbox 1452 739 1577 781; x_wconf 82' lang='lat' dir='ltr'><strong>mea,·</strong></span> <span class='ocrx_word' id='word_1_57' title='bbox 1630 739 1719 772; x_wconf 87' lang='lat' dir='ltr'><strong>nec</strong></span> <span class='ocrx_word' id='word_1_58' title='bbox 1748 739 1842 771; x_wconf 90' lang='lat' dir='ltr'><strong>non</strong></span> <span class='ocrx_word' id='word_1_59' title='bbox 1873 730 1922 771; x_wconf 92' lang='lat' dir='ltr'><strong>et</strong></span> <span class='ocrx_word' id='word_1_60' title='bbox 1950 722 2007 771; x_wconf 89' lang='lat' dir='ltr'><strong>de</strong></span> 
     </span>
     <span class='ocr_line' id='line_1_7' title="bbox 106 805 2007 872; baseline -0.002 -14"><span class='ocrx_word' id='word_1_61' title='bbox 106 807 305 858; x_wconf 83' lang='lat' dir='ltr'><strong>infinitis</strong></span> <span class='ocrx_word' id='word_1_62' title='bbox 347 806 746 868; x_wconf 79' lang='lat' dir='ltr'><strong>adolescentuliS,</strong></span> <span class='ocrx_word' id='word_1_63' title='bbox 801 822 998 872; x_wconf 88' lang='lat' dir='ltr'><strong>quarum</strong></span> <span class='ocrx_word' id='word_1_64' title='bbox 1043 805 1150 855; x_wconf 90' lang='lat' dir='ltr'><strong>iniri</strong></span> <span class='ocrx_word' id='word_1_65' title='bbox 1180 821 1407 854; x_wconf 89' lang='lat' dir='ltr'><strong>numerus</strong></span> <span class='ocrx_word' id='word_1_66' title='bbox 1441 822 1534 854; x_wconf 91' lang='lat' dir='ltr'><strong>non</strong></span> <span class='ocrx_word' id='word_1_67' title='bbox 1570 813 1758 872; x_wconf 89' lang='lat' dir='ltr'><strong>potest,</strong></span> <span class='ocrx_word' id='word_1_68' title='bbox 1810 822 1900 872; x_wconf 87' lang='lat' dir='ltr'><strong>qua</strong></span> <span class='ocrx_word' id='word_1_69' title='bbox 1926 822 2007 872; x_wconf 89' lang='lat' dir='ltr'><strong>po-</strong></span> 
     </span>
     <span class='ocr_line' id='line_1_8' title="bbox 109 888 2006 958; baseline -0.001 -17"><span class='ocrx_word' id='word_1_70' title='bbox 109 892 283 941; x_wconf 89' lang='lat' dir='ltr'><strong>tuimus</strong></span> <span class='ocrx_word' id='word_1_71' title='bbox 307 890 542 942; x_wconf 85' lang='lat' dir='ltr'><strong>brevitate</strong></span> <span class='ocrx_word' id='word_1_72' title='bbox 569 890 933 958; x_wconf 81' lang='lat' dir='ltr'><strong>disputavimuS,</strong></span> <span class='ocrx_word' id='word_1_73' title='bbox 988 888 1299 955; x_wconf 82' lang='lat' dir='ltr'>inprimisque</span> <span class='ocrx_word' id='word_1_74' title='bbox 1326 888 1383 938; x_wconf 91' lang='lat' dir='ltr'><strong>de</strong></span> <span class='ocrx_word' id='word_1_75' title='bbox 1409 888 1576 938; x_wconf 87' lang='lat' dir='ltr'><strong>eadem</strong></span> <span class='ocrx_word' id='word_1_76' title='bbox 1603 888 1747 957; x_wconf 89' lang='lat' dir='ltr'><strong>patris</strong></span> <span class='ocrx_word' id='word_1_77' title='bbox 1773 897 1819 939; x_wconf 91' lang='lat' dir='ltr'><strong>et</strong></span> <span class='ocrx_word' id='word_1_78' title='bbox 1845 888 1926 938; x_wconf 77' lang='lat' dir='ltr'><strong>[ilii</strong></span> <span class='ocrx_word' id='word_1_79' title='bbox 1952 906 2006 939; x_wconf 90' lang='lat' dir='ltr'><strong>ac</strong></span> 
     </span>
     <span class='ocr_line' id='line_1_9' title="bbox 109 968 2007 1043; baseline -0.002 -17"><span class='ocrx_word' id='word_1_80' title='bbox 109 974 303 1043; x_wconf 90' lang='lat' dir='ltr'><strong>spiritus</strong></span> <span class='ocrx_word' id='word_1_81' title='bbox 344 974 498 1026; x_wconf 91' lang='lat' dir='ltr'><strong>sancti</strong></span> <span class='ocrx_word' id='word_1_82' title='bbox 538 973 831 1035; x_wconf 89' lang='lat' dir='ltr'><strong>substantia,</strong></span> <span class='ocrx_word' id='word_1_83' title='bbox 901 973 1053 1038; x_wconf 83' lang='lat' dir='ltr'><strong>deque</strong></span> <span class='ocrx_word' id='word_1_84' title='bbox 1096 973 1307 1040; x_wconf 82' lang='lat' dir='ltr'><strong>perfecta</strong></span> <span class='ocrx_word' id='word_1_85' title='bbox 1347 968 1529 1022; x_wconf 90' lang='lat' dir='ltr'><strong>Christi</strong></span> <span class='ocrx_word' id='word_1_86' title='bbox 1569 970 1747 1022; x_wconf 92' lang='lat' dir='ltr'><strong>domini</strong></span> <span class='ocrx_word' id='word_1_87' title='bbox 1785 972 2007 1022; x_wconf 86' lang='lat' dir='ltr'><strong>incarna-</strong></span> 
     </span>
     <span class='ocr_line' id='line_1_10' title="bbox 109 1054 2006 1126; baseline -0.001 -18"><span class='ocrx_word' id='word_1_88' title='bbox 109 1058 239 1109; x_wconf 86' lang='lat' dir='ltr'><strong>tione</strong></span> <span class='ocrx_word' id='word_1_89' title='bbox 276 1075 332 1108; x_wconf 90' lang='lat' dir='ltr'><strong>ac</strong></span> <span class='ocrx_word' id='word_1_90' title='bbox 374 1058 570 1126; x_wconf 87' lang='lat' dir='ltr'><strong>reliquis</strong></span> <span class='ocrx_word' id='word_1_91' title='bbox 621 1057 727 1107; x_wconf 87' lang='lat' dir='ltr'><strong>fidei</strong></span> <span class='ocrx_word' id='word_1_92' title='bbox 770 1055 1022 1123; x_wconf 80' lang='lat' dir='ltr'>capitibus.</span> <span class='ocrx_word' id='word_1_93' title='bbox 1097 1054 1243 1106; x_wconf 90' lang='lat' dir='ltr'><strong>Nunc</strong></span> <span class='ocrx_word' id='word_1_94' title='bbox 1288 1056 1345 1105; x_wconf 92' lang='lat' dir='ltr'><strong>de</strong></span> <span class='ocrx_word' id='word_1_95' title='bbox 1376 1056 1589 1106; x_wconf 87' lang='lat' dir='ltr'><strong>eiusdem</strong></span> <span class='ocrx_word' id='word_1_96' title='bbox 1631 1055 1866 1106; x_wconf 89' lang='lat' dir='ltr'><strong>ecclesiae</strong></span> <span class='ocrx_word' id='word_1_97' title='bbox 1896 1073 2006 1106; x_wconf 83' lang='lat' dir='ltr'><strong>san-</strong></span> 
     </span>
     <span class='ocr_line' id='line_1_11' title="bbox 107 1139 2000 1209; baseline -0.002 -17"><span class='ocrx_word' id='word_1_98' title='bbox 107 1141 346 1193; x_wconf 89' lang='lat' dir='ltr'><strong>ctionibus</strong></span> <span class='ocrx_word' id='word_1_99' title='bbox 395 1160 451 1192; x_wconf 86' lang='lat' dir='ltr'><strong>ac</strong></span> <span class='ocrx_word' id='word_1_100' title='bbox 502 1141 689 1209; x_wconf 89' lang='lat' dir='ltr'><strong>legibus</strong></span> <span class='ocrx_word' id='word_1_101' title='bbox 743 1157 892 1208; x_wconf 89' lang='lat' dir='ltr'><strong>pauca</strong></span> <span class='ocrx_word' id='word_1_102' title='bbox 949 1139 1060 1189; x_wconf 92' lang='lat' dir='ltr'><strong>mihi</strong></span> <span class='ocrx_word' id='word_1_103' title='bbox 1108 1156 1309 1190; x_wconf 90' lang='lat' dir='ltr'><strong>necesse</strong></span> <span class='ocrx_word' id='word_1_104' title='bbox 1348 1147 1449 1202; x_wconf 88' lang='lat' dir='ltr'><strong>est,</strong></span> <span class='ocrx_word' id='word_1_105' title='bbox 1520 1141 1672 1207; x_wconf 89' lang='lat' dir='ltr'><strong>deque</strong></span> <span class='ocrx_word' id='word_1_106' title='bbox 1728 1140 2000 1191; x_wconf 87' lang='lat' dir='ltr'><strong>earumdem</strong></span> 
     </span>
     <span class='ocr_line' id='line_1_12' title="bbox 108 1222 2003 1293; baseline -0.001 -17"><span class='ocrx_word' id='word_1_107' title='bbox 108 1227 259 1276; x_wconf 84' lang='lat' dir='ltr'><strong>forma</strong></span> <span class='ocrx_word' id='word_1_108' title='bbox 292 1225 451 1293; x_wconf 89' lang='lat' dir='ltr'><strong>aliqua</strong></span> <span class='ocrx_word' id='word_1_109' title='bbox 480 1226 649 1276; x_wconf 84' lang='lat' dir='ltr'><strong>saltem</strong></span> <span class='ocrx_word' id='word_1_110' title='bbox 677 1241 742 1274; x_wconf 84' lang='lat' dir='ltr'><strong>ex</strong></span> <span class='ocrx_word' id='word_1_111' title='bbox 782 1232 915 1291; x_wconf 88' lang='lat' dir='ltr'><strong>parte</strong></span> <span class='ocrx_word' id='word_1_112' title='bbox 955 1222 1206 1292; x_wconf 85' lang='lat' dir='ltr'><strong>persequi,</strong></span> <span class='ocrx_word' id='word_1_113' title='bbox 1259 1239 1586 1291; x_wconf 84' lang='lat' dir='ltr'><strong>quaecumque</strong></span> <span class='ocrx_word' id='word_1_114' title='bbox 1627 1223 1848 1274; x_wconf 89' lang='lat' dir='ltr'><strong>nimirum</strong></span> <span class='ocrx_word' id='word_1_115' title='bbox 1897 1242 2003 1293; x_wconf 90' lang='lat' dir='ltr'><strong>pro-</strong></span> 
     </span>
     <span class='ocr_line' id='line_1_13' title="bbox 107 1307 2005 1378; baseline -0.001 -18"><span class='ocrx_word' id='word_1_116' title='bbox 107 1310 209 1378; x_wconf 87' lang='lat' dir='ltr'><strong>prie</strong></span> <span class='ocrx_word' id='word_1_117' title='bbox 237 1308 348 1360; x_wconf 91' lang='lat' dir='ltr'><strong>olim</strong></span> <span class='ocrx_word' id='word_1_118' title='bbox 392 1309 439 1359; x_wconf 88' lang='lat' dir='ltr'><strong>iu</strong></span> <span class='ocrx_word' id='word_1_119' title='bbox 478 1309 579 1378; x_wconf 91' lang='lat' dir='ltr'><strong>ipsa</strong></span> <span class='ocrx_word' id='word_1_120' title='bbox 611 1316 804 1359; x_wconf 87' lang='lat' dir='ltr'><strong>servata</strong></span> <span class='ocrx_word' id='word_1_121' title='bbox 843 1315 983 1370; x_wconf 90' lang='lat' dir='ltr'><strong>sunt,</strong></span> <span class='ocrx_word' id='word_1_122' title='bbox 1037 1315 1086 1357; x_wconf 89' lang='lat' dir='ltr'><strong>et</strong></span> <span class='ocrx_word' id='word_1_123' title='bbox 1122 1307 1356 1375; x_wconf 87' lang='lat' dir='ltr'><strong>hodieque</strong></span> <span class='ocrx_word' id='word_1_124' title='bbox 1397 1316 1687 1371; x_wconf 89' lang='lat' dir='ltr'><strong>servantur,</strong></span> <span class='ocrx_word' id='word_1_125' title='bbox 1738 1308 1907 1375; x_wconf 90' lang='lat' dir='ltr'><strong>partim</strong></span> <span class='ocrx_word' id='word_1_126' title='bbox 1942 1325 2005 1358; x_wconf 74' lang='lat' dir='ltr'><strong>ex</strong></span> 
     </span>
     <span class='ocr_line' id='line_1_14' title="bbox 106 1390 2004 1462; baseline -0.001 -18"><span class='ocrx_word' id='word_1_127' title='bbox 106 1402 392 1462; x_wconf 88' lang='lat' dir='ltr'><strong>praecept0,</strong></span> <span class='ocrx_word' id='word_1_128' title='bbox 445 1393 613 1461; x_wconf 89' lang='lat' dir='ltr'><strong>partim</strong></span> <span class='ocrx_word' id='word_1_129' title='bbox 663 1408 726 1442; x_wconf 84' lang='lat' dir='ltr'><strong>ex</strong></span> <span class='ocrx_word' id='word_1_130' title='bbox 774 1391 1049 1442; x_wconf 79' lang='lat' dir='ltr'><strong>inductione</strong></span> <span class='ocrx_word' id='word_1_131' title='bbox 1091 1391 1264 1455; x_wconf 88' lang='lat' dir='ltr'><strong>animi,</strong></span> <span class='ocrx_word' id='word_1_132' title='bbox 1331 1392 1420 1442; x_wconf 90' lang='lat' dir='ltr'><strong>deo</strong></span> <span class='ocrx_word' id='word_1_133' title='bbox 1460 1408 1523 1442; x_wconf 80' lang='lat' dir='ltr'><strong>ex</strong></span> <span class='ocrx_word' id='word_1_134' title='bbox 1566 1390 1845 1459; x_wconf 90' lang='lat' dir='ltr'><strong>disciplinae</strong></span> <span class='ocrx_word' id='word_1_135' title='bbox 1887 1408 2004 1442; x_wconf 89' lang='lat' dir='ltr'><strong>suae</strong></span> 
     </span>
     <span class='ocr_line' id='line_1_15' title="bbox 106 1473 2004 1544; baseline -0.002 -17"><span class='ocrx_word' id='word_1_136' title='bbox 106 1476 284 1527; x_wconf 86' lang='lat' dir='ltr'><strong>virtute</strong></span> <span class='ocrx_word' id='word_1_137' title='bbox 333 1477 534 1527; x_wconf 85' lang='lat' dir='ltr'><strong>fructum</strong></span> <span class='ocrx_word' id='word_1_138' title='bbox 586 1476 820 1544; x_wconf 85' lang='lat' dir='ltr'><strong>quendam</strong></span> <span class='ocrx_word' id='word_1_139' title='bbox 863 1475 1249 1544; x_wconf 67' lang='lat' dir='ltr'><strong>voluptatemque</strong></span> <span class='ocrx_word' id='word_1_140' title='bbox 1296 1475 1531 1542; x_wconf 75' lang='lat' dir='ltr'><strong>capiente.</strong></span> <span class='ocrx_word' id='word_1_141' title='bbox 1622 1473 2004 1525; x_wconf 87' lang='lat' dir='ltr'><strong>Fundamentum</strong></span> 
     </span>
     <span class='ocr_line' id='line_1_16' title="bbox 103 1559 2006 1629; baseline -0.001 -19"><span class='ocrx_word' id='word_1_142' title='bbox 103 1561 278 1629; x_wconf 85' lang='lat' dir='ltr'><strong>igitur,</strong></span> <span class='ocrx_word' id='word_1_143' title='bbox 333 1578 388 1610; x_wconf 93' lang='lat' dir='ltr'><strong>ac</strong></span> <span class='ocrx_word' id='word_1_144' title='bbox 420 1561 550 1611; x_wconf 91' lang='lat' dir='ltr'><strong>velut</strong></span> <span class='ocrx_word' id='word_1_145' title='bbox 582 1559 776 1628; x_wconf 89' lang='lat' dir='ltr'><strong>crepido</strong></span> <span class='ocrx_word' id='word_1_146' title='bbox 816 1560 1046 1626; x_wconf 90' lang='lat' dir='ltr'><strong>quaedam</strong></span> <span class='ocrx_word' id='word_1_147' title='bbox 1077 1559 1123 1609; x_wconf 93' lang='lat' dir='ltr'><strong>in</strong></span> <span class='ocrx_word' id='word_1_148' title='bbox 1153 1559 1361 1610; x_wconf 90' lang='lat' dir='ltr'><strong>ecclesia</strong></span> <span class='ocrx_word' id='word_1_149' title='bbox 1393 1559 1646 1628; x_wconf 88' lang='lat' dir='ltr'><strong>virginitas</strong></span> <span class='ocrx_word' id='word_1_150' title='bbox 1675 1567 1777 1623; x_wconf 85' lang='lat' dir='ltr'><strong>est,</strong></span> <span class='ocrx_word' id='word_1_151' title='bbox 1830 1576 1953 1627; x_wconf 90' lang='lat' dir='ltr'><strong>quae</strong></span> <span class='ocrx_word' id='word_1_152' title='bbox 1978 1577 2006 1609; x_wconf 90' lang='lat' dir='ltr'><strong>a</strong></span> 
     </span>
     <span class='ocr_line' id='line_1_17' title="bbox 105 1643 2007 1712; baseline 0 -18"><span class='ocrx_word' id='word_1_153' title='bbox 105 1644 346 1712; x_wconf 90' lang='lat' dir='ltr'><strong>plerisque</strong></span> <span class='ocrx_word' id='word_1_154' title='bbox 379 1644 551 1694; x_wconf 90' lang='lat' dir='ltr'><strong>colitur</strong></span> <span class='ocrx_word' id='word_1_155' title='bbox 580 1652 629 1694; x_wconf 90' lang='lat' dir='ltr'><strong>et</strong></span> <span class='ocrx_word' id='word_1_156' title='bbox 657 1643 971 1706; x_wconf 88' lang='lat' dir='ltr'><strong>observatur,</strong></span> <span class='ocrx_word' id='word_1_157' title='bbox 1013 1652 1061 1693; x_wconf 89' lang='lat' dir='ltr'><strong>et</strong></span> <span class='ocrx_word' id='word_1_158' title='bbox 1090 1643 1138 1693; x_wconf 92' lang='lat' dir='ltr'><strong>in</strong></span> <span class='ocrx_word' id='word_1_159' title='bbox 1170 1643 1341 1694; x_wconf 83' lang='lat' dir='ltr'><strong>illustri</strong></span> <span class='ocrx_word' id='word_1_160' title='bbox 1372 1646 1572 1711; x_wconf 88' lang='lat' dir='ltr'><strong>quadam</strong></span> <span class='ocrx_word' id='word_1_161' title='bbox 1598 1644 1753 1710; x_wconf 87' lang='lat' dir='ltr'><strong>gloria</strong></span> <span class='ocrx_word' id='word_1_162' title='bbox 1783 1661 1837 1693; x_wconf 93' lang='lat' dir='ltr'><strong>ac</strong></span> <span class='ocrx_word' id='word_1_163' title='bbox 1868 1660 2007 1712; x_wconf 85' lang='lat' dir='ltr'><strong>prae-</strong></span> 
     </span>
     <span class='ocr_line' id='line_1_18' title="bbox 106 1726 2004 1796; baseline -0.001 -18"><span class='ocrx_word' id='word_1_164' title='bbox 106 1727 345 1778; x_wconf 90' lang='lat' dir='ltr'><strong>dicatione</strong></span> <span class='ocrx_word' id='word_1_165' title='bbox 383 1736 625 1778; x_wconf 90' lang='lat' dir='ltr'><strong>versatur.</strong></span> <span class='ocrx_word' id='word_1_166' title='bbox 719 1726 1059 1794; x_wconf 79' lang='lat' dir='ltr'><strong>Virginitatem</strong></span> <span class='ocrx_word' id='word_1_167' title='bbox 1102 1727 1318 1778; x_wconf 85' lang='lat' dir='ltr'><strong>solitaria</strong></span> <span class='ocrx_word' id='word_1_168' title='bbox 1359 1727 1456 1779; x_wconf 88' lang='lat' dir='ltr'><strong>vita</strong></span> <span class='ocrx_word' id='word_1_169' title='bbox 1503 1728 1723 1796; x_wconf 82' lang='lat' dir='ltr'><strong>proxime</strong></span> <span class='ocrx_word' id='word_1_170' title='bbox 1766 1727 2004 1795; x_wconf 89' lang='lat' dir='ltr'><strong>sequitur,</strong></span> 
     </span>
     <span class='ocr_line' id='line_1_19' title="bbox 107 1809 2005 1880; baseline 0 -18"><span class='ocrx_word' id='word_1_171' title='bbox 107 1829 245 1880; x_wconf 90' lang='lat' dir='ltr'><strong>quam</strong></span> <span class='ocrx_word' id='word_1_172' title='bbox 286 1812 334 1861; x_wconf 91' lang='lat' dir='ltr'><strong>in</strong></span> <span class='ocrx_word' id='word_1_173' title='bbox 375 1811 616 1879; x_wconf 89' lang='lat' dir='ltr'><strong>plerisque</strong></span> <span class='ocrx_word' id='word_1_174' title='bbox 663 1828 814 1862; x_wconf 80' lang='lat' dir='ltr'><strong>sexus</strong></span> <span class='ocrx_word' id='word_1_175' title='bbox 857 1811 1102 1878; x_wconf 91' lang='lat' dir='ltr'><strong>utriusque</strong></span> <span class='ocrx_word' id='word_1_176' title='bbox 1140 1811 1384 1862; x_wconf 88' lang='lat' dir='ltr'><strong>monachis</strong></span> <span class='ocrx_word' id='word_1_177' title='bbox 1417 1812 1653 1862; x_wconf 80' lang='lat' dir='ltr'><strong>videmus,</strong></span> <span class='ocrx_word' id='word_1_178' title='bbox 1730 1809 2005 1863; x_wconf 88' lang='lat' dir='ltr'><strong>Secundum</strong></span> 
     </span>
     <span class='ocr_line' id='line_1_20' title="bbox 104 1894 2001 1963; baseline 0 -17"><span class='ocrx_word' id='word_1_179' title='bbox 104 1896 227 1947; x_wconf 88' lang='lat' dir='ltr'><strong>hanc</strong></span> <span class='ocrx_word' id='word_1_180' title='bbox 260 1894 557 1946; x_wconf 86' lang='lat' dir='ltr'><strong>continentia</strong></span> <span class='ocrx_word' id='word_1_181' title='bbox 586 1895 644 1945; x_wconf 89' lang='lat' dir='ltr'><strong>ad</strong></span> <span class='ocrx_word' id='word_1_182' title='bbox 673 1894 795 1945; x_wconf 91' lang='lat' dir='ltr'><strong>idem</strong></span> <span class='ocrx_word' id='word_1_183' title='bbox 828 1895 1016 1963; x_wconf 85' lang='lat' dir='ltr'><strong>pietatis</strong></span> <span class='ocrx_word' id='word_1_184' title='bbox 1048 1896 1335 1947; x_wconf 89' lang='lat' dir='ltr'><strong>curriculum</strong></span> <span class='ocrx_word' id='word_1_185' title='bbox 1366 1896 1560 1947; x_wconf 88' lang='lat' dir='ltr'><strong>fundata</strong></span> <span class='ocrx_word' id='word_1_186' title='bbox 1586 1905 1661 1946; x_wconf 87' lang='lat' dir='ltr'><strong>est</strong></span> <span class='ocrx_word' id='word_1_187' title='bbox 1691 1913 1746 1946; x_wconf 89' lang='lat' dir='ltr'><strong>ac</strong></span> <span class='ocrx_word' id='word_1_188' title='bbox 1774 1895 2001 1947; x_wconf 86' lang='lat' dir='ltr'><strong>stabilita.</strong></span> 
     </span>
     <span class='ocr_line' id='line_1_21' title="bbox 102 1977 2004 2047; baseline -0.001 -17"><span class='ocrx_word' id='word_1_189' title='bbox 102 1977 294 2031; x_wconf 89' lang='lat' dir='ltr'><strong>Deinde</strong></span> <span class='ocrx_word' id='word_1_190' title='bbox 323 1979 530 2030; x_wconf 86' lang='lat' dir='ltr'><strong>viduitas</strong></span> <span class='ocrx_word' id='word_1_191' title='bbox 553 1996 659 2029; x_wconf 89' lang='lat' dir='ltr'><strong>cum</strong></span> <span class='ocrx_word' id='word_1_192' title='bbox 688 1978 902 2047; x_wconf 83' lang='lat' dir='ltr'><strong>diligenti</strong></span> <span class='ocrx_word' id='word_1_193' title='bbox 929 1988 1206 2047; x_wconf 87' lang='lat' dir='ltr'><strong>attentaque</strong></span> <span class='ocrx_word' id='word_1_194' title='bbox 1232 1979 1455 2031; x_wconf 83' lang='lat' dir='ltr'><strong>cautione</strong></span> <span class='ocrx_word' id='word_1_195' title='bbox 1483 1989 1532 2031; x_wconf 91' lang='lat' dir='ltr'><strong>et</strong></span> <span class='ocrx_word' id='word_1_196' title='bbox 1559 1988 1690 2030; x_wconf 88' lang='lat' dir='ltr'><strong>casta</strong></span> <span class='ocrx_word' id='word_1_197' title='bbox 1719 1980 2004 2047; x_wconf 87' lang='lat' dir='ltr'><strong>sinceraque</strong></span> 
     </span>
     <span class='ocr_line' id='line_1_22' title="bbox 103 2060 2005 2132; baseline 0 -18"><span class='ocrx_word' id='word_1_198' title='bbox 103 2064 230 2115; x_wconf 90' lang='lat' dir='ltr'><strong>vitae</strong></span> <span class='ocrx_word' id='word_1_199' title='bbox 259 2063 447 2114; x_wconf 90' lang='lat' dir='ltr'><strong>ratione</strong></span> <span class='ocrx_word' id='word_1_200' title='bbox 477 2063 752 2114; x_wconf 89' lang='lat' dir='ltr'><strong>coniuncta.</strong></span> <span class='ocrx_word' id='word_1_201' title='bbox 829 2060 949 2113; x_wconf 79' lang='lat' dir='ltr'><strong>Post.</strong></span> <span class='ocrx_word' id='word_1_202' title='bbox 990 2065 1167 2131; x_wconf 86' lang='lat' dir='ltr'><strong>gradus</strong></span> <span class='ocrx_word' id='word_1_203' title='bbox 1208 2065 1314 2115; x_wconf 90' lang='lat' dir='ltr'><strong>illos</strong></span> <span class='ocrx_word' id='word_1_204' title='bbox 1346 2073 1395 2114; x_wconf 90' lang='lat' dir='ltr'><strong>et</strong></span> <span class='ocrx_word' id='word_1_205' title='bbox 1423 2064 1617 2115; x_wconf 90' lang='lat' dir='ltr'><strong>ordines</strong></span> <span class='ocrx_word' id='word_1_206' title='bbox 1648 2082 1784 2115; x_wconf 90' lang='lat' dir='ltr'><strong>suum</strong></span> <span class='ocrx_word' id='word_1_207' title='bbox 1817 2081 2005 2132; x_wconf 92' lang='lat' dir='ltr'><strong>quoque</strong></span> 
     </span>
     <span class='ocr_line' id='line_1_23' title="bbox 101 2146 2005 2216; baseline -0.001 -18"><span class='ocrx_word' id='word_1_208' title='bbox 101 2147 257 2199; x_wconf 90' lang='lat' dir='ltr'><strong>locum</strong></span> <span class='ocrx_word' id='word_1_209' title='bbox 287 2147 503 2198; x_wconf 88' lang='lat' dir='ltr'><strong>obtinent</strong></span> <span class='ocrx_word' id='word_1_210' title='bbox 531 2147 764 2198; x_wconf 83' lang='lat' dir='ltr'><strong>honestae</strong></span> <span class='ocrx_word' id='word_1_211' title='bbox 793 2146 1013 2214; x_wconf 86' lang='lat' dir='ltr'><strong>nuptiae,</strong></span> <span class='ocrx_word' id='word_1_212' title='bbox 1056 2165 1178 2214; x_wconf 87' lang='lat' dir='ltr'><strong>quae</strong></span> <span class='ocrx_word' id='word_1_213' title='bbox 1209 2166 1383 2215; x_wconf 88' lang='lat' dir='ltr'><strong>magno</strong></span> <span class='ocrx_word' id='word_1_214' title='bbox 1410 2149 1455 2199; x_wconf 91' lang='lat' dir='ltr'><strong>in</strong></span> <span class='ocrx_word' id='word_1_215' title='bbox 1485 2149 1666 2199; x_wconf 87' lang='lat' dir='ltr'><strong>honore</strong></span> <span class='ocrx_word' id='word_1_216' title='bbox 1696 2157 1826 2210; x_wconf 90' lang='lat' dir='ltr'><strong>sunt,</strong></span> <span class='ocrx_word' id='word_1_217' title='bbox 1868 2165 2005 2216; x_wconf 87' lang='lat' dir='ltr'><strong>prae-</strong></span> 
     </span>
     <span class='ocr_line' id='line_1_24' title="bbox 102 2230 2006 2301; baseline 0 -19"><span class='ocrx_word' id='word_1_218' title='bbox 102 2232 271 2283; x_wconf 89' lang='lat' dir='ltr'><strong>sertim</strong></span> <span class='ocrx_word' id='word_1_219' title='bbox 299 2231 570 2298; x_wconf 84' lang='lat' dir='ltr'><strong>singulares</strong></span> <span class='ocrx_word' id='word_1_220' title='bbox 603 2248 660 2281; x_wconf 91' lang='lat' dir='ltr'><strong>ac</strong></span> <span class='ocrx_word' id='word_1_221' title='bbox 690 2230 882 2281; x_wconf 91' lang='lat' dir='ltr'><strong>minime</strong></span> <span class='ocrx_word' id='word_1_222' title='bbox 911 2232 1143 2298; x_wconf 89' lang='lat' dir='ltr'><strong>repetitae</strong></span> <span class='ocrx_word' id='word_1_223' title='bbox 1163 2271 1176 2295; x_wconf 89' lang='lat'><strong>,</strong></span> <span class='ocrx_word' id='word_1_224' title='bbox 1229 2250 1352 2300; x_wconf 82' lang='lat' dir='ltr'><strong>quae</strong></span> <span class='ocrx_word' id='word_1_225' title='bbox 1381 2242 1744 2301; x_wconf 84' lang='lat' dir='ltr'><strong>praeceptorum</strong></span> <span class='ocrx_word' id='word_1_226' title='bbox 1777 2232 2006 2283; x_wconf 88' lang='lat' dir='ltr'><strong>observa-</strong></span> 
     </span>
     <span class='ocr_line' id='line_1_25' title="bbox 103 2313 2003 2382; baseline 0 -16"><span class='ocrx_word' id='word_1_227' title='bbox 103 2316 223 2367; x_wconf 91' lang='lat' dir='ltr'><strong>tioni</strong></span> <span class='ocrx_word' id='word_1_228' title='bbox 255 2317 467 2367; x_wconf 83' lang='lat' dir='ltr'><strong>student.</strong></span> <span class='ocrx_word' id='word_1_229' title='bbox 547 2313 689 2381; x_wconf 82' lang='lat' dir='ltr'><strong>Quod</strong></span> <span class='ocrx_word' id='word_1_230' title='bbox 719 2317 758 2365; x_wconf 92' lang='lat' dir='ltr'><strong>si</strong></span> <span class='ocrx_word' id='word_1_231' title='bbox 790 2315 895 2382; x_wconf 89' lang='lat' dir='ltr'><strong>quis</strong></span> <span class='ocrx_word' id='word_1_232' title='bbox 924 2324 1111 2365; x_wconf 88' lang='lat' dir='ltr'><strong>mortua</strong></span> <span class='ocrx_word' id='word_1_233' title='bbox 1140 2333 1325 2379; x_wconf 84' lang='lat' dir='ltr'><strong>uxore,</strong></span> <span class='ocrx_word' id='word_1_234' title='bbox 1377 2317 1455 2367; x_wconf 92' lang='lat' dir='ltr'><strong>vel</strong></span> <span class='ocrx_word' id='word_1_235' title='bbox 1482 2317 1652 2367; x_wconf 90' lang='lat' dir='ltr'><strong>mulier</strong></span> <span class='ocrx_word' id='word_1_236' title='bbox 1677 2325 1866 2366; x_wconf 87' lang='lat' dir='ltr'><strong>mortuo</strong></span> <span class='ocrx_word' id='word_1_237' title='bbox 1899 2317 2003 2366; x_wconf 93' lang='lat' dir='ltr'><strong>viro</strong></span> 
     </span>
     <span class='ocr_line' id='line_1_26' title="bbox 103 2398 2004 2469; baseline 0.001 -20"><span class='ocrx_word' id='word_1_238' title='bbox 103 2398 150 2449; x_wconf 93' lang='lat' dir='ltr'><strong>id</strong></span> <span class='ocrx_word' id='word_1_239' title='bbox 181 2400 417 2461; x_wconf 88' lang='lat' dir='ltr'><strong>voluerit,</strong></span> <span class='ocrx_word' id='word_1_240' title='bbox 458 2400 660 2450; x_wconf 88' lang='lat' dir='ltr'><strong>alterum</strong></span> <span class='ocrx_word' id='word_1_241' title='bbox 690 2400 843 2450; x_wconf 89' lang='lat' dir='ltr'><strong>virum</strong></span> <span class='ocrx_word' id='word_1_242' title='bbox 873 2416 1158 2466; x_wconf 77' lang='lat' dir='ltr'><strong>uxoremve,</strong></span> <span class='ocrx_word' id='word_1_243' title='bbox 1202 2400 1436 2451; x_wconf 85' lang='lat' dir='ltr'><strong>duntaxat</strong></span> <span class='ocrx_word' id='word_1_244' title='bbox 1458 2411 1563 2469; x_wconf 91' lang='lat' dir='ltr'><strong>post</strong></span> <span class='ocrx_word' id='word_1_245' title='bbox 1594 2401 1872 2451; x_wconf 87' lang='lat' dir='ltr'><strong>alterutrius</strong></span> <span class='ocrx_word' id='word_1_246' title='bbox 1903 2400 2004 2450; x_wconf 89' lang='lat' dir='ltr'><strong>obi—</strong></span> 
     </span>
     <span class='ocr_line' id='line_1_27' title="bbox 103 2483 2005 2554; baseline 0.001 -21"><span class='ocrx_word' id='word_1_247' title='bbox 103 2492 231 2548; x_wconf 89' lang='lat' dir='ltr'><strong>tum,</strong></span> <span class='ocrx_word' id='word_1_248' title='bbox 284 2483 373 2533; x_wconf 89' lang='lat' dir='ltr'><strong>sibi</strong></span> <span class='ocrx_word' id='word_1_249' title='bbox 415 2484 686 2534; x_wconf 87' lang='lat' dir='ltr'><strong>adsciscere</strong></span> <span class='ocrx_word' id='word_1_250' title='bbox 729 2484 859 2534; x_wconf 90' lang='lat' dir='ltr'><strong>licet.</strong></span> <span class='ocrx_word' id='word_1_251' title='bbox 938 2483 1122 2534; x_wconf 90' lang='lat' dir='ltr'><strong>Horum</strong></span> <span class='ocrx_word' id='word_1_252' title='bbox 1163 2485 1372 2535; x_wconf 92' lang='lat' dir='ltr'><strong>omnium</strong></span> <span class='ocrx_word' id='word_1_253' title='bbox 1403 2486 1534 2536; x_wconf 89' lang='lat' dir='ltr'><strong>velut</strong></span> <span class='ocrx_word' id='word_1_254' title='bbox 1569 2486 1840 2554; x_wconf 82' lang='lat' dir='ltr'><strong>fastigium,</strong></span> <span class='ocrx_word' id='word_1_255' title='bbox 1882 2493 1930 2536; x_wconf 91' lang='lat' dir='ltr'><strong>et</strong></span> <span class='ocrx_word' id='word_1_256' title='bbox 1955 2493 2005 2535; x_wconf 88' lang='lat' dir='ltr'><strong>ut</strong></span> 
     </span>
     <span class='ocr_line' id='line_1_28' title="bbox 101 2567 2005 2635; baseline 0.001 -17"><span class='ocrx_word' id='word_1_257' title='bbox 101 2567 167 2618; x_wconf 89' lang='lat' dir='ltr'><strong>ita</strong></span> <span class='ocrx_word' id='word_1_258' title='bbox 194 2568 346 2619; x_wconf 89' lang='lat' dir='ltr'><strong>dicam</strong></span> <span class='ocrx_word' id='word_1_259' title='bbox 367 2607 380 2631; x_wconf 92' lang='lat'><strong>,</strong></span> <span class='ocrx_word' id='word_1_260' title='bbox 434 2567 598 2618; x_wconf 89' lang='lat' dir='ltr'><strong>matris</strong></span> <span class='ocrx_word' id='word_1_261' title='bbox 627 2585 682 2618; x_wconf 90' lang='lat' dir='ltr'><strong>ac</strong></span> <span class='ocrx_word' id='word_1_262' title='bbox 708 2568 956 2635; x_wconf 86' lang='lat' dir='ltr'><strong>genitricis</strong></span> <span class='ocrx_word' id='word_1_263' title='bbox 983 2568 1138 2618; x_wconf 89' lang='lat' dir='ltr'><strong>locum</strong></span> <span class='ocrx_word' id='word_1_264' title='bbox 1167 2578 1386 2620; x_wconf 89' lang='lat' dir='ltr'><strong>sanctum</strong></span> <span class='ocrx_word' id='word_1_265' title='bbox 1431 2569 1521 2620; x_wconf 89' lang='lat' dir='ltr'><strong>sibi</strong></span> <span class='ocrx_word' id='word_1_266' title='bbox 1548 2570 1870 2620; x_wconf 86' lang='lat' dir='ltr'><strong>sacerdotium</strong></span> <span class='ocrx_word' id='word_1_267' title='bbox 1901 2569 2005 2620; x_wconf 91' lang='lat' dir='ltr'><strong>vin-</strong></span> 
     </span>
     <span class='ocr_line' id='line_1_29' title="bbox 103 2651 2003 2721; baseline 0.002 -19"><span class='ocrx_word' id='word_1_268' title='bbox 103 2652 260 2716; x_wconf 70' lang='lat' dir='ltr'><strong>dicat,</strong></span> <span class='ocrx_word' id='word_1_269' title='bbox 315 2651 439 2718; x_wconf 90' lang='lat' dir='ltr'><strong>quod</strong></span> <span class='ocrx_word' id='word_1_270' title='bbox 479 2668 543 2702; x_wconf 85' lang='lat' dir='ltr'><strong>ex</strong></span> <span class='ocrx_word' id='word_1_271' title='bbox 575 2651 814 2719; x_wconf 87' lang='lat' dir='ltr'><strong>virginum</strong></span> <span class='ocrx_word' id='word_1_272' title='bbox 850 2652 1017 2703; x_wconf 88' lang='lat' dir='ltr'><strong>ordine</strong></span> <span class='ocrx_word' id='word_1_273' title='bbox 1048 2653 1303 2721; x_wconf 88' lang='lat' dir='ltr'><strong>praecipue</strong></span> <span class='ocrx_word' id='word_1_274' title='bbox 1334 2662 1555 2718; x_wconf 88' lang='lat' dir='ltr'><strong>constat,</strong></span> <span class='ocrx_word' id='word_1_275' title='bbox 1605 2664 1688 2704; x_wconf 92' lang='lat' dir='ltr'><strong>aut</strong></span> <span class='ocrx_word' id='word_1_276' title='bbox 1716 2655 1756 2704; x_wconf 90' lang='lat' dir='ltr'><strong>si</strong></span> <span class='ocrx_word' id='word_1_277' title='bbox 1790 2654 1946 2705; x_wconf 91' lang='lat' dir='ltr'><strong>minus</strong></span> <span class='ocrx_word' id='word_1_278' title='bbox 1977 2672 2003 2705; x_wconf 93' lang='lat' dir='ltr'><strong>e</strong></span> 
     </span>
     <span class='ocr_line' id='line_1_30' title="bbox 102 2735 2004 2804; baseline 0.001 -17"><span class='ocrx_word' id='word_1_279' title='bbox 102 2735 372 2804; x_wconf 87' lang='lat' dir='ltr'><strong>virginibus</strong></span> <span class='ocrx_word' id='word_1_280' title='bbox 414 2743 546 2786; x_wconf 86' lang='lat' dir='ltr'><strong>certe</strong></span> <span class='ocrx_word' id='word_1_281' title='bbox 585 2751 649 2785; x_wconf 78' lang='lat' dir='ltr'><strong>ex</strong></span> <span class='ocrx_word' id='word_1_282' title='bbox 689 2735 962 2799; x_wconf 83' lang='lat' dir='ltr'><strong>monachiS,</strong></span> <span class='ocrx_word' id='word_1_283' title='bbox 1017 2745 1101 2787; x_wconf 87' lang='lat' dir='ltr'><strong>aut</strong></span> <span class='ocrx_word' id='word_1_284' title='bbox 1131 2737 1221 2788; x_wconf 92' lang='lat' dir='ltr'><strong>nisi</strong></span> <span class='ocrx_word' id='word_1_285' title='bbox 1255 2755 1320 2788; x_wconf 81' lang='lat' dir='ltr'><strong>ex</strong></span> <span class='ocrx_word' id='word_1_286' title='bbox 1360 2737 1702 2789; x_wconf 88' lang='lat' dir='ltr'><strong>monachorum</strong></span> <span class='ocrx_word' id='word_1_287' title='bbox 1740 2738 1906 2789; x_wconf 92' lang='lat' dir='ltr'><strong>ordine</strong></span> <span class='ocrx_word' id='word_1_288' title='bbox 1945 2739 2004 2789; x_wconf 90' lang='lat' dir='ltr'><strong>ad</strong></span> 
     </span>
     <span class='ocr_line' id='line_1_31' title="bbox 101 2818 2004 2891; baseline 0.001 -20"><span class='ocrx_word' id='word_1_289' title='bbox 101 2819 231 2871; x_wconf 90' lang='lat' dir='ltr'><strong>illam</strong></span> <span class='ocrx_word' id='word_1_290' title='bbox 276 2818 567 2870; x_wconf 85' lang='lat' dir='ltr'><strong>functionem</strong></span> <span class='ocrx_word' id='word_1_291' title='bbox 613 2818 879 2870; x_wconf 87' lang='lat' dir='ltr'><strong>obeundam</strong></span> <span class='ocrx_word' id='word_1_292' title='bbox 923 2820 1080 2871; x_wconf 88' lang='lat' dir='ltr'><strong>idonei</strong></span> <span class='ocrx_word' id='word_1_293' title='bbox 1120 2822 1335 2890; x_wconf 91' lang='lat' dir='ltr'><strong>cooptari</strong></span> <span class='ocrx_word' id='word_1_294' title='bbox 1375 2823 1587 2891; x_wconf 87' lang='lat' dir='ltr'><strong>possint,</strong></span> <span class='ocrx_word' id='word_1_295' title='bbox 1641 2841 1706 2874; x_wconf 78' lang='lat' dir='ltr'><strong>ex</strong></span> <span class='ocrx_word' id='word_1_296' title='bbox 1742 2823 1815 2873; x_wconf 91' lang='lat' dir='ltr'><strong>his</strong></span> <span class='ocrx_word' id='word_1_297' title='bbox 1847 2824 2004 2874; x_wconf 90' lang='lat' dir='ltr'><strong>creari</strong></span> 
     </span>
     <span class='ocr_line' id='line_1_32' title="bbox 104 2903 2001 2971; baseline 0.002 -16"><span class='ocrx_word' id='word_1_298' title='bbox 104 2904 383 2956; x_wconf 86' lang='lat' dir='ltr'><strong>sacerdotes</strong></span> <span class='ocrx_word' id='word_1_299' title='bbox 415 2903 599 2965; x_wconf 89' lang='lat' dir='ltr'><strong>solent,</strong></span> <span class='ocrx_word' id='word_1_300' title='bbox 654 2903 733 2971; x_wconf 93' lang='lat' dir='ltr'><strong>qui</strong></span> <span class='ocrx_word' id='word_1_301' title='bbox 767 2921 794 2954; x_wconf 91' lang='lat' dir='ltr'><strong>a</strong></span> <span class='ocrx_word' id='word_1_302' title='bbox 823 2904 923 2955; x_wconf 89' lang='lat' dir='ltr'><strong>suis</strong></span> <span class='ocrx_word' id='word_1_303' title='bbox 954 2921 1007 2955; x_wconf 89' lang='lat' dir='ltr'><strong>se</strong></span> <span class='ocrx_word' id='word_1_304' title='bbox 1040 2905 1275 2957; x_wconf 85' lang='lat' dir='ltr'><strong>uxoribus</strong></span> <span class='ocrx_word' id='word_1_305' title='bbox 1307 2906 1585 2970; x_wconf 87' lang='lat' dir='ltr'><strong>continent,</strong></span> <span class='ocrx_word' id='word_1_306' title='bbox 1628 2916 1709 2957; x_wconf 91' lang='lat' dir='ltr'><strong>aut</strong></span> <span class='ocrx_word' id='word_1_307' title='bbox 1740 2908 2001 2958; x_wconf 90' lang='lat' dir='ltr'><strong>secundum</strong></span> 
     </span>
     <span class='ocr_line' id='line_1_33' title="bbox 103 2986 2001 3060; baseline 0.001 -20"><span class='ocrx_word' id='word_1_308' title='bbox 103 3006 223 3040; x_wconf 87' lang='lat' dir='ltr'><strong>unas</strong></span> <span class='ocrx_word' id='word_1_309' title='bbox 264 2986 452 3056; x_wconf 88' lang='lat' dir='ltr'><strong>nuptias</strong></span> <span class='ocrx_word' id='word_1_310' title='bbox 478 2987 525 3036; x_wconf 91' lang='lat' dir='ltr'><strong>in</strong></span> <span class='ocrx_word' id='word_1_311' title='bbox 560 2986 788 3037; x_wconf 86' lang='lat' dir='ltr'><strong>viduitate</strong></span> <span class='ocrx_word' id='word_1_312' title='bbox 815 2996 1089 3038; x_wconf 87' lang='lat' dir='ltr'><strong>versantur.</strong></span> <span class='ocrx_word' id='word_1_313' title='bbox 1168 2987 1408 3041; x_wconf 87' lang='lat' dir='ltr'><strong>Secundis</strong></span> <span class='ocrx_word' id='word_1_314' title='bbox 1446 3007 1563 3042; x_wconf 87' lang='lat' dir='ltr'><strong>vero</strong></span> <span class='ocrx_word' id='word_1_315' title='bbox 1596 2991 1770 3060; x_wconf 90' lang='lat' dir='ltr'><strong>nuptiis</strong></span> <span class='ocrx_word' id='word_1_316' title='bbox 1801 2990 2001 3060; x_wconf 90' lang='lat' dir='ltr'><strong>implici-</strong></span> 
     </span>
     <span class='ocr_line' id='line_1_34' title="bbox 104 3070 2001 3138; baseline 0.001 -14"><span class='ocrx_word' id='word_1_317' title='bbox 104 3081 180 3124; x_wconf 93' lang='lat' dir='ltr'><strong>tus</strong></span> <span class='ocrx_word' id='word_1_318' title='bbox 208 3072 256 3123; x_wconf 92' lang='lat' dir='ltr'><strong>in</strong></span> <span class='ocrx_word' id='word_1_319' title='bbox 286 3070 494 3123; x_wconf 82' lang='lat' dir='ltr'><strong>ecclesia</strong></span> <span class='ocrx_word' id='word_1_320' title='bbox 536 3071 592 3121; x_wconf 93' lang='lat' dir='ltr'><strong>ad</strong></span> <span class='ocrx_word' id='word_1_321' title='bbox 634 3071 954 3122; x_wconf 82' lang='lat' dir='ltr'><strong>sacerdotium</strong></span> <span class='ocrx_word' id='word_1_322' title='bbox 999 3090 1092 3122; x_wconf 90' lang='lat' dir='ltr'><strong>non</strong></span> <span class='ocrx_word' id='word_1_323' title='bbox 1128 3074 1419 3138; x_wconf 88' lang='lat' dir='ltr'><strong>admittitur,</strong></span> <span class='ocrx_word' id='word_1_324' title='bbox 1473 3076 1662 3126; x_wconf 89' lang='lat' dir='ltr'><strong>tametsi</strong></span> <span class='ocrx_word' id='word_1_325' title='bbox 1691 3084 1772 3126; x_wconf 89' lang='lat' dir='ltr'><strong>aut</strong></span> <span class='ocrx_word' id='word_1_326' title='bbox 1804 3093 1912 3126; x_wconf 89' lang='lat' dir='ltr'><strong>sese</strong></span> <span class='ocrx_word' id='word_1_327' title='bbox 1943 3076 2001 3125; x_wconf 92' lang='lat' dir='ltr'><strong>ab</strong></span> 
     </span>
     <span class='ocr_line' id='line_1_35' title="bbox 104 3156 1997 3228; baseline 0.001 -21"><span class='ocrx_word' id='word_1_328' title='bbox 104 3173 261 3208; x_wconf 83' lang='lat' dir='ltr'><strong>uxore</strong></span> <span class='ocrx_word' id='word_1_329' title='bbox 290 3156 561 3218; x_wconf 86' lang='lat' dir='ltr'><strong>contiueat,</strong></span> <span class='ocrx_word' id='word_1_330' title='bbox 621 3164 699 3206; x_wconf 88' lang='lat' dir='ltr'><strong>aut</strong></span> <span class='ocrx_word' id='word_1_331' title='bbox 741 3156 802 3206; x_wconf 90' lang='lat' dir='ltr'><strong>sit</strong></span> <span class='ocrx_word' id='word_1_332' title='bbox 835 3157 1028 3221; x_wconf 81' lang='lat' dir='ltr'><strong>viduus3</strong></span> <span class='ocrx_word' id='word_1_333' title='bbox 1088 3156 1350 3221; x_wconf 87' lang='lat' dir='ltr'><strong>eiusmodi,</strong></span> <span class='ocrx_word' id='word_1_334' title='bbox 1404 3160 1623 3226; x_wconf 88' lang='lat' dir='ltr'><strong>inquam,</strong></span> <span class='ocrx_word' id='word_1_335' title='bbox 1679 3160 1736 3209; x_wconf 88' lang='lat' dir='ltr'><strong>ab</strong></span> <span class='ocrx_word' id='word_1_336' title='bbox 1766 3158 1997 3228; x_wconf 89' lang='lat' dir='ltr'><strong>episcopi,</strong></span> 
     </span>
     <span class='ocr_line' id='line_1_36' title="bbox 104 3239 1998 3309; baseline 0.002 -19"><span class='ocrx_word' id='word_1_337' title='bbox 104 3240 403 3309; x_wconf 88' lang='lat' dir='ltr'><strong>presbyteri,</strong></span> <span class='ocrx_word' id='word_1_338' title='bbox 462 3240 649 3291; x_wconf 88' lang='lat' dir='ltr'><strong>diaconi</strong></span> <span class='ocrx_word' id='word_1_339' title='bbox 689 3249 735 3290; x_wconf 90' lang='lat' dir='ltr'><strong>et</strong></span> <span class='ocrx_word' id='word_1_340' title='bbox 771 3239 1047 3290; x_wconf 87' lang='lat' dir='ltr'><strong>subdiaconi</strong></span> <span class='ocrx_word' id='word_1_341' title='bbox 1087 3241 1237 3307; x_wconf 84' lang='lat' dir='ltr'><strong>gradu</strong></span> <span class='ocrx_word' id='word_1_342' title='bbox 1285 3242 1518 3292; x_wconf 87' lang='lat' dir='ltr'><strong>reiicitur.</strong></span> <span class='ocrx_word' id='word_1_343' title='bbox 1599 3240 1872 3294; x_wconf 89' lang='lat' dir='ltr'><strong>Secundum</strong></span> <span class='ocrx_word' id='word_1_344' title='bbox 1911 3243 1998 3294; x_wconf 88' lang='lat' dir='ltr'><strong>hos</strong></span> 
     </span>
     <span class='ocr_line' id='line_1_37' title="bbox 104 3323 1999 3395; baseline 0.001 -20"><span class='ocrx_word' id='word_1_345' title='bbox 104 3324 280 3392; x_wconf 90' lang='lat' dir='ltr'><strong>gradus</strong></span> <span class='ocrx_word' id='word_1_346' title='bbox 317 3325 550 3375; x_wconf 87' lang='lat' dir='ltr'><strong>lectorum</strong></span> <span class='ocrx_word' id='word_1_347' title='bbox 592 3324 708 3374; x_wconf 91' lang='lat' dir='ltr'><strong>ordo</strong></span> <span class='ocrx_word' id='word_1_348' title='bbox 741 3340 801 3374; x_wconf 82' lang='lat' dir='ltr'><strong>ex</strong></span> <span class='ocrx_word' id='word_1_349' title='bbox 837 3323 1055 3373; x_wconf 90' lang='lat' dir='ltr'><strong>omnibus</strong></span> <span class='ocrx_word' id='word_1_350' title='bbox 1089 3324 1335 3376; x_wconf 91' lang='lat' dir='ltr'><strong>ordinibus</strong></span> <span class='ocrx_word' id='word_1_351' title='bbox 1367 3326 1477 3394; x_wconf 86' lang='lat' dir='ltr'><strong>eligi</strong></span> <span class='ocrx_word' id='word_1_352' title='bbox 1511 3335 1695 3395; x_wconf 85' lang='lat' dir='ltr'><strong>potest,</strong></span> <span class='ocrx_word' id='word_1_353' title='bbox 1751 3328 1841 3378; x_wconf 93' lang='lat' dir='ltr'><strong>hoc</strong></span> <span class='ocrx_word' id='word_1_354' title='bbox 1869 3335 1942 3377; x_wconf 89' lang='lat' dir='ltr'><strong>est</strong></span> <span class='ocrx_word' id='word_1_355' title='bbox 1973 3344 1999 3377; x_wconf 90' lang='lat' dir='ltr'><strong>e</strong></span> 
     </span>
     <span class='ocr_line' id='line_1_38' title="bbox 105 3406 2000 3477; baseline 0.003 -19"><span class='ocrx_word' id='word_1_356' title='bbox 105 3409 398 3476; x_wconf 87' lang='lat' dir='ltr'><strong>virginibus,</strong></span> <span class='ocrx_word' id='word_1_357' title='bbox 442 3409 685 3459; x_wconf 88' lang='lat' dir='ltr'><strong>monachis</strong></span> <span class='ocrx_word' id='word_1_358' title='bbox 704 3447 717 3471; x_wconf 93' lang='lat'><strong>,</strong></span> <span class='ocrx_word' id='word_1_359' title='bbox 769 3406 1153 3470; x_wconf 87' lang='lat' dir='ltr'><strong>continentibus,</strong></span> <span class='ocrx_word' id='word_1_360' title='bbox 1210 3409 1365 3459; x_wconf 89' lang='lat' dir='ltr'><strong>viduis</strong></span> <span class='ocrx_word' id='word_1_361' title='bbox 1395 3419 1440 3459; x_wconf 90' lang='lat' dir='ltr'><strong>et</strong></span> <span class='ocrx_word' id='word_1_362' title='bbox 1467 3411 1525 3461; x_wconf 85' lang='lat' dir='ltr'><strong>iis</strong></span> <span class='ocrx_word' id='word_1_363' title='bbox 1551 3411 1629 3477; x_wconf 89' lang='lat' dir='ltr'><strong>qni</strong></span> <span class='ocrx_word' id='word_1_364' title='bbox 1658 3410 1873 3461; x_wconf 85' lang='lat' dir='ltr'><strong>honestis</strong></span> <span class='ocrx_word' id='word_1_365' title='bbox 1901 3429 2000 3463; x_wconf 90' lang='lat' dir='ltr'><strong>ma·</strong></span> 
     </span>
     <span class='ocr_line' id='line_1_39' title="bbox 104 3490 2000 3561; baseline 0.002 -19"><span class='ocrx_word' id='word_1_366' title='bbox 104 3492 341 3543; x_wconf 87' lang='lat' dir='ltr'><strong>trimouiis</strong></span> <span class='ocrx_word' id='word_1_367' title='bbox 371 3492 632 3561; x_wconf 88' lang='lat' dir='ltr'><strong>illigantur.</strong></span> <span class='ocrx_word' id='word_1_368' title='bbox 711 3490 831 3555; x_wconf 89' lang='lat' dir='ltr'><strong>lmo,</strong></span> <span class='ocrx_word' id='word_1_369' title='bbox 874 3491 916 3542; x_wconf 90' lang='lat' dir='ltr'><strong>si</strong></span> <span class='ocrx_word' id='word_1_370' title='bbox 943 3492 1208 3542; x_wconf 87' lang='lat' dir='ltr'><strong>necessitas</strong></span> <span class='ocrx_word' id='word_1_371' title='bbox 1236 3493 1416 3557; x_wconf 89' lang='lat' dir='ltr'><strong>tulerit,</strong></span> <span class='ocrx_word' id='word_1_372' title='bbox 1456 3511 1519 3544; x_wconf 80' lang='lat' dir='ltr'><strong>ex</strong></span> <span class='ocrx_word' id='word_1_373' title='bbox 1549 3493 1642 3544; x_wconf 90' lang='lat' dir='ltr'><strong>illis</strong></span> <span class='ocrx_word' id='word_1_374' title='bbox 1671 3494 1814 3544; x_wconf 88' lang='lat' dir='ltr'><strong>etiam</strong></span> <span class='ocrx_word' id='word_1_375' title='bbox 1844 3496 2000 3546; x_wconf 87' lang='lat' dir='ltr'><strong>adsci-</strong></span> 
     </span>
     <span class='ocr_line' id='line_1_40' title="bbox 105 3575 1998 3647; baseline 0.002 -21"><span class='ocrx_word' id='word_1_376' title='bbox 105 3584 304 3626; x_wconf 88' lang='lat' dir='ltr'><strong>scuntur</strong></span> <span class='ocrx_word' id='word_1_377' title='bbox 342 3577 420 3643; x_wconf 93' lang='lat' dir='ltr'><strong>qui</strong></span> <span class='ocrx_word' id='word_1_378' title='bbox 458 3587 565 3645; x_wconf 90' lang='lat' dir='ltr'><strong>post</strong></span> <span class='ocrx_word' id='word_1_379' title='bbox 605 3576 776 3644; x_wconf 87' lang='lat' dir='ltr'><strong>prioris</strong></span> <span class='ocrx_word' id='word_1_380' title='bbox 821 3575 990 3626; x_wconf 77' lang='lat' dir='ltr'><strong>uxoris</strong></span> <span class='ocrx_word' id='word_1_381' title='bbox 1030 3575 1208 3625; x_wconf 91' lang='lat' dir='ltr'><strong>obitum</strong></span> <span class='ocrx_word' id='word_1_382' title='bbox 1245 3595 1349 3626; x_wconf 88' lang='lat' dir='ltr'><strong>cum</strong></span> <span class='ocrx_word' id='word_1_383' title='bbox 1382 3577 1530 3627; x_wconf 89' lang='lat' dir='ltr'><strong>altera</strong></span> <span class='ocrx_word' id='word_1_384' title='bbox 1566 3594 1675 3628; x_wconf 91' lang='lat' dir='ltr'><strong>sese</strong></span> <span class='ocrx_word' id='word_1_385' title='bbox 1708 3579 1998 3647; x_wconf 77' lang='lat' dir='ltr'><strong>copularint.</strong></span> 
     </span>
     <span class='ocr_line' id='line_1_41' title="bbox 107 3657 1996 3728; baseline 0.003 -20"><span class='ocrx_word' id='word_1_386' title='bbox 107 3657 294 3728; x_wconf 82' lang='lat' dir='ltr'><strong>Quippe</strong></span> <span class='ocrx_word' id='word_1_387' title='bbox 335 3659 486 3711; x_wconf 86' lang='lat' dir='ltr'><strong>lector</strong></span> <span class='ocrx_word' id='word_1_388' title='bbox 533 3678 625 3710; x_wconf 90' lang='lat' dir='ltr'><strong>non</strong></span> <span class='ocrx_word' id='word_1_389' title='bbox 671 3660 899 3711; x_wconf 89' lang='lat' dir='ltr'><strong>sacerdos</strong></span> <span class='ocrx_word' id='word_1_390' title='bbox 943 3667 1042 3722; x_wconf 89' lang='lat' dir='ltr'><strong>est,</strong></span> <span class='ocrx_word' id='word_1_391' title='bbox 1098 3660 1181 3710; x_wconf 91' lang='lat' dir='ltr'><strong>sed</strong></span> <span class='ocrx_word' id='word_1_392' title='bbox 1214 3669 1435 3728; x_wconf 86' lang='lat' dir='ltr'><strong>tanquam</strong></span> <span class='ocrx_word' id='word_1_393' title='bbox 1474 3660 1621 3713; x_wconf 88' lang='lat' dir='ltr'><strong>divini</strong></span> <span class='ocrx_word' id='word_1_394' title='bbox 1647 3662 1781 3713; x_wconf 91' lang='lat' dir='ltr'><strong>verbi</strong></span> <span class='ocrx_word' id='word_1_395' title='bbox 1816 3663 1996 3714; x_wconf 88' lang='lat' dir='ltr'><strong>scriba.</strong></span> 
     </span>
     <span class='ocr_line' id='line_1_42' title="bbox 106 3741 1999 3809; baseline 0.004 -17"><span class='ocrx_word' id='word_1_396' title='bbox 106 3741 175 3792; x_wconf 89' lang='lat' dir='ltr'><strong>At</strong></span> <span class='ocrx_word' id='word_1_397' title='bbox 201 3743 499 3794; x_wconf 90' lang='lat' dir='ltr'><strong>diaconissae</strong></span> <span class='ocrx_word' id='word_1_398' title='bbox 525 3745 580 3794; x_wconf 88' lang='lat' dir='ltr'><strong>ad</strong></span> <span class='ocrx_word' id='word_1_399' title='bbox 612 3744 735 3795; x_wconf 90' lang='lat' dir='ltr'><strong>hunc</strong></span> <span class='ocrx_word' id='word_1_400' title='bbox 762 3762 904 3794; x_wconf 89' lang='lat' dir='ltr'><strong>unum</strong></span> <span class='ocrx_word' id='word_1_401' title='bbox 932 3761 1067 3795; x_wconf 87' lang='lat' dir='ltr'><strong>usum</strong></span> <span class='ocrx_word' id='word_1_402' title='bbox 1100 3743 1414 3809; x_wconf 87' lang='lat' dir='ltr'><strong>adhibentur,</strong></span> <span class='ocrx_word' id='word_1_403' title='bbox 1457 3754 1507 3795; x_wconf 90' lang='lat' dir='ltr'><strong>ut</strong></span> <span class='ocrx_word' id='word_1_404' title='bbox 1536 3745 1782 3797; x_wconf 86' lang='lat' dir='ltr'><strong>mulierum</strong></span> <span class='ocrx_word' id='word_1_405' title='bbox 1808 3748 1999 3799; x_wconf 89' lang='lat' dir='ltr'><strong>decoris</strong></span> 
     </span>
    </p>
   </div>
   <div class='ocr_carea' id='block_1_3' title="bbox 2078 568 2181 663">
    <p class='ocr_par' dir='ltr' id='par_1_4' title="bbox 2078 568 2181 663">
     <span class='ocr_line' id='line_1_43' title="bbox 2082 568 2179 619; baseline -0.01 -13"><span class='ocrx_word' id='word_1_406' title='bbox 2082 568 2179 619; x_wconf 81' lang='lat' dir='ltr'><strong>Cap.</strong></span> 
     </span>
     <span class='ocr_line' id='line_1_44' title="bbox 2078 623 2181 663; baseline 0.01 -1"><span class='ocrx_word' id='word_1_407' title='bbox 2078 623 2181 663; x_wconf 88' lang='lat' dir='ltr'><strong>XX.</strong></span> 
     </span>
    </p>
   </div>
  </div>
 </body>
</html>
