<?xml version="1.0" encoding="UTF-8"?>
<!DOCTYPE html PUBLIC "-//W3C//DTD XHTML 1.0 Transitional//EN"
    "http://www.w3.org/TR/xhtml1/DTD/xhtml1-transitional.dtd">
<html xmlns="http://www.w3.org/1999/xhtml" xml:lang="en" lang="en">
 <head>
  <title>
</title>
<meta http-equiv="Content-Type" content="text/html;charset=utf-8" />
  <meta name='ocr-system' content='tesseract 3.04.00' />
  <meta name='ocr-capabilities' content='ocr_page ocr_carea ocr_par ocr_line ocrx_word'/>
</head>
<body>
  <div class='ocr_page' id='page_1' title='image "./pt3corporishaere02epipuoft/pt3corporishaere02epipuoft_0432.png"; bbox 0 0 2508 4134; ppageno 0'>
   <div class='ocr_carea' id='block_1_1' title="bbox 453 283 1682 335">
    <p class='ocr_par' dir='ltr' id='par_1_1' title="bbox 453 283 1682 335">
     <span class='ocr_line' id='line_1_1' title="bbox 453 283 1682 335; baseline 0.002 -2"><span class='ocrx_word' id='word_1_1' title='bbox 453 283 555 333; x_wconf 82' lang='lat'><strong><em>422</em></strong></span> <span class='ocrx_word' id='word_1_2' title='bbox 1165 291 1372 335; x_wconf 77' lang='lat' dir='ltr'>SANCTI</span> <span class='ocrx_word' id='word_1_3' title='bbox 1394 293 1682 335; x_wconf 79' lang='lat' dir='ltr'><strong>EPIPHANII</strong></span> 
     </span>
    </p>
   </div>
   <div class='ocr_carea' id='block_1_2' title="bbox 454 386 2388 464">
    <p class='ocr_par' dir='ltr' id='par_1_2' title="bbox 454 386 2388 464">
     <span class='ocr_line' id='line_1_2' title="bbox 454 386 2388 464; baseline 0.002 -21"><span class='ocrx_word' id='word_1_4' title='bbox 454 389 530 443; x_wconf 70' lang='grc' dir='ltr'><strong><em>ὅτι</em></strong></span> <span class='ocrx_word' id='word_1_5' title='bbox 567 386 826 451; x_wconf 82' lang='grc' dir='ltr'><strong><em>ἀθάνατος</em></strong></span> <span class='ocrx_word' id='word_1_6' title='bbox 855 390 1066 456; x_wconf 75' lang='grc' dir='ltr'><em>ἔμεινεν·</em></span> <span class='ocrx_word' id='word_1_7' title='bbox 1121 387 1220 442; x_wconf 89' lang='grc' dir='ltr'><strong><em>ἀλλ’</em></strong></span> <span class='ocrx_word' id='word_1_8' title='bbox 1249 387 1361 443; x_wconf 71' lang='grc' dir='ltr'><strong><em>οὔτε</em></strong></span> <span class='ocrx_word' id='word_1_9' title='bbox 1390 393 1768 459; x_wconf 85' lang='grc' dir='ltr'><strong><em>διαβεβαιοῦμαι</em></strong></span> <span class='ocrx_word' id='word_1_10' title='bbox 1796 393 1842 445; x_wconf 78' lang='grc' dir='ltr'><strong><em>εἰ</em></strong></span> <span class='ocrx_word' id='word_1_11' title='bbox 1867 393 2120 461; x_wconf 80' lang='grc' dir='ltr'><strong><em>τέθνηκεν.</em></strong></span> <span class='ocrx_word' id='word_1_12' title='bbox 2189 391 2388 464; x_wconf 74' lang='grc' dir='ltr'><strong><em>ι’Τπερέ-</em></strong></span> 
     </span>
    </p>
   </div>
   <div class='ocr_carea' id='block_1_3' title="bbox 228 471 2384 554">
    <p class='ocr_par' dir='ltr' id='par_1_3' title="bbox 228 471 2384 554">
     <span class='ocr_line' id='line_1_3' title="bbox 228 471 2384 554; baseline 0.002 -26"><span class='ocrx_word' id='word_1_13' title='bbox 228 493 315 528; x_wconf 74' lang='lat' dir='ltr'>pag.</span> <span class='ocrx_word' id='word_1_14' title='bbox 340 483 433 519; x_wconf 77' lang='lat'>1044.</span> <span class='ocrx_word' id='word_1_15' title='bbox 461 479 577 543; x_wconf 86' lang='grc' dir='ltr'><strong><em>βαλε</em></strong></span> <span class='ocrx_word' id='word_1_16' title='bbox 603 472 697 544; x_wconf 76' lang='grc' dir='ltr'><strong><em>γάρ</em></strong></span> <span class='ocrx_word' id='word_1_17' title='bbox 727 471 761 542; x_wconf 80' lang='grc' dir='ltr'><em>ἦ</em></span> <span class='ocrx_word' id='word_1_18' title='bbox 788 472 959 545; x_wconf 80' lang='grc' dir='ltr'><strong><em>γραφὴ</em></strong></span> <span class='ocrx_word' id='word_1_19' title='bbox 1001 473 1088 527; x_wconf 76' lang='grc' dir='ltr'><strong><em>τόν</em></strong></span> <span class='ocrx_word' id='word_1_20' title='bbox 1113 481 1238 528; x_wconf 85' lang='grc' dir='ltr'><strong><em>νοῦν</em></strong></span> <span class='ocrx_word' id='word_1_21' title='bbox 1265 473 1350 529; x_wconf 75' lang='grc' dir='ltr'><strong><em>τόν</em></strong></span> <span class='ocrx_word' id='word_1_22' title='bbox 1381 475 1731 547; x_wconf 79' lang='grc' dir='ltr'><strong><em>ἀνθρώπινον,</em></strong></span> <span class='ocrx_word' id='word_1_23' title='bbox 1781 479 1865 554; x_wconf 59' lang='grc' dir='ltr'><strong><em>καὶ</em></strong></span> <span class='ocrx_word' id='word_1_24' title='bbox 1901 480 1952 532; x_wconf 83' lang='grc' dir='ltr'><strong><em>έν</em></strong></span> <span class='ocrx_word' id='word_1_25' title='bbox 1978 477 2203 552; x_wconf 73' lang='grc' dir='ltr'><strong><em>μετεώρῳ</em></strong></span> <span class='ocrx_word' id='word_1_26' title='bbox 2242 481 2384 542; x_wconf 71' lang='grc' dir='ltr'><strong><em>εἴασε,</em></strong></span> 
     </span>
    </p>
   </div>
   <div class='ocr_carea' id='block_1_4' title="bbox 227 1427 432 1487">
    <p class='ocr_par' dir='ltr' id='par_1_4' title="bbox 227 1427 432 1487">
     <span class='ocr_line' id='line_1_4' title="bbox 227 1427 432 1487; baseline 0 -15"><span class='ocrx_word' id='word_1_27' title='bbox 227 1429 340 1486; x_wconf 83' lang='grc' dir='ltr'><strong><em>Κεφ.</em></strong></span> <span class='ocrx_word' id='word_1_28' title='bbox 363 1427 432 1487; x_wconf 82' lang='grc' dir='ltr'><strong><em>ιβ’.</em></strong></span> 
     </span>
    </p>
   </div>
   <div class='ocr_carea' id='block_1_5' title="bbox 235 3408 434 3453">
    <p class='ocr_par' dir='ltr' id='par_1_5' title="bbox 235 3408 434 3453">
     <span class='ocr_line' id='line_1_5' title="bbox 235 3408 434 3453; baseline 0.01 -11"><span class='ocrx_word' id='word_1_29' title='bbox 235 3418 318 3453; x_wconf 83' lang='lat' dir='ltr'>pag.</span> <span class='ocrx_word' id='word_1_30' title='bbox 342 3408 434 3445; x_wconf 66' lang='lat'>1⁰45.</span> 
     </span>
    </p>
   </div>
   <div class='ocr_carea' id='block_1_6' title="bbox 452 557 2390 1228">
    <p class='ocr_par' dir='ltr' id='par_1_6' title="bbox 452 557 2390 1228">
     <span class='ocr_line' id='line_1_6' title="bbox 455 557 2388 638; baseline 0.003 -25"><span class='ocrx_word' id='word_1_31' title='bbox 455 558 539 613; x_wconf 77' lang='grc' dir='ltr'><strong><em>διά</em></strong></span> <span class='ocrx_word' id='word_1_32' title='bbox 569 557 623 613; x_wconf 84' lang='grc' dir='ltr'>τὸ</span> <span class='ocrx_word' id='word_1_33' title='bbox 657 565 834 621; x_wconf 86' lang='grc' dir='ltr'><strong><em>σκεῦος</em></strong></span> <span class='ocrx_word' id='word_1_34' title='bbox 874 558 928 613; x_wconf 85' lang='grc' dir='ltr'>τὸ</span> <span class='ocrx_word' id='word_1_35' title='bbox 961 563 1122 628; x_wconf 91' lang='grc' dir='ltr'><strong><em>τίμιον</em></strong></span> <span class='ocrx_word' id='word_1_36' title='bbox 1151 562 1236 614; x_wconf 89' lang='grc' dir='ltr'><strong><em>καὶ</em></strong></span> <span class='ocrx_word' id='word_1_37' title='bbox 1276 560 1600 629; x_wconf 76' lang='grc' dir='ltr'><strong><em>ἐξοχώτατον,</em></strong></span> <span class='ocrx_word' id='word_1_38' title='bbox 1649 564 1733 616; x_wconf 81' lang='grc' dir='ltr'><strong><em>’ἵνα</em></strong></span> <span class='ocrx_word' id='word_1_39' title='bbox 1764 562 1832 632; x_wconf 81' lang='grc' dir='ltr'><strong><em>μή</em></strong></span> <span class='ocrx_word' id='word_1_40' title='bbox 1862 585 1935 625; x_wconf 91' lang='grc' dir='ltr'><strong><em>τις</em></strong></span> <span class='ocrx_word' id='word_1_41' title='bbox 1963 565 2014 617; x_wconf 80' lang='grc' dir='ltr'><strong><em>ἐν</em></strong></span> <span class='ocrx_word' id='word_1_42' title='bbox 2037 561 2252 638; x_wconf 72' lang='grc' dir='ltr'><strong><em>ύπονοίςι</em></strong></span> <span class='ocrx_word' id='word_1_43' title='bbox 2283 564 2388 635; x_wconf 84' lang='grc' dir='ltr'><strong><em>γέν-</em></strong></span> 
     </span>
     <span class='ocr_line' id='line_1_7' title="bbox 452 642 2388 717; baseline 0.002 -18"><span class='ocrx_word' id='word_1_44' title='bbox 452 668 596 713; x_wconf 88' lang='grc' dir='ltr'><strong><em>νηται</em></strong></span> <span class='ocrx_word' id='word_1_45' title='bbox 627 647 739 715; x_wconf 88' lang='grc' dir='ltr'><strong><em>περὶ</em></strong></span> <span class='ocrx_word' id='word_1_46' title='bbox 775 645 929 712; x_wconf 81' lang='grc' dir='ltr'><strong><em>αὐτῆς</em></strong></span> <span class='ocrx_word' id='word_1_47' title='bbox 960 652 1208 716; x_wconf 76' lang='grc' dir='ltr'><strong><em>σαρκικῶν</em></strong></span> <span class='ocrx_word' id='word_1_48' title='bbox 1237 645 1551 717; x_wconf 77' lang='grc' dir='ltr'><strong><em>πραγμάτων.</em></strong></span> <span class='ocrx_word' id='word_1_49' title='bbox 1627 645 1740 702; x_wconf 78' lang='grc' dir='ltr'><strong><em>Κὸἵν</em></strong></span> <span class='ocrx_word' id='word_1_50' title='bbox 1775 664 1825 701; x_wconf 86' lang='grc' dir='ltr'><strong><em>τε</em></strong></span> <span class='ocrx_word' id='word_1_51' title='bbox 1852 642 1944 702; x_wconf 73' lang='grc' dir='ltr'><strong><em>οὖν</em></strong></span> <span class='ocrx_word' id='word_1_52' title='bbox 1973 650 2238 717; x_wconf 79' lang='grc' dir='ltr'><strong><em>τέθνηκεν,</em></strong></span> <span class='ocrx_word' id='word_1_53' title='bbox 2293 646 2388 702; x_wconf 82' lang='grc' dir='ltr'><strong><em>ούκ</em></strong></span> 
     </span>
     <span class='ocr_line' id='line_1_8' title="bbox 454 732 2387 804; baseline 0.001 -19"><span class='ocrx_word' id='word_1_54' title='bbox 454 734 685 802; x_wconf 74' lang='grc' dir='ltr'><strong><em>ἔγνωμεν.</em></strong></span> <span class='ocrx_word' id='word_1_55' title='bbox 764 732 862 784; x_wconf 81' lang='grc' dir='ltr'><strong><em>Καὶ</em></strong></span> <span class='ocrx_word' id='word_1_56' title='bbox 893 733 938 784; x_wconf 83' lang='grc' dir='ltr'><strong><em>εἰ</em></strong></span> <span class='ocrx_word' id='word_1_57' title='bbox 961 733 1230 796; x_wconf 73' lang='grc' dir='ltr'><em>τέθαπται,</em></span> <span class='ocrx_word' id='word_1_58' title='bbox 1271 732 1331 785; x_wconf 85' lang='grc' dir='ltr'><strong><em>οὐ</em></strong></span> <span class='ocrx_word' id='word_1_59' title='bbox 1359 738 1600 800; x_wconf 77' lang='grc' dir='ltr'><strong><em>συνῆπται</em></strong></span> <span class='ocrx_word' id='word_1_60' title='bbox 1629 737 1796 802; x_wconf 88' lang='grc' dir='ltr'><strong><em>σαρκί·</em></strong></span> <span class='ocrx_word' id='word_1_61' title='bbox 1837 732 1905 801; x_wconf 83' lang='grc' dir='ltr'><strong><em>μὴ</em></strong></span> <span class='ocrx_word' id='word_1_62' title='bbox 1929 735 2136 804; x_wconf 90' lang='grc' dir='ltr'><strong><em>γένοιτο.</em></strong></span> <span class='ocrx_word' id='word_1_63' title='bbox 2218 738 2303 797; x_wconf 90' lang='grc' dir='ltr'><strong><em>Τίς</em></strong></span> <span class='ocrx_word' id='word_1_64' title='bbox 2332 734 2387 787; x_wconf 75' lang='grc' dir='ltr'><strong><em>δὲ</em></strong></span> 
     </span>
     <span class='ocr_line' id='line_1_9' title="bbox 454 814 2387 890; baseline 0.002 -21"><span class='ocrx_word' id='word_1_65' title='bbox 454 814 844 887; x_wconf 77' lang='grc' dir='ltr'><strong><em>φρενοβλάβειαν</em></strong></span> <span class='ocrx_word' id='word_1_66' title='bbox 886 818 1053 890; x_wconf 75' lang='grc' dir='ltr'><strong><em>ἑαυτῷ·</em></strong></span> <span class='ocrx_word' id='word_1_67' title='bbox 1090 816 1381 888; x_wconf 72' lang='grc' dir='ltr'><strong><em>συναγαγών</em></strong></span> <span class='ocrx_word' id='word_1_68' title='bbox 1418 817 1615 885; x_wconf 79' lang='grc' dir='ltr'><strong><em>θελήσει</em></strong></span> <span class='ocrx_word' id='word_1_69' title='bbox 1654 820 1899 886; x_wconf 75' lang='grc' dir='ltr'><strong><em>ἐνσκῆψαι</em></strong></span> <span class='ocrx_word' id='word_1_70' title='bbox 1941 817 2235 887; x_wconf 86' lang='grc' dir='ltr'><strong><em>βλάσφημόν</em></strong></span> <span class='ocrx_word' id='word_1_71' title='bbox 2276 842 2387 873; x_wconf 90' lang='grc' dir='ltr'><strong><em>τινα</em></strong></span> 
     </span>
     <span class='ocr_line' id='line_1_10' title="bbox 454 900 2386 974; baseline 0.001 -18"><span class='ocrx_word' id='word_1_72' title='bbox 454 900 725 966; x_wconf 79' lang='grc' dir='ltr'><strong><em>ύπόνοιαν,</em></strong></span> <span class='ocrx_word' id='word_1_73' title='bbox 777 903 860 955; x_wconf 86' lang='grc' dir='ltr'><strong><em>καὶ</em></strong></span> <span class='ocrx_word' id='word_1_74' title='bbox 892 908 914 939; x_wconf 82' lang='lat'><strong>⁶</strong></span> <span class='ocrx_word' id='word_1_75' title='bbox 933 904 1113 972; x_wconf 76' lang='grc' dir='ltr'><strong><em>ἐπᾶραι</em></strong></span> <span class='ocrx_word' id='word_1_76' title='bbox 1142 902 1325 971; x_wconf 82' lang='grc' dir='ltr'><strong><em>στόμα,</em></strong></span> <span class='ocrx_word' id='word_1_77' title='bbox 1377 902 1581 971; x_wconf 77' lang='grc' dir='ltr'><strong><em>χαλάσαι</em></strong></span> <span class='ocrx_word' id='word_1_78' title='bbox 1604 924 1654 956; x_wconf 93' lang='grc' dir='ltr'><strong><em>τε</em></strong></span> <span class='ocrx_word' id='word_1_79' title='bbox 1682 910 1925 974; x_wconf 91' lang='grc' dir='ltr'><strong><em>γλῶτταν,</em></strong></span> <span class='ocrx_word' id='word_1_80' title='bbox 1976 907 2150 957; x_wconf 79' lang='grc' dir='ltr'><strong><em>διελεῖν</em></strong></span> <span class='ocrx_word' id='word_1_81' title='bbox 2178 905 2231 958; x_wconf 81' lang='grc' dir='ltr'><strong><em>δὲ</em></strong></span> <span class='ocrx_word' id='word_1_82' title='bbox 2255 909 2386 974; x_wconf 84' lang='grc' dir='ltr'><strong><em>χείλη</em></strong></span> 
     </span>
     <span class='ocr_line' id='line_1_11' title="bbox 456 985 2390 1060; baseline 0.001 -18"><span class='ocrx_word' id='word_1_83' title='bbox 456 990 510 1042; x_wconf 75' lang='grc' dir='ltr'><strong><em>ἐκ</em></strong></span> <span class='ocrx_word' id='word_1_84' title='bbox 536 991 760 1050; x_wconf 79' lang='grc' dir='ltr'><strong><em>διανοίας</em></strong></span> <span class='ocrx_word' id='word_1_85' title='bbox 797 993 981 1056; x_wconf 70' lang='grc' dir='ltr'><strong><em>κακῆςς</em></strong></span> <span class='ocrx_word' id='word_1_86' title='bbox 1035 994 1215 1056; x_wconf 83' lang='grc' dir='ltr'><strong><em>μᾶλλον</em></strong></span> <span class='ocrx_word' id='word_1_87' title='bbox 1255 989 1308 1041; x_wconf 80' lang='grc' dir='ltr'><strong><em>δὲ</em></strong></span> <span class='ocrx_word' id='word_1_88' title='bbox 1335 985 1442 1041; x_wconf 84' lang='grc' dir='ltr'><strong><em>ἀντὶ</em></strong></span> <span class='ocrx_word' id='word_1_89' title='bbox 1471 987 1665 1056; x_wconf 67' lang='grc' dir='ltr'><strong><em>ὕμνων,</em></strong></span> <span class='ocrx_word' id='word_1_90' title='bbox 1720 991 1806 1042; x_wconf 88' lang='grc' dir='ltr'><strong><em>καὶ</em></strong></span> <span class='ocrx_word' id='word_1_91' title='bbox 1839 989 2011 1058; x_wconf 82' lang='grc' dir='ltr'><strong><em>δόξης,</em></strong></span> <span class='ocrx_word' id='word_1_92' title='bbox 2059 988 2228 1060; x_wconf 70' lang='grc' dir='ltr'><strong><em>ὕβρεις</em></strong></span> <span class='ocrx_word' id='word_1_93' title='bbox 2252 988 2390 1053; x_wconf 73' lang='grc' dir='ltr'><strong><em>τινάς</em></strong></span> 
     </span>
     <span class='ocr_line' id='line_1_12' title="bbox 456 1071 2387 1145; baseline 0 -16"><span class='ocrx_word' id='word_1_94' title='bbox 456 1076 697 1139; x_wconf 78' lang='grc' dir='ltr'><strong><em>ἐπινοεῖν,</em></strong></span> <span class='ocrx_word' id='word_1_95' title='bbox 745 1075 829 1127; x_wconf 84' lang='grc' dir='ltr'><strong><em>καὶ</em></strong></span> <span class='ocrx_word' id='word_1_96' title='bbox 870 1076 1188 1145; x_wconf 79' lang='grc' dir='ltr'><strong><em>ἐμπαροινεῖν</em></strong></span> <span class='ocrx_word' id='word_1_97' title='bbox 1227 1077 1295 1136; x_wconf 83' lang='grc' dir='ltr'><strong><em>εἷς</em></strong></span> <span class='ocrx_word' id='word_1_98' title='bbox 1323 1072 1412 1141; x_wconf 76' lang='grc' dir='ltr'><strong><em>τὴν</em></strong></span> <span class='ocrx_word' id='word_1_99' title='bbox 1450 1071 1595 1144; x_wconf 78' lang='grc' dir='ltr'><strong><em>άγίαν</em></strong></span> <span class='ocrx_word' id='word_1_100' title='bbox 1624 1075 1905 1144; x_wconf 83' lang='grc' dir='ltr'><strong><em>παρθένον,</em></strong></span> <span class='ocrx_word' id='word_1_101' title='bbox 1953 1076 2036 1128; x_wconf 80' lang='grc' dir='ltr'><strong><em>καὶ</em></strong></span> <span class='ocrx_word' id='word_1_102' title='bbox 2069 1072 2136 1143; x_wconf 82' lang='grc' dir='ltr'><strong><em>μὴ</em></strong></span> <span class='ocrx_word' id='word_1_103' title='bbox 2163 1080 2309 1144; x_wconf 77' lang='grc' dir='ltr'><strong><em>τιμᾶν</em></strong></span> <span class='ocrx_word' id='word_1_104' title='bbox 2331 1073 2387 1129; x_wconf 77' lang='grc' dir='ltr'><strong><em>τό</em></strong></span> 
     </span>
     <span class='ocr_line' id='line_1_13' title="bbox 453 1160 997 1228; baseline -0.004 -14"><span class='ocrx_word' id='word_1_105' title='bbox 453 1160 773 1228; x_wconf 80' lang='grc' dir='ltr'><strong><em>τετιμημένον</em></strong></span> <span class='ocrx_word' id='word_1_106' title='bbox 808 1165 997 1222; x_wconf 86' lang='grc' dir='ltr'><strong><em>σκεῦος.</em></strong></span> 
     </span>
    </p>
   </div>
   <div class='ocr_carea' id='block_1_7' title="bbox 453 1413 2395 3028">
    <p class='ocr_par' dir='ltr' id='par_1_7' title="bbox 453 1413 2392 3028">
     <span class='ocr_line' id='line_1_14' title="bbox 600 1413 2389 1487; baseline 0.001 -19"><span class='ocrx_word' id='word_1_107' title='bbox 600 1418 672 1468; x_wconf 84' lang='grc' dir='ltr'><strong><em>Εἰ</em></strong></span> <span class='ocrx_word' id='word_1_108' title='bbox 709 1416 763 1469; x_wconf 83' lang='grc' dir='ltr'><strong><em>δὲ</em></strong></span> <span class='ocrx_word' id='word_1_109' title='bbox 799 1417 884 1469; x_wconf 88' lang='grc' dir='ltr'><strong><em>καὶ</em></strong></span> <span class='ocrx_word' id='word_1_110' title='bbox 928 1414 1030 1468; x_wconf 78' lang='grc' dir='ltr'><strong><em>ἀπὸ</em></strong></span> <span class='ocrx_word' id='word_1_111' title='bbox 1072 1413 1216 1482; x_wconf 73' lang='grc' dir='ltr'><strong><em>ἀλλης</em></strong></span> <span class='ocrx_word' id='word_1_112' title='bbox 1257 1413 1390 1478; x_wconf 76' lang='grc' dir='ltr'><strong><em>τινός</em></strong></span> <span class='ocrx_word' id='word_1_113' title='bbox 1428 1419 1646 1487; x_wconf 85' lang='grc' dir='ltr'><strong><em>θεωρίας</em></strong></span> <span class='ocrx_word' id='word_1_114' title='bbox 1683 1414 1774 1485; x_wconf 80' lang='grc' dir='ltr'><strong><em>χρὴ</em></strong></span> <span class='ocrx_word' id='word_1_115' title='bbox 1814 1419 1980 1485; x_wconf 87' lang='grc' dir='ltr'><strong><em>λαβεῖν</em></strong></span> <span class='ocrx_word' id='word_1_116' title='bbox 2014 1415 2074 1469; x_wconf 76' lang='grc' dir='ltr'><strong><em>τά</em></strong></span> <span class='ocrx_word' id='word_1_117' title='bbox 2110 1414 2389 1487; x_wconf 86' lang='grc' dir='ltr'><strong><em>πράγματα,</em></strong></span> 
     </span>
     <span class='ocr_line' id='line_1_15' title="bbox 456 1500 2390 1571; baseline 0.001 -17"><span class='ocrx_word' id='word_1_118' title='bbox 456 1501 835 1571; x_wconf 83' lang='grc' dir='ltr'><strong><em>ψηλαφήσωμεν</em></strong></span> <span class='ocrx_word' id='word_1_119' title='bbox 866 1503 950 1554; x_wconf 87' lang='grc' dir='ltr'><strong><em>καὶ</em></strong></span> <span class='ocrx_word' id='word_1_120' title='bbox 981 1507 1313 1571; x_wconf 87' lang='grc' dir='ltr'><strong><em>φυσιολογιῶν</em></strong></span> <span class='ocrx_word' id='word_1_121' title='bbox 1341 1502 1536 1569; x_wconf 82' lang='grc' dir='ltr'><strong><em>σχέσεις.</em></strong></span> <span class='ocrx_word' id='word_1_122' title='bbox 1615 1503 1744 1554; x_wconf 81' lang='grc' dir='ltr'><strong><em>Φασὶ</em></strong></span> <span class='ocrx_word' id='word_1_123' title='bbox 1783 1500 1870 1570; x_wconf 78' lang='grc' dir='ltr'><strong><em>τήν</em></strong></span> <span class='ocrx_word' id='word_1_124' title='bbox 1894 1503 2091 1556; x_wconf 83' lang='grc' dir='ltr'><strong><em>λέαιναν</em></strong></span> <span class='ocrx_word' id='word_1_125' title='bbox 2117 1501 2184 1571; x_wconf 81' lang='grc' dir='ltr'><strong><em>μὴ</em></strong></span> <span class='ocrx_word' id='word_1_126' title='bbox 2215 1506 2390 1556; x_wconf 79' lang='grc' dir='ltr'><strong><em>τίκτειν</em></strong></span> 
     </span>
     <span class='ocr_line' id='line_1_16' title="bbox 453 1584 2391 1657; baseline 0.001 -16"><span class='ocrx_word' id='word_1_127' title='bbox 453 1588 580 1656; x_wconf 76' lang='grc' dir='ltr'><strong><em>πλὴν</em></strong></span> <span class='ocrx_word' id='word_1_128' title='bbox 612 1594 728 1655; x_wconf 78' lang='grc' dir='ltr'><strong><em>μιᾶς</em></strong></span> <span class='ocrx_word' id='word_1_129' title='bbox 755 1585 964 1657; x_wconf 78' lang='grc' dir='ltr'><strong><em>γαστρός</em></strong></span> <span class='ocrx_word' id='word_1_130' title='bbox 993 1585 1174 1654; x_wconf 88' lang='grc' dir='ltr'><strong><em>μόνης,</em></strong></span> <span class='ocrx_word' id='word_1_131' title='bbox 1229 1589 1352 1655; x_wconf 72' lang='grc' dir='ltr'><strong><em>ἔχειν</em></strong></span> <span class='ocrx_word' id='word_1_132' title='bbox 1385 1587 1437 1640; x_wconf 82' lang='grc' dir='ltr'><strong><em>δὲ</em></strong></span> <span class='ocrx_word' id='word_1_133' title='bbox 1464 1584 1554 1655; x_wconf 79' lang='grc' dir='ltr'><strong><em>τήν</em></strong></span> <span class='ocrx_word' id='word_1_134' title='bbox 1581 1589 1739 1641; x_wconf 84' lang='grc' dir='ltr'><strong><em>αἰτίαν</em></strong></span> <span class='ocrx_word' id='word_1_135' title='bbox 1760 1587 1968 1641; x_wconf 79' lang='grc' dir='ltr'><strong><em>τοιάνδε.</em></strong></span> <span class='ocrx_word' id='word_1_136' title='bbox 2049 1587 2115 1642; x_wconf 82' lang='grc' dir='ltr'>Τὸ</span> <span class='ocrx_word' id='word_1_137' title='bbox 2149 1594 2273 1653; x_wconf 82' lang='grc' dir='ltr'><strong><em>ζῶον</em></strong></span> <span class='ocrx_word' id='word_1_138' title='bbox 2301 1589 2391 1657; x_wconf 86' lang='grc' dir='ltr'><strong><em>μέν</em></strong></span> 
     </span>
     <span class='ocr_line' id='line_1_17' title="bbox 455 1671 2391 1748; baseline 0.001 -21"><span class='ocrx_word' id='word_1_139' title='bbox 455 1677 555 1728; x_wconf 78' lang='grc' dir='ltr'><strong><em>ἔστι</em></strong></span> <span class='ocrx_word' id='word_1_140' title='bbox 589 1681 608 1711; x_wconf 84' lang='lat'>¹</span> <span class='ocrx_word' id='word_1_141' title='bbox 629 1672 951 1743; x_wconf 89' lang='grc' dir='ltr'><strong><em>τραγότατον,</em></strong></span> <span class='ocrx_word' id='word_1_142' title='bbox 990 1671 1223 1743; x_wconf 82' lang='grc' dir='ltr'><strong><em>χαρωπδν</em></strong></span> <span class='ocrx_word' id='word_1_143' title='bbox 1253 1673 1306 1724; x_wconf 81' lang='grc' dir='ltr'><strong><em>δὲ</em></strong></span> <span class='ocrx_word' id='word_1_144' title='bbox 1332 1678 1400 1744; x_wconf 78' lang='grc' dir='ltr'><strong><em>τῷ</em></strong></span> <span class='ocrx_word' id='word_1_145' title='bbox 1427 1675 1570 1738; x_wconf 77' lang='grc' dir='ltr'><strong><em>εἴδει,</em></strong></span> <span class='ocrx_word' id='word_1_146' title='bbox 1622 1674 2008 1744; x_wconf 81' lang='grc' dir='ltr'><strong><em>έμβριθέστατον</em></strong></span> <span class='ocrx_word' id='word_1_147' title='bbox 2031 1679 2092 1748; x_wconf 81' lang='grc' dir='ltr'><strong><em>τῇ</em></strong></span> <span class='ocrx_word' id='word_1_148' title='bbox 2119 1673 2268 1748; x_wconf 80' lang='grc' dir='ltr'><strong><em>ἀλκῇ,</em></strong></span> <span class='ocrx_word' id='word_1_149' title='bbox 2322 1671 2391 1737; x_wconf 68' lang='grc' dir='ltr'><strong><em>οἷς</em></strong></span> 
     </span>
     <span class='ocr_line' id='line_1_18' title="bbox 454 1755 2391 1828; baseline 0 -15"><span class='ocrx_word' id='word_1_150' title='bbox 454 1763 635 1824; x_wconf 81' lang='grc' dir='ltr'><strong><em>εἰπεῖν,</em></strong></span> <span class='ocrx_word' id='word_1_151' title='bbox 672 1757 1053 1827; x_wconf 81' lang='grc' dir='ltr'><strong><em>βασιλικώτατον</em></strong></span> <span class='ocrx_word' id='word_1_152' title='bbox 1079 1759 1220 1828; x_wconf 90' lang='grc' dir='ltr'><strong><em>γένος</em></strong></span> <span class='ocrx_word' id='word_1_153' title='bbox 1248 1760 1329 1811; x_wconf 78' lang='grc' dir='ltr'><strong><em>ἐπὶ</em></strong></span> <span class='ocrx_word' id='word_1_154' title='bbox 1356 1755 1417 1810; x_wconf 74' lang='grc' dir='ltr'><strong><em>τά</em></strong></span> <span class='ocrx_word' id='word_1_155' title='bbox 1447 1755 1565 1810; x_wconf 70' lang='grc' dir='ltr'><strong><em>ἄλλα</em></strong></span> <span class='ocrx_word' id='word_1_156' title='bbox 1589 1764 1700 1822; x_wconf 85' lang='grc' dir='ltr'><strong><em>ζῶα.</em></strong></span> <span class='ocrx_word' id='word_1_157' title='bbox 1759 1757 1926 1828; x_wconf 82' lang='grc' dir='ltr'><strong><em>’Έχειν</em></strong></span> <span class='ocrx_word' id='word_1_158' title='bbox 1956 1759 2009 1813; x_wconf 81' lang='grc' dir='ltr'><strong><em>δὲ</em></strong></span> <span class='ocrx_word' id='word_1_159' title='bbox 2037 1757 2124 1827; x_wconf 81' lang='grc' dir='ltr'><strong><em>τὴν</em></strong></span> <span class='ocrx_word' id='word_1_160' title='bbox 2147 1758 2391 1827; x_wconf 86' lang='grc' dir='ltr'><strong><em>σύλληψιν</em></strong></span> 
     </span>
     <span class='ocr_line' id='line_1_19' title="bbox 455 1842 2390 1915; baseline -0.001 -15"><span class='ocrx_word' id='word_1_161' title='bbox 455 1848 504 1909; x_wconf 78' lang='grc' dir='ltr'><strong><em>ἐξ</em></strong></span> <span class='ocrx_word' id='word_1_162' title='bbox 539 1843 652 1907; x_wconf 84' lang='grc' dir='ltr'><strong><em>ἕνός</em></strong></span> <span class='ocrx_word' id='word_1_163' title='bbox 684 1843 924 1915; x_wconf 83' lang='grc' dir='ltr'><strong><em>συζύγου,</em></strong></span> <span class='ocrx_word' id='word_1_164' title='bbox 976 1850 1126 1897; x_wconf 89' lang='grc' dir='ltr'><strong><em>τελεῖν</em></strong></span> <span class='ocrx_word' id='word_1_165' title='bbox 1158 1844 1211 1897; x_wconf 80' lang='grc' dir='ltr'><strong><em>δὲ</em></strong></span> <span class='ocrx_word' id='word_1_166' title='bbox 1238 1842 1291 1897; x_wconf 80' lang='grc' dir='ltr'><strong><em>τό</em></strong></span> <span class='ocrx_word' id='word_1_167' title='bbox 1324 1843 1752 1912; x_wconf 86' lang='grc' dir='ltr'><strong><em>καταβαλλόμενον</em></strong></span> <span class='ocrx_word' id='word_1_168' title='bbox 1780 1845 1972 1913; x_wconf 87' lang='grc' dir='ltr'><strong><em>σπέρμα</em></strong></span> <span class='ocrx_word' id='word_1_169' title='bbox 2000 1845 2205 1910; x_wconf 69' lang='grc' dir='ltr'><strong><em>εἰκοσιέξ</em></strong></span> <span class='ocrx_word' id='word_1_170' title='bbox 2233 1851 2390 1914; x_wconf 89' lang='grc' dir='ltr'><strong><em>μῆνας</em></strong></span> 
     </span>
     <span class='ocr_line' id='line_1_20' title="bbox 455 1928 2391 2004; baseline -0.001 -19"><span class='ocrx_word' id='word_1_171' title='bbox 455 1934 507 1986; x_wconf 82' lang='grc' dir='ltr'><strong><em>έν</em></strong></span> <span class='ocrx_word' id='word_1_172' title='bbox 534 1937 595 2004; x_wconf 78' lang='grc' dir='ltr'><strong><em>τῇ</em></strong></span> <span class='ocrx_word' id='word_1_173' title='bbox 620 1928 796 1999; x_wconf 89' lang='grc' dir='ltr'><strong><em>νηδύϊ,</em></strong></span> <span class='ocrx_word' id='word_1_174' title='bbox 837 1929 955 1992; x_wconf 80' lang='grc' dir='ltr'><strong><em>ῶςτε</em></strong></span> <span class='ocrx_word' id='word_1_175' title='bbox 985 1928 1070 1983; x_wconf 84' lang='grc' dir='ltr'><strong><em>τὸν</em></strong></span> <span class='ocrx_word' id='word_1_176' title='bbox 1098 1928 1318 1997; x_wconf 87' lang='grc' dir='ltr'><strong><em>σκύμνον</em></strong></span> <span class='ocrx_word' id='word_1_177' title='bbox 1346 1932 1490 1983; x_wconf 73' lang='grc' dir='ltr'><strong><em>ἔνδον</em></strong></span> <span class='ocrx_word' id='word_1_178' title='bbox 1517 1931 1598 1983; x_wconf 76' lang='grc' dir='ltr'><strong><em>ἐπὶ</em></strong></span> <span class='ocrx_word' id='word_1_179' title='bbox 1626 1929 1898 1999; x_wconf 89' lang='grc' dir='ltr'><strong><em>τελειότητα</em></strong></span> <span class='ocrx_word' id='word_1_180' title='bbox 1924 1932 2164 2001; x_wconf 89' lang='grc' dir='ltr'><strong><em>φέρεσθαι</em></strong></span> <span class='ocrx_word' id='word_1_181' title='bbox 2192 1929 2274 1985; x_wconf 77' lang='grc' dir='ltr'><strong><em>διᾶ</em></strong></span> <span class='ocrx_word' id='word_1_182' title='bbox 2303 1929 2391 1986; x_wconf 79' lang='grc' dir='ltr'><strong><em>τόν</em></strong></span> 
     </span>
     <span class='ocr_line' id='line_1_21' title="bbox 453 2013 2391 2109; baseline 0 -38"><span class='ocrx_word' id='word_1_183' title='bbox 453 2017 659 2088; x_wconf 91' lang='grc' dir='ltr'><strong><em>χρόνον,</em></strong></span> <span class='ocrx_word' id='word_1_184' title='bbox 709 2018 778 2077; x_wconf 86' lang='grc' dir='ltr'><strong><em>εἰς</em></strong></span> <span class='ocrx_word' id='word_1_185' title='bbox 806 2014 859 2068; x_wconf 84' lang='grc' dir='ltr'>τὸ</span> <span class='ocrx_word' id='word_1_186' title='bbox 895 2017 1023 2069; x_wconf 75' lang='grc' dir='ltr'><strong><em>2καὶ</em></strong></span> <span class='ocrx_word' id='word_1_187' title='bbox 1051 2014 1168 2078; x_wconf 80' lang='grc' dir='ltr'><strong><em>τούς</em></strong></span> <span class='ocrx_word' id='word_1_188' title='bbox 1209 2013 1397 2078; x_wconf 86' lang='grc' dir='ltr'><strong><em>πάντας</em></strong></span> <span class='ocrx_word' id='word_1_189' title='bbox 1434 2013 1646 2078; x_wconf 85' lang='grc' dir='ltr'><strong><em>ὀδόντας</em></strong></span> <span class='ocrx_word' id='word_1_190' title='bbox 1683 2017 1806 2084; x_wconf 76' lang='grc' dir='ltr'><strong><em>ἔχειν</em></strong></span> <span class='ocrx_word' id='word_1_191' title='bbox 1836 2015 1970 2090; x_wconf 78' lang='grc' dir='ltr'><strong><em>ἤδη,</em></strong></span> <span class='ocrx_word' id='word_1_192' title='bbox 2016 2018 2134 2086; x_wconf 86' lang='grc' dir='ltr'><strong><em>πρὶν</em></strong></span> <span class='ocrx_word' id='word_1_193' title='bbox 2158 2015 2192 2086; x_wconf 78' lang='grc' dir='ltr'><em>ἢ</em></span> <span class='ocrx_word' id='word_1_194' title='bbox 2219 2019 2391 2109; x_wconf 48' lang='lat'><strong><em>&amp;5333-</em></strong></span> 
     </span>
     <span class='ocr_line' id='line_1_22' title="bbox 453 2098 2386 2174; baseline 0.001 -19"><span class='ocrx_word' id='word_1_195' title='bbox 453 2121 660 2174; x_wconf 87' lang='grc' dir='ltr'><strong><em>γαστρος</em></strong></span> <span class='ocrx_word' id='word_1_196' title='bbox 684 2103 952 2171; x_wconf 84' lang='grc' dir='ltr'><strong><em>προέλθοι,</em></strong></span> <span class='ocrx_word' id='word_1_197' title='bbox 1003 2102 1086 2154; x_wconf 81' lang='grc' dir='ltr'><strong><em>καὶ</em></strong></span> <span class='ocrx_word' id='word_1_198' title='bbox 1118 2101 1233 2163; x_wconf 81' lang='grc' dir='ltr'><strong><em>τούς</em></strong></span> <span class='ocrx_word' id='word_1_199' title='bbox 1261 2099 1441 2169; x_wconf 87' lang='grc' dir='ltr'><strong><em>όνυχας</em></strong></span> <span class='ocrx_word' id='word_1_200' title='bbox 1475 2102 1527 2154; x_wconf 81' lang='grc' dir='ltr'><strong><em>έν</em></strong></span> <span class='ocrx_word' id='word_1_201' title='bbox 1559 2098 1724 2174; x_wconf 78' lang='grc' dir='ltr'><strong><em>ἡλικία</em></strong></span> <span class='ocrx_word' id='word_1_202' title='bbox 1755 2105 1998 2174; x_wconf 80' lang='grc' dir='ltr'><strong><em>στασίμῳ,</em></strong></span> <span class='ocrx_word' id='word_1_203' title='bbox 2047 2103 2163 2165; x_wconf 85' lang='grc' dir='ltr'><strong><em>τούς</em></strong></span> <span class='ocrx_word' id='word_1_204' title='bbox 2185 2120 2236 2161; x_wconf 77' lang='grc' dir='ltr'><strong><em>τε</em></strong></span> <span class='ocrx_word' id='word_1_205' title='bbox 2265 2112 2386 2160; x_wconf 63' lang='grc' dir='ltr'><strong><em>πασ-</em></strong></span> 
     </span>
     <span class='ocr_line' id='line_1_23' title="bbox 456 2180 2395 2254; baseline 0 -13"><span class='ocrx_word' id='word_1_206' title='bbox 456 2193 714 2250; x_wconf 86' lang='grc' dir='ltr'><strong><em>σαλίσκους</em></strong></span> <span class='ocrx_word' id='word_1_207' title='bbox 740 2189 1106 2254; x_wconf 85' lang='grc' dir='ltr'><strong><em>καλουμένους,</em></strong></span> <span class='ocrx_word' id='word_1_208' title='bbox 1158 2188 1243 2239; x_wconf 87' lang='grc' dir='ltr'><strong><em>καὶ</em></strong></span> <span class='ocrx_word' id='word_1_209' title='bbox 1270 2185 1599 2251; x_wconf 88' lang='grc' dir='ltr'><strong><em>κυνόδοντας,</em></strong></span> <span class='ocrx_word' id='word_1_210' title='bbox 1639 2185 1726 2248; x_wconf 90' lang='grc' dir='ltr'><strong><em>τάς</em></strong></span> <span class='ocrx_word' id='word_1_211' title='bbox 1752 2207 1802 2239; x_wconf 90' lang='grc' dir='ltr'><strong><em>τε</em></strong></span> <span class='ocrx_word' id='word_1_212' title='bbox 1832 2186 2016 2254; x_wconf 90' lang='grc' dir='ltr'><strong><em>μύλας,</em></strong></span> <span class='ocrx_word' id='word_1_213' title='bbox 2054 2189 2137 2240; x_wconf 85' lang='grc' dir='ltr'><strong><em>καὶ</em></strong></span> <span class='ocrx_word' id='word_1_214' title='bbox 2164 2209 2225 2241; x_wconf 85' lang='grc' dir='ltr'><strong><em>τα</em></strong></span> <span class='ocrx_word' id='word_1_215' title='bbox 2208 2180 2395 2254; x_wconf 49' lang='grc' dir='ltr'><strong><em>ΕΜ</em></strong></span> 
     </span>
     <span class='ocr_line' id='line_1_24' title="bbox 455 2268 2392 2347; baseline -0.001 -19"><span class='ocrx_word' id='word_1_216' title='bbox 455 2273 548 2329; x_wconf 90' lang='grc' dir='ltr'><strong><em>όσα</em></strong></span> <span class='ocrx_word' id='word_1_217' title='bbox 590 2277 802 2344; x_wconf 88' lang='grc' dir='ltr'><strong><em>περίεστι</em></strong></span> <span class='ocrx_word' id='word_1_218' title='bbox 841 2277 909 2345; x_wconf 81' lang='grc' dir='ltr'><strong><em>τῷ</em></strong></span> <span class='ocrx_word' id='word_1_219' title='bbox 938 2271 1059 2342; x_wconf 79' lang='grc' dir='ltr'><strong><em>ζώω.</em></strong></span> <span class='ocrx_word' id='word_1_220' title='bbox 1130 2270 1212 2325; x_wconf 88' lang='grc' dir='ltr'><strong><em>Ἐν</em></strong></span> <span class='ocrx_word' id='word_1_221' title='bbox 1247 2275 1316 2345; x_wconf 80' lang='grc' dir='ltr'><strong><em>τῷ</em></strong></span> <span class='ocrx_word' id='word_1_222' title='bbox 1358 2293 1449 2325; x_wconf 90' lang='grc' dir='ltr'><strong><em>ουν</em></strong></span> <span class='ocrx_word' id='word_1_223' title='bbox 1492 2268 1614 2325; x_wconf 83' lang='grc' dir='ltr'><strong><em>εἶναι</em></strong></span> <span class='ocrx_word' id='word_1_224' title='bbox 1650 2270 1804 2325; x_wconf 78' lang='grc' dir='ltr'><strong><em>αὐτὸν</em></strong></span> <span class='ocrx_word' id='word_1_225' title='bbox 1842 2274 1893 2326; x_wconf 81' lang='grc' dir='ltr'><strong><em>έν</em></strong></span> <span class='ocrx_word' id='word_1_226' title='bbox 1922 2279 1986 2347; x_wconf 83' lang='grc' dir='ltr'><strong><em>τῇ</em></strong></span> <span class='ocrx_word' id='word_1_227' title='bbox 2013 2276 2172 2346; x_wconf 91' lang='grc' dir='ltr'><strong><em>κοιλία</em></strong></span> <span class='ocrx_word' id='word_1_228' title='bbox 2210 2275 2260 2327; x_wconf 81' lang='grc' dir='ltr'><strong><em>έν</em></strong></span> <span class='ocrx_word' id='word_1_229' title='bbox 2284 2278 2392 2336; x_wconf 80' lang='grc' dir='ltr'><strong><em>ταῖς</em></strong></span> 
     </span>
     <span class='ocr_line' id='line_1_25' title="bbox 454 2355 2386 2430; baseline -0.001 -16"><span class='ocrx_word' id='word_1_230' title='bbox 454 2358 761 2430; x_wconf 87' lang='grc' dir='ltr'><strong><em>σκιρτήσεσι,</em></strong></span> <span class='ocrx_word' id='word_1_231' title='bbox 799 2357 1020 2426; x_wconf 82' lang='grc' dir='ltr'><strong><em>κινήσεσί</em></strong></span> <span class='ocrx_word' id='word_1_232' title='bbox 1047 2379 1097 2410; x_wconf 89' lang='grc' dir='ltr'><strong><em>τε</em></strong></span> <span class='ocrx_word' id='word_1_233' title='bbox 1121 2360 1207 2410; x_wconf 85' lang='grc' dir='ltr'><strong><em>καὶ</em></strong></span> <span class='ocrx_word' id='word_1_234' title='bbox 1230 2364 1334 2419; x_wconf 88' lang='grc' dir='ltr'><strong><em>τοῖς</em></strong></span> <span class='ocrx_word' id='word_1_235' title='bbox 1358 2355 1519 2419; x_wconf 69' lang='grc' dir='ltr'><strong><em>ἄλλοις</em></strong></span> <span class='ocrx_word' id='word_1_236' title='bbox 1548 2356 1751 2428; x_wconf 89' lang='grc' dir='ltr'><strong><em>τρόποις</em></strong></span> <span class='ocrx_word' id='word_1_237' title='bbox 1779 2356 1861 2412; x_wconf 76' lang='grc' dir='ltr'><strong><em>διά</em></strong></span> <span class='ocrx_word' id='word_1_238' title='bbox 1897 2364 1996 2411; x_wconf 92' lang='grc' dir='ltr'><strong><em>τῶν</em></strong></span> <span class='ocrx_word' id='word_1_239' title='bbox 2024 2357 2217 2427; x_wconf 79' lang='grc' dir='ltr'><strong><em>ὀνύχων</em></strong></span> <span class='ocrx_word' id='word_1_240' title='bbox 2241 2381 2386 2412; x_wconf 87' lang='grc' dir='ltr'><strong><em>κατα-</em></strong></span> 
     </span>
     <span class='ocr_line' id='line_1_26' title="bbox 455 2436 2390 2517; baseline 0 -19"><span class='ocrx_word' id='word_1_241' title='bbox 455 2452 615 2511; x_wconf 81' lang='grc' dir='ltr'><strong><em>σπᾶν,</em></strong></span> <span class='ocrx_word' id='word_1_242' title='bbox 667 2446 790 2508; x_wconf 80' lang='grc' dir='ltr'><strong><em>ξέειν</em></strong></span> <span class='ocrx_word' id='word_1_243' title='bbox 816 2465 866 2497; x_wconf 90' lang='grc' dir='ltr'><strong><em>τε</em></strong></span> <span class='ocrx_word' id='word_1_244' title='bbox 892 2443 980 2505; x_wconf 76' lang='grc' dir='ltr'><strong><em>τοὶς</em></strong></span> <span class='ocrx_word' id='word_1_245' title='bbox 1007 2442 1332 2513; x_wconf 72' lang='grc' dir='ltr'><strong><em>ε’γκυμονικιὶς</em></strong></span> <span class='ocrx_word' id='word_1_246' title='bbox 1362 2442 1553 2514; x_wconf 82' lang='grc' dir='ltr'><strong><em>μήτρας</em></strong></span> <span class='ocrx_word' id='word_1_247' title='bbox 1584 2464 1633 2496; x_wconf 89' lang='grc' dir='ltr'><strong><em>τε</em></strong></span> <span class='ocrx_word' id='word_1_248' title='bbox 1666 2446 1750 2496; x_wconf 84' lang='grc' dir='ltr'><strong><em>καὶ</em></strong></span> <span class='ocrx_word' id='word_1_249' title='bbox 1788 2441 2009 2514; x_wconf 82' lang='grc' dir='ltr'><strong><em>ύστέρας.</em></strong></span> <span class='ocrx_word' id='word_1_250' title='bbox 2080 2441 2163 2497; x_wconf 88' lang='grc' dir='ltr'><strong><em>Ἐν</em></strong></span> <span class='ocrx_word' id='word_1_251' title='bbox 2191 2449 2262 2517; x_wconf 77' lang='grc' dir='ltr'><strong><em>τῶ</em></strong></span> <span class='ocrx_word' id='word_1_252' title='bbox 2299 2436 2390 2498; x_wconf 77' lang='grc' dir='ltr'><strong><em>οὖν</em></strong></span> 
     </span>
     <span class='ocr_line' id='line_1_27' title="bbox 456 2526 2391 2600; baseline -0.001 -15"><span class='ocrx_word' id='word_1_253' title='bbox 456 2533 536 2585; x_wconf 78' lang='grc' dir='ltr'><strong><em>ἐπὶ</em></strong></span> <span class='ocrx_word' id='word_1_254' title='bbox 584 2529 674 2584; x_wconf 79' lang='grc' dir='ltr'><strong><em>3τὸ</em></strong></span> <span class='ocrx_word' id='word_1_255' title='bbox 718 2533 895 2583; x_wconf 86' lang='grc' dir='ltr'><strong><em>τίκτειν</em></strong></span> <span class='ocrx_word' id='word_1_256' title='bbox 936 2527 1025 2597; x_wconf 77' lang='grc' dir='ltr'><strong><em>τὴν</em></strong></span> <span class='ocrx_word' id='word_1_257' title='bbox 1063 2530 1248 2599; x_wconf 90' lang='grc' dir='ltr'><strong><em>μητέρα</em></strong></span> <span class='ocrx_word' id='word_1_258' title='bbox 1278 2527 1443 2597; x_wconf 78' lang='grc' dir='ltr'><strong><em>ἥκειν,</em></strong></span> <span class='ocrx_word' id='word_1_259' title='bbox 1499 2526 1604 2581; x_wconf 87' lang='grc' dir='ltr'><strong><em>κατ’</em></strong></span> <span class='ocrx_word' id='word_1_260' title='bbox 1637 2531 1828 2598; x_wconf 79' lang='grc' dir='ltr'><strong><em>ἐκείνην</em></strong></span> <span class='ocrx_word' id='word_1_261' title='bbox 1865 2528 1955 2598; x_wconf 82' lang='grc' dir='ltr'><strong><em>τὴν</em></strong></span> <span class='ocrx_word' id='word_1_262' title='bbox 1993 2527 2180 2600; x_wconf 77' lang='grc' dir='ltr'><strong><em>ἡμέραν</em></strong></span> <span class='ocrx_word' id='word_1_263' title='bbox 2207 2528 2391 2592; x_wconf 76' lang='grc' dir='ltr'><strong><em>παντὸς</em></strong></span> 
     </span>
     <span class='ocr_line' id='line_1_28' title="bbox 455 2613 2391 2686; baseline 0 -18"><span class='ocrx_word' id='word_1_264' title='bbox 455 2616 699 2686; x_wconf 76' lang='grc' dir='ltr'><strong><em>ἀργαλέου</em></strong></span> <span class='ocrx_word' id='word_1_265' title='bbox 730 2621 1040 2684; x_wconf 83' lang='grc' dir='ltr'><strong><em>κυοφορικῆς</em></strong></span> <span class='ocrx_word' id='word_1_266' title='bbox 1069 2613 1267 2681; x_wconf 87' lang='grc' dir='ltr'><strong><em>φύσεως</em></strong></span> <span class='ocrx_word' id='word_1_267' title='bbox 1298 2614 1554 2685; x_wconf 77' lang='grc' dir='ltr'><strong><em>ἀλλοτρίαν</em></strong></span> <span class='ocrx_word' id='word_1_268' title='bbox 1582 2613 1672 2683; x_wconf 78' lang='grc' dir='ltr'><strong><em>τῆν</em></strong></span> <span class='ocrx_word' id='word_1_269' title='bbox 1701 2616 1907 2686; x_wconf 88' lang='grc' dir='ltr'><strong><em>γαστέρα</em></strong></span> <span class='ocrx_word' id='word_1_270' title='bbox 1926 2619 2165 2686; x_wconf 87' lang='grc' dir='ltr'><strong><em>γίνεσθαι.</em></strong></span> <span class='ocrx_word' id='word_1_271' title='bbox 2242 2613 2391 2668; x_wconf 75' lang='grc' dir='ltr'><strong><em>Μετὰ</em></strong></span> 
     </span>
     <span class='ocr_line' id='line_1_29' title="bbox 454 2698 2391 2772; baseline -0.001 -19"><span class='ocrx_word' id='word_1_272' title='bbox 454 2701 548 2772; x_wconf 72' lang='grc' dir='ltr'><strong><em>γάρ</em></strong></span> <span class='ocrx_word' id='word_1_273' title='bbox 586 2707 676 2754; x_wconf 82' lang='grc' dir='ltr'><strong><em>τοῦ</em></strong></span> <span class='ocrx_word' id='word_1_274' title='bbox 723 2707 924 2754; x_wconf 86' lang='grc' dir='ltr'><strong><em>τοκετοῦ</em></strong></span> <span class='ocrx_word' id='word_1_275' title='bbox 961 2703 1046 2754; x_wconf 83' lang='grc' dir='ltr'><strong><em>καὶ</em></strong></span> <span class='ocrx_word' id='word_1_276' title='bbox 1083 2698 1171 2762; x_wconf 73' lang='grc' dir='ltr'><strong><em>τοὶς</em></strong></span> <span class='ocrx_word' id='word_1_277' title='bbox 1202 2698 1410 2771; x_wconf 71' lang='grc' dir='ltr'><strong><em>ὑστέρας</em></strong></span> <span class='ocrx_word' id='word_1_278' title='bbox 1450 2702 1534 2753; x_wconf 88' lang='grc' dir='ltr'><strong><em>καὶ</em></strong></span> <span class='ocrx_word' id='word_1_279' title='bbox 1575 2698 1663 2762; x_wconf 79' lang='grc' dir='ltr'><strong><em>τάς</em></strong></span> <span class='ocrx_word' id='word_1_280' title='bbox 1700 2701 1888 2770; x_wconf 82' lang='grc' dir='ltr'><strong><em>μήτρας</em></strong></span> <span class='ocrx_word' id='word_1_281' title='bbox 1929 2703 2243 2770; x_wconf 79' lang='grc' dir='ltr'><strong><em>ἐκκρίνεσθαι</em></strong></span> <span class='ocrx_word' id='word_1_282' title='bbox 2289 2699 2391 2768; x_wconf 66' lang='grc' dir='ltr'><strong><em>ἅμα</em></strong></span> 
     </span>
     <span class='ocr_line' id='line_1_30' title="bbox 456 2784 2391 2857; baseline -0.002 -16"><span class='ocrx_word' id='word_1_283' title='bbox 456 2789 611 2854; x_wconf 77' lang='grc' dir='ltr'><strong><em>φασὶν</em></strong></span> <span class='ocrx_word' id='word_1_284' title='bbox 639 2789 690 2840; x_wconf 81' lang='grc' dir='ltr'><strong><em>οἷ</em></strong></span> <span class='ocrx_word' id='word_1_285' title='bbox 718 2785 1033 2857; x_wconf 82' lang='grc' dir='ltr'><strong><em>φυσιολόγοι,</em></strong></span> <span class='ocrx_word' id='word_1_286' title='bbox 1072 2785 1204 2849; x_wconf 77' lang='grc' dir='ltr'><strong><em>’ῶςτε</em></strong></span> <span class='ocrx_word' id='word_1_287' title='bbox 1243 2787 1414 2854; x_wconf 84' lang='grc' dir='ltr'><strong><em>μηκέτι</em></strong></span> <span class='ocrx_word' id='word_1_288' title='bbox 1451 2784 1540 2854; x_wconf 79' lang='grc' dir='ltr'><strong><em>τήν</em></strong></span> <span class='ocrx_word' id='word_1_289' title='bbox 1575 2784 1784 2854; x_wconf 84' lang='grc' dir='ltr'><strong><em>θήλειαν</em></strong></span> <span class='ocrx_word' id='word_1_290' title='bbox 1814 2784 2101 2857; x_wconf 76' lang='grc' dir='ltr'><strong><em>ὀρέγεσθαι,</em></strong></span> <span class='ocrx_word' id='word_1_291' title='bbox 2153 2788 2198 2838; x_wconf 81' lang='grc' dir='ltr'><strong><em>εἶ</em></strong></span> <span class='ocrx_word' id='word_1_292' title='bbox 2222 2784 2291 2854; x_wconf 86' lang='grc' dir='ltr'><strong><em>μή</em></strong></span> <span class='ocrx_word' id='word_1_293' title='bbox 2318 2808 2391 2849; x_wconf 90' lang='grc' dir='ltr'><strong><em>τις</em></strong></span> 
     </span>
     <span class='ocr_line' id='line_1_31' title="bbox 454 2869 2388 2945; baseline -0.001 -18"><span class='ocrx_word' id='word_1_294' title='bbox 454 2871 554 2944; x_wconf 66' lang='grc' dir='ltr'><strong><em>ἄρα</em></strong></span> <span class='ocrx_word' id='word_1_295' title='bbox 585 2876 671 2941; x_wconf 86' lang='grc' dir='ltr'><strong><em>βία</em></strong></span> <span class='ocrx_word' id='word_1_296' title='bbox 699 2873 913 2942; x_wconf 88' lang='grc' dir='ltr'><strong><em>γένοιτο,</em></strong></span> <span class='ocrx_word' id='word_1_297' title='bbox 954 2872 1073 2941; x_wconf 85' lang='grc' dir='ltr'><strong><em>μήτε</em></strong></span> <span class='ocrx_word' id='word_1_298' title='bbox 1098 2873 1213 2941; x_wconf 83' lang='grc' dir='ltr'><strong><em>μὲν,</em></strong></span> <span class='ocrx_word' id='word_1_299' title='bbox 1253 2874 1297 2924; x_wconf 85' lang='grc' dir='ltr'><strong><em>εἰ</em></strong></span> <span class='ocrx_word' id='word_1_300' title='bbox 1320 2873 1405 2925; x_wconf 90' lang='grc' dir='ltr'><strong><em>καὶ</em></strong></span> <span class='ocrx_word' id='word_1_301' title='bbox 1433 2869 1570 2940; x_wconf 90' lang='grc' dir='ltr'><strong><em>τύχοι</em></strong></span> <span class='ocrx_word' id='word_1_302' title='bbox 1598 2875 1840 2945; x_wconf 75' lang='grc' dir='ltr'><strong><em>συναφείᾳ</em></strong></span> <span class='ocrx_word' id='word_1_303' title='bbox 1865 2874 1960 2925; x_wconf 89' lang='grc' dir='ltr'><strong><em>τινὶ</em></strong></span> <span class='ocrx_word' id='word_1_304' title='bbox 1987 2871 2388 2941; x_wconf 83' lang='grc' dir='ltr'><strong><em>ἀναγκασθῆναι,</em></strong></span> 
     </span>
     <span class='ocr_line' id='line_1_32' title="bbox 455 2950 2388 3028; baseline -0.002 -15"><span class='ocrx_word' id='word_1_305' title='bbox 455 2962 524 3013; x_wconf 73' lang='grc' dir='ltr'><strong><em>ἔτι</em></strong></span> <span class='ocrx_word' id='word_1_306' title='bbox 568 2958 818 3011; x_wconf 87' lang='grc' dir='ltr'><strong><em>δύνασθαι</em></strong></span> <span class='ocrx_word' id='word_1_307' title='bbox 861 2961 1105 3023; x_wconf 82' lang='grc' dir='ltr'><strong><em>κυΐσκειν,</em></strong></span> <span class='ocrx_word' id='word_1_308' title='bbox 1163 2956 1229 3026; x_wconf 75' lang='grc' dir='ltr'><strong><em>μὴ</em></strong></span> <span class='ocrx_word' id='word_1_309' title='bbox 1275 2957 1439 3011; x_wconf 81' lang='grc' dir='ltr'><strong><em>οὐσῶν</em></strong></span> <span class='ocrx_word' id='word_1_310' title='bbox 1487 2963 1583 3010; x_wconf 91' lang='grc' dir='ltr'><strong><em>τῶν</em></strong></span> <span class='ocrx_word' id='word_1_311' title='bbox 1625 2963 1851 3028; x_wconf 83' lang='grc' dir='ltr'><strong><em>μητρῶν,</em></strong></span> <span class='ocrx_word' id='word_1_312' title='bbox 1906 2955 1988 3010; x_wconf 78' lang='grc' dir='ltr'><strong><em>εἴτ’</em></strong></span> <span class='ocrx_word' id='word_1_313' title='bbox 2028 2950 2120 3010; x_wconf 75' lang='grc' dir='ltr'><strong><em>οὗν</em></strong></span> <span class='ocrx_word' id='word_1_314' title='bbox 2159 2953 2388 3027; x_wconf 85' lang='grc' dir='ltr'><strong><em>ύστερῶν.</em></strong></span> 
     </span>
    </p>
   </div>
   <div class='ocr_carea' id='block_1_8' title="bbox 446 3039 2390 3114">
    <p class='ocr_par' dir='ltr' id='par_1_8' title="bbox 446 3039 2390 3114">
     <span class='ocr_line' id='line_1_33' title="bbox 446 3039 2390 3114; baseline -0.001 -18"><span class='ocrx_word' id='word_1_315' title='bbox 446 3039 573 3114; x_wconf 66' lang='grc' dir='ltr'><strong><em>Ἆρα</em></strong></span> <span class='ocrx_word' id='word_1_316' title='bbox 609 3050 732 3114; x_wconf 86' lang='grc' dir='ltr'><strong><em>γοῦν</em></strong></span> <span class='ocrx_word' id='word_1_317' title='bbox 774 3044 987 3097; x_wconf 80' lang='grc' dir='ltr'><strong><em>δέδωκεν</em></strong></span> <span class='ocrx_word' id='word_1_318' title='bbox 1026 3041 1145 3112; x_wconf 78' lang='grc' dir='ltr'><strong><em>ἡμῖν</em></strong></span> <span class='ocrx_word' id='word_1_319' title='bbox 1181 3045 1265 3099; x_wconf 88' lang='grc' dir='ltr'><strong><em>καὶ</em></strong></span> <span class='ocrx_word' id='word_1_320' title='bbox 1305 3042 1430 3111; x_wconf 69' lang='grc' dir='ltr'><strong><em>αὕτη</em></strong></span> <span class='ocrx_word' id='word_1_321' title='bbox 1469 3040 1809 3111; x_wconf 79' lang='grc' dir='ltr'><strong><em>ἦάκολουθία</em></strong></span> <span class='ocrx_word' id='word_1_322' title='bbox 1849 3045 2154 3112; x_wconf 90' lang='grc' dir='ltr'><strong><em>πορίσασθαι</em></strong></span> <span class='ocrx_word' id='word_1_323' title='bbox 2193 3043 2262 3104; x_wconf 86' lang='grc' dir='ltr'><strong><em>εἰς</em></strong></span> <span class='ocrx_word' id='word_1_324' title='bbox 2299 3040 2390 3110; x_wconf 79' lang='grc' dir='ltr'><strong><em>τῆν</em></strong></span> 
     </span>
    </p>
   </div>
   <div class='ocr_carea' id='block_1_9' title="bbox 456 3125 2391 3544">
    <p class='ocr_par' dir='ltr' id='par_1_9' title="bbox 456 3125 2391 3544">
     <span class='ocr_line' id='line_1_34' title="bbox 460 3125 2391 3199; baseline -0.002 -16"><span class='ocrx_word' id='word_1_325' title='bbox 460 3131 848 3197; x_wconf 74' lang='grc' dir='ltr'><strong><em>ἐπιζητουμένην</em></strong></span> <span class='ocrx_word' id='word_1_326' title='bbox 901 3132 1236 3199; x_wconf 89' lang='grc' dir='ltr'><strong><em>πραγματείαν</em></strong></span> <span class='ocrx_word' id='word_1_327' title='bbox 1277 3127 1476 3182; x_wconf 72' lang='grc' dir='ltr'><strong><em>ἔννοιάν</em></strong></span> <span class='ocrx_word' id='word_1_328' title='bbox 1514 3151 1623 3182; x_wconf 89' lang='grc' dir='ltr'><strong><em>τινα</em></strong></span> <span class='ocrx_word' id='word_1_329' title='bbox 1662 3129 1865 3196; x_wconf 85' lang='grc' dir='ltr'><strong><em>σχέσεως</em></strong></span> <span class='ocrx_word' id='word_1_330' title='bbox 1907 3128 1987 3180; x_wconf 77' lang='grc' dir='ltr'><strong><em>ἐπὶ</em></strong></span> <span class='ocrx_word' id='word_1_331' title='bbox 2033 3125 2088 3179; x_wconf 77' lang='grc' dir='ltr'><strong><em>τό</em></strong></span> <span class='ocrx_word' id='word_1_332' title='bbox 2135 3128 2391 3196; x_wconf 85' lang='grc' dir='ltr'><strong><em>συμφέρον</em></strong></span> 
     </span>
     <span class='ocr_line' id='line_1_35' title="bbox 458 3210 2388 3284; baseline -0.002 -16"><span class='ocrx_word' id='word_1_333' title='bbox 458 3221 638 3283; x_wconf 80' lang='grc' dir='ltr'><strong><em>μᾶλλον</em></strong></span> <span class='ocrx_word' id='word_1_334' title='bbox 661 3213 695 3283; x_wconf 77' lang='grc' dir='ltr'><em>ἢ</em></span> <span class='ocrx_word' id='word_1_335' title='bbox 722 3217 803 3268; x_wconf 80' lang='grc' dir='ltr'><strong><em>ἐπὶ</em></strong></span> <span class='ocrx_word' id='word_1_336' title='bbox 833 3213 888 3268; x_wconf 85' lang='grc' dir='ltr'>τὸ</span> <span class='ocrx_word' id='word_1_337' title='bbox 918 3215 1149 3283; x_wconf 84' lang='grc' dir='ltr'><strong><em>βλάπτον.</em></strong></span> <span class='ocrx_word' id='word_1_338' title='bbox 1226 3216 1298 3265; x_wconf 85' lang='grc' dir='ltr'><strong><em>Εἰ</em></strong></span> <span class='ocrx_word' id='word_1_339' title='bbox 1330 3212 1450 3284; x_wconf 76' lang='grc' dir='ltr'><strong><em>γάρ,</em></strong></span> <span class='ocrx_word' id='word_1_340' title='bbox 1508 3213 1784 3281; x_wconf 78' lang='grc' dir='ltr'><strong><em>4Σκύμνος</em></strong></span> <span class='ocrx_word' id='word_1_341' title='bbox 1817 3213 2012 3273; x_wconf 90' lang='grc' dir='ltr'><strong><em>λέοντος</em></strong></span> <span class='ocrx_word' id='word_1_342' title='bbox 2043 3210 2263 3275; x_wconf 87' lang='grc' dir='ltr'><strong><em>Ἰούδας,</em></strong></span> <span class='ocrx_word' id='word_1_343' title='bbox 2315 3214 2388 3266; x_wconf 82' lang='grc' dir='ltr'><strong><em>αἰ-</em></strong></span> 
     </span>
     <span class='ocr_line' id='line_1_36' title="bbox 456 3296 2391 3371; baseline -0.002 -17"><span class='ocrx_word' id='word_1_344' title='bbox 456 3305 664 3354; x_wconf 90' lang='grc' dir='ltr'><strong><em>νίττεται</em></strong></span> <span class='ocrx_word' id='word_1_345' title='bbox 697 3299 881 3368; x_wconf 74' lang='grc' dir='ltr'><strong><em>Ἰακώβ</em></strong></span> <span class='ocrx_word' id='word_1_346' title='bbox 920 3302 1070 3371; x_wconf 91' lang='grc' dir='ltr'><strong><em>λέγων</em></strong></span> <span class='ocrx_word' id='word_1_347' title='bbox 1112 3298 1198 3353; x_wconf 78' lang='grc' dir='ltr'><strong><em>τόν</em></strong></span> <span class='ocrx_word' id='word_1_348' title='bbox 1243 3299 1482 3370; x_wconf 77' lang='grc' dir='ltr'><strong><em>Χριστόν,</em></strong></span> <span class='ocrx_word' id='word_1_349' title='bbox 1544 3301 1665 3352; x_wconf 83' lang='grc' dir='ltr'><strong><em>5καὶ</em></strong></span> <span class='ocrx_word' id='word_1_350' title='bbox 1710 3296 1826 3359; x_wconf 82' lang='grc' dir='ltr'><strong><em>τούς</em></strong></span> <span class='ocrx_word' id='word_1_351' title='bbox 1866 3299 1918 3350; x_wconf 81' lang='grc' dir='ltr'><strong><em>ἒν</em></strong></span> <span class='ocrx_word' id='word_1_352' title='bbox 1956 3302 2016 3370; x_wconf 82' lang='grc' dir='ltr'><strong><em>τῇ</em></strong></span> <span class='ocrx_word' id='word_1_353' title='bbox 2049 3297 2391 3364; x_wconf 84' lang='grc' dir='ltr'><strong><em>Ἀποκαλύψει</em></strong></span> 
     </span>
     <span class='ocr_line' id='line_1_37' title="bbox 459 3380 2390 3454; baseline -0.002 -15"><span class='ocrx_word' id='word_1_354' title='bbox 459 3385 728 3452; x_wconf 87' lang='grc' dir='ltr'><strong><em>Ἰωάννου,</em></strong></span> <span class='ocrx_word' id='word_1_355' title='bbox 765 3384 932 3450; x_wconf 78' lang='grc' dir='ltr'><strong><em>Ἰδού,</em></strong></span> <span class='ocrx_word' id='word_1_356' title='bbox 973 3388 1192 3454; x_wconf 78' lang='grc' dir='ltr'><strong><em>ἐνίκησεν</em></strong></span> <span class='ocrx_word' id='word_1_357' title='bbox 1223 3384 1251 3439; x_wconf 82' lang='grc' dir='ltr'>ὁ</span> <span class='ocrx_word' id='word_1_358' title='bbox 1278 3386 1425 3450; x_wconf 87' lang='grc' dir='ltr'><strong><em>λέων,</em></strong></span> <span class='ocrx_word' id='word_1_359' title='bbox 1465 3386 1615 3452; x_wconf 88' lang='grc' dir='ltr'><strong><em>φησὶ,</em></strong></span> <span class='ocrx_word' id='word_1_360' title='bbox 1655 3382 1684 3437; x_wconf 84' lang='grc' dir='ltr'><em>ὅ</em></span> <span class='ocrx_word' id='word_1_361' title='bbox 1712 3385 1764 3436; x_wconf 78' lang='grc' dir='ltr'><strong><em>ἐκ</em></strong></span> <span class='ocrx_word' id='word_1_362' title='bbox 1788 3388 1948 3450; x_wconf 86' lang='grc' dir='ltr'><strong><em>φυλῆς</em></strong></span> <span class='ocrx_word' id='word_1_363' title='bbox 1974 3380 2174 3448; x_wconf 89' lang='grc' dir='ltr'><strong><em>Ἰούδα,</em></strong></span> <span class='ocrx_word' id='word_1_364' title='bbox 2221 3383 2307 3436; x_wconf 85' lang='grc' dir='ltr'><strong><em>καὶ</em></strong></span> <span class='ocrx_word' id='word_1_365' title='bbox 2335 3385 2390 3436; x_wconf 77' lang='grc' dir='ltr'><strong><em>ἐκ</em></strong></span> 
     </span>
     <span class='ocr_line' id='line_1_38' title="bbox 457 3465 2390 3544; baseline -0.003 -18"><span class='ocrx_word' id='word_1_366' title='bbox 457 3474 736 3544; x_wconf 88' lang='grc' dir='ltr'><strong><em>σπέρματος</em></strong></span> <span class='ocrx_word' id='word_1_367' title='bbox 766 3473 930 3539; x_wconf 88' lang='grc' dir='ltr'><strong><em>Δαβὶδ</em></strong></span> <span class='ocrx_word' id='word_1_368' title='bbox 947 3514 959 3535; x_wconf 94' lang='grc'><strong><em>,</em></strong></span> <span class='ocrx_word' id='word_1_369' title='bbox 1012 3473 1168 3525; x_wconf 88' lang='grc' dir='ltr'><strong><em>λέοντι</em></strong></span> <span class='ocrx_word' id='word_1_370' title='bbox 1197 3469 1293 3539; x_wconf 69' lang='grc' dir='ltr'><strong><em>ἄρα</em></strong></span> <span class='ocrx_word' id='word_1_371' title='bbox 1325 3471 1718 3540; x_wconf 86' lang='grc' dir='ltr'><strong><em>παρεικασμένου</em></strong></span> <span class='ocrx_word' id='word_1_372' title='bbox 1748 3473 1839 3521; x_wconf 79' lang='grc' dir='ltr'><strong><em>τοῦ</em></strong></span> <span class='ocrx_word' id='word_1_373' title='bbox 1869 3471 2073 3538; x_wconf 89' lang='grc' dir='ltr'><strong><em>κυρίου,</em></strong></span> <span class='ocrx_word' id='word_1_374' title='bbox 2126 3465 2232 3536; x_wconf 76' lang='grc' dir='ltr'><strong><em>οὐχὶ</em></strong></span> <span class='ocrx_word' id='word_1_375' title='bbox 2264 3466 2390 3521; x_wconf 70' lang='grc' dir='ltr'><strong><em>κατὰ</em></strong></span> 
     </span>
    </p>
   </div>
   <div class='ocr_carea' id='block_1_10' title="bbox 458 3611 2389 3896">
    <p class='ocr_par' dir='ltr' id='par_1_10' title="bbox 458 3611 2389 3896">
     <span class='ocr_line' id='line_1_39' title="bbox 511 3611 2389 3670; baseline -0.002 -12"><span class='ocrx_word' id='word_1_376' title='bbox 511 3615 550 3658; x_wconf 90' lang='grc'><strong><em>6.</em></strong></span> <span class='ocrx_word' id='word_1_377' title='bbox 597 3615 747 3670; x_wconf 78' lang='grc' dir='ltr'><strong><em>ἐπᾶραι</em></strong></span> <span class='ocrx_word' id='word_1_378' title='bbox 789 3619 1060 3668; x_wconf 68' lang='lat' dir='ltr'><strong><em>corrigendum</em></strong></span> <span class='ocrx_word' id='word_1_379' title='bbox 1099 3628 1177 3657; x_wconf 83' lang='lat' dir='ltr'><strong><em>esse</em></strong></span> <span class='ocrx_word' id='word_1_380' title='bbox 1218 3618 1397 3656; x_wconf 76' lang='lat' dir='ltr'><strong><em>viderunt</em></strong></span> <span class='ocrx_word' id='word_1_381' title='bbox 1512 3614 1607 3654; x_wconf 74' lang='lat' dir='ltr'>CAP.</span> <span class='ocrx_word' id='word_1_382' title='bbox 1628 3613 1726 3653; x_wconf 86' lang='lat' dir='ltr'>XII.</span> <span class='ocrx_word' id='word_1_383' title='bbox 1761 3634 1812 3642; x_wconf 88' lang='lat'><strong>—</strong></span> <span class='ocrx_word' id='word_1_384' title='bbox 1874 3612 1912 3653; x_wconf 92' lang='lat'><strong><em>1.</em></strong></span> <span class='ocrx_word' id='word_1_385' title='bbox 1954 3614 2209 3654; x_wconf 80' lang='lat' dir='ltr'><strong><em>Scribendum</em></strong></span> <span class='ocrx_word' id='word_1_386' title='bbox 2235 3611 2389 3668; x_wconf 79' lang='grc' dir='ltr'><strong><em>γοργό-</em></strong></span> 
     </span>
     <span class='ocr_line' id='line_1_40' title="bbox 460 3670 2389 3726; baseline -0.002 -13"><span class='ocrx_word' id='word_1_387' title='bbox 460 3676 671 3714; x_wconf 84' lang='lat' dir='ltr'><strong><em>Gornarius</em></strong></span> <span class='ocrx_word' id='word_1_388' title='bbox 710 3675 878 3726; x_wconf 77' lang='lat' dir='ltr'><strong><em>(vertens</em></strong></span> <span class='ocrx_word' id='word_1_389' title='bbox 907 3681 948 3713; x_wconf 87' lang='lat' dir='ltr'><strong><em>et</em></strong></span> <span class='ocrx_word' id='word_1_390' title='bbox 979 3688 1024 3714; x_wconf 91' lang='lat' dir='ltr'><strong><em>os</em></strong></span> <span class='ocrx_word' id='word_1_391' title='bbox 1060 3672 1222 3721; x_wconf 66' lang='lat' dir='ltr'>tollere)</span> <span class='ocrx_word' id='word_1_392' title='bbox 1258 3677 1293 3712; x_wconf 82' lang='lat' dir='ltr'><strong><em>et</em></strong></span> <span class='ocrx_word' id='word_1_393' title='bbox 1321 3675 1395 3712; x_wconf 88' lang='lat' dir='ltr'><strong><em>Pe·</em></strong></span> <span class='ocrx_word' id='word_1_394' title='bbox 1452 3684 1598 3721; x_wconf 84' lang='grc' dir='ltr'><strong><em>τατον,</em></strong></span> <span class='ocrx_word' id='word_1_395' title='bbox 1624 3671 1667 3709; x_wconf 84' lang='lat' dir='ltr'><strong><em>id</em></strong></span> <span class='ocrx_word' id='word_1_396' title='bbox 1692 3670 1795 3720; x_wconf 84' lang='lat' dir='ltr'><em>quod</em></span> <span class='ocrx_word' id='word_1_397' title='bbox 1821 3681 1959 3720; x_wconf 64' lang='lat' dir='ltr'><strong><em>margo</em></strong></span> <span class='ocrx_word' id='word_1_398' title='bbox 1985 3672 2151 3721; x_wconf 77' lang='lat' dir='ltr'><strong><em>exempli</em></strong></span> <span class='ocrx_word' id='word_1_399' title='bbox 2177 3671 2389 3711; x_wconf 77' lang='lat' dir='ltr'><strong><em>Schottiani</em></strong></span> 
     </span>
     <span class='ocr_line' id='line_1_41' title="bbox 459 3725 2021 3782; baseline -0.001 -14"><span class='ocrx_word' id='word_1_400' title='bbox 459 3733 601 3769; x_wconf 74' lang='lat' dir='ltr'><strong><em>tavius.</em></strong></span> <span class='ocrx_word' id='word_1_401' title='bbox 659 3732 766 3770; x_wconf 86' lang='lat' dir='ltr'><strong><em>Libri</em></strong></span> <span class='ocrx_word' id='word_1_402' title='bbox 809 3733 925 3781; x_wconf 75' lang='lat' dir='ltr'><em>vulyo</em></span> <span class='ocrx_word' id='word_1_403' title='bbox 968 3726 1132 3782; x_wconf 73' lang='grc' dir='ltr'><strong><em>ἐπᾶραι.</em></strong></span> <span class='ocrx_word' id='word_1_404' title='bbox 1189 3732 1321 3769; x_wconf 79' lang='lat' dir='ltr'><strong><em>Etiam</em></strong></span> <span class='ocrx_word' id='word_1_405' title='bbox 1354 3731 1395 3768; x_wconf 82' lang='lat' dir='ltr'><strong><em>in</em></strong></span> <span class='ocrx_word' id='word_1_406' title='bbox 1455 3728 1574 3780; x_wconf 68' lang='lat' dir='ltr'><strong><em>(siglo</em></strong></span> <span class='ocrx_word' id='word_1_407' title='bbox 1602 3728 1652 3766; x_wconf 93' lang='lat' dir='ltr'><strong><em>M.</em></strong></span> <span class='ocrx_word' id='word_1_408' title='bbox 1685 3725 1839 3776; x_wconf 80' lang='lat' dir='ltr'><strong><em>addito)</em></strong></span> <span class='ocrx_word' id='word_1_409' title='bbox 1871 3728 2021 3766; x_wconf 82' lang='lat' dir='ltr'><em>suadet.</em></span> 
     </span>
     <span class='ocr_line' id='line_1_42' title="bbox 458 3779 2038 3837; baseline -0.001 -14"><span class='ocrx_word' id='word_1_410' title='bbox 458 3797 582 3835; x_wconf 67' lang='lat' dir='ltr'><strong><em>marg.</em></strong></span> <span class='ocrx_word' id='word_1_411' title='bbox 614 3789 778 3836; x_wconf 79' lang='lat' dir='ltr'><em>exempli</em></span> <span class='ocrx_word' id='word_1_412' title='bbox 808 3789 1023 3827; x_wconf 74' lang='lat' dir='ltr'><em>Schotliani</em></span> <span class='ocrx_word' id='word_1_413' title='bbox 1049 3789 1189 3837; x_wconf 76' lang='lat' dir='ltr'><em>leyitur</em></span> <span class='ocrx_word' id='word_1_414' title='bbox 1215 3786 1395 3825; x_wconf 84' lang='lat' dir='ltr'><em>emenda·</em></span> <span class='ocrx_word' id='word_1_415' title='bbox 1511 3785 1550 3822; x_wconf 75' lang='lat'><strong><em>2.</em></strong></span> <span class='ocrx_word' id='word_1_416' title='bbox 1582 3779 1731 3829; x_wconf 78' lang='grc' dir='ltr'><strong><em>κετοῦς</em></strong></span> <span class='ocrx_word' id='word_1_417' title='bbox 1759 3783 2038 3834; x_wconf 72' lang='lat' dir='ltr'><em>cod.Rhed1·9.</em></span> 
     </span>
     <span class='ocr_line' id='line_1_43' title="bbox 458 3837 2389 3896; baseline -0.002 -13"><span class='ocrx_word' id='word_1_418' title='bbox 458 3846 540 3883; x_wconf 75' lang='lat' dir='ltr'><strong><em>tum</em></strong></span> <span class='ocrx_word' id='word_1_419' title='bbox 571 3839 746 3896; x_wconf 78' lang='grc' dir='ltr'><strong><em>ἐπᾶραι,</em></strong></span> <span class='ocrx_word' id='word_1_420' title='bbox 777 3844 913 3883; x_wconf 79' lang='lat' dir='ltr'><strong><em>addito</em></strong></span> <span class='ocrx_word' id='word_1_421' title='bbox 939 3845 1037 3894; x_wconf 67' lang='lat' dir='ltr'><strong><em>siglo</em></strong></span> <span class='ocrx_word' id='word_1_422' title='bbox 1067 3844 1118 3882; x_wconf 92' lang='lat' dir='ltr'><strong><em>M.</em></strong></span> <span class='ocrx_word' id='word_1_423' title='bbox 1509 3837 1546 3880; x_wconf 84' lang='lat'><strong><em>3.</em></strong></span> <span class='ocrx_word' id='word_1_424' title='bbox 1593 3851 1652 3882; x_wconf 87' lang='grc' dir='ltr'><strong><em>τω</em></strong></span> <span class='ocrx_word' id='word_1_425' title='bbox 1695 3841 1776 3879; x_wconf 86' lang='lat' dir='ltr'><strong><em>cod</em></strong></span> <span class='ocrx_word' id='word_1_426' title='bbox 1808 3840 1883 3881; x_wconf 83' lang='lat' dir='ltr'><strong><em>len</em></strong></span> <span class='ocrx_word' id='word_1_427' title='bbox 1941 3839 2005 3896; x_wconf 78' lang='grc' dir='ltr'><strong><em>τῷ</em></strong></span> <span class='ocrx_word' id='word_1_428' title='bbox 2042 3841 2126 3880; x_wconf 84' lang='lat' dir='ltr'><strong><em>cod.</em></strong></span> <span class='ocrx_word' id='word_1_429' title='bbox 2160 3840 2318 3894; x_wconf 71' lang='lat' dir='ltr'><strong><em>Rhediq.</em></strong></span> <span class='ocrx_word' id='word_1_430' title='bbox 2355 3843 2389 3881; x_wconf 80' lang='lat' dir='ltr'><strong><em>et</em></strong></span> 
     </span>
    </p>
   </div>
  </div>
 </body>
</html>
