2508 4134
224 1377 336 1433 Κεφ.
371 1376 423 1420 α’.

460 241 562 291 446
1165 251 1365 294 εΑΝοΤι
1394 253 1676 302 ΕΡΙΡΗᾼΝΠ

458 352 584 398 θεοῦ
606 348 917 407 διδασκαλίας
942 367 991 398 τε
1009 348 1094 399 καὶ
1115 347 1384 415 δυνάμεως,
1413 356 1501 416 τῆς
1521 348 1589 412 οἷς
1608 348 1850 421 στύρακος
1872 350 2119 420 πνεούσης
2139 352 2382 420 εὐοδμίαν

459 433 508 484 έν
536 429 730 503 κόσμῳ,
782 429 855 484 ἐπ’
894 430 1043 504 ἀρετῇ
1069 434 1154 485 καὶ
1183 430 1338 503 άγίων
1363 438 1555 488 παίδων
1581 443 1670 504 τῆς
1694 440 1994 506 παρθενίας,
2049 434 2148 491 άπὸ
2177 440 2384 508 Μαρίας

458 514 731 585 ἀρξαμένης
760 522 847 583 τῆς
875 513 1036 586 άγίας,
1086 516 1166 569 διοὶ
1203 523 1291 571 τοῦ
1329 520 1378 582 ἐξ
1414 518 1567 589 αὐτῆς
1592 527 1702 586 φῶς
1731 527 1800 593 τῷ
1828 520 1996 594 κόσμῳ
2025 520 2380 587 άνατείλαντος,

457 602 800 670 διελέγξαντες,
851 603 937 653 καὶ
973 599 1060 654 τόν
1097 601 1254 656 κακὸν
1304 603 1380 656 [dv
1422 611 1509 672 τῆς
1556 604 1866 675 ἕρπετώδους
1906 610 2180 679 μοχθηρίας
2219 605 2383 660 αὐτῶν

456 688 794 751 ἐπιδείξαντες,
838 687 917 739 ἐπὶ
938 684 1027 748 τάς
1057 687 1223 758 ἑτέρας
1249 687 1395 741 πάλιν
1414 693 1709 757 βαδίσωμεν,
1748 693 1818 752 εἰς
1842 694 2081 744 τελείωσιν
2106 696 2193 759 τῆς
2219 690 2382 760 πάσης

456 772 509 823 έν
543 776 648 844 θεῷ
684 774 1042 841 πραγματείας..

867 1050 1101 1107 KATA
1165 1049 1963 1122 ΚΟΛΛΥΡΙΔΙΑΝΩΝ,

452 1150 557 1206 τῶν
584 1152 657 1225 τῇ
691 1149 879 1228 Μαρίᾳ.
914 1145 1334 1227 προςφερὸντων,
1382 1145 1726 1224 πεντηκοστὴ
1767 1144 1964 1225 ἐνάτη,
2008 1145 2044 1225 ἦ
2079 1150 2178 1208 καὶ
2212 1151 2379 1208 ἑπτα.-

1212 1244 1386 1323 κοστή
1431 1243 1615 1322 ἐνάτη.

593 1367 735 1437 Ἑξῆς
764 1370 816 1422 δὲ
842 1368 995 1442 ταύτῃ
1026 1371 1094 1443 εἰς
1121 1368 1294 1437 φήμην
1321 1370 1541 1437 πέφηνεν
1568 1372 1774 1439 αἵρεσις,
1812 1371 1924 1440 περὶ
1954 1363 2010 1438 ἧς
2035 1369 2132 1438 ἤδη
2163 1367 2379 1439 ὑπεμνή-

451 1474 600 1522 σαμεν
625 1455 773 1528 ὀλίγῳ
803 1458 855 1508 έν
882 1461 942 1528 τῇ
979 1461 995 1490 ¹
1017 1453 1115 1525 πρὸ
1141 1454 1346 1522 ταύτης,
1401 1453 1483 1507 διά
1511 1461 1597 1523 τῆς
1627 1457 1695 1517 εἷς
1712 1454 1954 1524 Ἀραβίαν
1979 1458 2249 1526 γραφείσης
2275 1458 2377 1510 ἐπι·

408 1531 419 1543 ᾳ
452 1547 651 1608 στολῆς,
702 1546 787 1608 τῆς
816 1541 928 1609 περὶ
957 1546 1044 1607 τῆς
1073 1543 1281 1611 Μαρίας
1307 1538 1524 1608 ἐχούσης.
1600 1542 1703 1593 Καὶ
1729 1539 1857 1608 αὐτὴ
1887 1541 1940 1594 δὲ
1966 1538 2000 1609 ἡ
2022 1543 2206 1610 αἵρεσις
2232 1538 2378 1609 πάλιν

225 2243 310 2280 pag.
332 2233 425 2269 1⁰58.

454 1628 506 1679 έν
530 1632 589 1699 τῇ
613 1625 824 1698 Ἀραβίᾳ
856 1623 955 1678 άπὸ
982 1632 1069 1693 τῆς
1100 1624 1301 1698 Θράκης
1332 1627 1413 1678 καὶ
1440 1631 1541 1678 τῶν
1570 1623 1672 1679 ἅνω
1703 1632 1865 1696 μερῶν
1900 1632 1987 1694 τῆς
2018 1630 2249 1689 Σκυθίας
2273 1624 2377 1680 άνε-

452 1715 649 1780 δείχθη,
698 1712 782 1764 καὶ
820 1713 888 1773 εἷς
927 1708 1070 1779 ἡμῶν
1103 1709 1258 1773 άκοοὶς
1287 1711 1562 1779 ἀνηνέχθη·
1613 1709 1719 1778 ἥτις
1750 1713 1849 1764 ἐστὶ
1879 1713 1962 1764 καὶ
1993 1709 2160 1780 2αὐτὴ
2189 1718 2378 1783 γελοῖος

451 1799 532 1851 καὶ
562 1795 734 1866 χλεύης
760 1799 976 1865 ἔμπλεως
1007 1794 1142 1867 παρά
1171 1804 1275 1859 τοῖς
1304 1803 1524 1858 συνετοῖς
1551 1793 1886 1866 εὖρισκομένη.
1959 1795 2236 1868 Ἀρξόμεθα
2263 1798 2378 1868 περὶ

452 1882 606 1951 αὐτῆς
635 1882 866 1951 φωράσαι
901 1884 983 1935 καὶ
1020 1881 1080 1934 τά
1117 1880 1219 1935 κατ’
1247 1880 1404 1950 αὐτὴν
1441 1880 1785 1952 διηγήσασθαι.
1858 1879 2122 1950 Εὕηθείας.
2143 1880 2238 1953 γάρ
2262 1888 2378 1951 μᾶλ-

449 1975 535 2021 λον
565 1967 883 2038 κριθήσεται,
935 1966 1059 2037 ἤπερ
1087 1969 1326 2030 συνέσεως
1353 1966 1504 2034 αὕτη,
1543 1967 1717 2029 καθώς
1745 1969 1829 2022 καὶ
1860 1966 1994 2021 ἄλλαι
2026 1966 2196 2037 ὁμοῖαι
2226 1966 2377 2042 ταύτῃ

450 2048 587 2121 ἦσαν.
658 2051 745 2116 Ὡς
782 2052 875 2123 γάρ
915 2051 1020 2107 ὅῖνω
1061 2052 1185 2107 πολὺ
1226 2052 1309 2106 διὰ
1348 2059 1435 2120 τῆς
1470 2051 1597 2122 πρὸς
1622 2057 1831 2123 Μαρίαν
1859 2052 2051 2124 ὕβρεως
2075 2056 2126 2106 οἱ
2150 2052 2379 2117 δόξαντες

450 2146 601 2193 ταῦτα
639 2137 877 2193 ὑπονοεῖν
920 2137 1160 2208 βλαβεράς
1206 2137 1445 2200 ’ὑπονοίας
1489 2142 1741 2209 σπείρουσι
1782 2145 2033 2209 λογισμοῖς
2075 2137 2376 2209 άνθρώπων,

452 2225 581 2280 οὕτω
612 2227 693 2279 καὶ
722 2219 860 2279 οὗτοι
890 2226 969 2278 ἐπὶ
998 2223 1051 2277 τὸ
1081 2226 1245 2292 ἕτερον
1269 2227 1416 2294 μέρος
1437 2227 1682 2285 κλίναντες
1708 2225 1759 2277 ἐν
1787 2222 2019 2294 άκρότητι
2045 2224 2232 2293 βλάβης
2263 2232 2377 2277 32⁶oe-

450 2310 863 2379 ταλαμβάνονται·
923 2309 1061 2372 ὅπως
1097 2308 1297 2363 κάκεῖνο
1340 2307 1394 2362 τὸ
1431 2308 1566 2379 παρά
1605 2327 1701 2361 τισι
1741 2315 1837 2362 τῶν
1870 2311 2057 2374 ἔξωθεν
2089 2308 2377 2377 φιλοσόφων

451 2394 697 2469 ᾀδόμενον
722 2397 805 2448 καὶ
840 2398 891 2449 έν
920 2394 1087 2457 αὐτοῖς
1113 2392 1490 2462 πληρωθήσεται
1518 2396 1570 2447 έν
1596 2398 1664 2467 τῷ
1693 2395 1876 2464 λέγειν,
1932 2397 1958 2432 4
1979 2393 2242 2467 ἀκρότητες
2273 2393 2373 2448 ἰσό-

449 2503 599 2549 τητες.
657 2479 765 2548 ’Ἱση
790 2479 882 2550 γάρ
912 2478 986 2534 ἐπ’
1023 2478 1322 2550 άμφοτέραις
1352 2478 1553 2542 ταύταις
1577 2487 1683 2540 ταῖς
1713 2481 1954 2548 αἱρέσεσιν
1984 2480 2017 2548 ἦ
2044 2481 2228 2549 βλάβη,
2278 2485 2376 2533 τῶν

449 2568 536 2635 μὲν
565 2564 989 2630 κατευτελιζόντων
1015 2564 1104 2633 τὴν
1143 2563 1285 2635 άγίαν
1316 2566 1598 2634 παρθένον,
1650 2571 1749 2618 τῶν
1775 2566 1826 2619 δὲ
1856 2565 2003 2620 πάλιν
2028 2564 2152 2636 ὑπὲρ
2179 2565 2234 2620 τὸ
2263 2567 2375 2619 δέον

449 2650 764 2716 δοξαζόντων.
844 2645 996 2704 Οὗτοι
1022 2649 1114 2721 γάρ
1143 2653 1195 2704 οἱ
1213 2656 1358 2704 τοῦτο
1388 2649 1698 2714 διδάσκοντες
1721 2655 1846 2713 τίνες
1868 2653 1985 2717 εἰσὶ,
2023 2649 2120 2704 ἄλλ’
2148 2649 2182 2719 ἢ
2207 2657 2374 2721 γυναῖ,

400 2768 403 2770 ·
446 2759 555 2801 κες,·
630 2742 893 2790 Γυναικῶν
917 2735 1011 2806 γάρ
1040 2735 1094 2790 τὸ
1125 2738 1264 2805 γένος
1300 2734 1585 2801 ε’ὖόλισθον,
1636 2736 1878 2807 σφαλερὸν
1912 2742 1935 2773 ⁵
1953 2737 2006 2790 δὲ
2033 2738 2113 2790 καὶ
2140 2733 2374 2789 ταπεινόν

448 2828 515 2896 τῷ
549 2820 844 2894 φρονήματι.
920 2824 1022 2875 Καὶ
1064 2820 1182 2875 αὐτὸ
1224 2820 1316 2892 γάρ
1346 2824 1510 2885 ἔδοξεν
1548 2819 1647 2875 άπὸ
1686 2828 1935 2892 γυναικῶν
1966 2819 1995 2875 ὁ
2022 2821 2251 2889 διάβολος
2277 2823 2370 2884 έξε-

450 2916 579 2976 μεῖν·
635 2906 702 2969 ὥς
731 2909 810 2960 καὶ
846 2905 949 2960 ἅνω
981 2906 1115 2977 παρά
1145 2911 1411 2981 Κυϊντίλλῃ
1438 2909 1522 2960 καὶ
1555 2911 1838 2982 Μαξιμίλλῃ
1868 2909 1950 2960 καὶ
1987 2910 2255 2980 Πρισκίλλῃ
2286 2927 2371 2959 πε-

447 2996 701 3064 ριγέλαστα
737 2992 797 3046 τά
840 2993 1142 3063 διδάγματα,
1201 2992 1331 3046 οὕτω
1373 2994 1457 3045 καὶ
1498 2995 1730 3046 ἐνταῦθα.
1829 2993 1966 3056 Τινὲς
2003 2991 2094 3062 γάρ
2144 2999 2372 3062 γυναῖκες

454 3078 730 3149 6κούρικόν
772 3101 877 3131 τινα
920 3085 1217 3146 κοσμοῦσαι,
1272 3076 1379 3146 ἤτοι
1409 3081 1589 3148 δίφρον
1619 3077 1944 3149 τετράγωνον,
1982 3074 2267 3130 άπλώσασαι
2295 3074 2370 3131 ἐπ’

448 3163 602 3218 αὐτὸν
631 3162 823 3231 ὄθόνην
852 3167 903 3217 ἓν
931 3162 1089 3237 ἡμέρα
1114 3166 1206 3217 τινὶ
1234 3169 1428 3237 φανερᾷ
1452 3170 1541 3216 τοῦ
1569 3166 1724 3229 ἔτους,
1765 3166 1816 3217 ἐν
1845 3160 2047 3231 ἡμέραις
2072 3163 2198 3214 τισὶν
2221 3159 2370 3233 &prov

448 3251 763 3318 προτιθέασι,
812 3251 896 3302 καὶ
935 3249 1268 3317 ἀναφέρουσιν
1315 3250 1383 3310 εἰς
1423 3246 1580 3316 ὄνομα
1614 3256 1699 3317 τῆς
1733 3251 1951 3317 Μαρίας.
2024 3250 2097 3299 Αἵ
2128 3254 2282 3302 πᾶσαι
2315 3249 2369 3304 δὲ

449 3333 546 3387 άπὸ
574 3341 663 3388 τοῦ
691 3332 843 3405 άρτου
870 3333 1347 3402 μεταλαμβάνουσιν,
1387 3331 1454 3395 οἷς
1482 3336 1532 3387 έν
1561 3334 1686 3408 αὐτῇ
1713 3340 1773 3407 τῇ
1797 3335 1866 3394 εἰς
1891 3331 1979 3399 την
2006 3329 2238 3401 Ἀραβίαν
2265 3335 2367 3388 ἔπι-

448 3427 592 3493 στολῇ
618 3420 887 3490 γράφοντες
930 3422 983 3473 έκ
1018 3422 1197 3489 μέρους
1220 3421 1334 3489 περὶ
1362 3422 1542 3472 τούτου
1575 3420 1897 3486 διελέχθημεν.
1922 3423 1924 3425 “
1973 3423 2087 3470 Νῦν
2115 3419 2168 3471 δὲ
2193 3424 2367 3486 σαφῶς

507 3564 602 3605 cst.
631 3566 661 3604 Ι.
692 3588 745 3595 ---
809 3566 841 3605 1.
872 3566 1007 3615 Supra
1039 3566 1143 3605 haer.
1164 3563 1231 3615 78,
1255 3563 1322 3605 23.
1437 3578 1524 3604 ram
1552 3570 1711 3616 partem
1747 3561 1992 3601 inclinantes
2018 3560 2060 3601 in
2100 3577 2259 3602 summo
2286 3561 2365 3602 de-

504 3622 540 3660 2.
573 3623 682 3661 Libri
707 3623 824 3672 vulgo
847 3615 972 3674 αὕτη,
1003 3623 1106 3672 quod
1135 3623 1271 3661 vitium
1299 3624 1379 3660 iam
1435 3620 1632 3660 trimento
1658 3617 2032 3671 deprehenduntur.
2086 3617 2364 3675 καταλαμβά-

448 3680 611 3717 correxit
640 3680 849 3718 Cornu-rius
873 3681 915 3718 in
940 3681 1111 3717 versione
1136 3679 1291 3717 Latina.
1434 3690 1569 3723 νοντες
1607 3677 1691 3715 cod.
1719 3677 1795 3715 len.
1832 3680 1867 3714 et
1901 3677 1991 3714 editi
2021 3677 2120 3716 libri.
2178 3678 2364 3718 καταλα-

507 3732 544 3773 3.
559 3732 944 3789 καταλαμβάνονται
960 3736 1098 3784 scripsi
1120 3738 1269 3774 secutus
1287 3735 1376 3772 Cor·
1436 3729 1578 3786 βόντες
1599 3733 1710 3771 codd.
1735 3732 1892 3781 Rhedigj.
1919 3736 1952 3770 et
1982 3733 2110 3772 Paris.

448 3791 627 3839 narium,
656 3792 722 3839 qni
745 3793 857 3829 vertit
883 3790 942 3830 sic
967 3789 1091 3830 etiam
1118 3789 1161 3829 hi
1188 3789 1240 3829 ad
1267 3788 1375 3828 alte-
1490 3787 1527 3829 4.
1559 3784 1790 3840 ἀκρότητες
1816 3791 2028 3829 cornarius
2051 3792 2138 3840 (qui
2165 3787 2361 3828 Extremi-
