2508 4134
754 287 1289 328 ANACEPHALAEOSIS.
1874 272 1973 322 539

80 385 340 454 plicantur,
380 384 559 453 primo,
601 385 840 445 secund0,
898 403 952 436 ac
984 386 1145 435 tertio.
1223 383 1369 434 lidem
1406 401 1549 453 porro
1581 384 1685 434 libri
1716 391 1900 453 septem
1926 381 1974 432 iu

81 478 235 520 tomos
267 469 503 520 distributi
533 478 672 532 suut,
714 487 914 536 quorum
943 469 1116 536 singuli
1148 477 1329 518 certum
1364 468 1629 519 haereseon
1658 486 1715 519 ac
1743 468 1976 518 schisma-

78 562 176 603 tum
215 569 464 603 numerum
507 553 772 604 continent.
852 552 990 619 Quae
1032 552 1171 603 simul
1211 551 1408 601 collecta
1452 549 1657 602 LXXX
1696 551 1972 602 conficiunt.

79 634 295 703 Quorum
345 637 688 704 appellationes
730 636 817 687 hae
863 644 975 686 sunt
1023 653 1079 686 ac
1126 636 1374 702 dogmata:
1431 634 1798 698 Barbarismus,
1854 626 1978 703 Scy'-

77 721 312 784 thismuS,
355 718 710 783 Hellenismus,
751 717 1047 782 IudaismuS,
1102 717 1484 770 SamaritismuS.
1561 719 1638 768 Ab
1668 720 1726 769 iis
1754 719 1977 787 deinceps

78 805 290 872 reliquae
335 815 497 855 sectae
546 805 898 873 profluxerunt.
974 801 1102 853 Nam
1143 811 1252 852 ante
1287 800 1466 853 Christi
1510 802 1765 853 salvatoris
1799 804 1978 851 adven-

78 898 175 939 tum
208 906 234 939 e
264 888 469 939 barbara
508 898 557 938 et
587 887 815 957 Scythica
848 906 903 938 ac
932 885 1122 938 Graeca
1151 887 1495 954 superstitione
1525 904 1579 935 ac
1612 887 1787 937 ceteris
1819 888 1862 936 id
1896 903 1979 953 ge—

79 990 169 1024 nus
196 973 318 1023 istae
348 972 654 1040 prodierunt:
707 970 1045 1041 Pythagorici,
1097 969 1438 1039 Peripatetici,
1492 969 1758 1034 Platonici,
1803 969 1976 1033 Stoici,

77 1066 126 1107 et
155 1054 402 1124 Epicurei.
479 1056 607 1107 Tum
638 1054 942 1107 Samaritana
968 1065 1099 1106 secta
1129 1071 1252 1122 quae
1281 1071 1344 1104 ex
1374 1052 1562 1104 Iudaica
1588 1055 1850 1122 pullulavit.
1907 1052 1978 1103 Ea

78 1158 221 1210 porro
266 1149 363 1191 tres
405 1141 451 1190 in
495 1141 728 1191 sactiones
771 1140 915 1203 abiit,
970 1138 1358 1201 Gorthenorum,
1415 1136 1777 1201 Sebuaeorum,
1836 1137 1980 1189 Dosi-

50 1225 327 1287 .theorum·‚
380 1234 428 1275 et
471 1223 790 1275 Essenorum.
887 1222 1119 1292 Sequitur
1163 1221 1457 1286 Iudaismus,
1512 1223 1589 1290 qui
1643 1224 1880 1291 propriam
1921 1222 1979 1272 ab

78 1309 325 1360 Abraamo
353 1310 548 1376 figuram
580 1326 634 1359 ac
667 1317 824 1359 notam
855 1309 1057 1377 aceepit.
1137 1305 1325 1358 Deinde
1355 1325 1440 1375 per
1466 1305 1658 1375 Moysis
1699 1307 1853 1374 legem
1886 1307 1981 1356 eol-

78 1394 251 1444 latatus
280 1393 338 1443 ab
373 1391 487 1444 luda
517 1391 679 1444 lacobi
706 1393 831 1456 filio,
889 1394 967 1461 qui
1002 1390 1152 1443 Israe‘l
1180 1391 1441 1460 appellatus
1470 1400 1569 1454 est,
1626 1409 1713 1460 per
1744 1389 1979 1442 Davidem

79 1478 235 1547 populi
272 1477 410 1527 istius
452 1494 515 1528 ex
544 1477 711 1528 eadem
745 1477 824 1528 illa
860 1477 985 1527 tribu
1027 1493 1190 1544 regem
1223 1474 1444 1526 ludaismi
1489 1475 1854 1544 appellationem
1898 1475 1982 1526 ob-

82 1562 239 1613 tinuit.
317 1562 394 1612 Ab
428 1562 518 1612 hoc
561 1571 744 1630 septem
779 1561 867 1611 hae
899 1562 1177 1629 prodierunt
1210 1561 1467 1623 haereseS,
1510 1560 1801 1624 scribarum,
1855 1557 1983 1610 Pha-

78 1647 368 1710 risaeorum,
409 1643 823 1709 Sadducaeorum,
864 1644 1412 1714 Hemerobaptistarum,
1455 1641 1774 1707 Ossaeorum,
1822 1642 1984 1695 Nasa-

80 1747 335 1794 raeorum,
378 1729 786 1781 Herodianorum.

222 1811 497 1874 Secundum
535 1814 620 1865 has
652 1823 810 1865 sectas
853 1814 1164 1866 successione
1190 1823 1454 1883 temporum
1483 1813 1660 1863 domini
1688 1813 1840 1864 nostri
1874 1810 1985 1863 Iesu

84 1895 263 1950 Christi
307 1898 576 1949 incarnatio
618 1899 704 1948 toti
739 1898 842 1949 orbi
886 1899 1112 1949 salutaris
1153 1898 1339 1960 illuxit,
1398 1907 1446 1948 et
1486 1916 1590 1948 cum
1626 1898 1712 1948 hac
1745 1897 1985 1964 evangelii

82 1982 297 2033 doctrina
327 1982 647 2049 coelestisque
676 1983 810 2049 regni
842 1983 1153 2051 praedicatio.
1232 1980 1327 2049 Qui
1357 1984 1544 2049 quidem
1578 1982 1746 2032 unicus
1777 1990 1851 2032 est
1881 1982 1985 2031 fons

81 2066 250 2117 salutis
280 2074 329 2115 et
355 2064 620 2117 catholicae
658 2067 1048 2135 apostolicaeque
1079 2068 1310 2119 ecelesiae
1347 2085 1462 2117 vera
1505 2067 1641 2117 fides,
1717 2067 1764 2116 A
1796 2083 1885 2133 qua
1915 2066 1988 2114 in-

80 2158 339 2218 sequentes
367 2167 535 2201 omues
561 2160 745 2214 sectae,
788 2168 909 2219 quae
937 2152 1090 2202 solum
1117 2149 1301 2203 Christi
1331 2168 1525 2213 nomen,
1569 2168 1663 2201 non
1686 2151 1822 2200 fidem
1848 2166 1987 2218 prae-

79 2235 257 2298 ferunt,
299 2243 570 2301 amputatae
599 2244 708 2286 sunt
740 2243 789 2285 et
816 2236 1029 2286 avulsae.
1108 2233 1245 2302 Quae
1275 2244 1387 2286 sunt
1415 2233 1719 2296 Simoniani,
1779 2231 1987 2284 Meuan-

79 2317 254 2382 driani,
296 2316 632 2382 Saturniliani,
674 2316 976 2383 Basilidiaui,
1016 2318 1325 2383 Nicolaitae,
1367 2318 1620 2383 Gnostici,
1662 2320 1739 2386 qui
1773 2328 1820 2369 et
1848 2317 1986 2371 Stra-

79 2402 230 2453 tiotici
258 2411 307 2452 et
333 2400 670 2466 Phibionuae,
729 2403 787 2453 ab
818 2403 924 2454 aliis
966 2421 1084 2454 vero
1120 2401 1355 2455 Coddiani
1389 2404 1715 2472 appellantur,
1775 2421 1831 2454 ac
1863 2401 1986 2453 Bor-

77 2486 297 2550 boriani‚
355 2486 481 2554 apud·
518 2487 639 2537 alios
685 2484 985 2551 Socratitae,
1039 2490 1158 2556 apud
1206 2490 1434 2556 quosdam
1472 2487 1745 2538 Zacchaei:
1802 2485 1987 2556 Carpo-

79 2572 310 2633 cratitae,
372 2568 705 2633 Cerinthiani,
766 2571 844 2636 qui
889 2580 937 2622 et
976 2570 1326 2637 Merinthiaui,
1382 2571 1665 2635 Nazoraei,
1725 2571 1984 2633 Ebionaei,

78 2653 347 2717 Valentini,
391 2653 705 2706 Secundiani.
783 2655 971 2722 Quibus
997 2657 1181 2707 aceedit
1210 2656 1487 2725 Epiphanes
1515 2666 1562 2707 et
1586 2656 1829 2720 Isidorus,
1872 2655 1988 2707 Pto-

78 2740 281 2801 lemaei,
337 2736 600 2802 Marcosii,
659 2736 961 2803 Colorbasii,
1026 2740 1432 2805 Heracleonitae,
1494 2739 1731 2810 Ophitae,
1793 2738 1983 2802 Caiani,

79 2821 330 2886 Sethiani,
386 2822 701 2886 Archontici,
758 2821 1084 2885 Cerdoniani‚
1139 2823 1447 2886 Marciones,
1502 2824 1842 2888 Luciauistae,
1885 2825 1988 2892 Ap-

79 2907 346 2975 pelleiani,
403 2905 692 2969 Severiani,
757 2906 982 2970 Tatiani,
1051 2907 1365 2972 Eneratitae,
1424 2908 1757 2978 Phrygastae,
1818 2909 1894 2975 qui
1940 2917 1987 2958 et

78 2990 408 3043 Montauistae
455 2999 503 3041 et
549 2989 959 3057 Taseodrugitae,
1026 2990 1319 3060 Pepuziani,
1386 2994 1464 3061 qui
1510 3004 1558 3044 et
1598 2993 1886 3043 Priscilliani
1932 3010 1987 3043 ac

81 3074 386 3143 Quintiliani.
465 3073 652 3141 Quibus
688 3076 978 3125 adiiciuntur
1007 3076 1341 3144 Artotyritae,
1394 3077 1985 3138 Tessarescaedecatitae,

79 3160 157 3227 qui
197 3158 446 3211 Paschatis
491 3159 756 3209 celebritati
797 3177 939 3209 unam
984 3162 1239 3227 quotannis
1278 3162 1401 3212 diem
1443 3162 1762 3230 praefiniunt,
1821 3162 1983 3228 Alogi,

80 3243 157 3312 qui
181 3244 485 3310 evangelium
508 3254 555 3293 et
573 3244 898 3311 Apocalypsin
921 3242 1113 3293 loannis
1140 3245 1380 3308 reiiciuut,
1411 3247 1682 3306 Adamiani‚
1713 3243 1985 3313 Sampsaei,

81 3326 159 3394 qui
206 3336 252 3378 et
297 3327 583 3390 Heleesaei,
636 3327 988 3390 Theodotiani,
1049 3326 1504 3391 Melchisedeciani,
1565 3327 1983 3391 Bardesianistae,

79 3409 341 3475 Noe’tiani,
383 3411 600 3475 Valesii,
642 3409 872 3473 Cathari,
924 3413 1001 3479 qui
1035 3421 1082 3461 et
1110 3411 1411 3476 Novatiaui,
1465 3413 1718 3479 Angeliei,
1778 3412 1988 3480 Aposto-

79 3495 187 3559 lici,
228 3496 303 3563 qui
336 3505 384 3546 et
409 3496 708 3564 Apotactici,
752 3494 1045 3558 Sabelliani,
1089 3493 1418 3563 Origenistae,
1463 3496 1703 3546 foeditatis
1737 3506 1983 3559 auctores,

137 3605 200 3648 11.
233 3610 480 3648 Scribendum
510 3611 670 3660 fortasse
698 3608 771 3650 καὶ
800 3608 836 3650 οἱ
870 3604 997 3650 αὐτοὶ.
1115 3605 1177 3647 14.
1208 3611 1385 3648 Fortasse
1413 3607 1723 3650 Κυϊντιλλιανοὶ.

139 3662 202 3703 12.
235 3665 355 3713 Vulyo
384 3663 615 3717 Ναζιραῖοι.
1117 3664 1182 3703 15.
1213 3666 1321 3703 Libri
1351 3668 1468 3714 vulyo
1499 3659 1624 3706 ἄλλοι.

138 3718 200 3758 13.
232 3721 404 3759 Fortasse
429 3716 781 3770 Οὖαλεντινιανοὶ,
821 3726 862 3761 ut
890 3723 1001 3761 habet
1116 3718 1176 3759 16.
1208 3722 1313 3760 Libri
1340 3723 1455 3771 vulyo
1479 3717 1763 3777 Ἐρκεσσαῖοι,
1793 3726 1854 3764 vel
1881 3719 1987 3777 Ἐρ-

89 3776 171 3815 cod.
203 3777 325 3816 Venet.
355 3778 530 3816 Panarii.
1063 3780 1236 3819 κεσαῖοι.
