2508 4134
450 236 550 290 748

503 345 619 388 annis
657 349 724 387 14.
764 350 808 385 et
849 347 917 386 17.
959 342 1028 384 fac
1065 342 1179 398 ipsos
1217 351 1263 384 ut
1297 341 1381 384 sint

503 418 543 458 in
576 429 666 464 me,
715 422 793 455 etc.
825 417 918 455 793.
951 437 1001 445 -
1061 413 1148 454 eius
1177 413 1380 454 refutatio

501 485 601 528 ibid.
631 510 686 518 —-
727 494 771 527 et
797 484 970 526 ecclesia
1003 483 1168 525 Christo
1195 484 1381 539 proxima

500 556 601 597 ibid.
646 579 698 588 --
771 570 854 612 quo
893 568 1017 596 sensu
1068 569 1171 596 unus
1221 554 1380 597 dicatur

503 627 686 669 Christus
729 641 822 668 cum
849 625 930 668 deo
959 634 1003 667 et
1033 639 1125 666 cum
1170 625 1378 682 discipulis

503 702 596 740 794.

445 771 688 812 Arianorum
726 776 968 824 argumenta
1013 768 1208 824 captiosis
1242 768 1376 824 syllo-

498 841 638 897 gismis
667 840 886 889 conclusa,
931 847 973 880 et
1001 854 1144 881 eorum
1162 828 1377 882 ‘refutatio

502 916 599 954 794.

446 984 584 1026 Ariani
610 982 879 1032 Aristotelici‚
911 995 1136 1038 eorumque
1168 980 1376 1024 cavillatio

502 1058 596 1097 795.
627 1078 680 1086 -
740 1054 826 1095 eius
857 1053 1010 1095 solutio
1040 1052 1142 1095 ibid.

446 1126 686 1170 Arianorum
721 1125 913 1180 impietas
945 1125 1085 1166 nescio
1121 1123 1219 1180 quid
1246 1123 1378 1164 simile

497 1196 619 1238 idolis
642 1197 695 1238 de
726 1196 891 1238 Christo
919 1196 1186 1237 statuentium
1215 1198 1312 1238 755.

448 1268 586 1310 Ariani
614 1268 884 1318 refelluntur,
913 1266 1226 1322 ostenditurque
1255 1265 1376 1307 Chri-

497 1347 606 1380 stum
634 1353 718 1380 non
748 1338 829 1380 dici
858 1346 1087 1380 creaturam
1114 1340 1205 1378 758.

442 1410 562 1452 Arius
588 1411 640 1452 ab
670 1409 846 1452 ecclesia
883 1409 1071 1450 deiectus
1100 1409 1142 1449 in
1170 1408 1377 1450 Palaesti-

496 1496 592 1522 nam
620 1480 790 1522 recessit
817 1483 908 1522 720.

441 1553 697 1608 Artotyritae
723 1551 826 1593 dicti
855 1567 879 1593 a
906 1565 1014 1607 pane
1045 1559 1087 1591 et
1114 1565 1247 1600 caseo,
1279 1550 1374 1606 qui-

495 1623 570 1664 bus
598 1624 640 1664 iu
668 1623 874 1679 mysteriis
904 1622 986 1663 suis
1024 1622 1248 1663 utebantur
1275 1626 1372 1663 418.

439 1694 614 1750 Aspides
653 1695 807 1749 seipsas
849 1694 1079 1743 devorant,
1137 1701 1181 1734 et
1224 1693 1374 1734 fortior

495 1779 637 1807 earum
664 1750 981 1821 Aspidogorgon
1009 1772 1180 1806 vocatur
1209 1767 1305 1805 151.

438 1837 756 1893 Aspidogorgon
788 1851 867 1878 una
892 1852 942 1877 ex
976 1836 1186 1892 aspidibus
1222 1836 1375 1877 sortior

495 1917 653 1949 ceteras
684 1908 899 1949 absumens
925 1911 991 1948 61.

438 1971 558 2036 ⁴Aspis
587 1979 639 2020 ab
670 1978 814 2033 aspide
843 1993 1047 2020 venenum
1077 1986 1222 2020 mutuo
1250 1978 1374 2020 sumit

493 2050 686 2105 proverb.
714 2053 781 2091 68.

443 2125 570 2163 Assur
597 2135 621 2162 a
645 2120 813 2162 Graecis
837 2120 949 2162 idem
973 2120 1155 2163 creditur
1180 2135 1272 2162 cum
1292 2123 1373 2162 Zo-

492 2200 656 2234 roastro
689 2196 727 2233 7.

437 2267 565 2304 Assur
593 2262 698 2304 filius
720 2262 958 2304 Nembroth
987 2278 1085 2319 quas
1117 2262 1236 2304 urbes
1267 2277 1371 2304 con-

493 2333 601 2375 didit
633 2337 670 2375 7.

437 2405 695 2460 Assyriorum
726 2404 952 2460 primordia
982 2408 1021 2446 8.

437 2476 620 2516 Asterius
643 2476 830 2531 sophista
856 2475 898 2515 in
924 2475 1214 2531 persecutione.
1233 2475 1369 2516 Maxi-

492 2546 616 2587 miani
647 2546 770 2587 fidem
800 2547 974 2588 eiuravit
1004 2549 1100 2587 815.

435 2617 682 2659 Athanasius
724 2626 887 2658 creatur
931 2617 1148 2672 episcopus
1192 2617 1368 2658 Alexan-

492 2688 632 2743 driae,
676 2688 843 2744 eiusque
878 2688 1060 2729 studium
1087 2687 1129 2728 in
1156 2688 1370 2729 ecclesiam

494 2763 586 2800 736.
620 2779 673 2792 ι·-
729 2759 859 2800 multa
900 2773 1119 2814 perpessus
1157 2759 1211 2800 ob
1247 2759 1371 2800 fidem

490 2830 592 2872 ibid.

434 2901 647 2944 Athanasii
675 2902 858 2957 episcopi
889 2901 1160 2943 Alexandriae
1195 2900 1370 2956 epistola

490 2973 544 3014 ad
575 2973 810 3028 Epictetum
850 2971 1159 3014 Corinthiorum
1202 2972 1367 3028 episco-

492 3059 590 3099 pum
621 3048 716 3085 997.

435 3115 681 3156 Athanasius
710 3115 921 3158 ordinatus
946 3116 1166 3171 episcopus
1189 3115 1370 3156 Alexan-

491 3186 606 3227 driae
638 3190 730 3228 722.

435 3257 680 3298 Athanasius
720 3258 969 3299 Meletianos
1011 3257 1065 3299 ad
1110 3257 1366 3299 communio-

492 3343 586 3369 nem
624 3337 742 3384 urget
785 3333 878 3370 722.
907 3353 964 3360 -—-
1020 3328 1130 3369 idem
1159 3337 1370 3370 accusatus

494 3403 588 3441 723.
622 3425 674 3431 -
732 3400 851 3441 huius
878 3414 998 3441 causa
1026 3399 1244 3440 concilium
1267 3399 1368 3455 Tyri

489 3471 597 3512 iussu
616 3471 876 3512 Constantini
893 3479 1187 3525 congregatum
1202 3469 1301 3510 ibid.
1315 3493 1369 3500 —

491 3542 679 3582 Ursatius
706 3552 748 3583 et
768 3541 921 3583 Valens
948 3550 1208 3582 accusatores
1238 3541 1367 3581 Atha-

492 3612 593 3652 nasii
633 3613 684 3654 ab
723 3613 900 3653 Eusebio
941 3601 1154 3653 subornati
1190 3616 1283 3654 724.
1318 3635 1367 3643 -

490 3686 697 3736 relegatur
753 3684 1024 3733 Athanasius,
1081 3691 1123 3723 et
1166 3683 1208 3723 in
1252 3682 1369 3724 Italia

494 3753 629 3792 exulat
663 3757 755 3795 725.
792 3778 841 3785 -—
902 3753 1092 3794 Arsenius
1120 3753 1233 3795 vivus
1266 3768 1368 3808 pro-

493 3820 654 3864 ducitur
680 3832 723 3864 et
747 3824 907 3878 integer
930 3823 1028 3865 ibid.

1204 244 1258 285 IN
1266 244 1385 286 DEX
1397 259 1400 262 ⁴
1414 244 1623 311 RERUM.

1442 343 1686 385 Athanasius
1726 343 1941 385 restitutus
1979 344 2080 387 ibid.
2109 370 2166 403 ῥ-
2221 347 2371 391 iterum

1494 414 1649 469 pulsus,
1678 429 1727 456 ac
1754 414 1890 456 denuo
1914 415 2126 460 restitutus
2155 433 2179 460 a
2202 419 2370 462 Ioviano

1492 484 1682 540 imperat.
1716 488 1809 526 726.
1845 509 1895 517 -
1938 500 2031 528 cum
2058 488 2208 531 Valens
2232 489 2371 547 impe·

1493 564 1609 596 rator
1636 555 1785 597 eiicere
1813 569 1897 598 non
1926 556 2055 599 audet
2082 558 2183 603 ibid.

1439 625 1748 666 Atheniensium
1784 641 1899 669 sacra
1937 635 1981 668 et
2022 628 2211 686 Dionysii
2251 632 2366 689 orgia

1494 700 1638 750 1092„

1441 767 1573 808 Attica
1602 768 1716 823 regio
1746 767 1855 810 unde
1885 768 1997 811 dicta
2028 774 2096 812 11.

1438 838 1717 880 Audianorum
1765 839 1944 882 haeresis
1993 844 2061 883 50.
2101 851 2199 898 post
2246 844 2369 888 Chri-

1492 908 1747 951 stianismum
1785 910 1930 953 ordine
1960 915 2026 953 70.
2052 916 2148 954 811.
2178 939 2232 948 --
2289 914 2369 956 ali-

1491 987 1558 1020 ter
1587 980 1735 1022 Odiani
1762 980 1863 1023 dicti
1887 982 1991 1027 ibid.
2009 1007 2062 1015 —
2104 983 2174 1025 ubi
2192 991 2238 1026 et
2259 998 2368 1042 quio-

1492 1050 1619 1092 modo
1658 1051 1812 1107 degant
1853 1053 1954 1096 ibid.
1982 1077 2039 1088 —
2097 1055 2186 1112 quis
2226 1070 2371 1098 eorum

1491 1130 1638 1163 auctor
1664 1122 1768 1166 ibid.

1436 1192 1558 1234 Audii
1597 1194 1772 1236 historia
1812 1194 1913 1236 ibid.
1958 1219 2014 1227 —-
2072 1196 2157 1239 eius
2199 1198 2371 1241 libertas

1489 1264 1532 1304 in
1558 1264 1904 1320 reprehendendo
1927 1271 2022 1309 812.
2044 1290 2096 1300 --
2154 1267 2206 1310 ab
2231 1268 2371 1312 eccle-

1489 1333 1549 1375 sia
1578 1350 1623 1375 se
1651 1337 1883 1391 segregavit
1909 1338 2011 1381 ibid.

1435 1405 1712 1448 Audianorum
1734 1408 1909 1450 schisma
1930 1408 2030 1452 ibid.

1437 1478 1646 1519 Audianus
1677 1473 1835 1521 creatus
1866 1480 2085 1537 episcopus
2115 1482 2217 1525 ibid.

1436 1549 1714 1592 Audianorum
1744 1566 1861 1593 error
1889 1552 1942 1593 de
1968 1552 2147 1609 imagine
2173 1554 2241 1596 dei
2269 1558 2366 1598 818.

1491 1645 1542 1652 -
1587 1621 1724 1663 variae
1762 1623 1980 1677 opiniones
2022 1624 2074 1665 de
2111 1635 2162 1666 eo
2201 1625 2244 1667 in
2285 1640 2368 1683 quo

1487 1691 1566 1734 sita
1594 1692 1650 1733 sit
1675 1693 1812 1748 imago
1836 1693 1904 1734 dei
1929 1695 1971 1735 in
1993 1694 2163 1736 homine
2184 1691 2282 1738 814.
2312 1721 2368 1730 —

1489 1762 1557 1804 dei
1581 1763 1718 1819 imago
1747 1765 1790 1805 in
1814 1764 1983 1806 homine
2011 1780 2095 1807 non
2122 1767 2246 1822 periit
2267 1767 2368 1810 ibid.

1487 1857 1543 1865 -
1584 1835 1677 1876 loca
1712 1836 1856 1891 quibus
1895 1836 2084 1878 nituntur
2115 1837 2291 1880 Audiani
2323 1847 2369 1881 ut

1487 1905 1668 1961 probent
1708 1906 1929 1962 imaginem
1973 1907 2040 1949 dei
2081 1922 2170 1950 esse
2195 1909 2239 1951 in
2268 1924 2368 1952 cor-

1490 1991 1591 2033 pore
1619 1977 1795 2019 hominis
1816 1982 1913 2020 816.
1934 2001 1990 2010 —
2030 1979 2129 2020 deus
2155 1981 2366 2036 quomodo

1488 2063 1512 2090 a
1545 2049 1762 2104 prophetis
1794 2050 1851 2090 sit
1878 2050 1987 2091 visus
2017 2054 2113 2092 817.

1434 2119 1712 2161 Audianorum
1741 2120 1794 2161 de
1820 2121 2015 2176 paschate
2045 2136 2161 2163 error
2187 2126 2282 2165 820.
2312 2147 2366 2157 —-

1489 2205 1631 2232 eorum
1663 2191 1770 2233 circa
1798 2192 1880 2233 hoc
1913 2192 2114 2235 calumnia
2144 2196 2241 2235 821.

1433 2261 1585 2302 Audius
1613 2275 1738 2303 senex
1777 2262 1819 2303 in
1849 2263 2060 2319 Scythiam
2100 2265 2152 2306 ab
2183 2265 2366 2322 impera·

1486 2340 1580 2373 tore
1602 2333 1806 2387 relegatus
1828 2337 1923 2375 827.
1939 2359 1994 2366 ——
2022 2334 2063 2375 in
2092 2336 2246 2378 Gothia
2269 2351 2365 2379 mo-

1485 2403 1666 2444 nasteria
1693 2404 1872 2446 instituit
1899 2405 2000 2447 ibid.

1432 2474 1710 2515 Audianorum
1749 2475 1836 2517 vita
1873 2477 2131 2520 sanctissima
2167 2477 2268 2521 ibid.
2311 2503 2365 2511 —

1485 2545 1660 2587 aliorum
1689 2548 2021 2589 communionem
2051 2537 2239 2591 devitant
2265 2549 2364 2591 ibid.

1430 2621 1562 2658 Azura
1604 2631 1705 2659 uxor
1750 2618 1895 2673 sahi,
1941 2619 2206 2676 eiusdemque
2248 2634 2367 2664 soror

1487 2692 1581 2729 287.

1874 2847 1919 2887 Β.

1430 2944 1615 3000 Babylon
1646 2945 1839 2995 condita,
1885 2954 1927 2987 et
1956 2946 2186 3002 linguarum
2214 2946 2363 2990 divisio

1483 3030 1532 3056 ac
1560 3015 1736 3057 varietas
1766 3020 1860 3058 288.

1430 3086 1689 3141 Baptizantes
1731 3088 1881 3129 iterum
1923 3088 2184 3138 haereticos,
2239 3088 2364 3131 etiam

1484 3157 1658 3199 Arianos
1689 3174 1905 3215 perperam
1935 3160 2073 3202 facere
2103 3162 2226 3202 1095.

1430 3244 1585 3284 Barbae
1614 3245 1752 3286 tonsio
1773 3245 1981 3300 prohibita
2006 3244 2362 3288 constitutionibus

1484 3315 1724 3370 apostolicis
1755 3319 1878 3357 1073.

1432 3386 1700 3427 Barbarorum
1729 3386 1866 3428 variae
1893 3395 2057 3437 sectae,
2100 3394 2144 3427 et
2167 3386 2362 3430 Indorum

1487 3461 1552 3498 ¹12.
1598 3461 1720 3498 1091.

1431 3543 1820 3584 Bardesianistarum
1885 3541 2063 3584 haeresis
2140 3545 2207 3583 36.
2264 3552 2361 3600 post

1487 3613 1837 3654 Christianismum
1864 3645 1876 3663 ,
1935 3612 2022 3653 sive
2056 3614 2123 3654 56.
2162 3618 2260 3656 476.
2304 3640 2361 3648 -

1484 3684 1573 3739 quis
1636 3684 1762 3725 fuerit
1821 3682 2086 3725 Bardesianes
2144 3684 2244 3727 ibid.
2303 3710 2359 3719 —

1483 3754 1648 3808 scripsit
1695 3763 1838 3795 contra
1884 3753 2117 3808 astrologos
2165 3755 2218 3797 de
2267 3756 2357 3798 sato

1484 3829 1579 3867 477.
1609 3848 1662 3857 —
1707 3823 1791 3864 eius
1822 3837 1981 3867 errores
2007 3823 2107 3865 ibid.
2133 3850 2186 3860 —-
2225 3841 2357 3885 nega-
