2508 4134
559 263 786 306 PANARH
815 265 920 306 Lm.
942 265 1016 307 111.
1046 266 1180 307 ΤοΜ.
1207 267 1239 307 1.
1272 266 1436 307 HAER.
1465 266 1661 309 LXXIV.
1958 258 2055 310 149

149 362 342 427 cilium,
395 361 719 413 sacerdotium
751 371 968 413 sanctum
1009 361 1205 432 spiritus
1243 366 1607 432 regenerantis,
1666 383 1720 416 ac
1750 366 1840 417 deo
1872 366 2058 418 instau-

146 447 298 498 rantis
328 446 488 498 omnia
520 445 740 514 largitor.
820 449 1014 496 Verbum
1039 451 1157 497 enim
1185 464 1295 496 caro
1327 450 1504 513 factam
1534 460 1630 511 est,
1685 460 1734 499 et
1759 452 1988 500 habitavit
2006 456 2053 501 in
2077 461 2201 496 Ioann.
2220 433 2304 506 lsss.

146 532 309 592 nobis3
361 541 408 580 et
436 533 630 580 m'dimus
665 533 868 596 gloriam
913 535 1012 581 eius
1026 569 1039 592 ,
1096 540 1311 595 tanquam
1344 535 1546 595 gloriam
1585 539 1871 599 unigenitia
1895 545 2049 601 patre.

153 612 215 667 Ut
242 616 366 666 enim
395 614 554 683 pluvia
582 622 689 666 cu'm
720 614 973 666 arboribus
1012 614 1322 677 coalescens,
1364 632 1421 665 ac
1457 615 1713 684 stirpibus,
1757 636 1930 688 corpus
1957 620 2055 670 effi-

143 698 234 763 cit,
290 708 339 750 et
370 715 752 767 unumquemque
795 699 999 750 fructum
1045 699 1101 750 ad
1133 698 1237 748 eius
1265 698 1390 749 unde
1423 707 1557 750 ortus
1592 710 1666 750 est
1693 700 2053 753 similitudinem

141 783 387 852 producit,
440 791 491 833 ut
530 792 577 833 et
606 783 656 834 in
691 783 817 834 oliva
851 783 907 833 ad
937 782 1041 833 eius
1078 791 1295 833 naturam
1337 791 1385 833 et
1421 782 1735 834 substantiam
1777 787 2051 838 adiunctum

140 867 315 936 pingue
340 867 496 918 oleum
525 867 735 931 existat,
791 866 836 917 in
867 868 966 918 vite
992 866 1269 919 suavissimi
1301 865 1350 916 iu
1379 865 1478 917 vini
1508 867 1784 934 qualitatem
1814 871 2051 922 colorem-

140 968 231 1019 que
257 960 502 1015 transeat,
556 951 605 1001 in
635 952 752 1003 ficus
783 952 956 1002 arbore
988 950 1264 1001 dulcissimo
1294 950 1412 1002 fieus
1441 968 1612 1019 sapore
1640 960 1963 1021 temperetur,
2005 964 2054 1006 et

138 1036 187 1086 in
221 1035 432 1103 quolibet
470 1036 655 1087 semine
697 1044 916 1087 naturam
954 1036 1106 1104 ipsius
1145 1036 1202 1086 ad
1236 1043 1566 1086 consentanea
1602 1036 1833 1105 cuiusque
1870 1039 2051 1091 formae

137 1119 436 1170 incrementa
469 1121 726 1188 perducat,
767 1124 832 1171 ita
869 1121 1081 1179 Verbum,
1125 1118 1326 1187 opinor,
1367 1119 1441 1169 dei
1476 1119 1522 1169 in
1553 1123 1713 1169 Maria
1742 1125 2050 1190 carofactum
2074 1136 2202 1188 Ioanrg.

136 1214 231 1264 est,
286 1212 334 1254 et
364 1202 412 1254 in
444 1204 671 1255 Abraami
702 1205 850 1273 stirpe
883 1204 1026 1255 bomo
1054 1222 1118 1254 ex
1149 1202 1371 1272 promissi
1418 1203 1507 1253 fide
1537 1213 1760 1272 repertus
1802 1215 1894 1256 est.
1970 1212 2049 1257 In·
2099 1181 2131 1223 ¹⁹
2151 1181 2205 1215 4⁰'

136 1293 339 1338 venimus
363 1292 508 1349 enim,
566 1289 747 1357 inquit,
798 1292 1045 1348 Messiam,
1101 1306 1231 1353 quem
1268 1292 1460 1353 scripsit
1487 1291 1689 1353 Moyses.
1764 1287 1896 1340 ldem
1927 1308 2047 1342 vero

134 1371 369 1441 Moyses,
422 1377 705 1434 Descendat,
758 1373 938 1441 inquit,
993 1383 1045 1422 ut
1066 1375 1228 1438 pluvia
1266 1376 1495 1438 eloquium
1524 1390 1695 1433 meum,
1755 1385 1805 1424 et
1829 1385 2043 1441 tanquam
2058 1391 2244 1436 Deut.³2‚
2268 1393 2299 1427 2.

130 1467 297 1522 guttae
321 1461 553 1507 stillantes
580 1462 627 1508 in
655 1468 826 1507 terram
842 1479 856 1507 .·
900 1458 1007 1521 vel,
1047 1460 1309 1506 Descendat
1330 1461 1458 1506 sicat
1484 1475 1563 1506 ros
1588 1461 1635 1507 in
1663 1461 1825 1508 vellus.
1903 1458 2044 1511 Lana
2076 1475 2215 1528 Ρεηιιῃ.

132 1543 294 1610 itaque
325 1559 482 1592 rorem
518 1542 766 1611 excipiens
799 1543 944 1592 fetum
988 1551 1132 1609 auget
1165 1541 1382 1592 velleriS.
1461 1540 1622 1592 Terra
1651 1543 1782 1594 velut
1810 1545 2045 1612 quendam
2100 1519 2155 1563 η’
2176 1521 2206 1553 ⁶⁸

132 1626 236 1695 spei
269 1626 498 1677 cultorem
533 1635 580 1676 et
605 1626 863 1694 agricolam
892 1626 1099 1695 pluviam
1129 1625 1379 1694 excipiens
1406 1627 1613 1677 fructum
1639 1627 1695 1677 ad
1722 1628 2045 1680 maturitatem

132 1710 376 1779 perducit,
418 1727 570 1778 eaque
603 1711 799 1779 perfusa
827 1727 891 1761 ex
919 1710 1121 1779 imperio
1150 1710 1327 1761 domini
1360 1711 1604 1762 naturales
1635 1713 1797 1779 fruges
1827 1721 2046 1781 prompte

131 1812 187 1845 ac
215 1794 421 1845 libenter
451 1795 651 1858 emittit,
709 1804 757 1845 et
783 1794 841 1845 ab
876 1795 1044 1845 eodem
1088 1812 1258 1846 rursus
1290 1795 1554 1863 accipiendi
1595 1796 1765 1847 maiori
1804 1797 2044 1848 desiderio

128 1887 340 1930 tenetur.
416 1877 499 1931 Sic
541 1888 588 1929 et
620 1876 781 1930 Maria
822 1879 960 1947 virgo
999 1896 1106 1929 cum
1142 1879 1206 1929 ita
1238 1879 1596 1948 respondisset,
1657 1884 1807 1941 Unde,
1863 1882 2037 1949 inquit,
2063 1898 2155 1934 Luc.
2174 1899 2205 1944 1,
2221 1899 2274 1935 34.

130 1982 402 2029 cognoscam
430 1967 548 2013 milii
572 1967 699 2013 istud
723 1965 983 2032 affuturam
999 1970 1023 2012 ?
1060 1963 1236 2027 audiit,
1279 1967 1487 2029 Spiritus
1516 1967 1693 2014 domini
1715 1969 1761 2014 in
1791 1976 1834 2015 te
1859 1969 2044 2015 descen-

129 2051 230 2108 det,
271 2058 320 2097 et
343 2052 492 2097 virtus
514 2051 736 2098 altissimi
760 2050 1052 2097 obumbrabit
1080 2058 1149 2108 te,
1207 2052 1396 2114 ideoque
1429 2058 1476 2097 et
1501 2052 1625 2114 quod
1655 2060 1875 2099 nascetur
1912 2069 1972 2099 eoe
2001 2060 2044 2099 te

127 2142 335 2182 sanctam
363 2136 480 2193 erit,
540 2143 589 2182 et
596 2135 739 2199 filius
769 2136 990 2182 altissimi
1016 2134 1271 2182 vocabitur.
1354 2130 1577 2184 Christus
1608 2133 1655 2184 in
1689 2136 1860 2203 angelo
1889 2135 2041 2204 loqui-

130 2225 232 2280 tur,
289 2224 338 2267 et
369 2216 418 2267 in
446 2216 519 2268 sui
556 2217 706 2286 ipsius
739 2216 1027 2268 formatione
1059 2216 1368 2286 semetipsum
1406 2217 1625 2268 dominus
1658 2220 1862 2286 effingit,
1915 2225 2045 2270 servi
2082 2235 2245 2293 philipp.

123 2303 322 2367 formam
351 2304 560 2351 mduens.
641 2298 870 2353 Ceterum
903 2299 1060 2352 Maria
1091 2301 1294 2353 verbum
1324 2302 1397 2352 dei
1427 2303 1482 2352 ad
1513 2303 1875 2370 generationem
1906 2305 2038 2355 velut
2101 2283 2120 2313 Δ
2157 2280 2188 2314 ⁷⁶

133 2393 262 2436 terra
305 2384 514 2453 pluvium
546 2385 704 2436 haurit
734 2394 781 2436 et
812 2385 1028 2437 attrahit.
1106 2384 1241 2437 Dens
1270 2403 1387 2437 vero
1427 2396 1645 2438 sanctum
1686 2405 1796 2438 sese
1837 2389 2041 2439 fructum

127 2469 175 2520 in
217 2468 408 2519 mortali
450 2477 620 2519 natura
659 2471 956 2538 capessenda
998 2471 1314 2521 demonstrat.
1392 2469 1525 2539 Ergo
1567 2472 1641 2522 hic
1679 2490 1742 2523 ex
1772 2473 1851 2523 illa
1884 2482 2042 2524 terrae

128 2555 283 2606 instar
325 2571 381 2605 ac
425 2553 620 2604 velleris
660 2554 928 2604 attrahente
972 2556 1217 2622 profectus
1265 2564 1365 2619 est,
1426 2573 1572 2606 verae
1618 2557 1895 2625 solidaeque
1939 2557 2043 2626 spei

132 2640 339 2702 fructus,
393 2645 440 2688 et
475 2654 500 2687 a
535 2638 715 2688 sanctis
752 2647 1055 2706 expectatus.
1134 2637 1548 2706 Quemadmodum
1577 2639 1859 2692 Elisabetha
1898 2642 2040 2706 dixit,

126 2727 375 2773 Benedicta
413 2731 462 2771 tu
504 2725 627 2771 inter
661 2725 901 2782 mulieres,
962 2733 1007 2772 et
1038 2725 1300 2773 benedictus
1322 2727 1512 2791 fructas
1548 2730 1722 2775 ventris
1763 2730 1846 2776 tui.
1925 2726 2033 2777 Hoc
2056 2742 2146 2776 Luc.
2166 2742 2197 2786 1,
2220 2742 2274 2776 42.

129 2816 287 2858 autem
330 2823 469 2857 omne
514 2823 577 2856 ex
609 2805 811 2856 bumana
850 2807 1121 2857 conditione
1153 2825 1208 2858 ac
1236 2817 1407 2859 natura
1445 2809 1492 2859 in
1520 2827 1630 2860 sese
1659 2811 1902 2860 transtulit
1930 2828 2040 2861 ver-

130 2891 240 2942 bum
270 2891 382 2942 illud
401 2931 414 2955 ,
456 2891 579 2958 quod
610 2907 788 2958 expers
816 2890 991 2957 alioqui
1023 2891 1261 2958 passionis
1291 2894 1471 2961 perpeti
1500 2894 1669 2945 voluit.
1745 2899 1834 2944 Hic
1860 2905 1932 2943 est
1948 2912 2036 2959 pa·
2058 2910 2287 2957 loann.6‚51.

126 2979 200 3025 nis
232 2978 312 3024 ille
343 2979 496 3035 vivus,
554 2978 723 3041 quide
756 2977 880 3023 coelo
918 2978 1176 3036 descendit,
1231 2993 1286 3026 ac
1329 2978 1473 3028 vitam
1514 2978 1760 3047 impertiit.
1838 2977 1930 3027 Hic
1962 2987 2038 3028 est

125 3076 273 3109 verae
324 3060 507 3110 fructus
556 3060 724 3121 oleae,
784 3058 1022 3109 unctionis
1068 3068 1115 3108 et
1152 3061 1511 3129 compositionis
1557 3063 1712 3113 oleum
1757 3062 1870 3113 illud
1910 3063 2031 3129 quod
2062 3079 2243 3116 Exod.3o.

126 3141 333 3213 Moyses
361 3144 522 3212 specie
552 3144 750 3211 quadam
792 3141 1111 3193 adumbravit.
1189 3141 1319 3194 ldem
1350 3164 1458 3195 vera
1495 3151 1601 3196 vitis
1637 3157 1731 3206 est,
1786 3163 1923 3213 quam
1954 3164 2032 3196 so-
2054 3121 2287 3169 ¹⁰³nn'15'2'

126 3228 200 3279 lus
233 3237 370 3296 pater
399 3227 540 3290 colit,
597 3228 674 3294 qui
715 3226 924 3277 laetitiae
966 3226 1104 3277 nobis
1145 3245 1282 3278 uvam
1328 3230 1600 3296 progenuit.
1676 3229 1771 3280 Hic
1813 3239 1887 3280 est
1913 3249 2034 3296 aqua
2093 3249 2222 3285 Ioann.

126 3314 210 3361 illa
238 3316 365 3372 viva,
424 3329 560 3377 qaam
582 3316 744 3361 sitiens
776 3315 907 3360 homo
944 3328 1044 3358 cum
1074 3312 1266 3372 biberit,
1324 3332 1414 3362 non
1441 3318 1571 3363 sitiet
1595 3317 1818 3378 amplias,
1876 3318 1959 3363 sed
1985 3319 2032 3364 in
2097 3293 2131 3335 4,
2156 3294 2206 3328 13.

125 3398 223 3444 eius
265 3405 422 3445 ventre
454 3406 698 3460 permanet
730 3398 901 3444 saliens
929 3398 976 3443 in
1006 3398 1144 3443 vitam
1179 3406 1428 3446 aeternam.
1509 3397 1585 3447 Ab
1623 3398 1711 3448 hoc
1755 3398 1866 3450 novi
1905 3399 2031 3466 agri-

183 3533 246 3574 18.
278 3530 302 3576 0³
320 3534 393 3576 τοῦ
418 3535 515 3577 θεοῦ
542 3533 662 3589 λόγος
681 3541 767 3586 post
785 3531 1048 3578 ἀποδείκνυσι
1160 3536 1226 3576 22.
1254 3533 1298 3577 ἓν
1327 3540 1464 3576 Ancor.

126 3591 304 3631 additum
331 3593 466 3641 leyitur
493 3594 534 3631 in
563 3594 699 3633 Ancor.
1161 3591 1228 3632 23.
1260 3588 1282 3634 ὁ
1310 3604 1386 3631 non
1414 3594 1523 3632 habet
1552 3596 1688 3634 Ancor.

185 3645 247 3686 19.
279 3639 411 3693 οὕτως
439 3650 575 3687 Ancor.
1162 3644 1227 3685 24.
1273 3645 1395 3698 μόνος
1435 3647 1507 3690 καὶ
1550 3645 1572 3691 0‘
1606 3649 1743 3704 πατὴρ
1788 3653 1846 3692 ed.
1882 3653 2032 3703 Petav„

181 3701 248 3741 20.
283 3698 412 3749 πόκος
435 3703 571 3742 Anco'r.
1108 3704 1239 3743 invitis
1269 3705 1375 3742 libris
1403 3716 1523 3744 manu
1553 3710 1734 3747 exaratis.

180 3755 244 3796 21.
276 3753 306 3810 τί
333 3758 414 3800 τῶν
441 3754 570 3812 οἶγίων
600 3758 821 3811 προςδοκία
849 3760 983 3799 Ancor.
1166 3757 1234 3799 25.
1265 3757 1500 3814 γεννήσασα
1520 3766 1737 3814 suspicatus
1759 3768 1812 3806 est
1835 3766 2029 3810 Petamus..
