2508 4134
528 299 751 341 PANARII
778 299 883 339 Lm.
903 298 975 338 111.
1004 298 1137 339 ΤοΜ.
1160 300 1212 340 11.
1240 298 1405 338 HAER.
1424 298 1640 337 Lxxvn.
1932 282 2032 333 355

143 398 383 451 dominum
413 404 461 448 et
490 397 649 448 deum.
722 394 834 448 Nisi
877 396 1002 447 enim
1034 396 1082 446 in
1121 414 1322 463 corpore
1351 397 1467 446 deus
1498 395 1770 455 extitisset,
1824 409 1910 443 cur
1937 400 2035 443 sta-

142 485 224 534 tim
253 490 393 549 atque
421 481 478 532 de
505 479 662 532 Maria
694 480 960 549 processit,
998 484 1273 530 Emmanuel
1293 489 1493 531 vocatus
1518 489 1611 542 est,
1651 482 1774 544 quod
1798 487 1868 527 est
1890 480 2034 526 inter-
2055 482 2267 560 Εἰῗὲι-ἆῖὶξῑ-

133 576 368 634 pretatum
393 567 641 615 Nobiscum
663 569 810 615 deus?
878 562 1059 615 Paulus
1086 581 1231 627 vero,
1287 562 1380 613 nisi
1408 564 1606 615 verbum
1638 563 1684 612 in
1715 579 1859 613 carne
1890 562 2032 625 foret,
2101 569 2132 611 1,
2155 569 2207 602 23-

143 652 200 701 ad
231 650 480 701 Romanos
513 648 728 700 scribere
765 648 856 700 ista
895 649 973 716 qui
1009 648 1190 717 potuit,
1243 651 1322 696 Ea:
1350 649 1515 712 quibus
1547 650 1759 696 Christus
1782 657 1851 696 est
1875 664 2038 695 seeun-
2059 650 2267 694 Rom-⁹25-

142 739 248 785 dum
278 753 461 785 carnem
497 740 582 802 qui
615 744 686 785 est
721 752 861 799 super·
899 736 1050 782 omnia
1079 735 1192 782 deus
1225 732 1487 780 benedictus
1518 734 1564 779 z'n
1596 734 1781 780 saecula
1798 769 1811 790 ,
1853 735 2039 779 Amen?

146 816 470 885 Quamobrem
499 819 577 887 qui
613 827 754 870 antea
782 825 1080 885 negaverant
1108 833 1214 867 eum
1244 815 1323 883 qui
1350 814 1611 864 crucifixus
1635 823 1710 865 est
1741 832 1849 865 esse
1876 816 2036 878 deum,

144 920 359 954 errorem
392 920 529 953 suum
561 911 828 971 agnoscant
861 921 916 953 ac
945 901 1118 953 divinis
1150 900 1369 951 omnibus
1409 898 1560 949 literis
1593 899 1727 948 [idem
1762 899 2038 960 adhibeant,

144 988 228 1037 sed
260 986 481 1038 Thomae
522 986 836 1056 praesertim,
894 985 974 1054 qui
1012 1003 1116 1036 cum
1148 984 1195 1034 iu
1231 981 1427 1036 Christo
1458 983 1702 1033 clavorum
1734 982 1939 1049 vestigia
1971 982 2042 1033 vi-

145 1071 294 1122 disset
323 1071 647 1134 exclamavit‚
689 1074 910 1120 Dominus
940 1088 1064 1119 meus
1090 1079 1135 1118 et
1165 1072 1276 1118 deus
1301 1086 1445 1117 mech.
1523 1064 1676 1117 Filius
1705 1066 1850 1129 enim,
1892 1067 2040 1117 idem·
2101 1073 2229 1152 ¹23²&

146 1172 236 1224 que
262 1156 379 1206 deus
409 1173 464 1206 ac
487 1155 669 1223 gloriae
699 1153 918 1205 dominus
949 1155 999 1204 iu
1028 1171 1085 1205 eo
1115 1170 1337 1222 corpore,
1380 1151 1504 1220 quod
1534 1169 1618 1219 per
1645 1169 1875 1202 summam
1904 1152 2042 1218 iguo·
2150 1142 2161 1161 ’
2226 1141 2233 1150 ’

145 1239 337 1290 miniam
372 1239 522 1290 clavis
556 1239 796 1290 confixum
828 1256 884 1290 ac
912 1239 1275 1289 dehonestatum
1311 1238 1497 1298 fuerat,
1553 1235 1748 1286 omnino
1780 1235 2040 1286 residebat.

148 1321 338 1392 Corpus
378 1324 531 1392 ipsum
568 1341 686 1374 vero
724 1324 771 1373 in
818 1341 959 1374 cruce
999 1323 1292 1391 perforatum
1336 1321 1497 1388 utique
1540 1320 1836 1388 patiebatur,
1892 1329 1938 1370 et
1981 1337 2047 1370 ex

148 1409 252 1459 eius
294 1409 442 1459 latere
486 1408 685 1475 sanguis
722 1424 827 1458 cum
869 1424 992 1474 aqua
1030 1405 1288 1457 diffluebat.
1366 1403 1550 1456 Verum
1582 1422 1686 1454 cum
1727 1404 1872 1454 divini
1908 1404 2044 1455 verbi
2065 1410 2154 1445 Luc.
2174 1410 2293 1453 29‚45·

149 1493 370 1561 templum
402 1501 560 1556 esset,
601 1500 705 1542 erat
734 1491 983 1541 divinitate
1015 1490 1360 1559 plenissimum.
1439 1487 1595 1556 Quam
1630 1489 1689 1539 ob
1720 1506 1939 1539 caussam
1974 1489 2049 1539 sol

147 1577 272 1645 ipse,
308 1595 412 1627 cum
445 1584 688 1627 auctorem
719 1593 856 1626 suum
888 1585 980 1626 tam
1014 1591 1188 1643 graves
1219 1573 1269 1623 in
1298 1574 1475 1624 misero
1502 1591 1704 1640 corpore
1732 1573 2048 1624 contumelias

148 1661 434 1712 tolerantem
462 1661 666 1724 videret,
707 1659 853 1710 radiis
881 1677 937 1710 ac
962 1659 1068 1709 luce
1099 1675 1356 1727 suppressa
1384 1667 1558 1708 terram
1588 1657 1801 1708 tenebris
1826 1657 2046 1721 obduxit,

150 1763 323 1814 corpus
354 1753 512 1795 autem
542 1743 729 1795 mortali
767 1752 939 1794 natura
967 1742 1230 1812 praeditum
1262 1760 1403 1810 supra
1434 1752 1636 1793 naturae
1666 1759 1781 1793 suae
1815 1742 2050 1792 conditio-

149 1847 257 1881 nem
297 1837 492 1898 propter
530 1828 756 1892 verbum,
809 1829 932 1896 quod
961 1826 1142 1899 inipso
1174 1836 1305 1890 erat,
1360 1844 1387 1877 a
1420 1829 1621 1878 mortuis
1658 1827 1919 1878 excitatum
1954 1835 2048 1889 est,

151 1922 199 1964 et
227 1931 254 1965 a
280 1913 482 1964 naturali
522 1912 829 1981 corruptione
861 1912 1111 1962 liberatum
1138 1911 1273 1963 verbi
1302 1912 1534 1979 quoddam
1565 1911 1698 1962 velut
1723 1912 2050 1962 indumentum

152 2006 226 2050 est
266 1999 472 2060 factum,
530 2013 731 2064 cumque
770 1996 950 2060 verbo,
1006 1996 1128 2063 quod
1176 1995 1428 2046 humanam
1476 1995 1797 2046 conditionem
1833 2004 2050 2063 superat,

151 2082 286 2134 velut
310 2082 485 2154 amictu
511 2081 712 2149 quodam
744 2080 1020 2132 obvolutum
1047 2088 1196 2143 esset,
1239 2079 1563 2148 corruptionis
1587 2089 1661 2131 est.
1688 2098 1866 2149 expers
1897 2079 2054 2130 reddi-

152 2175 270 2218 tum.
344 2164 484 2233 Quod
519 2174 677 2216 autem
719 2166 777 2216 ad
807 2164 1143 2215 nonnullorum
1185 2165 1354 2215 inanes
1385 2182 1535 2232 nugas
1569 2174 1616 2215 et
1647 2174 1914 2215 commenta
1946 2182 2054 2234 per-

154 2251 303 2314 tinet,
357 2250 433 2319 qui
460 2258 514 2300 ut
547 2250 594 2299 in
636 2249 847 2316 reliquos
887 2249 1143 2317 prophetas
1182 2267 1379 2312 omneS,
1430 2249 1500 2300 ita
1530 2258 1577 2300 et
1612 2250 1658 2300 in
1689 2268 1833 2300 unum
1868 2250 1998 2299 illum
2028 2266 2055 2299 e

153 2333 313 2385 Maria
341 2342 501 2385 natum
534 2333 773 2384 hominem
798 2332 1007 2385 divinum
1042 2333 1241 2384 verbum
1275 2334 1494 2402 illapsum
1527 2351 1636 2385 esse
1671 2334 1911 2397 sentiunt,
1954 2333 2056 2402 plu-

157 2419 290 2469 ribus
322 2435 378 2468 ea
410 2420 467 2469 de
494 2435 546 2469 re
580 2418 823 2486 disputare
849 2435 1259 2486 supervacaneum
1288 2427 1379 2468 est.
1424 2417 1608 2469 Horum
1640 2419 1810 2487 quippe
1837 2419 1981 2469 stulta
2009 2426 2057 2468 et

155 2502 317 2571 inepta
350 2501 598 2571 persuasio
627 2502 880 2552 manifeste
913 2519 968 2553 ac
1011 2503 1116 2553 sine
1158 2503 1255 2553 ullo
1298 2503 1491 2570 negotio
1531 2503 1850 2554 convincitur.
1925 2501 2055 2554 Num

157 2586 198 2636 si
228 2586 287 2636 ad
318 2603 424 2636 eum
463 2586 651 2636 modum
688 2585 768 2636 ille
813 2586 1084 2650 descendit,
1140 2604 1226 2637 eur
1266 2604 1291 2637 e
1321 2588 1508 2654 virgine
1553 2597 1693 2638 natus
1722 2605 1816 2638 non
1858 2605 1923 2638 ex
1952 2587 2058 2639 viro

158 2670 430 2738 feminaque
457 2678 708 2736 susceptus
739 2678 831 2733 est,
873 2671 1271 2737 quemadmodum
1296 2671 1450 2722 sancti
1479 2689 1646 2722 omnes
1678 2672 1726 2722 in
1757 2673 1908 2723 lucem
1943 2672 2058 2723 editi

159 2755 384 2806 fuerunt?
455 2750 559 2805 Cur
605 2771 710 2804 cum
749 2754 816 2804 ita
854 2754 1053 2805 verbum
1084 2755 1303 2824 illapsum
1335 2755 1425 2818 sit,
1480 2774 1577 2806 non
1611 2756 1751 2806 etiam
1786 2766 2059 2808 ceterorum

159 2837 533 2906 uniuscuiusque
573 2855 703 2888 mors
748 2846 913 2888 nostra
953 2856 1124 2890 caussa
1157 2840 1358 2891 tolerata
1390 2839 1589 2903 dicitur,
1647 2842 1729 2891 sed
1764 2841 1903 2892 huius
1941 2841 2060 2891 dun-

162 2932 297 2975 taxat
335 2923 513 2973 unius?
586 2919 690 2973 Cur
730 2939 835 2971 cum
879 2922 926 2972 in
961 2922 1177 2989 singulos
1216 2924 1473 2992 prophetas
1512 2924 1720 2974 divinum
1764 2942 1817 2975 se
1860 2925 2058 2975 verbum

162 3005 508 3070 insinuaverit,
562 3006 610 3056 in
653 3023 710 3055 eo
739 3007 841 3056 solo
870 3006 945 3073 qui
978 3023 1003 3056 e
1033 3004 1221 3070 Maria,
1274 3018 1414 3058 natus
1450 3017 1552 3069 est,
1593 3009 1640 3058 in
1676 3013 2060 3058 consummatione
2082 3022 2312 3068 Hebr.9,2ss.

162 3095 477 3151 saeculorum,
534 3091 684 3141 semel
725 3089 979 3140 advenisse
1019 3090 1225 3141 dicitur?
1297 3089 1400 3142 Cur
1428 3110 1534 3142 cum
1563 3094 1730 3142 eodem
1759 3094 1898 3143 modo
1930 3110 1981 3143 se
2013 3093 2061 3143 in

162 3177 294 3228 illum
335 3175 590 3238 infuderit,
645 3192 738 3242 quo
779 3174 826 3224 in
866 3173 1052 3242 priores
1086 3192 1252 3225 omnes
1280 3186 1472 3226 sanctos
1504 3178 1848 3239 descenderat,
1891 3177 2062 3244 reliqui

166 3278 334 3312 omnes
362 3261 568 3311 nondum
595 3268 703 3328 post
728 3268 927 3308 mortem
960 3269 1298 3323 surrexerunt,
1331 3260 1462 3311 solus
1491 3261 1568 3310 ille
1597 3278 1715 3311 vero
1743 3262 1822 3328 qui
1851 3278 1876 3310 e
1901 3259 2063 3311 Maria

166 3344 355 3413 genitus
394 3353 495 3408 est,
552 3344 693 3394 tertia
734 3343 808 3393 die
850 3342 1098 3393 surrexit?
1172 3341 1275 3394 Cur
1320 3362 1425 3394 cum
1469 3345 1632 3394 eadem
1672 3345 1840 3412 quain
1872 3354 2063 3396 ceteros

166 3430 351 3480 ratione
383 3428 593 3491 divinum
619 3428 750 3478 illum
780 3427 975 3478 verbum
1007 3428 1250 3495 delapsum
1289 3427 1378 3489 sit,
1432 3446 1553 3479 unus
1584 3428 1661 3479 illa
1694 3445 1758 3479 ex
1789 3426 1949 3479 Maria
1981 3448 2065 3481 na-

166 3523 242 3565 tus
274 3512 556 3563 Emmanuel
598 3513 886 3581 appellatur,
945 3512 1078 3578 quasi
1117 3529 1290 3579 corpus
1329 3512 1480 3578 ipsum
1524 3512 1771 3563 divinitate
1809 3514 2063 3582 repletum,

170 3606 218 3649 et
250 3597 307 3648 ab
349 3615 405 3648 ea
446 3605 604 3647 natum
647 3596 896 3647 extiterit?
967 3594 1093 3646 Nam
1131 3595 1417 3646 Emmanuel
1456 3595 1578 3646 idem
1618 3597 1857 3665 significat
1887 3616 1942 3649 ac
1970 3601 2069 3647 No-

170 3683 493 3753 biscum-'deus
574 3677 676 3732 Cur
709 3681 748 3731 si
782 3682 840 3732 ad
873 3697 979 3731 eum
1012 3681 1201 3731 modum
1230 3679 1519 3743 accesserit,
1559 3699 1661 3731 cum
1697 3691 1893 3734 sauctus
1931 3683 2069 3750 quili-

1598 3766 1714 3821 23*
