<?xml version="1.0" encoding="UTF-8"?>
<!DOCTYPE html PUBLIC "-//W3C//DTD XHTML 1.0 Transitional//EN"
    "http://www.w3.org/TR/xhtml1/DTD/xhtml1-transitional.dtd">
<html xmlns="http://www.w3.org/1999/xhtml" xml:lang="en" lang="en">
 <head>
  <title>
</title>
<meta http-equiv="Content-Type" content="text/html;charset=utf-8" />
  <meta name='ocr-system' content='tesseract 3.04.00' />
  <meta name='ocr-capabilities' content='ocr_page ocr_carea ocr_par ocr_line ocrx_word'/>
</head>
<body>
  <div class='ocr_page' id='page_1' title='image "./pt3corporishaere02epipuoft_0273.png"; bbox 0 0 2508 4134; ppageno 0'>
   <div class='ocr_carea' id='block_1_1' title="bbox 543 268 2041 320">
    <p class='ocr_par' dir='ltr' id='par_1_1' title="bbox 543 268 2041 320">
     <span class='ocr_line' id='line_1_1' title="bbox 543 268 2041 320; baseline 0.001 -2"><span class='ocrx_word' id='word_1_1' title='bbox 543 276 768 318; x_wconf 76' lang='lat' dir='ltr'>PANARH</span> <span class='ocrx_word' id='word_1_2' title='bbox 799 277 904 317; x_wconf 63' lang='lat'><strong>1213.</strong></span> <span class='ocrx_word' id='word_1_3' title='bbox 926 277 999 317; x_wconf 82' lang='lat'><strong>111.</strong></span> <span class='ocrx_word' id='word_1_4' title='bbox 1029 278 1163 318; x_wconf 88' lang='grc' dir='ltr'><strong>ΤΟΜ.</strong></span> <span class='ocrx_word' id='word_1_5' title='bbox 1186 278 1217 318; x_wconf 85' lang='lat'><strong>1.</strong></span> <span class='ocrx_word' id='word_1_6' title='bbox 1247 278 1410 320; x_wconf 74' lang='lat' dir='ltr'><strong>HAER.</strong></span> <span class='ocrx_word' id='word_1_7' title='bbox 1433 278 1628 320; x_wconf 75' lang='lat' dir='ltr'><strong>LXXVI.</strong></span> <span class='ocrx_word' id='word_1_8' title='bbox 1941 268 2041 320; x_wconf 83' lang='grc'><strong>263</strong></span> 
     </span>
    </p>
   </div>
   <div class='ocr_carea' id='block_1_2' title="bbox 119 373 2045 3466">
    <p class='ocr_par' dir='ltr' id='par_1_2' title="bbox 124 373 2045 2960">
     <span class='ocr_line' id='line_1_2' title="bbox 145 373 2045 428; baseline 0.002 -4"><span class='ocrx_word' id='word_1_9' title='bbox 145 374 396 425; x_wconf 82' lang='lat' dir='ltr'><strong>affectione</strong></span> <span class='ocrx_word' id='word_1_10' title='bbox 439 374 693 426; x_wconf 90' lang='lat' dir='ltr'><strong>coniuncta</strong></span> <span class='ocrx_word' id='word_1_11' title='bbox 737 383 848 425; x_wconf 89' lang='lat' dir='ltr'><strong>sunt</strong></span> <span class='ocrx_word' id='word_1_12' title='bbox 887 374 1086 424; x_wconf 89' lang='lat' dir='ltr'><strong>eandem</strong></span> <span class='ocrx_word' id='word_1_13' title='bbox 1128 373 1187 424; x_wconf 92' lang='lat' dir='ltr'><strong>ob</strong></span> <span class='ocrx_word' id='word_1_14' title='bbox 1230 392 1470 427; x_wconf 82' lang='lat' dir='ltr'>caussam.</span> <span class='ocrx_word' id='word_1_15' title='bbox 1548 374 1601 426; x_wconf 85' lang='lat' dir='ltr'><strong>In</strong></span> <span class='ocrx_word' id='word_1_16' title='bbox 1640 377 1729 428; x_wconf 88' lang='lat' dir='ltr'><strong>deo</strong></span> <span class='ocrx_word' id='word_1_17' title='bbox 1772 393 1890 428; x_wconf 89' lang='lat' dir='ltr'><strong>vero</strong></span> <span class='ocrx_word' id='word_1_18' title='bbox 1928 377 2045 428; x_wconf 85' lang='lat' dir='ltr'><strong>nibil</strong></span> 
     </span>
     <span class='ocr_line' id='line_1_3' title="bbox 146 457 2044 528; baseline 0.002 -20"><span class='ocrx_word' id='word_1_19' title='bbox 146 458 403 521; x_wconf 89' lang='lat' dir='ltr'><strong>eiusmodi,</strong></span> <span class='ocrx_word' id='word_1_20' title='bbox 447 459 553 509; x_wconf 89' lang='lat' dir='ltr'><strong>dum</strong></span> <span class='ocrx_word' id='word_1_21' title='bbox 585 458 727 509; x_wconf 85' lang='lat' dir='ltr'><strong>filium</strong></span> <span class='ocrx_word' id='word_1_22' title='bbox 756 466 1041 525; x_wconf 76' lang='lat' dir='ltr'>generaret,</span> <span class='ocrx_word' id='word_1_23' title='bbox 1083 457 1240 507; x_wconf 89' lang='lat' dir='ltr'><strong>locum</strong></span> <span class='ocrx_word' id='word_1_24' title='bbox 1271 457 1447 509; x_wconf 85' lang='lat' dir='ltr'><strong>babere</strong></span> <span class='ocrx_word' id='word_1_25' title='bbox 1480 461 1662 528; x_wconf 87' lang='lat' dir='ltr'><strong>potuit..</strong></span> <span class='ocrx_word' id='word_1_26' title='bbox 1723 459 1849 512; x_wconf 91' lang='lat' dir='ltr'><strong>Nam</strong></span> <span class='ocrx_word' id='word_1_27' title='bbox 1878 461 1919 512; x_wconf 89' lang='lat' dir='ltr'><strong>si</strong></span> <span class='ocrx_word' id='word_1_28' title='bbox 1949 461 2044 512; x_wconf 86' lang='lat' dir='ltr'><strong>tale</strong></span> 
     </span>
     <span class='ocr_line' id='line_1_4' title="bbox 143 540 2041 613; baseline 0.003 -23"><span class='ocrx_word' id='word_1_29' title='bbox 143 540 378 609; x_wconf 89' lang='lat' dir='ltr'><strong>quicpiam</strong></span> <span class='ocrx_word' id='word_1_30' title='bbox 421 543 471 593; x_wconf 89' lang='lat' dir='ltr'><strong>in</strong></span> <span class='ocrx_word' id='word_1_31' title='bbox 506 542 612 610; x_wconf 88' lang='lat' dir='ltr'><strong>ipso</strong></span> <span class='ocrx_word' id='word_1_32' title='bbox 651 542 875 593; x_wconf 77' lang='lat' dir='ltr'><strong>extitisse</strong></span> <span class='ocrx_word' id='word_1_33' title='bbox 913 540 1155 604; x_wconf 80' lang='lat' dir='ltr'><strong>dicamuS,</strong></span> <span class='ocrx_word' id='word_1_34' title='bbox 1208 550 1260 591; x_wconf 86' lang='lat' dir='ltr'><strong>ut</strong></span> <span class='ocrx_word' id='word_1_35' title='bbox 1298 542 1455 592; x_wconf 87' lang='lat' dir='ltr'><strong>inanis</strong></span> <span class='ocrx_word' id='word_1_36' title='bbox 1491 544 1689 594; x_wconf 89' lang='lat' dir='ltr'><strong>istorum</strong></span> <span class='ocrx_word' id='word_1_37' title='bbox 1736 547 1828 595; x_wconf 87' lang='lat' dir='ltr'><strong>l&#39;ert</strong></span> <span class='ocrx_word' id='word_1_38' title='bbox 1861 545 2041 613; x_wconf 91' lang='lat' dir='ltr'><strong>opinio,</strong></span> 
     </span>
     <span class='ocr_line' id='line_1_5' title="bbox 143 623 2043 695; baseline 0.003 -21"><span class='ocrx_word' id='word_1_39' title='bbox 143 642 265 692; x_wconf 88' lang='lat' dir='ltr'><strong>quae</strong></span> <span class='ocrx_word' id='word_1_40' title='bbox 307 625 364 675; x_wconf 90' lang='lat' dir='ltr'><strong>ad</strong></span> <span class='ocrx_word' id='word_1_41' title='bbox 401 626 710 677; x_wconf 85' lang='lat' dir='ltr'><strong>evertendam</strong></span> <span class='ocrx_word' id='word_1_42' title='bbox 746 625 820 675; x_wconf 88' lang='lat' dir='ltr'><strong>dei</strong></span> <span class='ocrx_word' id='word_1_43' title='bbox 855 625 1068 676; x_wconf 80' lang='lat' dir='ltr'><strong>sobolem</strong></span> <span class='ocrx_word' id='word_1_44' title='bbox 1100 623 1336 693; x_wconf 83' lang='lat' dir='ltr'><strong>pertinet,</strong></span> <span class='ocrx_word' id='word_1_45' title='bbox 1390 643 1454 676; x_wconf 91' lang='lat' dir='ltr'><strong>ex</strong></span> <span class='ocrx_word' id='word_1_46' title='bbox 1495 626 1648 677; x_wconf 85' lang='lat' dir='ltr'><strong>altero</strong></span> <span class='ocrx_word' id='word_1_47' title='bbox 1678 629 1800 695; x_wconf 87' lang='lat' dir='ltr'><strong>quod</strong></span> <span class='ocrx_word' id='word_1_48' title='bbox 1833 629 1877 679; x_wconf 90' lang='lat' dir='ltr'><strong>in</strong></span> <span class='ocrx_word' id='word_1_49' title='bbox 1905 629 2043 680; x_wconf 91' lang='lat' dir='ltr'><strong>nobis</strong></span> 
     </span>
     <span class='ocr_line' id='line_1_6' title="bbox 141 708 2043 782; baseline 0.004 -24"><span class='ocrx_word' id='word_1_50' title='bbox 141 709 267 759; x_wconf 86' lang='lat' dir='ltr'><strong>inest</strong></span> <span class='ocrx_word' id='word_1_51' title='bbox 293 708 385 760; x_wconf 85' lang='lat' dir='ltr'><strong>tale</strong></span> <span class='ocrx_word' id='word_1_52' title='bbox 408 709 642 760; x_wconf 85' lang='lat' dir='ltr'><strong>adversus</strong></span> <span class='ocrx_word' id='word_1_53' title='bbox 665 709 773 760; x_wconf 89' lang='lat' dir='ltr'><strong>illos</strong></span> <span class='ocrx_word' id='word_1_54' title='bbox 804 717 1138 776; x_wconf 69' lang='lat' dir='ltr'>argumentum</span> <span class='ocrx_word' id='word_1_55' title='bbox 1167 708 1444 759; x_wconf 82' lang='lat' dir='ltr'><strong>efficiemuS.</strong></span> <span class='ocrx_word' id='word_1_56' title='bbox 1522 708 1714 761; x_wconf 78' lang='lat' dir='ltr'><strong>Etenim</strong></span> <span class='ocrx_word' id='word_1_57' title='bbox 1741 712 1879 763; x_wconf 87' lang='lat' dir='ltr'><strong>nobis</strong></span> <span class='ocrx_word' id='word_1_58' title='bbox 1905 712 2043 782; x_wconf 82' lang='lat' dir='ltr'><strong>ipsiS‚</strong></span> 
     </span>
     <span class='ocr_line' id='line_1_7' title="bbox 140 791 2045 864; baseline 0.002 -22"><span class='ocrx_word' id='word_1_59' title='bbox 140 792 217 860; x_wconf 93' lang='lat' dir='ltr'><strong>qui</strong></span> <span class='ocrx_word' id='word_1_60' title='bbox 263 810 358 842; x_wconf 91' lang='lat' dir='ltr'><strong>non</strong></span> <span class='ocrx_word' id='word_1_61' title='bbox 403 793 508 844; x_wconf 89' lang='lat' dir='ltr'><strong>sine</strong></span> <span class='ocrx_word' id='word_1_62' title='bbox 546 793 801 844; x_wconf 84' lang='lat' dir='ltr'><strong>affectione</strong></span> <span class='ocrx_word' id='word_1_63' title='bbox 830 791 1099 860; x_wconf 84' lang='lat' dir='ltr'><strong>gignimus,</strong></span> <span class='ocrx_word' id='word_1_64' title='bbox 1151 800 1231 842; x_wconf 87' lang='lat' dir='ltr'><strong>aut</strong></span> <span class='ocrx_word' id='word_1_65' title='bbox 1268 791 1535 858; x_wconf 77' lang='lat' dir='ltr'><strong>gignimur,</strong></span> <span class='ocrx_word' id='word_1_66' title='bbox 1590 797 1850 845; x_wconf 84' lang='lat' dir='ltr'><strong>secundum</strong></span> <span class='ocrx_word' id='word_1_67' title='bbox 1896 797 2045 864; x_wconf 88' lang='lat' dir='ltr'><strong>quod-</strong></span> 
     </span>
     <span class='ocr_line' id='line_1_8' title="bbox 140 875 2042 945; baseline 0.002 -19"><span class='ocrx_word' id='word_1_68' title='bbox 140 877 244 926; x_wconf 87' lang='lat' dir='ltr'><strong>dam</strong></span> <span class='ocrx_word' id='word_1_69' title='bbox 271 875 466 927; x_wconf 89' lang='lat' dir='ltr'><strong>insitum</strong></span> <span class='ocrx_word' id='word_1_70' title='bbox 499 885 575 927; x_wconf 86' lang='lat' dir='ltr'><strong>est</strong></span> <span class='ocrx_word' id='word_1_71' title='bbox 609 876 878 928; x_wconf 79' lang='lat' dir='ltr'><strong>affectionis</strong></span> <span class='ocrx_word' id='word_1_72' title='bbox 907 893 1089 944; x_wconf 86' lang='lat' dir='ltr'><strong>genus,</strong></span> <span class='ocrx_word' id='word_1_73' title='bbox 1148 893 1252 926; x_wconf 92' lang='lat' dir='ltr'><strong>cum</strong></span> <span class='ocrx_word' id='word_1_74' title='bbox 1293 876 1467 944; x_wconf 89' lang='lat' dir='ltr'><strong>aliquid</strong></span> <span class='ocrx_word' id='word_1_75' title='bbox 1504 894 1834 945; x_wconf 75' lang='lat' dir='ltr'><strong>procreamus.</strong></span> <span class='ocrx_word' id='word_1_76' title='bbox 1914 879 2042 931; x_wconf 90' lang='lat' dir='ltr'><strong>Tum</strong></span> 
     </span>
     <span class='ocr_line' id='line_1_9' title="bbox 138 959 2041 1030; baseline 0.003 -20"><span class='ocrx_word' id='word_1_77' title='bbox 138 960 263 1010; x_wconf 91' lang='lat' dir='ltr'><strong>enim</strong></span> <span class='ocrx_word' id='word_1_78' title='bbox 294 960 490 1028; x_wconf 87' lang='lat' dir='ltr'><strong>perinde</strong></span> <span class='ocrx_word' id='word_1_79' title='bbox 517 962 722 1029; x_wconf 86' lang='lat' dir='ltr'><strong>patimur</strong></span> <span class='ocrx_word' id='word_1_80' title='bbox 750 978 806 1011; x_wconf 85' lang='lat' dir='ltr'><strong>ac</strong></span> <span class='ocrx_word' id='word_1_81' title='bbox 834 961 939 1011; x_wconf 90' lang='lat' dir='ltr'><strong>dum</strong></span> <span class='ocrx_word' id='word_1_82' title='bbox 971 959 1232 1027; x_wconf 83' lang='lat' dir='ltr'><strong>gignimus,</strong></span> <span class='ocrx_word' id='word_1_83' title='bbox 1274 969 1356 1010; x_wconf 90' lang='lat' dir='ltr'><strong>aut</strong></span> <span class='ocrx_word' id='word_1_84' title='bbox 1383 959 1644 1028; x_wconf 84' lang='lat' dir='ltr'><strong>gignimur.</strong></span> <span class='ocrx_word' id='word_1_85' title='bbox 1722 962 1868 1030; x_wconf 89' lang='lat' dir='ltr'><strong>Atqui</strong></span> <span class='ocrx_word' id='word_1_86' title='bbox 1903 965 2041 1015; x_wconf 87' lang='lat' dir='ltr'><strong>deum</strong></span> 
     </span>
     <span class='ocr_line' id='line_1_10' title="bbox 138 1044 2043 1113; baseline 0.003 -20"><span class='ocrx_word' id='word_1_87' title='bbox 138 1060 254 1107; x_wconf 88' lang='lat' dir='ltr'><strong>vos,</strong></span> <span class='ocrx_word' id='word_1_88' title='bbox 309 1044 477 1094; x_wconf 91' lang='lat' dir='ltr'><strong>sinon</strong></span> <span class='ocrx_word' id='word_1_89' title='bbox 521 1045 820 1112; x_wconf 78' lang='lat' dir='ltr'><strong>genitorem,</strong></span> <span class='ocrx_word' id='word_1_90' title='bbox 873 1053 1004 1094; x_wconf 91' lang='lat' dir='ltr'><strong>certe</strong></span> <span class='ocrx_word' id='word_1_91' title='bbox 1048 1052 1316 1093; x_wconf 76' lang='lat' dir='ltr'><strong>creatorem</strong></span> <span class='ocrx_word' id='word_1_92' title='bbox 1360 1045 1651 1111; x_wconf 81' lang='lat' dir='ltr'><strong>agnoscitis,</strong></span> <span class='ocrx_word' id='word_1_93' title='bbox 1705 1054 1848 1113; x_wconf 88' lang='lat' dir='ltr'><strong>atquc</strong></span> <span class='ocrx_word' id='word_1_94' title='bbox 1882 1057 1930 1097; x_wconf 87' lang='lat' dir='ltr'><strong>nt</strong></span> <span class='ocrx_word' id='word_1_95' title='bbox 1962 1048 2043 1098; x_wconf 88' lang='lat' dir='ltr'><strong>lilii</strong></span> 
     </span>
     <span class='ocr_line' id='line_1_11' title="bbox 135 1126 2042 1198; baseline 0.003 -22"><span class='ocrx_word' id='word_1_96' title='bbox 135 1126 501 1195; x_wconf 81' lang='lat' dir='ltr'><strong>germanitatem</strong></span> <span class='ocrx_word' id='word_1_97' title='bbox 532 1128 813 1195; x_wconf 80' lang='lat' dir='ltr'><strong>abnegetis,</strong></span> <span class='ocrx_word' id='word_1_98' title='bbox 871 1136 918 1177; x_wconf 89' lang='lat' dir='ltr'><strong>et</strong></span> <span class='ocrx_word' id='word_1_99' title='bbox 947 1127 1231 1178; x_wconf 87' lang='lat' dir='ltr'><strong>catholicum</strong></span> <span class='ocrx_word' id='word_1_100' title='bbox 1272 1128 1439 1194; x_wconf 88' lang='lat' dir='ltr'><strong>dogma</strong></span> <span class='ocrx_word' id='word_1_101' title='bbox 1474 1129 1787 1191; x_wconf 86' lang='lat' dir='ltr'><strong>convellatis‚</strong></span> <span class='ocrx_word' id='word_1_102' title='bbox 1838 1148 2042 1198; x_wconf 85' lang='lat' dir='ltr'><strong>genera-</strong></span> 
     </span>
     <span class='ocr_line' id='line_1_12' title="bbox 136 1211 2042 1279; baseline 0.003 -19"><span class='ocrx_word' id='word_1_103' title='bbox 136 1211 253 1261; x_wconf 86' lang='lat' dir='ltr'><strong>tioni</strong></span> <span class='ocrx_word' id='word_1_104' title='bbox 285 1211 472 1279; x_wconf 90' lang='lat' dir='ltr'><strong>quidem</strong></span> <span class='ocrx_word' id='word_1_105' title='bbox 503 1211 805 1263; x_wconf 86' lang='lat' dir='ltr'><strong>affectionem</strong></span> <span class='ocrx_word' id='word_1_106' title='bbox 838 1211 1073 1274; x_wconf 88' lang='lat' dir='ltr'><strong>tribuitis,</strong></span> <span class='ocrx_word' id='word_1_107' title='bbox 1130 1211 1330 1262; x_wconf 86' lang='lat' dir='ltr'><strong>eandem</strong></span> <span class='ocrx_word' id='word_1_108' title='bbox 1378 1230 1496 1262; x_wconf 88' lang='lat' dir='ltr'><strong>vero</strong></span> <span class='ocrx_word' id='word_1_109' title='bbox 1535 1212 1580 1262; x_wconf 89' lang='lat' dir='ltr'><strong>in</strong></span> <span class='ocrx_word' id='word_1_110' title='bbox 1622 1213 1868 1263; x_wconf 88' lang='lat' dir='ltr'><strong>creatione</strong></span> <span class='ocrx_word' id='word_1_111' title='bbox 1902 1215 2042 1266; x_wconf 86' lang='lat' dir='ltr'><strong>‹lissi-</strong></span> 
     </span>
     <span class='ocr_line' id='line_1_13' title="bbox 137 1294 2038 1365; baseline 0.002 -20"><span class='ocrx_word' id='word_1_112' title='bbox 137 1294 357 1358; x_wconf 82' lang='lat' dir='ltr'><strong>mulatis3</strong></span> <span class='ocrx_word' id='word_1_113' title='bbox 398 1313 520 1363; x_wconf 90' lang='lat' dir='ltr'><strong>quae</strong></span> <span class='ocrx_word' id='word_1_114' title='bbox 554 1295 728 1365; x_wconf 86' lang='lat' dir='ltr'><strong>etipsa</strong></span> <span class='ocrx_word' id='word_1_115' title='bbox 757 1296 804 1346; x_wconf 92' lang='lat' dir='ltr'><strong>in</strong></span> <span class='ocrx_word' id='word_1_116' title='bbox 835 1297 924 1346; x_wconf 91' lang='lat' dir='ltr'><strong>deo</strong></span> <span class='ocrx_word' id='word_1_117' title='bbox 954 1294 1210 1364; x_wconf 87' lang='lat' dir='ltr'><strong>reperitur,</strong></span> <span class='ocrx_word' id='word_1_118' title='bbox 1254 1313 1343 1346; x_wconf 88' lang='lat' dir='ltr'><strong>nec</strong></span> <span class='ocrx_word' id='word_1_119' title='bbox 1370 1296 1416 1346; x_wconf 89' lang='lat' dir='ltr'><strong>in</strong></span> <span class='ocrx_word' id='word_1_120' title='bbox 1447 1313 1504 1347; x_wconf 91' lang='lat' dir='ltr'><strong>eo</strong></span> <span class='ocrx_word' id='word_1_121' title='bbox 1539 1305 1696 1347; x_wconf 89' lang='lat' dir='ltr'><strong>tamen</strong></span> <span class='ocrx_word' id='word_1_122' title='bbox 1724 1297 1914 1348; x_wconf 87' lang='lat' dir='ltr'><strong>affectio</strong></span> <span class='ocrx_word' id='word_1_123' title='bbox 1945 1307 2038 1362; x_wconf 82' lang='lat' dir='ltr'><strong>est,</strong></span> 
     </span>
     <span class='ocr_line' id='line_1_14' title="bbox 134 1378 2041 1450; baseline 0.002 -21"><span class='ocrx_word' id='word_1_124' title='bbox 134 1378 258 1430; x_wconf 87' lang='lat' dir='ltr'><strong>absit</strong></span> <span class='ocrx_word' id='word_1_125' title='bbox 284 1387 334 1430; x_wconf 83' lang='lat' dir='ltr'><strong>ut</strong></span> <span class='ocrx_word' id='word_1_126' title='bbox 370 1378 483 1430; x_wconf 88' lang='lat' dir='ltr'><strong>illud</strong></span> <span class='ocrx_word' id='word_1_127' title='bbox 523 1379 754 1430; x_wconf 77' lang='lat' dir='ltr'><strong>dicamus·</strong></span> <span class='ocrx_word' id='word_1_128' title='bbox 831 1378 939 1430; x_wconf 90' lang='lat' dir='ltr'><strong>Nos</strong></span> <span class='ocrx_word' id='word_1_129' title='bbox 979 1380 1104 1430; x_wconf 87' lang='lat' dir='ltr'><strong>euim</strong></span> <span class='ocrx_word' id='word_1_130' title='bbox 1137 1380 1312 1430; x_wconf 90' lang='lat' dir='ltr'><strong>nullam</strong></span> <span class='ocrx_word' id='word_1_131' title='bbox 1353 1381 1394 1431; x_wconf 90' lang='lat' dir='ltr'><strong>ei</strong></span> <span class='ocrx_word' id='word_1_132' title='bbox 1438 1381 1744 1431; x_wconf 84' lang='lat' dir='ltr'><strong>affectionem</strong></span> <span class='ocrx_word' id='word_1_133' title='bbox 1786 1392 2041 1450; x_wconf 86' lang='lat' dir='ltr'><strong>propterea</strong></span> 
     </span>
     <span class='ocr_line' id='line_1_15' title="bbox 134 1462 2036 1531; baseline 0.003 -19"><span class='ocrx_word' id='word_1_134' title='bbox 134 1463 412 1526; x_wconf 88' lang='lat' dir='ltr'><strong>tribuimus,</strong></span> <span class='ocrx_word' id='word_1_135' title='bbox 464 1464 587 1531; x_wconf 92' lang='lat' dir='ltr'><strong>quod</strong></span> <span class='ocrx_word' id='word_1_136' title='bbox 630 1463 840 1515; x_wconf 89' lang='lat' dir='ltr'><strong>omnium</strong></span> <span class='ocrx_word' id='word_1_137' title='bbox 882 1473 1152 1514; x_wconf 88' lang='lat' dir='ltr'><strong>creatorem</strong></span> <span class='ocrx_word' id='word_1_138' title='bbox 1201 1481 1308 1515; x_wconf 89' lang='lat' dir='ltr'><strong>esse</strong></span> <span class='ocrx_word' id='word_1_139' title='bbox 1357 1466 1612 1515; x_wconf 80' lang='lat' dir='ltr'><strong>fateamur.</strong></span> <span class='ocrx_word' id='word_1_140' title='bbox 1702 1462 1937 1517; x_wconf 73' lang='lat' dir='ltr'><strong>Similiter</strong></span> <span class='ocrx_word' id='word_1_141' title='bbox 1977 1484 2036 1517; x_wconf 88' lang='lat' dir='ltr'><strong>nc</strong></span> 
     </span>
     <span class='ocr_line' id='line_1_16' title="bbox 133 1547 2041 1617; baseline 0.003 -21"><span class='ocrx_word' id='word_1_142' title='bbox 133 1547 436 1597; x_wconf 85' lang='lat' dir='ltr'><strong>affectionem</strong></span> <span class='ocrx_word' id='word_1_143' title='bbox 468 1548 657 1614; x_wconf 89' lang='lat' dir='ltr'><strong>quidem</strong></span> <span class='ocrx_word' id='word_1_144' title='bbox 697 1549 744 1598; x_wconf 92' lang='lat' dir='ltr'><strong>in</strong></span> <span class='ocrx_word' id='word_1_145' title='bbox 777 1565 835 1598; x_wconf 91' lang='lat' dir='ltr'><strong>eo</strong></span> <span class='ocrx_word' id='word_1_146' title='bbox 865 1557 1084 1617; x_wconf 91' lang='lat' dir='ltr'><strong>putamus</strong></span> <span class='ocrx_word' id='word_1_147' title='bbox 1116 1565 1256 1611; x_wconf 90' lang='lat' dir='ltr'><strong>esse,</strong></span> <span class='ocrx_word' id='word_1_148' title='bbox 1311 1549 1433 1616; x_wconf 90' lang='lat' dir='ltr'><strong>quod</strong></span> <span class='ocrx_word' id='word_1_149' title='bbox 1466 1566 1631 1598; x_wconf 87' lang='lat' dir='ltr'><strong>verum</strong></span> <span class='ocrx_word' id='word_1_150' title='bbox 1665 1549 1807 1599; x_wconf 81' lang='lat' dir='ltr'><strong>lilium</strong></span> <span class='ocrx_word' id='word_1_151' title='bbox 1839 1567 1955 1600; x_wconf 81' lang='lat' dir='ltr'><strong>vere</strong></span> <span class='ocrx_word' id='word_1_152' title='bbox 1985 1568 2041 1601; x_wconf 86' lang='lat' dir='ltr'><strong>ac</strong></span> 
     </span>
     <span class='ocr_line' id='line_1_17' title="bbox 132 1629 2040 1700; baseline 0.003 -20"><span class='ocrx_word' id='word_1_153' title='bbox 132 1630 237 1680; x_wconf 90' lang='lat' dir='ltr'><strong>sine</strong></span> <span class='ocrx_word' id='word_1_154' title='bbox 264 1630 432 1694; x_wconf 75' lang='lat' dir='ltr'><strong>initia,</strong></span> <span class='ocrx_word' id='word_1_155' title='bbox 484 1632 561 1683; x_wconf 93' lang='lat' dir='ltr'><strong>vel</strong></span> <span class='ocrx_word' id='word_1_156' title='bbox 591 1640 835 1700; x_wconf 89' lang='lat' dir='ltr'><strong>tempore,</strong></span> <span class='ocrx_word' id='word_1_157' title='bbox 889 1632 1116 1700; x_wconf 86' lang='lat' dir='ltr'><strong>genuisse</strong></span> <span class='ocrx_word' id='word_1_158' title='bbox 1147 1634 1402 1683; x_wconf 78' lang='lat' dir='ltr'><strong>fateamur.</strong></span> <span class='ocrx_word' id='word_1_159' title='bbox 1481 1629 1557 1684; x_wconf 90' lang='lat' dir='ltr'><strong>Ob</strong></span> <span class='ocrx_word' id='word_1_160' title='bbox 1587 1634 1630 1683; x_wconf 88' lang='lat' dir='ltr'><strong>id</strong></span> <span class='ocrx_word' id='word_1_161' title='bbox 1662 1643 1879 1684; x_wconf 89' lang='lat' dir='ltr'><strong>naturam</strong></span> <span class='ocrx_word' id='word_1_162' title='bbox 1913 1634 2040 1686; x_wconf 88' lang='lat' dir='ltr'><strong>illius</strong></span> 
     </span>
     <span class='ocr_line' id='line_1_18' title="bbox 132 1714 2036 1784; baseline 0.003 -20"><span class='ocrx_word' id='word_1_163' title='bbox 132 1714 472 1783; x_wconf 79' lang='lat' dir='ltr'><strong>comprehendi</strong></span> <span class='ocrx_word' id='word_1_164' title='bbox 511 1733 604 1765; x_wconf 91' lang='lat' dir='ltr'><strong>non</strong></span> <span class='ocrx_word' id='word_1_165' title='bbox 650 1733 822 1784; x_wconf 87' lang='lat' dir='ltr'><strong>posse,</strong></span> <span class='ocrx_word' id='word_1_166' title='bbox 878 1725 926 1766; x_wconf 91' lang='lat' dir='ltr'><strong>et</strong></span> <span class='ocrx_word' id='word_1_167' title='bbox 955 1717 1012 1766; x_wconf 91' lang='lat' dir='ltr'><strong>ab</strong></span> <span class='ocrx_word' id='word_1_168' title='bbox 1045 1716 1174 1766; x_wconf 89' lang='lat' dir='ltr'><strong>omni</strong></span> <span class='ocrx_word' id='word_1_169' title='bbox 1212 1734 1393 1784; x_wconf 89' lang='lat' dir='ltr'><strong>genere</strong></span> <span class='ocrx_word' id='word_1_170' title='bbox 1430 1717 1737 1768; x_wconf 78' lang='lat' dir='ltr'><strong>affectionum</strong></span> <span class='ocrx_word' id='word_1_171' title='bbox 1779 1717 2036 1770; x_wconf 87' lang='lat' dir='ltr'><strong>immunem</strong></span> 
     </span>
     <span class='ocr_line' id='line_1_19' title="bbox 132 1798 2038 1869; baseline 0.003 -21"><span class='ocrx_word' id='word_1_172' title='bbox 132 1815 239 1849; x_wconf 90' lang='lat' dir='ltr'><strong>esse</strong></span> <span class='ocrx_word' id='word_1_173' title='bbox 268 1799 624 1866; x_wconf 88' lang='lat' dir='ltr'><strong>cognoscimus.</strong></span> <span class='ocrx_word' id='word_1_174' title='bbox 701 1798 968 1869; x_wconf 89' lang='lat' dir='ltr'><strong>Propterea</strong></span> <span class='ocrx_word' id='word_1_175' title='bbox 997 1802 1199 1851; x_wconf 88' lang='lat' dir='ltr'><strong>eundem</strong></span> <span class='ocrx_word' id='word_1_176' title='bbox 1228 1801 1333 1851; x_wconf 91' lang='lat' dir='ltr'><strong>sine</strong></span> <span class='ocrx_word' id='word_1_177' title='bbox 1359 1801 1451 1851; x_wconf 89' lang='lat' dir='ltr'><strong>ulla</strong></span> <span class='ocrx_word' id='word_1_178' title='bbox 1481 1801 1737 1851; x_wconf 82' lang='lat' dir='ltr'><strong>affectione</strong></span> <span class='ocrx_word' id='word_1_179' title='bbox 1768 1803 2038 1868; x_wconf 88' lang='lat' dir='ltr'><strong>genitorem</strong></span> 
     </span>
     <span class='ocr_line' id='line_1_20' title="bbox 131 1882 2037 1953; baseline 0.003 -22"><span class='ocrx_word' id='word_1_180' title='bbox 131 1899 185 1931; x_wconf 91' lang='lat' dir='ltr'><strong>ac</strong></span> <span class='ocrx_word' id='word_1_181' title='bbox 213 1891 481 1933; x_wconf 84' lang='lat' dir='ltr'><strong>creatorem</strong></span> <span class='ocrx_word' id='word_1_182' title='bbox 512 1884 795 1934; x_wconf 87' lang='lat' dir='ltr'><strong>asserimus.</strong></span> <span class='ocrx_word' id='word_1_183' title='bbox 874 1882 1061 1953; x_wconf 86' lang='lat' dir='ltr'><strong>Quippe</strong></span> <span class='ocrx_word' id='word_1_184' title='bbox 1092 1885 1207 1935; x_wconf 88' lang='lat' dir='ltr'><strong>nibil</strong></span> <span class='ocrx_word' id='word_1_185' title='bbox 1234 1884 1428 1935; x_wconf 91' lang='lat' dir='ltr'><strong>omnino</strong></span> <span class='ocrx_word' id='word_1_186' title='bbox 1455 1885 1639 1952; x_wconf 85' lang='lat' dir='ltr'><strong>patiens</strong></span> <span class='ocrx_word' id='word_1_187' title='bbox 1673 1886 1862 1937; x_wconf 89' lang='lat' dir='ltr'><strong>unicum</strong></span> <span class='ocrx_word' id='word_1_188' title='bbox 1893 1887 2037 1937; x_wconf 86' lang='lat' dir='ltr'><strong>lilium</strong></span> 
     </span>
     <span class='ocr_line' id='line_1_21' title="bbox 129 1967 2036 2037; baseline 0.003 -21"><span class='ocrx_word' id='word_1_189' title='bbox 129 1967 322 2034; x_wconf 87' lang='lat' dir='ltr'><strong>genuit,</strong></span> <span class='ocrx_word' id='word_1_190' title='bbox 364 1976 412 2017; x_wconf 88' lang='lat' dir='ltr'><strong>et</strong></span> <span class='ocrx_word' id='word_1_191' title='bbox 442 1984 505 2020; x_wconf 86' lang='lat' dir='ltr'><strong>ex</strong></span> <span class='ocrx_word' id='word_1_192' title='bbox 533 1985 587 2018; x_wconf 90' lang='lat' dir='ltr'><strong>se</strong></span> <span class='ocrx_word' id='word_1_193' title='bbox 611 1968 716 2036; x_wconf 91' lang='lat' dir='ltr'><strong>ipso</strong></span> <span class='ocrx_word' id='word_1_194' title='bbox 745 1977 961 2019; x_wconf 89' lang='lat' dir='ltr'><strong>sanctum</strong></span> <span class='ocrx_word' id='word_1_195' title='bbox 995 1986 1131 2018; x_wconf 90' lang='lat' dir='ltr'><strong>suum</strong></span> <span class='ocrx_word' id='word_1_196' title='bbox 1163 1970 1381 2037; x_wconf 88' lang='lat' dir='ltr'><strong>spiritum</strong></span> <span class='ocrx_word' id='word_1_197' title='bbox 1415 1969 1591 2032; x_wconf 89' lang='lat' dir='ltr'><strong>emisit,</strong></span> <span class='ocrx_word' id='word_1_198' title='bbox 1636 1970 1812 2021; x_wconf 90' lang='lat' dir='ltr'><strong>nullum</strong></span> <span class='ocrx_word' id='word_1_199' title='bbox 1841 1971 2036 2022; x_wconf 89' lang='lat' dir='ltr'><strong>omnino</strong></span> 
     </span>
     <span class='ocr_line' id='line_1_22' title="bbox 128 2051 2038 2123; baseline 0.002 -22"><span class='ocrx_word' id='word_1_200' title='bbox 128 2051 392 2102; x_wconf 89' lang='lat' dir='ltr'><strong>sectionem</strong></span> <span class='ocrx_word' id='word_1_201' title='bbox 424 2060 506 2101; x_wconf 89' lang='lat' dir='ltr'><strong>ant</strong></span> <span class='ocrx_word' id='word_1_202' title='bbox 539 2052 843 2120; x_wconf 85' lang='lat' dir='ltr'><strong>partitionem</strong></span> <span class='ocrx_word' id='word_1_203' title='bbox 872 2062 1122 2121; x_wconf 82' lang='lat' dir='ltr'><strong>expertus.</strong></span> <span class='ocrx_word' id='word_1_204' title='bbox 1204 2052 1330 2103; x_wconf 78' lang='lat' dir='ltr'><strong>idem</strong></span> <span class='ocrx_word' id='word_1_205' title='bbox 1371 2062 1535 2103; x_wconf 84' lang='lat' dir='ltr'><strong>creata</strong></span> <span class='ocrx_word' id='word_1_206' title='bbox 1571 2054 1730 2105; x_wconf 88' lang='lat' dir='ltr'><strong>omnia</strong></span> <span class='ocrx_word' id='word_1_207' title='bbox 1763 2056 2038 2123; x_wconf 88' lang='lat' dir='ltr'><strong>procreavit</strong></span> 
     </span>
     <span class='ocr_line' id='line_1_23' title="bbox 129 2135 2038 2206; baseline 0.002 -20"><span class='ocrx_word' id='word_1_208' title='bbox 129 2135 250 2186; x_wconf 88' lang='lat' dir='ltr'><strong>citra</strong></span> <span class='ocrx_word' id='word_1_209' title='bbox 279 2135 606 2203; x_wconf 87' lang='lat' dir='ltr'><strong>fatigationem</strong></span> <span class='ocrx_word' id='word_1_210' title='bbox 640 2145 688 2187; x_wconf 88' lang='lat' dir='ltr'><strong>et</strong></span> <span class='ocrx_word' id='word_1_211' title='bbox 714 2137 1014 2187; x_wconf 83' lang='lat' dir='ltr'><strong>affectionem</strong></span> <span class='ocrx_word' id='word_1_212' title='bbox 1056 2137 1218 2187; x_wconf 88' lang='lat' dir='ltr'><strong>ullam.</strong></span> <span class='ocrx_word' id='word_1_213' title='bbox 1294 2136 1418 2188; x_wconf 88' lang='lat' dir='ltr'><strong>Tum</strong></span> <span class='ocrx_word' id='word_1_214' title='bbox 1446 2156 1564 2188; x_wconf 86' lang='lat' dir='ltr'><strong>vero</strong></span> <span class='ocrx_word' id='word_1_215' title='bbox 1595 2139 1815 2206; x_wconf 90' lang='lat' dir='ltr'><strong>quicquid</strong></span> <span class='ocrx_word' id='word_1_216' title='bbox 1845 2139 2038 2189; x_wconf 84' lang='lat' dir='ltr'><strong>libuerit</strong></span> 
     </span>
     <span class='ocr_line' id='line_1_24' title="bbox 129 2220 2036 2290; baseline 0.002 -21"><span class='ocrx_word' id='word_1_217' title='bbox 129 2237 214 2287; x_wconf 83' lang='lat' dir='ltr'><strong>pro</strong></span> <span class='ocrx_word' id='word_1_218' title='bbox 240 2237 299 2270; x_wconf 92' lang='lat' dir='ltr'><strong>eo</strong></span> <span class='ocrx_word' id='word_1_219' title='bbox 324 2235 381 2270; x_wconf 89' lang='lat' dir='ltr'><strong>ac</strong></span> <span class='ocrx_word' id='word_1_220' title='bbox 414 2220 652 2271; x_wconf 87' lang='lat' dir='ltr'><strong>divinitati</strong></span> <span class='ocrx_word' id='word_1_221' title='bbox 682 2238 797 2271; x_wconf 90' lang='lat' dir='ltr'><strong>suae</strong></span> <span class='ocrx_word' id='word_1_222' title='bbox 827 2239 1089 2289; x_wconf 88' lang='lat' dir='ltr'><strong>congruum</strong></span> <span class='ocrx_word' id='word_1_223' title='bbox 1120 2230 1194 2271; x_wconf 89' lang='lat' dir='ltr'><strong>est</strong></span> <span class='ocrx_word' id='word_1_224' title='bbox 1223 2222 1443 2286; x_wconf 84' lang='lat' dir='ltr'><strong>molitur3</strong></span> <span class='ocrx_word' id='word_1_225' title='bbox 1500 2241 1594 2272; x_wconf 92' lang='lat' dir='ltr'><strong>non</strong></span> <span class='ocrx_word' id='word_1_226' title='bbox 1624 2224 1746 2290; x_wconf 90' lang='lat' dir='ltr'><strong>qnod</strong></span> <span class='ocrx_word' id='word_1_227' title='bbox 1780 2232 1920 2274; x_wconf 88' lang='lat' dir='ltr'><strong>antea</strong></span> <span class='ocrx_word' id='word_1_228' title='bbox 1953 2241 2036 2274; x_wconf 91' lang='lat' dir='ltr'><strong>ve-</strong></span> 
     </span>
     <span class='ocr_line' id='line_1_25' title="bbox 127 2303 2035 2375; baseline 0.003 -23"><span class='ocrx_word' id='word_1_229' title='bbox 127 2303 209 2366; x_wconf 89' lang='lat' dir='ltr'><strong>lit,</strong></span> <span class='ocrx_word' id='word_1_230' title='bbox 263 2312 314 2353; x_wconf 90' lang='lat' dir='ltr'><strong>ut</strong></span> <span class='ocrx_word' id='word_1_231' title='bbox 342 2303 569 2355; x_wconf 86' lang='lat' dir='ltr'><strong>attentius</strong></span> <span class='ocrx_word' id='word_1_232' title='bbox 610 2314 774 2373; x_wconf 90' lang='lat' dir='ltr'><strong>postea</strong></span> <span class='ocrx_word' id='word_1_233' title='bbox 814 2306 1035 2372; x_wconf 86' lang='lat' dir='ltr'><strong>cogitans</strong></span> <span class='ocrx_word' id='word_1_234' title='bbox 1075 2307 1226 2356; x_wconf 89' lang='lat' dir='ltr'><strong>discat</strong></span> <span class='ocrx_word' id='word_1_235' title='bbox 1259 2307 1426 2373; x_wconf 84' lang='lat' dir='ltr'><strong>ecquid</strong></span> <span class='ocrx_word' id='word_1_236' title='bbox 1461 2307 1621 2375; x_wconf 77' lang='lat' dir='ltr'><strong>perfici</strong></span> <span class='ocrx_word' id='word_1_237' title='bbox 1655 2308 1779 2374; x_wconf 91' lang='lat' dir='ltr'><strong>quod</strong></span> <span class='ocrx_word' id='word_1_238' title='bbox 1813 2307 2035 2375; x_wconf 81' lang='lat' dir='ltr'><strong>designat</strong></span> 
     </span>
     <span class='ocr_line' id='line_1_26' title="bbox 127 2386 2031 2458; baseline 0.003 -22"><span class='ocrx_word' id='word_1_239' title='bbox 127 2395 365 2455; x_wconf 87' lang='lat' dir='ltr'><strong>oporteat.</strong></span> <span class='ocrx_word' id='word_1_240' title='bbox 439 2386 614 2455; x_wconf 90' lang='lat' dir='ltr'><strong>Neque</strong></span> <span class='ocrx_word' id='word_1_241' title='bbox 640 2388 705 2439; x_wconf 85' lang='lat' dir='ltr'><strong>ita</strong></span> <span class='ocrx_word' id='word_1_242' title='bbox 735 2390 837 2439; x_wconf 91' lang='lat' dir='ltr'><strong>vult</strong></span> <span class='ocrx_word' id='word_1_243' title='bbox 859 2390 1034 2457; x_wconf 82' lang='lat' dir='ltr'><strong>exequi</strong></span> <span class='ocrx_word' id='word_1_244' title='bbox 1063 2399 1113 2440; x_wconf 89' lang='lat' dir='ltr'><strong>ut</strong></span> <span class='ocrx_word' id='word_1_245' title='bbox 1145 2390 1204 2440; x_wconf 93' lang='lat' dir='ltr'><strong>ob</strong></span> <span class='ocrx_word' id='word_1_246' title='bbox 1233 2390 1534 2441; x_wconf 83' lang='lat' dir='ltr'><strong>affectionem</strong></span> <span class='ocrx_word' id='word_1_247' title='bbox 1566 2391 1771 2458; x_wconf 82' lang='lat' dir='ltr'><strong>aliquam</strong></span> <span class='ocrx_word' id='word_1_248' title='bbox 1798 2392 2031 2442; x_wconf 85' lang='lat' dir='ltr'><strong>voluntati</strong></span> 
     </span>
     <span class='ocr_line' id='line_1_27' title="bbox 127 2471 2032 2545; baseline 0.003 -25"><span class='ocrx_word' id='word_1_249' title='bbox 127 2488 246 2538; x_wconf 90' lang='lat' dir='ltr'><strong>opus</strong></span> <span class='ocrx_word' id='word_1_250' title='bbox 272 2471 424 2539; x_wconf 90' lang='lat' dir='ltr'><strong>ipsum</strong></span> <span class='ocrx_word' id='word_1_251' title='bbox 452 2482 822 2539; x_wconf 85' lang='lat' dir='ltr'><strong>repraesentare</strong></span> <span class='ocrx_word' id='word_1_252' title='bbox 853 2482 1075 2542; x_wconf 90' lang='lat' dir='ltr'><strong>nequeat.</strong></span> <span class='ocrx_word' id='word_1_253' title='bbox 1152 2472 1280 2524; x_wconf 89' lang='lat' dir='ltr'><strong>Nam</strong></span> <span class='ocrx_word' id='word_1_254' title='bbox 1322 2475 1440 2525; x_wconf 86' lang='lat' dir='ltr'><strong>haec</strong></span> <span class='ocrx_word' id='word_1_255' title='bbox 1479 2474 1637 2526; x_wconf 87' lang='lat' dir='ltr'><strong>omnia</strong></span> <span class='ocrx_word' id='word_1_256' title='bbox 1676 2476 1815 2527; x_wconf 90' lang='lat' dir='ltr'><strong>simul</strong></span> <span class='ocrx_word' id='word_1_257' title='bbox 1846 2476 1887 2526; x_wconf 88' lang='lat' dir='ltr'><strong>ei</strong></span> <span class='ocrx_word' id='word_1_258' title='bbox 1920 2494 2032 2545; x_wconf 91' lang='lat' dir='ltr'><strong>sup-</strong></span> 
     </span>
     <span class='ocr_line' id='line_1_28' title="bbox 126 2555 2027 2628; baseline 0.004 -24"><span class='ocrx_word' id='word_1_259' title='bbox 126 2563 310 2623; x_wconf 90' lang='lat' dir='ltr'><strong>petunt,</strong></span> <span class='ocrx_word' id='word_1_260' title='bbox 352 2555 496 2618; x_wconf 89' lang='lat' dir='ltr'><strong>velle,</strong></span> <span class='ocrx_word' id='word_1_261' title='bbox 532 2557 712 2618; x_wconf 87' lang='lat' dir='ltr'><strong>facere,</strong></span> <span class='ocrx_word' id='word_1_262' title='bbox 756 2557 946 2608; x_wconf 86' lang='lat' dir='ltr'><strong>unicum</strong></span> <span class='ocrx_word' id='word_1_263' title='bbox 975 2575 1212 2626; x_wconf 85' lang='lat' dir='ltr'><strong>generare</strong></span> <span class='ocrx_word' id='word_1_264' title='bbox 1245 2559 1410 2622; x_wconf 85' lang='lat' dir='ltr'><strong>lilium,</strong></span> <span class='ocrx_word' id='word_1_265' title='bbox 1450 2577 1706 2628; x_wconf 87' lang='lat' dir='ltr'><strong>procreare</strong></span> <span class='ocrx_word' id='word_1_266' title='bbox 1734 2577 1812 2611; x_wconf 87' lang='lat' dir='ltr'><strong>res</strong></span> <span class='ocrx_word' id='word_1_267' title='bbox 1839 2577 2027 2611; x_wconf 75' lang='lat' dir='ltr'><strong>omues.</strong></span> 
     </span>
     <span class='ocr_line' id='line_1_29' title="bbox 126 2636 2030 2713; baseline 0.004 -26"><span class='ocrx_word' id='word_1_268' title='bbox 126 2636 524 2706; x_wconf 82' lang='lat' dir='ltr'><strong>Quandoquidem</strong></span> <span class='ocrx_word' id='word_1_269' title='bbox 576 2640 651 2689; x_wconf 87' lang='lat' dir='ltr'><strong>dei</strong></span> <span class='ocrx_word' id='word_1_270' title='bbox 691 2649 859 2691; x_wconf 89' lang='lat' dir='ltr'><strong>natura</strong></span> <span class='ocrx_word' id='word_1_271' title='bbox 910 2651 958 2691; x_wconf 91' lang='lat' dir='ltr'><strong>et</strong></span> <span class='ocrx_word' id='word_1_272' title='bbox 1007 2641 1236 2692; x_wconf 86' lang='lat' dir='ltr'><strong>maiestas</strong></span> <span class='ocrx_word' id='word_1_273' title='bbox 1288 2643 1416 2694; x_wconf 90' lang='lat' dir='ltr'><strong>omni</strong></span> <span class='ocrx_word' id='word_1_274' title='bbox 1468 2652 1543 2694; x_wconf 89' lang='lat' dir='ltr'><strong>est</strong></span> <span class='ocrx_word' id='word_1_275' title='bbox 1581 2644 1713 2694; x_wconf 88' lang='lat' dir='ltr'><strong>Aetii</strong></span> <span class='ocrx_word' id='word_1_276' title='bbox 1761 2644 2030 2713; x_wconf 89' lang='lat' dir='ltr'><strong>disputandi</strong></span> 
     </span>
     <span class='ocr_line' id='line_1_30' title="bbox 125 2722 2031 2795; baseline 0.003 -23"><span class='ocrx_word' id='word_1_277' title='bbox 125 2723 426 2774; x_wconf 74' lang='lat' dir='ltr'><strong>subtililitate</strong></span> <span class='ocrx_word' id='word_1_278' title='bbox 455 2731 502 2772; x_wconf 89' lang='lat' dir='ltr'><strong>et</strong></span> <span class='ocrx_word' id='word_1_279' title='bbox 535 2722 738 2774; x_wconf 85' lang='lat' dir='ltr'><strong>bumana</strong></span> <span class='ocrx_word' id='word_1_280' title='bbox 768 2724 1041 2775; x_wconf 88' lang='lat' dir='ltr'><strong>conditione</strong></span> <span class='ocrx_word' id='word_1_281' title='bbox 1074 2726 1314 2792; x_wconf 86' lang='lat' dir='ltr'><strong>superior.</strong></span> <span class='ocrx_word' id='word_1_282' title='bbox 1389 2725 1552 2789; x_wconf 91' lang='lat' dir='ltr'><strong>Dens,</strong></span> <span class='ocrx_word' id='word_1_283' title='bbox 1592 2730 1815 2795; x_wconf 86' lang='lat' dir='ltr'><strong>inquam,</strong></span> <span class='ocrx_word' id='word_1_284' title='bbox 1855 2728 2031 2778; x_wconf 83' lang='lat' dir='ltr'><strong>intelli-</strong></span> 
     </span>
     <span class='ocr_line' id='line_1_31' title="bbox 124 2807 2030 2880; baseline 0.003 -24"><span class='ocrx_word' id='word_1_285' title='bbox 124 2807 332 2875; x_wconf 87' lang='lat' dir='ltr'><strong>gentiam</strong></span> <span class='ocrx_word' id='word_1_286' title='bbox 367 2824 554 2857; x_wconf 90' lang='lat' dir='ltr'><strong>omnem</strong></span> <span class='ocrx_word' id='word_1_287' title='bbox 586 2817 874 2876; x_wconf 85' lang='lat' dir='ltr'><strong>exsuperat,</strong></span> <span class='ocrx_word' id='word_1_288' title='bbox 914 2827 1004 2859; x_wconf 90' lang='lat' dir='ltr'><strong>nec</strong></span> <span class='ocrx_word' id='word_1_289' title='bbox 1032 2810 1273 2861; x_wconf 82' lang='lat' dir='ltr'><strong>affectioni</strong></span> <span class='ocrx_word' id='word_1_290' title='bbox 1309 2812 1434 2861; x_wconf 85' lang='lat' dir='ltr'><strong>cedit</strong></span> <span class='ocrx_word' id='word_1_291' title='bbox 1466 2812 1574 2875; x_wconf 91' lang='lat' dir='ltr'><strong>ulli,</strong></span> <span class='ocrx_word' id='word_1_292' title='bbox 1616 2814 1700 2863; x_wconf 87' lang='lat' dir='ltr'><strong>sed</strong></span> <span class='ocrx_word' id='word_1_293' title='bbox 1738 2829 1881 2880; x_wconf 88' lang='lat' dir='ltr'><strong>supra</strong></span> <span class='ocrx_word' id='word_1_294' title='bbox 1912 2811 2030 2861; x_wconf 88' lang='lat' dir='ltr'><strong>affe·</strong></span> 
     </span>
     <span class='ocr_line' id='line_1_32' title="bbox 124 2890 1253 2960; baseline 0.003 -19"><span class='ocrx_word' id='word_1_295' title='bbox 124 2890 331 2942; x_wconf 90' lang='lat' dir='ltr'><strong>ctionem</strong></span> <span class='ocrx_word' id='word_1_296' title='bbox 372 2909 560 2941; x_wconf 91' lang='lat' dir='ltr'><strong>omnem</strong></span> <span class='ocrx_word' id='word_1_297' title='bbox 601 2909 656 2941; x_wconf 89' lang='lat' dir='ltr'><strong>ac</strong></span> <span class='ocrx_word' id='word_1_298' title='bbox 695 2893 1016 2960; x_wconf 86' lang='lat' dir='ltr'><strong>suspicionem</strong></span> <span class='ocrx_word' id='word_1_299' title='bbox 1056 2893 1253 2944; x_wconf 86' lang='lat' dir='ltr'><strong>eminet.</strong></span> 
     </span>
    </p>

    <p class='ocr_par' dir='ltr' id='par_1_3' title="bbox 119 2972 2028 3293">
     <span class='ocr_line' id='line_1_33' title="bbox 261 2972 2028 3046; baseline 0.002 -21"><span class='ocrx_word' id='word_1_300' title='bbox 261 2974 394 3025; x_wconf 90' lang='lat' dir='ltr'><strong>Aetii</strong></span> <span class='ocrx_word' id='word_1_301' title='bbox 423 2972 580 3044; x_wconf 88' lang='lat' dir='ltr'><strong>Caput</strong></span> <span class='ocrx_word' id='word_1_302' title='bbox 616 2974 736 3026; x_wconf 87' lang='lat' dir='ltr'><strong>XV.</strong></span> <span class='ocrx_word' id='word_1_303' title='bbox 814 2974 866 3027; x_wconf 84' lang='lat' dir='ltr'><strong>Si</strong></span> <span class='ocrx_word' id='word_1_304' title='bbox 894 2977 1055 3043; x_wconf 90' lang='lat' dir='ltr'><strong>genita</strong></span> <span class='ocrx_word' id='word_1_305' title='bbox 1083 2977 1276 3030; x_wconf 89' lang='lat' dir='ltr'><strong>soboles</strong></span> <span class='ocrx_word' id='word_1_306' title='bbox 1306 2988 1475 3030; x_wconf 88' lang='lat' dir='ltr'><strong>natura</strong></span> <span class='ocrx_word' id='word_1_307' title='bbox 1508 2981 1566 3030; x_wconf 89' lang='lat' dir='ltr'><strong>ob</strong></span> <span class='ocrx_word' id='word_1_308' title='bbox 1595 2988 1906 3046; x_wconf 85' lang='lat' dir='ltr'><strong>generantem</strong></span> <span class='ocrx_word' id='word_1_309' title='bbox 1941 2978 2028 3028; x_wconf 88' lang='lat' dir='ltr'><strong>im-</strong></span> 
     </span>
     <span class='ocr_line' id='line_1_34' title="bbox 123 3058 2025 3131; baseline 0.002 -23"><span class='ocrx_word' id='word_1_310' title='bbox 123 3058 361 3109; x_wconf 87' lang='lat' dir='ltr'><strong>mutabilis</strong></span> <span class='ocrx_word' id='word_1_311' title='bbox 403 3068 502 3121; x_wconf 87' lang='lat' dir='ltr'><strong>est,</strong></span> <span class='ocrx_word' id='word_1_312' title='bbox 557 3060 681 3128; x_wconf 91' lang='lat' dir='ltr'><strong>quod</strong></span> <span class='ocrx_word' id='word_1_313' title='bbox 720 3060 984 3127; x_wconf 88' lang='lat' dir='ltr'><strong>ingenitum</strong></span> <span class='ocrx_word' id='word_1_314' title='bbox 1025 3069 1100 3111; x_wconf 88' lang='lat' dir='ltr'><strong>est</strong></span> <span class='ocrx_word' id='word_1_315' title='bbox 1138 3062 1407 3114; x_wconf 83' lang='lat' dir='ltr'><strong>substantia</strong></span> <span class='ocrx_word' id='word_1_316' title='bbox 1450 3064 1679 3131; x_wconf 86' lang='lat' dir='ltr'><strong>quaedam</strong></span> <span class='ocrx_word' id='word_1_317' title='bbox 1718 3062 2025 3113; x_wconf 81' lang='lat' dir='ltr'><strong>immutabilis</strong></span> 
     </span>
     <span class='ocr_line' id='line_1_35' title="bbox 121 3143 2027 3215; baseline 0.002 -22"><span class='ocrx_word' id='word_1_318' title='bbox 121 3150 225 3205; x_wconf 90' lang='lat' dir='ltr'><strong>est,</strong></span> <span class='ocrx_word' id='word_1_319' title='bbox 280 3160 374 3193; x_wconf 90' lang='lat' dir='ltr'><strong>non</strong></span> <span class='ocrx_word' id='word_1_320' title='bbox 424 3143 624 3194; x_wconf 87' lang='lat' dir='ltr'><strong>arbitrio</strong></span> <span class='ocrx_word' id='word_1_321' title='bbox 674 3144 985 3211; x_wconf 88' lang='lat' dir='ltr'><strong>cuiusquam,</strong></span> <span class='ocrx_word' id='word_1_322' title='bbox 1042 3146 1126 3195; x_wconf 87' lang='lat' dir='ltr'><strong>sed</strong></span> <span class='ocrx_word' id='word_1_323' title='bbox 1164 3145 1306 3196; x_wconf 89' lang='lat' dir='ltr'><strong>insita</strong></span> <span class='ocrx_word' id='word_1_324' title='bbox 1357 3150 1556 3215; x_wconf 87' lang='lat' dir='ltr'><strong>quadam</strong></span> <span class='ocrx_word' id='word_1_325' title='bbox 1607 3147 1906 3198; x_wconf 83' lang='lat' dir='ltr'><strong>substantiae</strong></span> <span class='ocrx_word' id='word_1_326' title='bbox 1957 3148 2027 3197; x_wconf 87' lang='lat' dir='ltr'><strong>di-</strong></span> 
     </span>
     <span class='ocr_line' id='line_1_36' title="bbox 119 3225 321 3293; baseline 0.005 -17"><span class='ocrx_word' id='word_1_327' title='bbox 119 3225 321 3293; x_wconf 91' lang='lat' dir='ltr'><strong>gnitate.</strong></span> 
     </span>
    </p>

    <p class='ocr_par' dir='ltr' id='par_1_4' title="bbox 119 3307 2023 3466">
     <span class='ocr_line' id='line_1_37' title="bbox 260 3307 2023 3379; baseline 0.003 -17"><span class='ocrx_word' id='word_1_328' title='bbox 260 3307 456 3362; x_wconf 79' lang='lat' dir='ltr'><strong>Couftlt.</strong></span> <span class='ocrx_word' id='word_1_329' title='bbox 487 3310 608 3362; x_wconf 86' lang='lat' dir='ltr'><strong>XV.</strong></span> <span class='ocrx_word' id='word_1_330' title='bbox 686 3311 950 3379; x_wconf 81' lang='lat' dir='ltr'><strong>Quousque</strong></span> <span class='ocrx_word' id='word_1_331' title='bbox 999 3312 1190 3363; x_wconf 88' lang='lat' dir='ltr'><strong>tandem</strong></span> <span class='ocrx_word' id='word_1_332' title='bbox 1223 3316 1387 3365; x_wconf 86' lang='lat' dir='ltr'><strong>eadem</strong></span> <span class='ocrx_word' id='word_1_333' title='bbox 1426 3314 1564 3365; x_wconf 90' lang='lat' dir='ltr'><strong>nobis</strong></span> <span class='ocrx_word' id='word_1_334' title='bbox 1596 3314 1879 3378; x_wconf 86' lang='lat' dir='ltr'><strong>inculcabit,</strong></span> <span class='ocrx_word' id='word_1_335' title='bbox 1935 3333 2023 3367; x_wconf 81' lang='lat' dir='ltr'><strong>nec</strong></span> 
     </span>
     <span class='ocr_line' id='line_1_38' title="bbox 119 3393 2021 3466; baseline 0.004 -23"><span class='ocrx_word' id='word_1_336' title='bbox 119 3393 177 3443; x_wconf 90' lang='lat' dir='ltr'><strong>ab</strong></span> <span class='ocrx_word' id='word_1_337' title='bbox 204 3393 263 3445; x_wconf 90' lang='lat' dir='ltr'><strong>iis</strong></span> <span class='ocrx_word' id='word_1_338' title='bbox 290 3413 410 3462; x_wconf 90' lang='lat' dir='ltr'><strong>quae</strong></span> <span class='ocrx_word' id='word_1_339' title='bbox 436 3405 575 3446; x_wconf 89' lang='lat' dir='ltr'><strong>antea</strong></span> <span class='ocrx_word' id='word_1_340' title='bbox 606 3397 849 3465; x_wconf 88' lang='lat' dir='ltr'><strong>proposita</strong></span> <span class='ocrx_word' id='word_1_341' title='bbox 879 3404 990 3447; x_wconf 87' lang='lat' dir='ltr'><strong>sunt</strong></span> <span class='ocrx_word' id='word_1_342' title='bbox 1017 3396 1258 3447; x_wconf 89' lang='lat' dir='ltr'><strong>diversum</strong></span> <span class='ocrx_word' id='word_1_343' title='bbox 1291 3399 1493 3448; x_wconf 83' lang='lat' dir='ltr'><strong>afferet?</strong></span> <span class='ocrx_word' id='word_1_344' title='bbox 1565 3396 1692 3448; x_wconf 83' lang='lat' dir='ltr'><strong>Nam</strong></span> <span class='ocrx_word' id='word_1_345' title='bbox 1728 3416 1849 3466; x_wconf 90' lang='lat' dir='ltr'><strong>quae</strong></span> <span class='ocrx_word' id='word_1_346' title='bbox 1887 3399 2021 3451; x_wconf 87' lang='lat' dir='ltr'><strong>initio</strong></span> 
     </span>
    </p>
   </div>
   <div class='ocr_carea' id='block_1_3' title="bbox 118 3535 1351 3585">
    <p class='ocr_par' dir='ltr' id='par_1_5' title="bbox 118 3535 1351 3585">
     <span class='ocr_line' id='line_1_39' title="bbox 118 3535 1351 3585; baseline 0.003 -13"><span class='ocrx_word' id='word_1_347' title='bbox 118 3535 299 3573; x_wconf 81' lang='lat' dir='ltr'><strong>librorum</strong></span> <span class='ocrx_word' id='word_1_348' title='bbox 333 3537 523 3585; x_wconf 74' lang='lat' dir='ltr'><strong>scriptura</strong></span> <span class='ocrx_word' id='word_1_349' title='bbox 565 3541 627 3576; x_wconf 76' lang='lat' dir='ltr'><strong>est.</strong></span> <span class='ocrx_word' id='word_1_350' title='bbox 689 3538 898 3576; x_wconf 82' lang='lat' dir='ltr'><strong>Cornarius</strong></span> <span class='ocrx_word' id='word_1_351' title='bbox 938 3537 1046 3574; x_wconf 73' lang='lat' dir='ltr'><strong>vertit</strong></span> <span class='ocrx_word' id='word_1_352' title='bbox 1101 3538 1190 3575; x_wconf 77' lang='lat' dir='ltr'><strong>edit.</strong></span> <span class='ocrx_word' id='word_1_353' title='bbox 1223 3539 1351 3576; x_wconf 79' lang='lat' dir='ltr'><strong>Pelav</strong></span> 
     </span>
    </p>
   </div>
   <div class='ocr_carea' id='block_1_4' title="bbox 118 3587 2023 3761">
    <p class='ocr_par' dir='ltr' id='par_1_6' title="bbox 118 3587 2023 3761">
     <span class='ocr_line' id='line_1_40' title="bbox 118 3587 1606 3644; baseline 0.004 -17"><span class='ocrx_word' id='word_1_354' title='bbox 118 3587 219 3628; x_wconf 83' lang='lat' dir='ltr'><strong>citra</strong></span> <span class='ocrx_word' id='word_1_355' title='bbox 258 3589 549 3638; x_wconf 81' lang='lat' dir='ltr'><strong>afflictionem,</strong></span> <span class='ocrx_word' id='word_1_356' title='bbox 597 3606 728 3644; x_wconf 84' lang='lat' dir='ltr'><strong>neque</strong></span> <span class='ocrx_word' id='word_1_357' title='bbox 766 3590 930 3631; x_wconf 81' lang='lat' dir='ltr'><strong>affectui</strong></span> <span class='ocrx_word' id='word_1_358' title='bbox 964 3590 1043 3629; x_wconf 78' lang='lat' dir='ltr'><strong>ob-</strong></span> <span class='ocrx_word' id='word_1_359' title='bbox 1162 3594 1196 3631; x_wconf 90' lang='lat'><strong>1.</strong></span> <span class='ocrx_word' id='word_1_360' title='bbox 1227 3590 1314 3633; x_wconf 79' lang='grc' dir='ltr'>ἐστι</span> <span class='ocrx_word' id='word_1_361' title='bbox 1343 3596 1446 3633; x_wconf 74' lang='lat' dir='ltr'><strong>abest</strong></span> <span class='ocrx_word' id='word_1_362' title='bbox 1473 3607 1606 3643; x_wconf 83' lang='lat' dir='ltr'><strong>supra.</strong></span> 
     </span>
     <span class='ocr_line' id='line_1_41' title="bbox 119 3644 2023 3700; baseline 0.005 -17"><span class='ocrx_word' id='word_1_363' title='bbox 119 3644 279 3686; x_wconf 86' lang='lat' dir='ltr'><strong>noxius.</strong></span> <span class='ocrx_word' id='word_1_364' title='bbox 339 3648 438 3686; x_wconf 87' lang='lat' dir='ltr'><strong>Olim</strong></span> <span class='ocrx_word' id='word_1_365' title='bbox 470 3650 655 3696; x_wconf 77' lang='lat' dir='ltr'><strong>putabam</strong></span> <span class='ocrx_word' id='word_1_366' title='bbox 686 3645 844 3699; x_wconf 67' lang='grc' dir='ltr'>καμών</span> <span class='ocrx_word' id='word_1_367' title='bbox 1157 3648 1194 3686; x_wconf 75' lang='lat'><strong>2.</strong></span> <span class='ocrx_word' id='word_1_368' title='bbox 1230 3650 1385 3688; x_wconf 77' lang='lat' dir='ltr'><strong>Correxi</strong></span> <span class='ocrx_word' id='word_1_369' title='bbox 1420 3647 1465 3692; x_wconf 79' lang='grc' dir='ltr'><strong>τὸ</strong></span> <span class='ocrx_word' id='word_1_370' title='bbox 1507 3662 1554 3690; x_wconf 81' lang='lat' dir='ltr'><strong>ex</strong></span> <span class='ocrx_word' id='word_1_371' title='bbox 1589 3653 1858 3700; x_wconf 78' lang='lat' dir='ltr'><strong>superioribus.</strong></span> <span class='ocrx_word' id='word_1_372' title='bbox 1915 3653 2023 3693; x_wconf 74' lang='lat' dir='ltr'><strong>libri</strong></span> 
     </span>
     <span class='ocr_line' id='line_1_42' title="bbox 174 3699 2020 3761; baseline 0.005 -20"><span class='ocrx_word' id='word_1_373' title='bbox 174 3700 212 3740; x_wconf 71' lang='lat' dir='ltr'>Q</span> <span class='ocrx_word' id='word_1_374' title='bbox 247 3699 541 3755; x_wconf 84' lang='grc' dir='ltr'>βουλευόμενος</span> <span class='ocrx_word' id='word_1_375' title='bbox 569 3705 679 3742; x_wconf 82' lang='lat' dir='ltr'><strong>codd.</strong></span> <span class='ocrx_word' id='word_1_376' title='bbox 710 3716 799 3742; x_wconf 86' lang='lat' dir='ltr'><strong>mss.</strong></span> <span class='ocrx_word' id='word_1_377' title='bbox 831 3708 996 3753; x_wconf 73' lang='lat' dir='ltr'><strong>uterque</strong></span> <span class='ocrx_word' id='word_1_378' title='bbox 1101 3706 1200 3742; x_wconf 78' lang='lat' dir='ltr'><strong>enim</strong></span> <span class='ocrx_word' id='word_1_379' title='bbox 1238 3705 1297 3743; x_wconf 81' lang='lat' dir='ltr'><strong>hic</strong></span> <span class='ocrx_word' id='word_1_380' title='bbox 1334 3707 1450 3756; x_wconf 58' lang='lat' dir='ltr'><strong>virgo</strong></span> <span class='ocrx_word' id='word_1_381' title='bbox 1489 3704 1557 3748; x_wconf 58' lang='grc' dir='ltr'><strong>τὸν</strong></span> <span class='ocrx_word' id='word_1_382' title='bbox 1592 3701 1634 3748; x_wconf 83' lang='grc' dir='ltr'><strong>οἷ</strong></span> <span class='ocrx_word' id='word_1_383' title='bbox 1631 3706 1838 3761; x_wconf 85' lang='grc' dir='ltr'><strong>έννητον,</strong></span> <span class='ocrx_word' id='word_1_384' title='bbox 1898 3704 2020 3751; x_wconf 78' lang='grc' dir='ltr'>ουσία</span> 
     </span>
    </p>
   </div>
   <div class='ocr_carea' id='block_1_5' title="bbox 180 3756 1187 3810">
    <p class='ocr_par' dir='ltr' id='par_1_7' title="bbox 180 3756 1187 3810">
     <span class='ocr_line' id='line_1_43' title="bbox 180 3756 1187 3810; baseline 0.006 -15"><span class='ocrx_word' id='word_1_385' title='bbox 180 3758 240 3796; x_wconf 84' lang='lat'><strong>10</strong></span> <span class='ocrx_word' id='word_1_386' title='bbox 272 3757 350 3810; x_wconf 76' lang='grc' dir='ltr'><strong>τῆς</strong></span> <span class='ocrx_word' id='word_1_387' title='bbox 377 3759 485 3797; x_wconf 83' lang='lat' dir='ltr'><strong>codd.</strong></span> <span class='ocrx_word' id='word_1_388' title='bbox 518 3770 607 3798; x_wconf 86' lang='lat' dir='ltr'><strong>mss.</strong></span> <span class='ocrx_word' id='word_1_389' title='bbox 648 3762 682 3797; x_wconf 81' lang='lat' dir='ltr'><strong>et</strong></span> <span class='ocrx_word' id='word_1_390' title='bbox 709 3760 767 3798; x_wconf 84' lang='lat' dir='ltr'><strong>ed.</strong></span> <span class='ocrx_word' id='word_1_391' title='bbox 794 3762 914 3809; x_wconf 81' lang='lat' dir='ltr'><strong>princ.</strong></span> <span class='ocrx_word' id='word_1_392' title='bbox 973 3756 1044 3800; x_wconf 77' lang='grc' dir='ltr'><strong>καὶ</strong></span> <span class='ocrx_word' id='word_1_393' title='bbox 1100 3760 1187 3803; x_wconf 84' lang='grc' dir='ltr'><strong>κτλ.</strong></span> 
     </span>
    </p>
   </div>
  </div>
 </body>
</html>
