2508 4134
412 256 513 309 396
1117 269 1318 312 SANCTl
1348 271 1629 313 EPJPHANH

411 361 577 431 ψυχὴν
611 360 704 431 εἶχε
732 362 821 431 τὴν
849 363 1192 434 ἀνθρωπείαν,
1244 366 1303 419 οὗ
1333 367 1530 430 πάντως
1559 366 1658 422 ἀπὸ
1692 373 1781 423 τοῦ
1807 370 1922 433 νοός
1953 370 2334 440 ἠχμαλωτεύετο.

411 451 482 500 Εἰ
500 447 593 519 γάρ
619 446 648 502 ό
670 447 791 502 κατά
811 449 962 516 φύσιν
984 453 1112 504 ἰ’διον
1132 457 1254 505 νοῦν
1278 455 1573 522 κεκτημένος
1595 452 1867 518 ἀπόστολος
1885 456 1969 510 τὸν
1994 456 2334 528 ἀνθρώπινον,

408 534 492 586 καὶ
531 532 617 586 τόν
658 536 712 588 ἐκ
750 541 1056 603 συμμετοχῆς
1095 539 1282 607 δωρεᾶς
1322 540 1403 591 καὶ
1444 542 1739 609 χαρίσματος
1773 543 1856 594 καὶ
1891 541 2115 613 χάριτος,
2169 540 2335 598 οὐκέτι

406 617 531 671 κατά
570 617 656 673 τόν
683 625 806 673 νοῦν
834 619 919 674 τόν
956 624 1085 674 ἴδιον
1113 621 1441 689 ἐπολιτεύετο,
1494 621 1590 676 ἀλλ’
1618 622 1983 701 ὖπερβαινούσῃ
2013 630 2106 682 τινὶ
2136 626 2335 695 φύσεως

408 701 574 778 ἀγωγῇ
601 710 667 777 τῷ
695 711 914 775 Χριστοῦ
938 712 1007 780 νῷ
1030 717 1391 776 κατεκοσμεῖτο,
1429 707 1568 780 πόσῳ
1596 730 1651 779 γε
1675 716 1856 777 μᾶλλον
1882 710 1913 765 ό
1936 711 2058 776 θεός
2081 712 2243 784 λόγος,
2281 715 2337 768 ἐν

406 791 563 862 ἑαυτῷ
588 792 710 858 ἔχων
730 790 819 858 τὴν
842 798 1006 845 πᾶσαν
1028 792 1315 861 τελειότητα,
1354 793 1654 857 αὐτοτέλειος
1677 794 1763 861 ὢν,
1801 795 2046 860 αὖτόθεος
2072 796 2158 864 ὦν,
2190 799 2338 853 αὐτο-

411 874 648 943 δύναμις,
694 882 719 913 2
737 874 1004 945 αὖτόνους,
1048 885 1069 916 3
1090 876 1348 945 αὕτόφως,
1400 881 1484 931 καὶ
1510 885 1598 932 τοῦ
1633 886 1726 933 νοῦ
1753 883 1838 933 καὶ
1866 880 2051 945 παντὸς
2076 888 2104 919 4
2125 889 2214 937 τοῦ
2242 883 2337 938 ‹5⁰5-

410 983 563 1028 ματος
598 960 855 1031 πληρωτὴς
882 965 1096 1033 ἐγένετο,
1149 970 1330 1031 μᾶλλον
1359 964 1411 1016 δὲ
1436 963 1711 1032 τελειωτής,
1763 967 1848 1018 καὶ
1876 968 1928 1020 ἐν
1957 965 2111 1022 ἅπασι
2141 967 2224 1022 διὰ
2249 976 2337 1038 τῆς

409 1045 566 1099 αὐτοῦ
608 1048 849 1118 ε’νσάρκου
894 1052 1170 1118 παρουσίας
1212 1046 1330 1116 ἡμῖν
1369 1048 1423 1102 τό
1470 1048 1711 1120 σωτήριον
1754 1050 2085 1122 ἐξειργάσατο,
2175 1059 2337 1124 Παρε-

406 1134 601 1185 νεκτέον
627 1137 794 1187 τοίνυν
819 1133 904 1188 τόν
930 1140 1157 1188 τοιοῦτον
1181 1134 1350 1204 λόγον,
1390 1132 1457 1202 μὴ
1485 1129 1654 1203 ἔχοντα
1681 1138 1894 1203 ἔμφασιν
1918 1139 2030 1206 περὶ
2059 1144 2148 1207 τῆς
2174 1140 2338 1194 τοιαύ-

405 1239 492 1285 της
527 1216 842 1283 ὑποθέσεως,
894 1222 980 1273 καὶ
1019 1221 1338 1291 παρενεκτέον
1380 1218 1434 1273 τὸ
1479 1218 1547 1288 μὴ
1594 1218 1852 1291 ὁμολογεῖν
1893 1221 2055 1286 πάντα
2095 1226 2247 1279 τέλεια
2285 1227 2337 1279 ἐν

409 1309 629 1377 Χριστῷ,
670 1303 788 1358 ἄνευ
816 1302 1067 1375 ἁμαρτίας.
1145 1303 1319 1357 Πάντα
1349 1304 1441 1375 γάρ
1473 1306 1727 1374 ἀληθινῶς
1754 1309 1980 1375 ἐποίησεν
2012 1307 2173 1363 ἐλθών
2203 1307 2233 1363 ὁ
2256 1309 2336 1365 λό-

406 1411 516 1459 γος,
565 1388 626 1442 τοὶ
654 1391 1057 1461 προγεγραμμένα
1093 1392 1206 1460 περὶ
1248 1390 1446 1444 5αὐτοῦ
1474 1398 1691 1458 τελειοῦν,
1742 1391 1867 1445 κατά
1895 1391 1950 1447 τό
1982 1397 2335 1464 γεγραμμένον,

395 1474 530 1528 Ἰδού
557 1473 592 1543 ἦ
618 1477 873 1546 παρθένος
912 1478 964 1528 έν
993 1477 1163 1546 γαστρὶ
1192 1477 1310 1541 ἕξει,
1360 1478 1444 1529 καὶ
1475 1475 1536 1529 τά
1562 1479 1697 1546 ἑξῆς·
1749 1480 1799 1532 ἐν
1826 1474 2037 1552 ἀληθείᾳ
2069 1482 2337 1550 ἔγκυμονη-

406 1562 546 1624 θεὶς,
583 1563 668 1614 καὶ
697 1559 790 1615 οῦκ
817 1564 869 1615 ἐν
898 1560 1120 1629 δοκήσει,
1158 1562 1615 1630 συλλαμβανόμενος
1644 1565 1695 1617 έν
1721 1565 1887 1634 γαστρὶ
1915 1566 1968 1617 έν
1990 1564 2224 1638 ἀληθείᾳ,
2263 1568 2336 1620 έν-

404 1649 576 1713 δημῶν
609 1649 751 1717 σαρκὶ
779 1649 832 1700 ἐν
864 1647 1090 1719 ἀληθεία,
1131 1645 1288 1714 σάρκα
1314 1649 1435 1715 ἔχων
1461 1650 1540 1701 καὶ
1573 1647 1740 1717 ψυχὴν
1766 1651 1819 1702 ἐν
1844 1647 2068 1723 ἀληθείᾳ,
2105 1653 2188 1704 καὶ
2215 1657 2338 1706 νοῦν

406 1733 458 1784 ἒν
481 1729 715 1805 ἀληθείᾳ,
770 1733 854 1784 καὶ
883 1731 1045 1787 πάντα
1072 1735 1120 1785 εἴ
1135 1736 1180 1785 τί
1208 1734 1306 1786 ἔστι
1334 1731 1608 1803 ἅνθρωπος
1637 1737 1689 1787 ἐν
1720 1733 1958 1807 ἀληθείᾳ,
2010 1737 2158 1805 χωρὶς
2185 1733 2338 1807 ἆμαρ-

404 1820 522 1879 τίας.
599 1821 699 1870 Καὶ
726 1819 1073 1888 γεγεννημένος
1099 1820 1154 1871 ἐκ
1179 1825 1489 1888 παρθενικῆς
1513 1819 1698 1889 μήτρας
1720 1822 1805 1873 καὶ
1829 1818 1971 1890 ἀγίας
1996 1823 2256 1892 παρθένου
2282 1825 2337 1876 ἐν

403 1902 641 1975 ἀληθείᾳ,
693 1904 787 1956 οὐκ
826 1906 879 1957 ἐκ
922 1905 1201 1972 σπέρματος
1237 1902 1444 1974 ἀνδρὸς,
1497 1908 1550 1959 ἐν
1582 1905 1793 1979 ἀληθεία
1827 1907 1880 1960 δὲ
1907 1906 2066 1977 σάρκα
2104 1909 2224 1975 ἔχων
2251 1909 2336 1960 καὶ

402 1987 569 2057 ψυχὴν
595 1991 681 2042 καὶ
706 1995 854 2055 νοῦν,
906 1987 974 2051 ὥς
1004 1992 1160 2058 ἔφην,
1211 1991 1296 2042 καὶ
1328 1988 1412 2043 διά
1436 1996 1533 2044 τῶν
1557 1998 1820 2045 τοκετικῶν
1849 1991 2020 2062 πόρων
2045 1994 2100 2046 έν
2126 1989 2339 2065 ἀληθείᾳ

408 2072 813 2145 θεῦρισκόμενος,
866 2077 949 2129 καὶ
984 2077 1035 2128 ἐν
1060 2074 1225 2149 φάτνῃ
1257 2077 1308 2129 ἐν
1340 2074 1549 2149 ἀληθεία
1579 2076 2037 2148 σπαργανούμενος,
2093 2075 2189 2132 ὗπὸ
2219 2084 2338 2130 Μα-

401 2164 510 2230 ρίας
538 2160 922 2230 βασταζόμενος,
961 2162 1046 2214 καὶ
1078 2163 1128 2214 ἐν
1157 2159 1397 2234 Αἰγύπτῳ
1430 2161 1807 2230 κατερχόμενος,
1845 2164 1929 2215 καὶ
1957 2160 2043 2215 ἀπ’
2073 2162 2336 2233 Αἰγύπτου

401 2247 821 2317 μεταφερόμενος,
859 2249 946 2300 καὶ
973 2249 1041 2309 εἰς
1071 2247 1295 2314 Ναζαρὲτ
1322 2245 1762 2316 ἀναστρεφόμενος,
1801 2249 1885 2301 καὶ
1915 2250 1968 2301 έν
1983 2247 2215 2322 Ἰορδάνῃ
2243 2270 2334 2302 πα-

401 2332 747 2403 ραγενόμενος,
785 2334 867 2386 καὶ
901 2330 1001 2386 ὑπό
1031 2330 1262 2385 Ἰωάννου
1288 2332 1669 2401 βαπτιζόμενος,
1708 2335 1792 2386 καὶ
1820 2331 1918 2386 find
1951 2333 2204 2402 Διαβόλου
2232 2355 2335 2388 πει-

401 2419 693 2489 ραζόμενος,
731 2420 815 2471 καὶ
845 2416 1076 2485 μαθητάς
1106 2416 1420 2487 ἐκλεγόμενος
1450 2420 1501 2471 ἐν
1529 2419 1765 2490 ἀληθείᾳ,
1791 2421 1889 2472 -καὶ
1917 2422 2164 2486 βασιλείαν
2190 2417 2338 2490 οὖρα-

176 2528 259 2564 pag.
284 2517 378 2554 1⁰3⁰.
404 2511 505 2557 νῶν
531 2504 771 2574 κηρύξας,
813 2501 880 2565 ὥς
906 2502 966 2556 τά
995 2503 1156 2555 πάντα
1183 2505 1235 2555 ἐν
1265 2502 1474 2576 ἀληθείᾳ
1504 2502 1798 2573 εὑρίσκεται,
1837 2503 1938 2558 ὖπό
1968 2526 2016 2558 τε
2044 2504 2218 2578 Ἰούδᾳ
2245 2526 2337 2558 πα-

401 2589 747 2659 ραδιδόμενος,
803 2591 887 2642 καὶ
931 2586 1029 2641 ind
1072 2586 1325 2642 Ἰουδαίων
1364 2588 1847 2657 συλλαμβανόμενος,
1891 2594 2092 2664 Ποντίῳ
2131 2589 2335 2664 Πιλάτῳ

400 2674 819 2745 προςφερόμενος,
860 2676 943 2727 καὶ
971 2672 1055 2726 ὑπ’
1080 2674 1239 2727 αὐτοῦ
1261 2674 1467 2747 θανάτῳ
1494 2675 1923 2744 κατακρινόμενος,
1963 2682 2158 2748 σταυρῷ
2183 2698 2338 2746 παρα-

402 2760 674 2828 διδόμενος,
714 2766 885 2827 Διψῶ,
923 2761 1090 2830 λέγων,
1130 2759 1240 2812 δότε
1271 2782 1356 2826 μοι
1393 2768 1539 2824 πιεῖν,
1579 2763 1631 2814 ε’ν
1664 2762 1891 2834 ἀληθείᾳ,
1927 2759 2190 2828 λαμβάνων
2221 2759 2337 2824 ὅξος

401 2845 519 2914 μετά
544 2851 711 2914 χολῆς,
749 2844 1038 2915 γενόμενος,
1079 2847 1162 2898 καὶ
1193 2847 1361 2913 μηκέτι
1395 2845 1552 2899 ποτόν
1583 2848 1924 2916 προςιέμενος,
1963 2852 2159 2919 σταυρῷ
2189 2868 2338 2917 προς-

401 2930 735 3002 πηγνύμενος,
790 2933 841 2984 ἐν
865 2929 1073 3003 ἀληθεία
1110 2930 1329 2999 κράζων,
1378 2929 1513 2996 Ἠλὶ,
1563 2931 1667 3000 ἧλὶ,
1725 2937 1897 3000 7λημοῖ
1931 2934 2234 3000 σαβαχθανὶ,
2285 2934 2338 2986 ἓν

402 3015 613 3089 ἀληθείᾳ
640 3021 818 3070 κλίνων
849 3016 940 3084 τὴν
962 3015 1205 3084 κεφαλὴν,
1243 3018 1325 3069 καὶ
1357 3018 1599 3082 ἐκπνέων,
1639 3020 1692 3071 ἐν
1718 3018 1928 3090 ἀληθείᾳ
1956 3016 2010 3070 τὸ
2043 3022 2185 3084 σῶμα
2214 3023 2337 3071 8κα-

402 3102 763 3171 θαιρούμενος,
801 3104 885 3155 καὶ
915 3101 1292 3170 λαμβανόμενον
1319 3104 1371 3154 ἐν
1403 3101 1633 3175 ἀληθείᾳ,
1669 3105 1753 3156 καὶ
1781 3102 2088 3169 ἑλισσόμενον
2113 3099 2211 3155 ὖπὸ
2246 3108 2336 3156 τοῦ

399 3186 609 3254 Ἰωσὴφ,
661 3190 747 3240 καὶ
791 3190 842 3241 ἐν
886 3186 1098 3254 μνήματι
1141 3189 1401 3254 τιθέμενον
1431 3189 1484 3240 ἐν
1516 3185 1750 3261 ἀληθείᾳ,
1799 3192 1925 3260 λίθῳ
1951 3187 2333 3255 ἠσφαλισμένον,

402 3272 752 3342 κατερχόμενος
796 3275 845 3326 ἐν
874 3272 1073 3340 θεότητι
1114 3271 1204 3326 σῦν
1234 3278 1370 3346 ψυχῇ
1400 3275 1468 3334 εἰς
1495 3270 1651 3346 ᾅδου,
1698 3275 1783 3326 καὶ
1809 3272 1940 3326 λύων
1968 3274 2337 3341 πεπεδημένους

404 3361 454 3412 ἐν
478 3355 680 3431 ἀνδρεία
702 3360 783 3411 καὶ
815 3361 866 3411 ἐν
890 3358 1110 3426 δυνάμει,
1149 3357 1472 3428 ἀνερχόμενος
1495 3357 1618 3420 θεὸς
1650 3357 1820 3429 9λόγος
1846 3355 1936 3410 σῦν
1956 3365 2095 3431 ψυχῇ
2117 3366 2176 3432 τῇ
2200 3357 2334 3432 άγίᾳ,

457 3589 496 3628 2.
531 3590 652 3640 Vulyo
682 3584 891 3636 αὖτονοῢς.
1452 3588 1490 3631 6.
1522 3590 1706 3638 Suspicor
1733 3582 2011 3639 ἑλισσόμενος.
2044 3589 2228 3629 Petavius
2245 3598 2335 3628 con-

460 3644 498 3685 3.
530 3641 727 3698 αὖτοφῶς
756 3647 813 3685 ed.
843 3649 967 3696 princ.
1399 3648 1537 3686 iciebat
1558 3640 1827 3697 τικτόμενος,
1866 3646 2083 3685 Gataherus
2108 3647 2208 3695 Opp.
2239 3646 2333 3685 Grit.

461 3698 499 3740 4.
530 3703 600 3742 τοῦ
633 3705 760 3742 omiss.
792 3705 833 3742 in
863 3705 924 3744 ed.
957 3706 1092 3744 Pelav.
1121 3705 1254 3743 Colon.
1283 3713 1343 3743 re·
1397 3701 1551 3753 p.&l‘2.
1582 3696 1910 3754 ἐκπορευόμενος
1935 3703 1995 3740 vel
2024 3698 2304 3755 ἐκδιδόμενος.

402 3762 479 3809 pet.
1452 3757 1490 3800 7.
1522 3756 1661 3810 λημᾶς
1688 3752 1896 3811 ἀβαχῇανὶ
1921 3759 2031 3797 codd.
2061 3770 2151 3798 mss.
2178 3761 2334 3807 uterque

462 3814 501 3854 5.
533 3810 661 3855 αὗτοῦ
691 3817 750 3856 ed.
780 3818 912 3859 Pelav.
1397 3818 1430 3854 et
1452 3815 1513 3853 ed.
1538 3816 1662 3864 princ.
1681 3843 1693 3863 ,
1723 3815 1781 3853 uti
1807 3815 1938 3854 solent.
