2508 4134
524 256 627 307 670
1097 267 1367 309 ADDENDA
1395 268 1470 311 ET
1500 268 1870 311 coRmGENDA.

523 361 691 407 ἀπειλεῖ
712 359 981 414 θάνατον,-’τό
1010 362 1058 409 δὲ
1080 361 1272 420 δεύτερον
1297 362 1438 411 οὐκέτι
1460 366 1660 418 θάνατον,
1690 364 1823 417 ἀλλὰ,
1853 367 1894 410 Γ
1894 367 1925 422 ἦ
1942 364 2021 419 -εἷ,
2051 368 2124 414 καὶ
2149 369 2209 420 εἰς
2230 369 2312 426 γῆν
2331 364 2442 414 ἀπε-

522 429 652 491 λεύοῃ
667 466 680 489 ,
726 431 787 489 μή
820 433 1139 490 παραδεδωκώς
1166 434 1334 493 θανάτῳ
1363 435 1432 481 τὸν
1460 433 1689 494 ἄνθρωπον.
1748 437 1838 481 Καὶ
1863 434 1958 493 μεθ’
1988 437 2108 496 ἔτερα
2135 441 2180 496 (l.
2201 441 2241 484 8.
2266 441 2318 482 ab
2344 440 2438 496 inf.)

520 507 608 549 κτλ.
640 529 692 537 -
749 505 776 546 l.
794 506 832 550 7.
862 506 913 547 ab
938 505 1014 548 inf.
1045 502 1199 556 αὐτοὺς
1234 503 1315 552 ἀπὸ
1342 507 1415 552 τοῦ
1441 510 1544 550 Ven.
1607 509 1723 550 Idem
1752 508 1779 550 l.
1801 509 1840 552 6.
1871 509 1922 550 ab
1949 509 2024 552 inf.
2054 507 2087 567 ἦ
2110 509 2223 567 παρὰ
2252 511 2318 556 σοὶ
2341 527 2440 556 και-

519 591 600 620 νοτ.
631 575 886 632 κενοφωνία,
916 574 1114 632 Ὠρίγενε
1144 577 1259 632 (sic).
1317 577 1414 634 Πρὸ
1444 577 1579 623 πόσου
1609 577 1689 635 γὰρ
1722 581 1826 621 Ven.

632 648 761 705 Pag.
796 647 921 693 358.
978 647 1005 689 l.
1035 650 1071 690 1.
1116 644 1477 705 ἀναπεπτάμενοςς
1520 648 1649 694 πόθεν
1688 648 1944 705 ἐστηλπῶθη
1987 651 2077 707 (sic)
2107 655 2214 696 Ven.
2244 678 2299 687 —
2349 654 2383 695 .1.
2400 654 2439 697 3.

519 712 648 762 ι’)’ντων
672 718 871 774 γενομένη
901 716 983 764 ἀπὸ
1019 720 1124 762 ven.
1181 720 1296 762 Idem
1330 722 1435 763 liber
1460 721 1488 763 l.
1511 719 1549 763 4.
1580 721 1694 761 delet
1716 711 1778 778 τῷ
1808 729 1904 762 ante
1933 723 2046 779 θεῷ,
2090 733 2133 765 et
2152 724 2238 768 .1,5,
2266 725 2348 769 τῶν
2370 739 2440 769 νε-

518 791 657 845 φελῶν
682 786 714 844 τί
743 788 959 839 σύστασις.
991 814 1040 822 -
1100 791 1129 833 l.
1148 791 1189 835 6.
1221 796 1390 841 σκνῖπος
1419 792 1515 847 (sic)
1542 793 1648 834 Ven.
1676 815 1733 823 —
1787 791 1816 832 l.
1840 792 1880 834 8.
1923 793 2441 853 μετέβαλενέῲυχωμένον

518 862 624 902 Ven.
682 860 797 901 Idem
818 860 845 901 l.
868 860 906 904 9.
947 869 1087 903 tuetur
1104 862 1226 918 -quod
1248 863 1361 903 edidi
1385 861 1432 907 τὸ
1460 862 1521 912 εἰς
1545 860 1677 919 χιόνα.
1712 886 1762 893 -
1821 862 1937 904 Idem
1968 864 2069 907 ibid.
2106 864 2176 909 >eal
2202 864 2250 910 τὸ
2274 863 2441 921 ’ἠθέλη-

518 943 601 974 σεν.
634 954 686 962 -—-
756 931 783 971 l.
808 932 871 974 13.
914 928 1112 982 πολλάκις
1151 931 1256 989 ἔφην
1301 935 1403 974 ven.
1462 932 1659 983 πολλάκις
1698 932 1859 989 ἔφημεν
1897 936 1986 977 Bas.
2022 959 2072 967 —
2140 935 2169 977 l.
2192 937 2254 980 18.
2293 934 2440 993 φωνην

518 998 743 1060 ἐπᾴδοντος
781 1005 1057 1058 φἀρμακοῦτε
1096 1018 1229 1060 φαρμ.
1269 1006 1376 1046 Ven.
1435 1006 1549 1054 Quae
1590 1004 1792 1060 scriptura
1830 1005 1998 1048 omnino
2026 1006 2162 1048 firmat
2193 1007 2305 1063 quod
2330 1008 2441 1049 edidi

518 1073 814 1130 φαρμακοῢταί
835 1083 883 1117 τε
909 1088 1041 1129 φαρμ.
1071 1098 1127 1107 -
1183 1074 1210 1116 l.
1228 1075 1296 1117 25.
1325 1071 1557 1126 τεύξασθαι
1585 1075 1672 1116 BaS.
1705 1100 1757 1107 —
1814 1077 1840 1117 l.
1862 1077 2017 1132 penult.
2049 1076 2091 1122 ἐν
2113 1080 2277 1129 πολλοῖς
2298 1076 2441 1128 τόποις

517 1144 586 1186 alii
614 1145 658 1186 in
686 1145 776 1186 cod.
806 1145 1066 1186 invenerunt.

629 1217 760 1274 rag.
784 1217 913 1260 36⁰.
970 1215 998 1257 1.
1024 1217 1059 1257 1.
1095 1213 1187 1258 ἐστὶ
1209 1216 1401 1273 βασιλεία
1424 1216 1492 1258 ani
1517 1217 1706 1273 legerunt
1727 1218 1768 1259 in
1794 1218 1885 1261 cod.
1917 1242 1969 1251 -
2026 1220 2056 1261 1.
2077 1220 2148 1263 ιο.
2173 1206 2440 1276 μυεοποιειαν

517 1287 610 1330 cod.
644 1311 696 1319 -
753 1287 780 1328 l.
807 1286 868 1329 13.
899 1284 948 1330 ἐκ
972 1287 1045 1331 τοῦ
1071 1287 1258 1342 καθαροῦ
1283 1287 1473 1343 legerunt
1498 1289 1581 1331 alii.
1645 1290 1804 1331 Deinde
1831 1290 1987 1346 corrige
2012 1287 2318 1346 ἀκαταζητατά
2337 1289 2440 1335 ἐστι.

516 1382 567 1391 ——
599 1359 627 1400 l.
650 1357 713 1401 16.
742 1354 855 1412 παρὰ
884 1358 963 1412 τῆς
986 1358 1181 1413 κναφέως
1206 1358 1274 1399 alii
1300 1359 1501 1415 legerunt.
1536 1384 1586 1391 —
1645 1360 1672 1403 l.
1688 1360 1755 1404 28.
1797 1357 2035 1417 ἐπεζήτησε
2060 1366 2265 1406 κοινωνεῖν
2289 1360 2367 1417 τὴν
2391 1361 2441 1405 ἐκ

514 1427 588 1474 τοῦ
626 1430 730 1471 Ven.
790 1428 905 1470 Idem
930 1429 958 1469 l.
977 1428 1049 1471 29.
1090 1426 1189 1474 οῦδὲ
1224 1431 1401 1485 φθεῖραν
1444 1431 1571 1487 (corr.
1610 1432 1786 1488 φθεῖρα)
1826 1430 1905 1488 τήν
1934 1431 1979 1484 ἐξ
2015 1428 2152 1488 αὐτῆς
2174 1432 2256 1488 τῆς
2282 1430 2442 1489 σαρκὸς

514 1499 795 1556 γεγενημένην
836 1501 938 1542 ven.
971 1523 1024 1531 —-
1081 1500 1111 1542 l.
1131 1501 1199 1543 30.
1243 1498 1558 1556 ἢγῆσαιτό“τις
1600 1504 1701 1544 Ven.
1733 1526 1790 1534 —
1845 1503 1874 1544 l.
1897 1502 1936 1546 6.
1966 1503 2018 1545 ab
2045 1503 2120 1554 inf.
2167 1503 2336 1560 Con-ige
2367 1501 2439 1548 τὸν

517 1572 605 1615 σοῦ.
639 1596 690 1604 --
748 1571 775 1611 l.
795 1574 834 1613 5.
862 1570 914 1612 ab
940 1570 1016 1612 inf.
1061 1568 1131 1616 διὰ
1166 1569 1395 1627 εὐκοσμίαν
1434 1567 1710 1623 ἀπολυθέντος
1744 1575 1850 1615 Ven.
1909 1574 2024 1615 Idem
2049 1573 2076 1616 l.
2103 1574 2142 1616 4.
2173 1576 2225 1617 ab
2249 1575 2334 1616 inf.
2358 1587 2440 1619 oet-'‘-

514 1642 610 1698 φῶς
632 1639 679 1686 T&
709 1637 886 1691 εὐτελὲς·
918 1667 976 1674 -
1031 1642 1056 1683 l.
1076 1643 1231 1698 penult.
1264 1646 1438 1700 Repone
1464 1642 1639 1689 δύναται
1660 1660 1710 1686 ex
1734 1646 1914 1687 Veneto.
1938 1671 1995 1678 —
2050 1645 2078 1687 1.
2102 1646 2177 1688 ult.
2207 1638 2246 1690 (3
2269 1643 2346 1697 τὰς
2366 1660 2437 1703 φρ.

512 1721 651 1755 tuetur
681 1716 828 1756 Venet.

626 1786 757 1844 Peg.
781 1785 907 1830 362.
966 1785 1052 1828 1.1.
1095 1786 1169 1830 καὶ
1199 1782 1223 1831 ὁ
1253 1786 1395 1843 κύριος
1424 1784 1447 1831 ό
1472 1784 1565 1837 υἱός
1595 1789 1696 1828 Ven.
1757 1787 1871 1829 Idem
1900 1788 2024 1844 paulo
2059 1797 2156 1845 post
2194 1785 2330 1834 ἐλθών
2366 1791 2438 1833 δια

512 1855 650 1901 πᾶσαν
679 1853 923 1913 ἀσφάλειαν.
957 1883 1011 1890 --
1070 1859 1097 1900 1.
1117 1859 1157 1902 3.
1188 1857 1264 1911 τά,
1296 1867 1391 1900 ante
1422 1862 1623 1909 πλεῖστα,
1665 1872 1745 1899 om.
1775 1861 1878 1900 Ven.
1912 1885 1965 1892 —
2023 1860 2130 1902 Ibid.
2159 1861 2333 1917 Repone
2356 1855 2439 1904 αὖ·

512 1928 586 1972 τοῦ
612 1937 707 1984 post
733 1930 816 1983 τῆς
840 1925 1069 1984 ἀληθείας,
1113 1930 1225 1987 quod
1260 1930 1507 1973 vocabulum
1546 1930 1701 1972 excidit
1737 1930 1861 1972 etiam
1898 1931 1939 1972 in
1969 1931 2034 1973 ed.
2065 1933 2207 1973 Petav.
2242 1956 2290 1964 -
2349 1930 2377 1974 l.
2397 1932 2435 1976 7.

514 1999 650 2041 Verba
693 1998 754 2049 εἰς
780 1996 859 2055 τὴν
901 1999 982 2056 γῆν
1019 2017 1103 2044 non
1143 2002 1271 2043 habet
1295 2004 1396 2043 Ven.
1456 2001 1570 2042 Idem
1598 2001 1626 2042 l.
1653 2001 1692 2044 8.
1733 1998 1805 2045 ἐὰν
1833 2000 1882 2046 δὲ
1909 2001 2020 2059 πέσῃ
2045 2001 2118 2045 καὶ
2144 1998 2350 2060 ἀποθάνῃ.
2383 2026 2436 2035 -

512 2069 540 2112 l.
566 2068 630 2113 14.
662 2066 934 2129 ὁμολογήσῃς
966 2075 1066 2116 Ven.
1098 2098 1150 2105 -—
1208 2074 1234 2114 l.
1263 2075 1323 2116 15.
1354 2073 1428 2117 καὶ
1451 2069 1605 2127 ἀνέστη
1632 2067 1756 2121 ἄλλος
1781 2069 1937 2122 κόκκος
1962 2071 2075 2128 παρὰ
2100 2069 2171 2118 τόν
2191 2069 2291 2117 ὅντα
2314 2074 2436 2124 Ven„

513 2142 671 2183 omissis
693 2158 797 2198 quae
824 2143 1039 2186 interiecta
1061 2145 1252 2200 leguntur
1276 2144 1411 2186 verbis
1422 2138 1557 2193 ”Ὀλος
1582 2135 1652 2187 οὖν
1676 2141 1699 2188 ό
1725 2138 1880 2193 κόκκος
1905 2140 1985 2194 ἀν.,
2014 2138 2083 2199 ἥλ.
2110 2141 2240 2188 αὐτοῦ
2267 2141 2439 2200 ἀνέστη.ι

513 2237 563 2244 -—-
596 2213 624 2255 l.
654 2214 714 2258 17.
745 2208 779 2270 ἦ
805 2210 908 2259 αὐτὸ
940 2216 1005 2258 ed.
1030 2217 1170 2258 Petav.
1205 2241 1256 2248 -—
1314 2216 1344 2257 l.
1366 2215 1434 2258 23.
1466 2210 1584 2265 ὅπως
1610 2215 1697 2273 γνῷ
1728 2216 1830 2256 Ven.
1862 2239 1913 2246 —-
1972 2215 2000 2255 1.
2021 2216 2089 2258 25.
2120 2214 2435 2273 ἐγκαταλειφθῇ

510 2286 617 2326 Ven.
652 2309 703 2316 -
761 2286 789 2328 1.
812 2286 851 2330 7.
882 2287 934 2328 ab
960 2287 1037 2329 inf.
1082 2287 1250 2343 corrige
1289 2281 1472 2341 ἤγειρεν.
1504 2310 1554 2318 -
1611 2285 1699 2328 l.4.
1735 2286 1786 2327 ab
1823 2285 1898 2326 inf·
1942 2281 2021 2329 mix
2061 2285 2171 2330 ἔστιν
2214 2290 2302 2329 Bas.
2359 2283 2437 2331 οὔκ

513 2354 601 2400 ἔστι
627 2357 802 2413 (Ven.?)
832 2358 897 2399 ed.
926 2360 1069 2401 Petav.
1131 2361 1176 2400 In
1203 2372 1330 2412 marg.
1360 2357 1453 2398 cod.
1481 2358 1584 2399 ven.
1611 2356 1834 2398 recentiori
1859 2371 1982 2397 manu
2011 2357 2264 2414 adscriptum
2285 2358 2438 2414 legitur

510 2425 543 2482 ἦ
566 2424 797 2478 ἀνάστασις
823 2432 980 2484 νεκρῶν
1008 2424 1085 2473 οὐκ
1111 2428 1209 2473 ἔστι.
1269 2431 1317 2469 In
1352 2427 1499 2469 eodem
1531 2427 1638 2470 libro
1669 2428 1818 2470 omissa
1843 2436 1939 2469 sunt
1962 2428 2086 2470 verba
2113 2428 2150 2472 εἰ
2177 2427 2224 2474 δὲ
2249 2427 2438 2485 Χριστὸς

510 2497 588 2543 οὐκ
612 2497 853 2555 ἐγήγερται.
884 2523 940 2532 --
996 2500 1023 2541 l.
1044 2501 1085 2544 3.
1110 2500 1161 2542 ab
1183 2500 1259 2540 inf.
1291 2491 1376 2554 ἀρα
1398 2498 1472 2542 καὶ
1494 2496 1542 2543 τὸ
1566 2496 1769 2555 κηρυγμα
1795 2501 1896 2542 Ven.
1921 2523 1976 2532 —
2035 2499 2148 2542 Idem
2174 2500 2275 2541 ibid.
2304 2496 2336 2556 ἡ
2363 2499 2437 2544 πί-

512 2583 602 2620 στις
632 2561 778 2625 ὑμῶν.
798 2595 846 2601 -
906 2571 932 2613 1.
959 2571 1116 2626 penult.
1147 2571 1320 2626 εἴπαμεν
1349 2565 1433 2622 ὅτι,
1457 2564 1640 2626 ”Ηγειρε
1664 2567 1734 2614 τὸν
1758 2568 1958 2627 Χριστὸν,
1991 2565 2037 2616 ὃν
2061 2567 2138 2615 οὐκ
2161 2564 2339 2627 ἥγειρε,”
2363 2570 2438 2615 καὶ·

507 2638 561 2684 τὰ
590 2639 693 2695 ἑξῆς
721 2651 844 2696 auget
872 2644 975 2683 Ven.

621 2713 754 2770 Pag.
781 2714 909 2758 364.
964 2713 994 2754 l.
1020 2714 1055 2755 1.
1096 2714 1198 2755 Post
1235 2708 1476 2768 ἀφθαρσίαν
1506 2727 1665 2768 repone
1702 2713 1826 2755 verba
1856 2713 1929 2758 καὶ
1956 2711 2004 2759 τὸ
2033 2711 2184 2769 θνητὸν
2215 2715 2338 2758 τοῦτο
2366 2712 2434 2758 ἐν·

508 2780 722 2828 δύσασθαι
762 2779 1019 2835 ἀθανασίαν,
1063 2799 1167 2840 quae
1209 2783 1449 2826 exciderunt
1489 2785 1615 2825 etiam
1656 2785 1707 2826 ab
1748 2785 1845 2826 edit.
1885 2788 2023 2827 Petav.
2053 2808 2109 2817 —
2164 2785 2191 2827 l.
2215 2786 2254 2828 3.
2299 2785 2438 2828 Verba

508 2854 605 2907 καὶ,
638 2852 702 2899 Tc}
729 2853 880 2910 θνητὸν
908 2855 1030 2899 τοῦτο
1056 2855 1341 2897 desiderantur
1367 2855 1409 2896 in
1435 2858 1609 2897 Veneto.
1640 2880 1696 2888 -
1752 2856 1780 2897 l.
1800 2855 1838 2899 6.
1868 2856 1957 2914 τῷ,
1997 2865 2095 2897 ante
2122 2853 2323 2912 μνήματι,
2355 2867 2434 2896 om.

506 2927 612 2968 Ven.
643 2951 695 2957 -—
754 2927 780 2967 l.
804 2927 867 2968 12.
905 2926 978 2970 καὶ
1001 2921 1173 2983 ἤγειρε,
1215 2927 1305 2969 sine
1330 2929 1430 2979 τοῦ,
1460 2928 1587 2969 habet
1613 2929 1718 2969 Ven.
1749 2950 1799 2959 -
1858 2927 1886 2968 l.
1908 2926 1971 2970 14.
2000 2924 2106 2971 Ἀπὸ
2136 2925 2282 2971 τούτου
2309 2929 2435 2971 δεδο-

508 2994 711 3052 ξασμένος
738 2993 762 3041 ό
788 2993 1019 3047 ἀπόστολος
1045 3000 1145 3039 Ven.
1169 3023 1220 3030 -
1281 2999 1308 3039 l.
1332 2999 1394 3042 16.
1425 2996 1504 3053 την
1531 3000 1613 3053 τῆς
1636 2993 1897 3053 ἀπολῆῴεως
1920 2995 2094 3054 ἀγαθῶν
2114 3000 2215 3039 Ven.
2233 3019 2288 3029 —
2321 2997 2349 3038 1.
2370 2997 2431 3041 17.

507 3065 911 3124 ἐπικηρυκευόμενος
941 3071 1042 3111 Ven.
1075 3093 1127 3100 -—
1186 3069 1213 3111 1.
1237 3068 1295 3112 19.
1343 3068 1431 3113 Καὶ
1457 3064 1485 3113 ἃ
1511 3069 1621 3125 φησὶ
1648 3071 1754 3110 Ven.
1816 3070 1930 3110 Idem
1965 3069 2064 3112 ibid.
2090 3068 2213 3123 paulo
2241 3075 2339 3123 post
2352 3061 2435 3110 '‘A-

507 3153 637 3195 φρων.
669 3163 721 3172 -
778 3140 891 3181 1.21.
910 3134 1087 3196 ’Ἄφρων
1111 3142 1216 3182 ven.
1249 3165 1303 3173 -
1360 3141 1388 3182 l.
1411 3141 1479 3184 27.
1514 3132 1612 3194 εὗρε
1638 3137 1791 3195 κριθὰς
1817 3142 1919 3182 Ven.
1951 3164 2004 3172 —-
2062 3139 2174 3182 132.
2217 3138 2306 3196 τῷ,
2338 3145 2435 3193 post

508 3208 680 3265 ἐλπίδα,
712 3225 794 3253 om.
823 3212 927 3251 Ven.
988 3211 1104 3253 Idem
1126 3211 1227 3253 ibid.
1257 3209 1311 3255 τὰ
1340 3208 1499 3266 ἀληθῆ.
1535 3235 1587 3242 -
1645 3210 1673 3251 l.
1693 3213 1731 3253 5.
1760 3211 1812 3252 ab
1837 3211 1915 3255 inf.
1946 3207 2127 3265 κάλαμοι
2155 3210 2256 3250 ven.
2316 3208 2433 3249 Idem

504 3281 535 3322 1.
561 3279 600 3324 4.
628 3282 680 3323 ab
708 3281 785 3323 inf.
814 3278 1058 3337 ἀνθηρικες.
1091 3307 1143 3315 -
1202 3283 1228 3324 l.
1259 3283 1418 3339 penult.
1438 3277 1537 3326 Ἵνα
1568 3296 1634 3325 σοι
1658 3281 1733 3325 καὶ
1758 3296 1859 3338 σαφ.
1885 3283 1987 3323 Ven.
2022 3304 2072 3312 -
2129 3279 2155 3321 l.
2172 3279 2246 3320 ult.
2274 3274 2433 3324 'Imm-

510 3350 587 3409 βὲθ
617 3353 683 3394 ed.
718 3355 860 3395 Petav-

620 3425 752 3483 Pag.
775 3426 903 3471 366.
958 3425 985 3465 l.
1015 3425 1051 3468 1.
1094 3423 1142 3470 τὸ
1171 3423 1218 3469 τὸ
1250 3422 1374 3480 ξηρὸν
1407 3426 1509 3466 Ven.
1544 3449 1596 3457 -
1653 3425 1681 3466 1.
1703 3426 1743 3468 3.
1786 3422 1857 3468 τὸν
1884 3421 2066 3477 πόταμον
2094 3423 2196 3463 Ven.
2228 3446 2284 3454 —
2339 3422 2369 3464 l.
2389 3421 2432 3466 6.

507 3493 581 3538 καὶ
607 3494 898 3552 ἐσκοτωμένην
928 3499 1030 3539 Ven.
1090 3497 1205 3537 Idem
1246 3496 1346 3538 ibid.
1385 3493 1432 3540 τὸ
1469 3493 1523 3539 τοὶ
1551 3493 1826 3551 πρωτοτόκια.
1857 3516 1912 3526 --
1969 3492 1996 3532 l·
2019 3492 2056 3535 9.
2098 3492 2298 3548 κορέννειν
2323 3495 2428 3538 Ven.

507 3565 621 3607 Idem
662 3567 689 3608 l.
720 3570 783 3610 10.
826 3567 900 3611 τοῦ
941 3563 1133 3611 ἀκοῦσαι.
1162 3591 1220 3599 -
1275 3567 1393 3609 1.11.
1438 3566 1546 3617 τῶν,
1588 3576 1684 3607 ante
1722 3563 1959 3620 μυριάδων,
2001 3562 2118 3604 deest
2157 3564 2201 3605 in
2239 3567 2343 3606 Ven.
2376 3589 2431 3598 -

506 3636 534 3677 1.
556 3638 619 3680 12.
651 3636 736 3689 διὰ,
761 3646 858 3679 ante
881 3652 1053 3694 τεσσαρ.
1082 3637 1252 3689 νυκτῶν,
1282 3652 1366 3679 non
1393 3637 1518 3679 habet
1535 3639 1639 3679 Ven.
1663 3659 1718 3669 -κ-
1773 3635 1801 3678 l.
1823 3635 1885 3677 15.
1921 3634 2154 3690 στροβοῦσα
2173 3637 2278 3678 Ven.
2313 3636 2430 3678 Idem

507 3707 536 3747 l.
563 3707 625 3750 16.
653 3708 871 3764 πρόςωπον
894 3709 1141 3761 Μωῦσέωςς
1171 3706 1218 3753 τὸ
1244 3706 1319 3765 τὴν
1349 3713 1496 3765 χεῖρα,
1530 3716 1574 3748 et
1601 3707 1725 3762 paulo
1758 3714 1855 3759 post
1884 3706 2228 3761 μεταβεβλῆσθαι
2256 3706 2318 3757 εἰς
2340 3706 2431 3764 χιό-

508 3791 571 3820 να.
602 3803 649 3809 -
713 3781 741 3822 l.
764 3782 826 3824 18.
856 3781 939 3825 τῶν
963 3780 1059 3835 περὶ
1082 3778 1216 3835 Κορὲ,
1250 3789 1294 3820 ut
1322 3780 1433 3820 edidi
1455 3794 1506 3819 ex-
1532 3778 1690 3820 emend.
1719 3776 1902 3824 Petavii,
1945 3777 2142 3831 scriptum
2166 3786 2229 3819 est
2253 3778 2292 3818 in
2325 3780 2429 3819 Ven.

509 3846 623 3889 Idem
656 3847 798 3894 Δαθάν
840 3850 913 3894 καὶ
945 3847 1147 3907 Ἀβειρών
1186 3849 1259 3894 καὶ
1297 3845 1443 3894 Δῦνᾶν.
1501 3851 1547 3890 In
1572 3848 1637 3889 ed.
1661 3848 1802 3889 Petav.
1843 3846 1995 3902 legitur
2023 3847 2165 3893 Δαθᾶν
2193 3864 2233 3893 κ.
2263 3845 2355 3906 Ἀβ.
2382 3864 2422 3892 κ.
