2508 4134
928 274 1109 322 INDEX
1137 274 1344 317 RERUM.

246 373 379 415 faetus
419 372 472 415 ab
500 371 716 414 Eustatbio
743 379 787 413 et
816 379 978 414 curator
1007 380 1108 427 pto·-

247 443 478 499 chotrophii
492 444 532 484 in
547 444 682 485 Ponto
696 441 794 483 ibid.
811 465 860 474 -—
891 442 942 482 ab
960 444 1106 483 Eusta-

244 512 334 554 thio
362 513 564 562 discedit,
606 520 649 554 et
689 526 781 554 eum
808 511 1014 554 hostiliter
1041 512 1108 553 in-

246 583 429 639 sequitur
455 582 555 626 ibid.

190 653 302 696 Aerii
341 653 533 708 dogmata
563 655 655 694 906.
687 675 738 685 —
795 665 877 707 quo
916 659 1040 707 pacto
1069 659 1111 692 et

246 723 314 764 ubi
340 738 430 764 cum
455 723 536 764 suis
560 722 736 777 degebat
761 721 861 763 ibid.
891 744 947 754 -
989 735 1107 776 pres-

244 793 412 848 byteros
451 793 651 848 aequabat
689 791 892 848 episcopis
928 790 1026 832 ibid.
1056 814 1111 822 —-

246 862 298 903 de
347 863 542 917 paschate
588 862 692 904 male
746 862 875 903 sensit
919 863 1010 901 908.
1060 884 1108 891 -

245 940 502 974 mortuorum
543 931 781 974 memoriam
816 940 858 972 et
886 932 995 973 bona
1034 944 1110 986 pro

247 1003 327 1043 illis
356 1010 544 1057 suscepta
574 1016 698 1058 opera
731 1001 901 1043 damnat
927 1000 1026 1042 ibid.
1058 1025 1108 1031 —

246 1072 393 1113 ieiunia
417 1081 522 1113 stata
552 1072 771 1113 damnabat
797 1071 896 1112 ibid.
927 1095 978 1103 —-
1037 1070 1110 1110 sub

245 1142 399 1183 Pascha
421 1142 568 1184 ieiunia
594 1143 646 1183 ab
671 1141 841 1183 ecclesia
863 1141 966 1182 obiri
990 1140 1111 1181 solita

243 1212 286 1252 in
307 1212 565 1253 'ebrietatem
606 1220 649 1253 et
691 1211 793 1253 risus
849 1210 1112 1252 convertebat

243 1281 342 1323 ibid.
374 1306 425 1313 --
483 1290 617 1323 cetera
659 1281 702 1321 in
744 1281 826 1321 vita
867 1280 1112 1331 vinolentus,

246 1360 288 1392 et
325 1351 444 1406 gulae
483 1351 697 1406 ventrique
741 1349 1112 1404 indulgentissimus

242 1421 341 1463 ibid.
370 1444 425 1453 —
462 1421 546 1462 eius
571 1420 768 1463 refutatio
800 1423 892 1460 908.
921 1442 977 1452 -
1033 1419 1112 1460 ob-

244 1491 370 1534 iectio
401 1491 580 1532 eiusdem
610 1491 716 1532 circa
745 1490 1031 1544 episcoporum
1072 1497 1112 1529 et

243 1562 575 1618 presbyterorum
600 1560 884 1616 aequalitatem
905 1567 946 1599 et
960 1558 1111 1599 solutio

242 1632 339 1673 ibid.

186 1706 312 1744 Aetas
332 1701 472 1742 mundi
493 1701 621 1757 prima
642 1707 743 1756 quot
762 1713 958 1741 annorum
978 1698 1057 1738 fuit
1072 1700 1109 1738 5.

188 1772 298 1814 Aetii
323 1771 521 1813 Anomoei
543 1771 780 1826 opusculum
808 1772 1110 1811 924-931.-

242 1850 431 1883 trecenta
476 1841 653 1896 capitula
691 1841 742 1881 ab
783 1855 833 1881 eo
878 1842 1110 1896 conscripta

244 1915 336 1953 931.
366 1934 419 1943 --
461 1910 545 1951 eius
575 1911 774 1952 refutatio
797 1914 1034 1952 931-993.
1058 1936 1108 1942 —

244 1997 315 2023 cur
343 1981 481 2022 Aetius
512 1981 735 2022 catholicos
779 1989 901 2023 vocat
940 1989 1109 2036 tempo·-

242 2052 367 2093 rarios
398 2054 492 2091 932.

188 2122 297 2164 Aetii
337 2120 564 2162 absurditas
606 2120 648 2161 in
693 2128 831 2162 creato
862 2120 941 2162 deo
971 2129 1013 2161 et
1039 2121 1108 2162 in-

248 2200 386 2233 creato
417 2194 508 2231 951.

189 2263 451 2304 Aetianorum
475 2261 680 2302 cavillatio
709 2261 901 2301 adversus
931 2260 1108 2302 catholi-

243 2346 313 2373 cos
339 2334 430 2371 990.
464 2355 514 2363 -
571 2330 632 2371 illi
671 2331 881 2385 apostolos
923 2338 966 2372 et
1006 2345 1108 2385 pro—

240 2401 387 2457 phetas
414 2409 610 2456 respuunt
640 2403 733 2440 991.

186 2471 294 2514 Aetii
321 2485 532 2512 successor
560 2471 778 2511 Eunomius
803 2470 903 2512 ibid.

188 2541 348 2583 Aetiani
377 2540 617 2595 rebaptizati
646 2540 743 2581 ibid.

187 2611 328 2653 Aetius
358 2611 408 2651 ab
435 2609 558 2651 exilio
587 2618 802 2651 revocatus
828 2619 869 2651 et
896 2610 1109 2664 episcopus

244 2690 402 2723 creatus
426 2679 524 2721 ibid.

188 2752 327 2793 Aetius
370 2750 532 2791 sodales
561 2764 656 2790 suos
685 2749 861 2791 athletas
903 2758 946 2790 et
973 2749 1110 2790 athle-

241 2821 340 2861 trias
367 2829 488 2861 vocat
509 2823 602 2860 987.
630 2844 685 2852 -
744 2819 827 2860 eius
849 2819 1040 2860 salutatio
1068 2819 1109 2859 in

242 2891 323 2932 fine
344 2904 439 2931 suae
468 2889 679 2930 doctrinae
707 2890 842 2944 posita
862 2905 885 2930 a
910 2888 1110 2944 principio

243 2960 431 3001 dissentit
453 2959 553 3000 ibid.
583 2983 638 2991 —
685 2960 835 3014 partim
874 2959 1107 2999 Sadducae-

245 3045 383 3079 orum,
418 3029 567 3084 partim
596 3029 820 3070 Gentilium
853 3043 1010 3069 errores
1040 3043 1109 3069 sa-

243 3101 304 3156 pit
343 3103 437 3141 988.
468 3122 523 3130 —-
570 3099 676 3139 Aetii
704 3099 827 3153 impia
857 3099 1111 3154 superbaque

243 3170 385 3226 opinio
431 3173 524 3212 989.
567 3193 618 3200 -
688 3168 952 3209 Aetianorum
991 3183 1110 3209 arro-

245 3240 383 3295 gantia
411 3239 510 3280 ibid.

189 3311 318 3367 Agabi
345 3310 508 3365 spiritus
539 3308 802 3364 propheticus
833 3308 939 3348 circa
967 3321 1111 3348 zonam

247 3381 360 3422 Pauli
388 3382 483 3420 409.

192 3450 294 3505 Agui
324 3450 551 3491 immolatio
587 3448 638 3489 ab
670 3447 879 3503 Aegyptiis
910 3447 1111 3488 celebrata

248 3523 315 3561 39.

192 3590 410 3631 Alexandri
438 3588 706 3631 Alexandriae
735 3588 915 3642 episcopi
938 3600 1045 3627 mors
1071 3595 1112 3627 et

247 3660 434 3701 substitui
457 3661 534 3701 sibi
557 3658 816 3700 Athanasium
835 3658 1002 3698 mandat
1019 3661 1109 3698 722.

193 3730 425 3772 Alexandro
449 3739 608 3775 mortuo
632 3728 823 3786 episcopo
845 3727 1111 3768 Alexandriae

1981 260 2079 311 745

1220 371 1415 414 successit
1430 370 1620 422 Achillas,
1643 370 1705 411 cui
1722 366 1932 411 Meletiani
1946 366 2084 410 Theo-

1223 457 1316 483 nam
1345 448 1621 497 opposuerant
1646 442 1739 481 735.

1169 511 1464 553 Alexandrinae
1509 509 1704 552 ecciesiae
1747 506 2000 550 consuetudo
2041 506 2085 548 in

1223 581 1419 637 episcopo
1446 579 1731 622 constituendo
1758 581 1851 620 735.

1170 650 1433 693 Alexandrini
1472 650 1654 706 episcopi
1683 647 1881 691 dioecesis
1921 646 2085 703 eiusque

1222 721 1459 777 provinciae
1493 724 1585 761 717.

1170 791 1289 847 Alogi
1315 788 1511 832 haeretici
1526 822 1537 842 ,
1578 804 1648 831 cur
1675 789 1732 830 ita
1761 786 1914 829 fuerint
1939 785 2087 843 appel-

1223 861 1297 903 lati
1325 864 1419 902 450.

1169 931 1287 987 Alogi
1334 929 1541 986 quomodo
1599 927 1883 984 Apocalypsin
1940 940 2087 983 repre-

1221 1001 1404 1044 hendant
1426 1003 1520 1041 454.

1172 1072 1392 1126 Alogorum
1440 1069 1619 1111 haeresis
1669 1072 1735 1110 31.
1803 1076 1898 1124 post
1948 1075 2089 1108 natum

1228 1140 1574 1182 Christianismum
1616 1139 1759 1180 ordine
1800 1141 1866 1179 51.
1908 1140 2003 1179 422.
2033 1161 2085 1168 —-

1226 1211 1333 1252 unde
1359 1210 1417 1251 sic
1440 1210 1540 1252 dicti
1567 1213 1664 1250 423.
1698 1233 1745 1240 -
1798 1206 2088 1263 Apocalypsim

1225 1289 1268 1322 et
1296 1280 1548 1335 evangelium
1579 1278 1739 1320 loannis
1765 1277 1981 1332 repudiant
2005 1277 2089 1317 ibi-

1225 1351 1331 1392 dem.
1372 1375 1414 1382 -
1474 1349 1669 1390 Cerintho
1711 1348 1894 1389 tribuunt
1937 1347 2089 1402 scripta

1225 1421 1385 1462 loannis
1409 1424 1505 1461 424.
1537 1444 1590 1451 --
1643 1421 1837 1460 Ioannem
1858 1417 1991 1472 ipsum
2017 1431 2086 1457 re-

1224 1490 1483 1546 prehendunt
1509 1488 1610 1530 ibid.

1173 1561 1308 1602 Altare
1350 1560 1505 1601 domini
1543 1573 1748 1614 nunquam
1787 1557 1911 1598 debet
1952 1555 2091 1597 feriari

1225 1634 1317 1672 704.

1171 1707 1296 1743 Amen
1342 1701 1408 1741 dei
1450 1714 1531 1755 quo
1563 1699 1742 1740 Christus
1785 1697 1972 1739 dominus
2000 1705 2088 1738 rata

1224 1771 1325 1813 fecit
1350 1770 1484 1812 omnia
1510 1769 1577 1811 dei
1601 1768 1814 1824 promissa,
1844 1777 1887 1809 et
1912 1782 1959 1809 ea
1986 1782 2089 1809 con-

1223 1841 1400 1882 firmavit
1424 1843 1517 1881 366.

1168 1911 1311 1966 Angeli
1351 1910 1557 1965 praesides
1597 1909 1805 1964 gentium,
1846 1922 1917 1948 cur
1943 1906 2090 1948 loricas

1221 1982 1374 2023 habere
1415 1981 1605 2021 dicuntur
1645 1979 1882 2034 sulphureas
1914 1987 1956 2020 et
1982 1978 2090 2034 hya-

1223 2051 1423 2092 cinthinas
1452 2053 1547 2091 457.

1169 2121 1454 2176 Angelicorum
1482 2119 1659 2161 haeresis
1685 2119 1784 2160 ibid.

1171 2191 1313 2246 Angeli
1330 2206 1420 2232 cum
1442 2190 1558 2231 coelo
1578 2198 1766 2245 terraque
1790 2188 1981 2244 producti
1997 2191 2090 2229 611.

1171 2261 1370 2317 Angelina
1385 2261 1499 2302 locus
1513 2260 1619 2300 intra
1633 2258 1972 2314 Mesopotamiam
1984 2258 2091 2299 unde

1222 2330 1406 2386 Angelici
1432 2330 1630 2371 haeretici
1661 2333 1755 2370 505.

1168 2401 1310 2455 Augeli
1339 2415 1409 2441 cur
1436 2415 1458 2441 a
1487 2399 1564 2440 deo
1590 2399 1790 2440 innumeri
1812 2408 1907 2440 sunt
1935 2398 2092 2440 conditi

1222 2474 1316 2512 295.

1167 2542 1354 2583 Animam
1383 2554 1470 2581 esse
1497 2540 1768 2582 immortalem
1797 2540 1994 2595 probatur
2023 2553 2089 2579 ex—

1222 2611 1373 2667 pressis
1402 2610 1627 2665 scripturae
1656 2611 1788 2652 verbis
1820 2613 1912 2650 559.

1169 2682 1311 2723 Anima
1337 2689 1451 2722 extra
1475 2695 1622 2735 corpus
1649 2695 1822 2736 peccare
1846 2694 1929 2721 non
1955 2686 2092 2734 potest

1225 2754 1317 2792 565.
1350 2774 1406 2782 —
1461 2750 1540 2807 sed
1563 2751 1665 2791 illud
1694 2751 1898 2791 refutatur
1927 2753 2020 2791 566.

1171 2822 1314 2862 Anima
1353 2821 1394 2861 in
1437 2835 1609 2875 corpore
1647 2821 1800 2861 inclusa
1829 2828 2023 2875 tanquam
2049 2819 2091 2861 in

1222 2892 1315 2932 loco
1344 2890 1534 2946 supplicii
1564 2893 1657 2931 564.

1170 2966 1285 3003 Anna
1313 2969 1355 3001 et
1379 2961 1530 3002 loacim
1553 2961 1698 3001 beatae
1722 2960 1876 3001 Mariae
1901 2968 2091 3015 parentes

1225 3034 1346 3072 1049.

1171 3105 1475 3142 Anomoeorum
1517 3100 1694 3141 haeresis
1737 3104 1831 3140 912.
1864 3123 1915 3131 -
1973 3099 2091 3154 prin-

1225 3186 1319 3226 ceps
1351 3170 1490 3211 Ae’tius
1515 3185 1539 3210 a
1565 3170 1744 3224 Georgio
1768 3169 1977 3210 ordinatus
2007 3168 2092 3208 ibi-

1223 3240 1329 3282 dem.
1359 3262 1412 3271 —
1454 3239 1593 3280 adulta
1619 3248 1754 3280 aetate
1780 3248 1938 3280 exteras
1964 3237 2090 3279 disci-

1222 3309 1354 3363 plinus
1379 3309 1525 3350 didicit
1552 3313 1643 3349 913.
1679 3333 1727 3340 —
1786 3308 1868 3349 eius
1892 3307 2090 3361 relegatio

1225 3382 1319 3420 914.
1351 3401 1400 3410 -·
1442 3379 1524 3420 eius
1555 3379 1703 3433 dogma
1732 3378 1830 3419 ibid.
1856 3402 1907 3409 —
1952 3377 2090 3418 Ae'tius

1223 3449 1274 3490 ab
1317 3449 1473 3489 Arianis
1512 3449 1881 3489 excommunicatus
1912 3451 2006 3488 916.
2037 3471 2089 3478 —

1225 3519 1487 3559 Aetianorum
1516 3519 1704 3572 superbia
1744 3519 1842 3559 ibid.
1876 3542 1926 3549 -·
1984 3518 2089 3559 Aetii

1223 3588 1392 3642 perfidia
1410 3588 1673 3629 similitudine
1691 3588 1992 3630 demonstratur
2006 3588 2090 3629 ibi-

1224 3658 1330 3699 dcm.
1361 3682 1416 3690 —
1475 3659 1633 3699 Aetiani
1661 3658 1728 3699 dei
1754 3667 1973 3714 praecepta
2010 3673 2087 3700 ne·-

1223 3729 1380 3783 gligunt
1407 3727 1505 3769 ibid.
