2508 4134
536 298 759 339 PANARu
787 299 886 340 me.
916 300 985 339 ιιι.
1016 301 1147 340 ΤοΜ.
1177 302 1227 341 11.
1258 301 1418 342 HAER.
1447 302 1665 343 Lxxvn.
1944 288 2044 340 345

147 417 204 452 ac
246 408 468 465 tanquam
509 395 739 446 baeretici
782 396 1005 463 dogmata
1042 397 1134 447 ista
1173 398 1375 449 iactate:
1432 408 1513 450 aut
1541 400 1579 450 si
1611 407 1796 468 patrum
1826 414 1936 450 esse
1964 398 2048 449 filii

146 482 318 541 vultiS,
378 480 493 531 nibil
532 487 725 548 praeter
764 480 871 543 illa,
925 496 1046 547 quae
1075 480 1399 548 scripserunt,
1457 483 1546 550 ipsi
1575 483 1877 534 sentiendum
1913 491 2048 551 puta-

144 575 264 617 tote.
339 562 533 614 Etenim
578 580 716 632 quam
758 563 871 614 illud
916 564 1172 614 absurdum
1209 565 1298 627 sit,
1352 565 1432 615 vel
1460 566 1569 617 hinc
1603 567 1886 618 existimare
1914 575 2048 635 pote-

144 650 250 700 stiS.
327 645 382 699 Si
414 649 539 698 enim
566 647 764 699 verbum
797 648 1016 716 corpori,
1070 649 1205 698 cuius
1239 656 1411 699 natura
1448 650 1504 699 de
1534 659 1661 700 terra
1702 651 1908 702 delibata
1951 659 2045 712 est,

145 732 554 785 consubstantiale
594 732 684 795 sit,
746 749 850 782 cum
897 749 961 782 ex
1003 740 1188 800 patrum
1230 733 1537 794 consessione
1582 733 1778 801 perinde
1818 735 1879 784 sit
1923 733 2046 803 patri

147 816 556 868 consubstantiale
583 816 811 878 verbum,
866 824 1000 884 pater
1026 816 1129 884 ipse
1159 824 1355 866 terreno
1396 818 1585 885 corpori
1621 818 2045 869 consubstantialis

147 901 255 952 crit.
333 898 443 967 Quo
474 899 662 968 quidem
693 900 985 964 constituto,
1027 900 1136 968 quid
1167 909 1240 950 est
1270 901 1392 968 quod
1427 901 1637 951 Arianos
1664 902 1927 965 incusetis,
1970 902 2049 970 qui

145 986 289 1036 lilium
318 993 589 1035 creaturam
619 1001 729 1035 esse
758 984 1052 1046 defendunt,
1095 1002 1199 1034 cum
1226 1002 1316 1034 vos
1345 985 1431 1053 ipsi
1463 994 1644 1052 patrem
1673 986 1908 1037 creaturis
1936 1004 2052 1036 con-

145 1069 507 1120 substantialem
540 1085 649 1119 esse
688 1069 887 1132 dicatiS,
943 1077 991 1118 et
1018 1069 1074 1118 ad
1109 1069 1233 1119 aliud
1264 1069 1523 1137 impietatis
1548 1086 1700 1136 genus
1730 1069 2046 1133 declinanteS‚

145 1154 193 1204 in
222 1170 445 1217 carnem,
488 1170 627 1216 ossa,
684 1153 834 1222 pilos,
890 1169 1096 1215 uerv08‚
1137 1161 1286 1203 totum
1324 1153 1529 1220 deniqne
1558 1170 1733 1221 corpus
1761 1171 2047 1204 conversum

147 1255 256 1289 esse
286 1237 517 1299 verbum,
570 1245 618 1287 et
652 1254 677 1288 a
707 1246 875 1288 natura
905 1254 991 1287 sua
1025 1237 1288 1288 descivisse
1322 1254 1602 1305 persuasum
1637 1237 1884 1288 habeatis?
1957 1236 2051 1289 Su-

147 1330 311 1391 perest
336 1323 494 1388 itaque
529 1331 580 1372 ut
607 1338 633 1371 e
662 1330 791 1371 terra
826 1322 1106 1390 productum
1138 1338 1248 1372 esse
1282 1322 1479 1372 verbum
1510 1321 1615 1372 sine
1646 1322 2050 1388 tergiversatione

146 1406 335 1457 dicatis.
411 1403 538 1456 Nam
570 1422 596 1455 e
627 1414 757 1456 terra
788 1405 968 1456 ossium
996 1406 1236 1473 totiusque
1268 1406 1484 1474 corporis
1514 1415 1684 1457 natura
1712 1406 2047 1474 proficiscitur.

150 1487 399 1556 Quaenam
443 1498 518 1540 est
552 1489 671 1539 haec
712 1498 843 1540 tanta
890 1490 1131 1540 dementia
1170 1498 1220 1540 ut
1247 1490 1497 1540 vobiscum
1539 1490 1631 1558 ipsi
1667 1490 1923 1558 pugnetis?
1995 1487 2051 1541 Si

148 1574 337 1643 quidem
380 1592 485 1624 cum
533 1574 730 1625 verbum
776 1574 967 1642 corpori
1009 1575 1419 1624 consubstantiale
1455 1591 1566 1624 esse
1610 1574 1796 1637 dicitis,
1850 1574 2052 1624 alterum

147 1676 252 1709 cum
296 1658 448 1708 altero
489 1658 622 1708 velut
663 1658 905 1709 diversum
952 1659 1216 1727 comparari
1264 1658 1563 1726 significatiS.
1643 1655 1766 1710 Cum
1805 1667 1963 1709 autem
2003 1659 2051 1708 iu

148 1759 340 1793 carnem
371 1759 482 1792 esse
523 1759 811 1793 conversum
854 1743 1104 1806 asseritis,
1159 1743 1312 1793 eidem
1352 1742 1500 1795 verbo
1528 1742 1840 1793 mutationem
1870 1743 2052 1810 affingi-

146 1827 227 1878 tis.
305 1823 429 1893 Quis
467 1825 616 1893 igitur
658 1826 883 1894 deinceps
923 1826 1042 1877 haec
1085 1845 1111 1877 a
1147 1828 1285 1879 vobis
1324 1827 1404 1877 vel
1431 1844 1552 1877 voce
1584 1835 1723 1877 tenus
1752 1827 2052 1895 pronuntiari

147 1910 421 1961 sustineat?
491 1908 596 1961 Vos
626 1910 751 1960 enim
785 1910 1023 1960 haeresim
1053 1929 1243 1962 omnem
1273 1911 1515 1978 impietate
1549 1911 1832 1979 superastis.
1897 1909 2051 1978 Quod

147 1994 189 2045 si
218 1994 414 2045 verbum
441 1994 630 2062 corpori
664 1994 1073 2045 consubstantiale
1104 1997 1194 2057 sit,
1248 2012 1609 2064 supervacanea
1639 2004 1714 2046 est
1738 1994 1927 2046 Mariae
1953 2013 2053 2045 me-

147 2079 301 2131 moria
335 2079 490 2129 omnis
514 2096 569 2129 ae
596 2078 809 2141 functio,
866 2097 971 2129 cum
1003 2088 1115 2129 ante
1150 2080 1277 2129 illam
1322 2081 1463 2130 etiam
1506 2081 1848 2148 sempiternum
1877 2097 2051 2148 corpus

148 2181 257 2214 esse
303 2164 538 2232 potuerit,
596 2163 990 2231 quemadmodum
1034 2172 1081 2214 et
1127 2164 1326 2215 verbum
1365 2165 1548 2233 ipsum,
1602 2165 1670 2229 si,
1724 2174 1777 2215 ut
1808 2165 2047 2228 asseritis,

148 2248 336 2317 corpori
373 2248 782 2298 consubstantiale
823 2248 903 2298 sit.
983 2245 1111 2314 Quid
1148 2257 1307 2298 autem
1348 2249 1546 2299 verbnm
1587 2249 1679 2298 huc
1709 2248 1937 2299 advenire
1968 2266 2052 2299 ne-

149 2349 287 2383 cesse
317 2333 432 2395 suit,
473 2342 526 2383 ut
552 2333 630 2382 vel
654 2332 699 2382 id
729 2333 853 2400 quod
881 2332 975 2382 iam
1003 2332 1413 2383 consubstantiale
1442 2332 1532 2382 sibi
1561 2342 1666 2383 erat
1692 2333 1932 2395 indueret,
1973 2333 2053 2383 vel

149 2425 318 2466 natura
355 2433 441 2466 sua
484 2425 744 2478 mutatum,
798 2434 971 2485 corpus
1016 2417 1320 2467 efficeretur?
1406 2416 1521 2467 Nou
1570 2418 1695 2468 enim
1742 2418 2052 2486 semetipsam

151 2500 375 2551 divinitas
418 2501 647 2561 assumit,
704 2509 756 2551 ut
790 2502 915 2568 quod
958 2501 1047 2551 sibi
1088 2501 1499 2552 consubstantiale
1541 2512 1614 2552 est
1645 2502 1842 2563 induat,
1897 2519 2051 2569 neque

150 2584 349 2635 verbum
369 2622 382 2647 ,
439 2585 563 2651 quod
591 2585 748 2635 aliena
784 2595 979 2653 peccata
1012 2586 1203 2654 expiat,
1259 2595 1505 2654 peccatum
1538 2587 1682 2637 ullum
1713 2586 1904 2637 admisit
1930 2595 1979 2636 ut
2007 2587 2054 2636 in

149 2686 324 2737 corpus
353 2685 640 2718 conversum
671 2669 880 2737 seipsum
909 2686 995 2737 pro
1020 2687 1073 2720 se
1101 2669 1328 2720 sacrificii
1353 2671 1506 2721 instar
1532 2672 1750 2734 offerret,
1793 2688 1848 2721 ac
1876 2678 2054 2721 semet-

149 2753 303 2820 ipsum
345 2753 622 2803 redimeret.

293 2834 459 2904 Quare
501 2838 643 2904 longe
678 2836 819 2886 aliter
859 2854 968 2887 sese
1000 2855 1078 2887 res
1108 2838 1269 2888 habet.
1346 2838 1412 2890 Et
1439 2842 1844 2889 Abraamz'semen
1887 2858 2051 2904 appre-
2084 2850 2182 2902 Gap.
2212 2850 2305 2889 vlt.

148 2925 331 2982 Ιιεηᾶίί,
374 2930 426 2972 ut
453 2922 664 2989 loquitur
692 2921 957 2988 apostolus.
1033 2920 1170 2973 Unde
1188 2926 1403 2989 fratrum
1427 2943 1613 2973 suorum
1647 2928 1812 2973 similes
1834 2928 1880 2973 in
1908 2927 2051 2972 omm'-
2073 2903 2304 2948 Hebr.2‚16.

150 3008 233 3055 bus
262 3024 361 3055 esse
403 3006 592 3067 debuit,
646 3023 734 3055 nec
778 3005 1019 3054 diversum
1059 3006 1250 3057 anobis
1290 3025 1462 3076 corpus
1501 3025 1768 3059 assumere.
1844 3005 2053 3057 Proinde

150 3100 198 3141 et
228 3088 386 3140 Maria
418 3091 603 3156 reipsa,
648 3107 736 3139 nec
765 3089 986 3138 simulate
1018 3091 1292 3156 profertur,
1334 3109 1396 3141 ex
1431 3110 1519 3158 qua
1556 3110 1728 3158 corpus
1757 3091 1868 3141 illud
1895 3107 2054 3140 sume-

150 3184 255 3238 ret,
296 3192 353 3225 ac
382 3183 605 3241 tanquam
637 3174 877 3242 peculiare
909 3182 956 3222 et
987 3174 1226 3241 proprium
1261 3193 1345 3242 pro
1374 3176 1510 3226 nobis
1541 3176 1757 3226 offerret.
1836 3174 2051 3225 Eandem

147 3259 275 3309 illam
304 3276 447 3327 porro
478 3257 651 3310 Esaias
684 3258 914 3307 eiusmodi
945 3257 1174 3306 vaticinio
1204 3259 1591 3310 demonstrabat:
1633 3264 1755 3308 Ecce
1784 3263 1917 3323 virgo
1941 3277 2048 3308 con·
2070 3268 2281 3315 Beatum.

149 3347 308 3408 cipiet,
360 3353 407 3392 et
428 3348 602 3408 pariet.
685 3342 812 3393 Tum
861 3339 1061 3392 Gabriel
1102 3342 1158 3391 ad
1203 3359 1307 3392 eam
1347 3344 1578 3407 mittitur,
1635 3361 1729 3393 non
1772 3343 2052 3411 simpliciter

205 3512 271 3552 11.
301 3514 475 3552 Fortasse
505 3511 581 3567 τῷ.
1190 3510 1249 3551 15.
1280 3509 1497 3564 γεγένηται
1525 3513 1582 3551 ed.
1611 3514 1735 3560 princ.

207 3566 271 3608 12.
317 3567 389 3609 τοῦ
433 3571 560 3608 omiss.
601 3571 642 3608 in
685 3570 744 3608 ed.
777 3570 910 3607 Petav.
945 3568 1073 3607 Coton.
1191 3569 1253 3612 16.
1283 3563 1387 3618 αὐτή
1420 3570 1523 3607 abest
1552 3580 1576 3605 a
1606 3570 1649 3608 Β.

148 3627 262 3673 repet.
1191 3623 1252 3664 17.
1283 3621 1435 3673 ἑαυτῆς
1462 3625 1506 3662 Β.

209 3679 270 3720 13.
313 3675 430 3732 ὑμῶν
459 3682 503 3719 Β.
558 3677 681 3733 ἡμῶν
722 3682 883 3730 vulgata
917 3683 969 3719 est
1008 3691 1073 3729 ap.
1195 3681 1253 3717 18.
1284 3675 1363 3731 γὰρ
1394 3681 1495 3718 abest
1525 3691 1550 3718 α
1578 3681 1621 3719 Β.

148 3737 287 3785 Epiph.
315 3739 521 3785 scriptura.
1191 3735 1285 3773 Cap,
1324 3735 1411 3772 Vll.
1448 3758 1494 3763 —
1576 3736 1609 3775 1.
1656 3739 1777 3776 Verba
1820 3735 1861 3779 ἐν
1904 3736 2053 3792 γαστρὶ

188 3789 272 3834 14.
324 3787 427 3834 εἶναι
466 3790 538 3836 καὶ
565 3790 642 3849 πρὸ
672 3791 840 3847 Μαρίας
870 3791 1000 3839 αἴδιος
1028 3793 1072 3835 Β.
1134 3790 1241 3843 ἕξει,
1270 3788 1342 3836 καὶ
1371 3789 1531 3843 τέξεται
1560 3793 1826 3836 desiderantur
1855 3796 1896 3836 in
1923 3796 1968 3837 Β,
