<?xml version="1.0" encoding="UTF-8"?>
<!DOCTYPE html PUBLIC "-//W3C//DTD XHTML 1.0 Transitional//EN"
    "http://www.w3.org/TR/xhtml1/DTD/xhtml1-transitional.dtd">
<html xmlns="http://www.w3.org/1999/xhtml" xml:lang="en" lang="en">
 <head>
  <title>
</title>
<meta http-equiv="Content-Type" content="text/html;charset=utf-8" />
  <meta name='ocr-system' content='tesseract 3.04.00' />
  <meta name='ocr-capabilities' content='ocr_page ocr_carea ocr_par ocr_line ocrx_word'/>
</head>
<body>
  <div class='ocr_page' id='page_1' title='image "./pt3corporishaere02epipuoft_0414.png"; bbox 0 0 2508 4134; ppageno 0'>
   <div class='ocr_carea' id='block_1_1' title="bbox 443 257 1675 314">
    <p class='ocr_par' dir='ltr' id='par_1_1' title="bbox 443 257 1675 314">
     <span class='ocr_line' id='line_1_1' title="bbox 443 257 1675 314; baseline -0.002 -2"><span class='ocrx_word' id='word_1_1' title='bbox 443 257 546 314; x_wconf 86' lang='lat'><em>404</em></span> <span class='ocrx_word' id='word_1_2' title='bbox 1161 269 1361 311; x_wconf 76' lang='lat' dir='ltr'><strong>SANcTt</strong></span> <span class='ocrx_word' id='word_1_3' title='bbox 1393 266 1675 312; x_wconf 79' lang='lat' dir='ltr'>EP1PHAN11</span> 
     </span>
    </p>
   </div>
   <div class='ocr_carea' id='block_1_2' title="bbox 435 363 2374 778">
    <p class='ocr_par' dir='ltr' id='par_1_2' title="bbox 435 363 2374 778">
     <span class='ocr_line' id='line_1_2' title="bbox 444 363 2373 440; baseline 0.002 -19"><span class='ocrx_word' id='word_1_4' title='bbox 444 366 712 434; x_wconf 84' lang='grc' dir='ltr'><em>ἐτόλμησαν</em></span> <span class='ocrx_word' id='word_1_5' title='bbox 749 366 902 435; x_wconf 88' lang='grc' dir='ltr'><em>λέγειν</em></span> <span class='ocrx_word' id='word_1_6' title='bbox 944 365 1033 433; x_wconf 79' lang='grc' dir='ltr'><em>τὴν</em></span> <span class='ocrx_word' id='word_1_7' title='bbox 1074 363 1217 436; x_wconf 79' lang='grc' dir='ltr'><em>ἇγίαν</em></span> <span class='ocrx_word' id='word_1_8' title='bbox 1247 370 1456 437; x_wconf 83' lang='grc' dir='ltr'><strong><em>Μαρίαν</em></strong></span> <span class='ocrx_word' id='word_1_9' title='bbox 1502 366 1620 435; x_wconf 80' lang='grc' dir='ltr'><em>μετά</em></span> <span class='ocrx_word' id='word_1_10' title='bbox 1656 365 1745 435; x_wconf 83' lang='grc' dir='ltr'><em>τὴν</em></span> <span class='ocrx_word' id='word_1_11' title='bbox 1779 372 1869 420; x_wconf 78' lang='grc' dir='ltr'><em>τοῦ</em></span> <span class='ocrx_word' id='word_1_12' title='bbox 1904 372 2125 438; x_wconf 83' lang='grc' dir='ltr'><strong><em>Χριστοῦ</em></strong></span> <span class='ocrx_word' id='word_1_13' title='bbox 2152 370 2373 440; x_wconf 81' lang='grc' dir='ltr'><em>γέννησιν</em></span> 
     </span>
     <span class='ocr_line' id='line_1_3' title="bbox 442 449 2374 525; baseline 0.002 -20"><span class='ocrx_word' id='word_1_14' title='bbox 442 453 586 521; x_wconf 79' lang='grc' dir='ltr'><em>ἀνδρὶ</em></span> <span class='ocrx_word' id='word_1_15' title='bbox 629 457 913 519; x_wconf 81' lang='grc' dir='ltr'><em>συνῆφθαι,</em></span> <span class='ocrx_word' id='word_1_16' title='bbox 968 452 1098 519; x_wconf 87' lang='grc' dir='ltr'><em>φημὶ</em></span> <span class='ocrx_word' id='word_1_17' title='bbox 1135 452 1188 504; x_wconf 80' lang='grc' dir='ltr'><em>δὲ</em></span> <span class='ocrx_word' id='word_1_18' title='bbox 1223 449 1354 525; x_wconf 75' lang='grc' dir='ltr'><em>αὐτῷ</em></span> <span class='ocrx_word' id='word_1_19' title='bbox 1389 458 1456 525; x_wconf 79' lang='grc' dir='ltr'><em>τῷ</em></span> <span class='ocrx_word' id='word_1_20' title='bbox 1487 451 1683 521; x_wconf 80' lang='grc' dir='ltr'><em>Ἰωσήφ.</em></span> <span class='ocrx_word' id='word_1_21' title='bbox 1762 453 1892 505; x_wconf 82' lang='grc' dir='ltr'><em>Φασὶ</em></span> <span class='ocrx_word' id='word_1_22' title='bbox 1931 454 2008 516; x_wconf 81' lang='grc' dir='ltr'><em>δὲ,</em></span> <span class='ocrx_word' id='word_1_23' title='bbox 2065 451 2130 516; x_wconf 74' lang='grc' dir='ltr'><em>ὥς</em></span> <span class='ocrx_word' id='word_1_24' title='bbox 2157 452 2259 508; x_wconf 74' lang='grc' dir='ltr'><em>ἅνω</em></span> <span class='ocrx_word' id='word_1_25' title='bbox 2289 476 2374 523; x_wconf 92' lang='grc' dir='ltr'><em>μοι</em></span> 
     </span>
     <span class='ocr_line' id='line_1_4' title="bbox 440 532 2371 609; baseline 0.002 -19"><span class='ocrx_word' id='word_1_26' title='bbox 440 540 648 608; x_wconf 78' lang='grc' dir='ltr'><em>εἴρηται,</em></span> <span class='ocrx_word' id='word_1_27' title='bbox 701 535 776 589; x_wconf 74' lang='grc' dir='ltr'><em>ὅτι</em></span> <span class='ocrx_word' id='word_1_28' title='bbox 806 532 890 589; x_wconf 72' lang='grc' dir='ltr'><em>ἄπ’</em></span> <span class='ocrx_word' id='word_1_29' title='bbox 922 536 1078 590; x_wconf 77' lang='grc' dir='ltr'><em>αὐτοῦ</em></span> <span class='ocrx_word' id='word_1_30' title='bbox 1105 542 1195 590; x_wconf 82' lang='grc' dir='ltr'><em>τοῦ</em></span> <span class='ocrx_word' id='word_1_31' title='bbox 1221 539 1501 606; x_wconf 72' lang='grc' dir='ltr'><em>πρεσβύτου</em></span> <span class='ocrx_word' id='word_1_32' title='bbox 1522 538 1873 608; x_wconf 87' lang='grc' dir='ltr'><em>Ἀπολιναρίου</em></span> <span class='ocrx_word' id='word_1_33' title='bbox 1902 536 2126 605; x_wconf 79' lang='grc' dir='ltr'><strong><em>ἐξήχηται</em></strong></span> <span class='ocrx_word' id='word_1_34' title='bbox 2159 536 2188 592; x_wconf 80' lang='grc' dir='ltr'><em>ὅ</em></span> <span class='ocrx_word' id='word_1_35' title='bbox 2209 538 2371 609; x_wconf 80' lang='grc' dir='ltr'><em>λόγος,</em></span> 
     </span>
     <span class='ocr_line' id='line_1_5' title="bbox 438 621 2372 694; baseline 0.002 -20"><span class='ocrx_word' id='word_1_36' title='bbox 438 621 473 691; x_wconf 67' lang='grc' dir='ltr'><em>’ἢ</em></span> <span class='ocrx_word' id='word_1_37' title='bbox 501 621 603 676; x_wconf 84' lang='grc' dir='ltr'><em>ἆπό</em></span> <span class='ocrx_word' id='word_1_38' title='bbox 635 644 783 675; x_wconf 88' lang='grc' dir='ltr'><em>τινων</em></span> <span class='ocrx_word' id='word_1_39' title='bbox 815 628 915 676; x_wconf 79' lang='grc' dir='ltr'><em>τῶν</em></span> <span class='ocrx_word' id='word_1_40' title='bbox 956 622 1089 694; x_wconf 76' lang='grc' dir='ltr'><em>αὐτῷ</em></span> <span class='ocrx_word' id='word_1_41' title='bbox 1128 623 1602 690; x_wconf 87' lang='grc' dir='ltr'><em>μεμαθητευμένων·</em></span> <span class='ocrx_word' id='word_1_42' title='bbox 1651 623 1736 675; x_wconf 87' lang='grc' dir='ltr'><em>καὶ</em></span> <span class='ocrx_word' id='word_1_43' title='bbox 1771 621 2078 690; x_wconf 79' lang='grc' dir='ltr'><em>ἄμφιβάλλω.</em></span> <span class='ocrx_word' id='word_1_44' title='bbox 2156 626 2283 694; x_wconf 89' lang='grc' dir='ltr'><em>Περὶ</em></span> <span class='ocrx_word' id='word_1_45' title='bbox 2319 624 2372 677; x_wconf 79' lang='grc' dir='ltr'><em>δὲ</em></span> 
     </span>
     <span class='ocr_line' id='line_1_6' title="bbox 435 705 2368 778; baseline 0.001 -18"><span class='ocrx_word' id='word_1_46' title='bbox 435 714 535 761; x_wconf 79' lang='grc' dir='ltr'><em>τῶν</em></span> <span class='ocrx_word' id='word_1_47' title='bbox 559 714 712 761; x_wconf 84' lang='grc' dir='ltr'><em>ταῦτα</em></span> <span class='ocrx_word' id='word_1_48' title='bbox 740 707 978 778; x_wconf 88' lang='grc' dir='ltr'><em>λεγόντων</em></span> <span class='ocrx_word' id='word_1_49' title='bbox 1007 706 1228 777; x_wconf 81' lang='grc' dir='ltr'><em>ἀνάγκην</em></span> <span class='ocrx_word' id='word_1_50' title='bbox 1261 709 1352 777; x_wconf 75' lang='grc' dir='ltr'><em>ἔχω</em></span> <span class='ocrx_word' id='word_1_51' title='bbox 1381 709 1547 778; x_wconf 86' lang='grc' dir='ltr'><em>λέγειν.</em></span> <span class='ocrx_word' id='word_1_52' title='bbox 1605 706 1716 759; x_wconf 85' lang='grc' dir='ltr'><em>Ἵνα</em></span> <span class='ocrx_word' id='word_1_53' title='bbox 1744 707 1798 759; x_wconf 83' lang='grc' dir='ltr'><em>δὲ</em></span> <span class='ocrx_word' id='word_1_54' title='bbox 1837 705 1904 774; x_wconf 86' lang='grc' dir='ltr'><em>μὴ</em></span> <span class='ocrx_word' id='word_1_55' title='bbox 1932 709 2001 769; x_wconf 84' lang='grc' dir='ltr'><em>εἷς</em></span> <span class='ocrx_word' id='word_1_56' title='bbox 2027 706 2255 778; x_wconf 79' lang='grc' dir='ltr'><em>δεύτερον</em></span> <span class='ocrx_word' id='word_1_57' title='bbox 2281 708 2368 762; x_wconf 88' lang='grc' dir='ltr'><em>κά-</em></span> 
     </span>
    </p>
   </div>
   <div class='ocr_carea' id='block_1_3' title="bbox 215 790 2371 865">
    <p class='ocr_par' dir='ltr' id='par_1_3' title="bbox 215 790 2371 865">
     <span class='ocr_line' id='line_1_7' title="bbox 215 790 2371 865; baseline -0.001 -16"><span class='ocrx_word' id='word_1_58' title='bbox 215 813 299 849; x_wconf 79' lang='lat' dir='ltr'><strong>pag.</strong></span> <span class='ocrx_word' id='word_1_59' title='bbox 320 803 416 839; x_wconf 78' lang='lat'><strong>1034.</strong></span> <span class='ocrx_word' id='word_1_60' title='bbox 440 815 592 862; x_wconf 89' lang='grc' dir='ltr'><em>ματον</em></span> <span class='ocrx_word' id='word_1_61' title='bbox 618 792 794 847; x_wconf 74' lang='grc' dir='ltr'><em>ἑαυτὸν</em></span> <span class='ocrx_word' id='word_1_62' title='bbox 820 790 1175 865; x_wconf 86' lang='grc' dir='ltr'><em>περιβάλλοιμι,</em></span> <span class='ocrx_word' id='word_1_63' title='bbox 1212 797 1431 861; x_wconf 80' lang='grc' dir='ltr'><strong><em>καθεξῆς</em></strong></span> <span class='ocrx_word' id='word_1_64' title='bbox 1459 791 1523 860; x_wconf 75' lang='grc' dir='ltr'><em>ἢν</em></span> <span class='ocrx_word' id='word_1_65' title='bbox 1551 799 1791 861; x_wconf 81' lang='grc' dir='ltr'><em>προεῖπον</em></span> <span class='ocrx_word' id='word_1_66' title='bbox 1816 798 2089 861; x_wconf 80' lang='grc' dir='ltr'><em>γραφεῖσαν</em></span> <span class='ocrx_word' id='word_1_67' title='bbox 2115 792 2371 863; x_wconf 77' lang='grc' dir='ltr'><em>ἐπιστολὴν</em></span> 
     </span>
    </p>
   </div>
   <div class='ocr_carea' id='block_1_4' title="bbox 210 974 412 1034">
    <p class='ocr_par' dir='ltr' id='par_1_4' title="bbox 210 974 412 1034">
     <span class='ocr_line' id='line_1_8' title="bbox 210 974 412 1034; baseline 0 -14"><span class='ocrx_word' id='word_1_68' title='bbox 210 977 325 1034; x_wconf 86' lang='grc' dir='ltr'><strong>Κεφ.</strong></span> <span class='ocrx_word' id='word_1_69' title='bbox 359 974 412 1034; x_wconf 85' lang='grc' dir='ltr'><em>β’.</em></span> 
     </span>
    </p>
   </div>
   <div class='ocr_carea' id='block_1_5' title="bbox 409 874 2372 3086">
    <p class='ocr_par' dir='ltr' id='par_1_5' title="bbox 438 874 1908 950">
     <span class='ocr_line' id='line_1_9' title="bbox 438 874 1908 950; baseline -0.003 -18"><span class='ocrx_word' id='word_1_70' title='bbox 438 882 506 941; x_wconf 84' lang='grc' dir='ltr'><em>εἰς</em></span> <span class='ocrx_word' id='word_1_71' title='bbox 541 877 632 947; x_wconf 78' lang='grc' dir='ltr'><em>τὴν</em></span> <span class='ocrx_word' id='word_1_72' title='bbox 666 876 891 949; x_wconf 80' lang='grc' dir='ltr'><em>Ἀράβων</em></span> <span class='ocrx_word' id='word_1_73' title='bbox 923 877 1086 950; x_wconf 80' lang='grc' dir='ltr'><em>χώραν</em></span> <span class='ocrx_word' id='word_1_74' title='bbox 1122 875 1366 941; x_wconf 81' lang='grc' dir='ltr'><em>ὖποτάξω.</em></span> <span class='ocrx_word' id='word_1_75' title='bbox 1444 878 1545 929; x_wconf 87' lang='grc' dir='ltr'><em>Καὶ</em></span> <span class='ocrx_word' id='word_1_76' title='bbox 1583 879 1711 930; x_wconf 74' lang='grc' dir='ltr'><em>ἔστιν</em></span> <span class='ocrx_word' id='word_1_77' title='bbox 1747 874 1838 944; x_wconf 84' lang='grc' dir='ltr'><em>ῆδε</em></span> <span class='ocrx_word' id='word_1_78' title='bbox 1864 878 1908 928; x_wconf 91' lang='grc'><em>*.</em></span> 
     </span>
    </p>

    <p class='ocr_par' dir='ltr' id='par_1_6' title="bbox 435 960 2372 1292">
     <span class='ocr_line' id='line_1_10' title="bbox 587 960 2372 1035; baseline 0.001 -19"><span class='ocrx_word' id='word_1_79' title='bbox 587 968 801 1035; x_wconf 86' lang='grc' dir='ltr'><em>Κυρίοις</em></span> <span class='ocrx_word' id='word_1_80' title='bbox 827 986 924 1032; x_wconf 87' lang='grc' dir='ltr'><em>μου</em></span> <span class='ocrx_word' id='word_1_81' title='bbox 949 961 1260 1032; x_wconf 78' lang='grc' dir='ltr'><em>τιμιωτάτοις</em></span> <span class='ocrx_word' id='word_1_82' title='bbox 1285 964 1370 1016; x_wconf 88' lang='grc' dir='ltr'><em>καὶ</em></span> <span class='ocrx_word' id='word_1_83' title='bbox 1394 960 1759 1030; x_wconf 85' lang='grc' dir='ltr'><em>ποθηνοτάτοις</em></span> <span class='ocrx_word' id='word_1_84' title='bbox 1785 962 1989 1027; x_wconf 86' lang='grc' dir='ltr'><em>τέκνοις,</em></span> <span class='ocrx_word' id='word_1_85' title='bbox 2027 963 2111 1015; x_wconf 82' lang='grc' dir='ltr'><em>καὶ</em></span> <span class='ocrx_word' id='word_1_86' title='bbox 2141 960 2372 1029; x_wconf 87' lang='grc' dir='ltr'><em>άδελφοῖς</em></span> 
     </span>
     <span class='ocr_line' id='line_1_11' title="bbox 436 1045 2370 1120; baseline -0.001 -17"><span class='ocrx_word' id='word_1_87' title='bbox 436 1052 682 1120; x_wconf 83' lang='grc' dir='ltr'><em>γνησίοις,</em></span> <span class='ocrx_word' id='word_1_88' title='bbox 722 1051 806 1103; x_wconf 84' lang='grc' dir='ltr'><em>καὶ</em></span> <span class='ocrx_word' id='word_1_89' title='bbox 834 1047 1119 1118; x_wconf 83' lang='grc' dir='ltr'><em>ὁμοπίστοις</em></span> <span class='ocrx_word' id='word_1_90' title='bbox 1149 1046 1443 1119; x_wconf 82' lang='grc' dir='ltr'><em>ὄρθοδόξοις</em></span> <span class='ocrx_word' id='word_1_91' title='bbox 1478 1045 1577 1100; x_wconf 85' lang='grc' dir='ltr'><em>άπὸ</em></span> <span class='ocrx_word' id='word_1_92' title='bbox 1609 1047 1775 1117; x_wconf 81' lang='grc' dir='ltr'><em>ἱερέως</em></span> <span class='ocrx_word' id='word_1_93' title='bbox 1803 1045 1913 1119; x_wconf 72' lang='grc' dir='ltr'><em>ἄχρι</em></span> <span class='ocrx_word' id='word_1_94' title='bbox 1939 1054 2139 1114; x_wconf 86' lang='grc' dir='ltr'><em>λαῖκοῢ,</em></span> <span class='ocrx_word' id='word_1_95' title='bbox 2178 1050 2262 1102; x_wconf 86' lang='grc' dir='ltr'><em>καὶ</em></span> <span class='ocrx_word' id='word_1_96' title='bbox 2283 1071 2370 1102; x_wconf 82' lang='grc' dir='ltr'><em>κα-</em></span> 
     </span>
     <span class='ocr_line' id='line_1_12' title="bbox 435 1129 2364 1204; baseline 0.001 -15"><span class='ocrx_word' id='word_1_97' title='bbox 435 1136 754 1204; x_wconf 84' lang='grc' dir='ltr'><em>τηχουμένοις</em></span> <span class='ocrx_word' id='word_1_98' title='bbox 791 1142 895 1198; x_wconf 88' lang='grc' dir='ltr'><em>τοῖς</em></span> <span class='ocrx_word' id='word_1_99' title='bbox 934 1133 1060 1188; x_wconf 78' lang='grc' dir='ltr'><em>κατά</em></span> <span class='ocrx_word' id='word_1_100' title='bbox 1099 1132 1187 1202; x_wconf 82' lang='grc' dir='ltr'><em>τῆν</em></span> <span class='ocrx_word' id='word_1_101' title='bbox 1220 1134 1486 1204; x_wconf 84' lang='grc' dir='ltr'><em>Ἀραβίαν,</em></span> <span class='ocrx_word' id='word_1_102' title='bbox 1531 1129 1859 1200; x_wconf 87' lang='grc' dir='ltr'><em>Ἐπιφάνιος,</em></span> <span class='ocrx_word' id='word_1_103' title='bbox 1898 1133 2140 1203; x_wconf 76' lang='grc' dir='ltr'><em>ἐλάχιστος</em></span> <span class='ocrx_word' id='word_1_104' title='bbox 2173 1133 2364 1190; x_wconf 85' lang='grc' dir='ltr'><em>ἐπισκό-</em></span> 
     </span>
     <span class='ocr_line' id='line_1_13' title="bbox 437 1224 807 1292; baseline -0.003 -18"><span class='ocrx_word' id='word_1_105' title='bbox 437 1243 573 1288; x_wconf 87' lang='grc' dir='ltr'><em>πων,</em></span> <span class='ocrx_word' id='word_1_106' title='bbox 611 1224 807 1292; x_wconf 87' lang='grc' dir='ltr'><em>χαίρειν.</em></span> 
     </span>
    </p>

    <p class='ocr_par' dir='ltr' id='par_1_7' title="bbox 417 1301 2368 3086">
     <span class='ocr_line' id='line_1_14' title="bbox 580 1301 2368 1377; baseline -0.001 -17"><span class='ocrx_word' id='word_1_107' title='bbox 580 1305 856 1374; x_wconf 81' lang='grc' dir='ltr'><em>Θαυμάζειν</em></span> <span class='ocrx_word' id='word_1_108' title='bbox 883 1307 1012 1359; x_wconf 77' lang='grc' dir='ltr'><em>ἔστιν</em></span> <span class='ocrx_word' id='word_1_109' title='bbox 1039 1307 1090 1358; x_wconf 90' lang='grc' dir='ltr'><em>ἐν</em></span> <span class='ocrx_word' id='word_1_110' title='bbox 1116 1309 1185 1377; x_wconf 78' lang='grc' dir='ltr'><em>τῷ</em></span> <span class='ocrx_word' id='word_1_111' title='bbox 1213 1301 1423 1372; x_wconf 83' lang='grc' dir='ltr'><em>παρόντι</em></span> <span class='ocrx_word' id='word_1_112' title='bbox 1446 1308 1629 1376; x_wconf 77' lang='grc' dir='ltr'><em>καιρῷ,</em></span> <span class='ocrx_word' id='word_1_113' title='bbox 1674 1304 1759 1356; x_wconf 88' lang='grc' dir='ltr'><em>καὶ</em></span> <span class='ocrx_word' id='word_1_114' title='bbox 1782 1303 1849 1371; x_wconf 80' lang='grc' dir='ltr'><em>μὴ</em></span> <span class='ocrx_word' id='word_1_115' title='bbox 1874 1302 2161 1372; x_wconf 78' lang='grc' dir='ltr'><em>θαυμάζειν.</em></span> <span class='ocrx_word' id='word_1_116' title='bbox 2238 1308 2368 1358; x_wconf 87' lang='grc' dir='ltr'><em>Θαυ-</em></span> 
     </span>
     <span class='ocr_line' id='line_1_15' title="bbox 432 1382 2366 1464; baseline -0.001 -19"><span class='ocrx_word' id='word_1_117' title='bbox 432 1390 597 1461; x_wconf 84' lang='grc' dir='ltr'><em>μάζειν</em></span> <span class='ocrx_word' id='word_1_118' title='bbox 624 1382 739 1461; x_wconf 84' lang='grc' dir='ltr'><em>μὲν,</em></span> <span class='ocrx_word' id='word_1_119' title='bbox 789 1391 866 1445; x_wconf 74' lang='grc' dir='ltr'><em>ὅτι</em></span> <span class='ocrx_word' id='word_1_120' title='bbox 895 1393 975 1444; x_wconf 87' lang='grc' dir='ltr'><em>ἐπὶ</em></span> <span class='ocrx_word' id='word_1_121' title='bbox 1010 1395 1072 1464; x_wconf 79' lang='grc' dir='ltr'><em>τῇ</em></span> <span class='ocrx_word' id='word_1_122' title='bbox 1102 1387 1312 1461; x_wconf 71' lang='grc' dir='ltr'><em>ἡμετέρᾳ</em></span> <span class='ocrx_word' id='word_1_123' title='bbox 1340 1394 1478 1461; x_wconf 76' lang='grc' dir='ltr'><em>γενεᾷ</em></span> <span class='ocrx_word' id='word_1_124' title='bbox 1503 1386 1666 1442; x_wconf 90' lang='grc' dir='ltr'><em>πάντα</em></span> <span class='ocrx_word' id='word_1_125' title='bbox 1694 1395 1984 1459; x_wconf 83' lang='grc' dir='ltr'><em>πληροῦται·</em></span> <span class='ocrx_word' id='word_1_126' title='bbox 2033 1390 2119 1442; x_wconf 89' lang='grc' dir='ltr'><em>καὶ</em></span> <span class='ocrx_word' id='word_1_127' title='bbox 2146 1388 2214 1457; x_wconf 79' lang='grc' dir='ltr'><em>μῆ</em></span> <span class='ocrx_word' id='word_1_128' title='bbox 2239 1397 2366 1443; x_wconf 48' lang='grc' dir='ltr'><em>θαυψ</em></span> 
     </span>
     <span class='ocr_line' id='line_1_16' title="bbox 431 1471 2366 1547; baseline -0.001 -17"><span class='ocrx_word' id='word_1_129' title='bbox 431 1476 624 1546; x_wconf 79' lang='grc' dir='ltr'><em>μάζειν,</em></span> <span class='ocrx_word' id='word_1_130' title='bbox 663 1481 742 1530; x_wconf 85' lang='grc' dir='ltr'><em>δεῖ</em></span> <span class='ocrx_word' id='word_1_131' title='bbox 774 1475 865 1547; x_wconf 79' lang='grc' dir='ltr'><em>γάρ</em></span> <span class='ocrx_word' id='word_1_132' title='bbox 893 1482 1221 1545; x_wconf 79' lang='grc' dir='ltr'><em>πληροῦσθαι.</em></span> <span class='ocrx_word' id='word_1_133' title='bbox 1292 1471 1558 1545; x_wconf 85' lang='grc' dir='ltr'><em>Ὁσημέραι</em></span> <span class='ocrx_word' id='word_1_134' title='bbox 1584 1472 1676 1544; x_wconf 77' lang='grc' dir='ltr'><em>γάρ</em></span> <span class='ocrx_word' id='word_1_135' title='bbox 1708 1473 1833 1527; x_wconf 79' lang='grc' dir='ltr'><em>κατά</em></span> <span class='ocrx_word' id='word_1_136' title='bbox 1872 1481 1889 1511; x_wconf 88' lang='lat'>¹</span> <span class='ocrx_word' id='word_1_137' title='bbox 1909 1473 2151 1545; x_wconf 82' lang='grc' dir='ltr'><em>πρόθεσιν</em></span> <span class='ocrx_word' id='word_1_138' title='bbox 2173 1481 2267 1529; x_wconf 79' lang='grc' dir='ltr'><em>νῦν</em></span> <span class='ocrx_word' id='word_1_139' title='bbox 2294 1478 2366 1545; x_wconf 88' lang='grc' dir='ltr'><em>γί-</em></span> 
     </span>
     <span class='ocr_line' id='line_1_17' title="bbox 429 1557 2366 1632; baseline -0.002 -16"><span class='ocrx_word' id='word_1_140' title='bbox 429 1584 560 1616; x_wconf 90' lang='grc' dir='ltr'><em>νεται</em></span> <span class='ocrx_word' id='word_1_141' title='bbox 587 1560 705 1631; x_wconf 74' lang='grc' dir='ltr'><em>ἡμῖν</em></span> <span class='ocrx_word' id='word_1_142' title='bbox 732 1564 786 1615; x_wconf 86' lang='grc' dir='ltr'><em>ἐκ</em></span> <span class='ocrx_word' id='word_1_143' title='bbox 814 1567 1057 1632; x_wconf 81' lang='grc' dir='ltr'><em>λογισμῶν</em></span> <span class='ocrx_word' id='word_1_144' title='bbox 1084 1559 1421 1630; x_wconf 74' lang='grc' dir='ltr'><em>ἀνθρωπίνων</em></span> <span class='ocrx_word' id='word_1_145' title='bbox 1451 1562 1536 1613; x_wconf 87' lang='grc' dir='ltr'><em>καὶ</em></span> <span class='ocrx_word' id='word_1_146' title='bbox 1578 1559 1924 1628; x_wconf 79' lang='grc' dir='ltr'><em>διανοημάτων</em></span> <span class='ocrx_word' id='word_1_147' title='bbox 1953 1559 2215 1629; x_wconf 79' lang='grc' dir='ltr'><em>σοφιστικὴ</em></span> <span class='ocrx_word' id='word_1_148' title='bbox 2243 1557 2366 1613; x_wconf 73' lang='grc' dir='ltr'><em>ὑπό-</em></span> 
     </span>
     <span class='ocr_line' id='line_1_18' title="bbox 427 1643 2367 1718; baseline -0.002 -17"><span class='ocrx_word' id='word_1_149' title='bbox 427 1671 570 1714; x_wconf 90' lang='grc' dir='ltr'><em>νοια,</em></span> <span class='ocrx_word' id='word_1_150' title='bbox 621 1649 705 1701; x_wconf 88' lang='grc' dir='ltr'><em>καὶ</em></span> <span class='ocrx_word' id='word_1_151' title='bbox 748 1649 828 1701; x_wconf 88' lang='grc' dir='ltr'><em>ἐπὶ</em></span> <span class='ocrx_word' id='word_1_152' title='bbox 865 1645 918 1701; x_wconf 72' lang='lat' dir='ltr'><em>vd</em></span> <span class='ocrx_word' id='word_1_153' title='bbox 959 1654 1121 1718; x_wconf 87' lang='grc' dir='ltr'><em>χεῖρον</em></span> <span class='ocrx_word' id='word_1_154' title='bbox 1161 1643 1541 1716; x_wconf 86' lang='grc' dir='ltr'><em>προκόπτουσα,</em></span> <span class='ocrx_word' id='word_1_155' title='bbox 1591 1645 2030 1714; x_wconf 87' lang='grc' dir='ltr'><em>καταλιμπάνουσά</em></span> <span class='ocrx_word' id='word_1_156' title='bbox 2054 1667 2105 1699; x_wconf 89' lang='grc' dir='ltr'><em>τε</em></span> <span class='ocrx_word' id='word_1_157' title='bbox 2129 1644 2220 1714; x_wconf 82' lang='grc' dir='ltr'><em>τήν</em></span> <span class='ocrx_word' id='word_1_158' title='bbox 2244 1643 2367 1699; x_wconf 86' lang='grc' dir='ltr'><em>άπο-</em></span> 
     </span>
     <span class='ocr_line' id='line_1_19' title="bbox 429 1729 2364 1803; baseline -0.002 -16"><span class='ocrx_word' id='word_1_159' title='bbox 429 1731 657 1801; x_wconf 80' lang='grc' dir='ltr'><em>στολικήν</em></span> <span class='ocrx_word' id='word_1_160' title='bbox 702 1736 1049 1797; x_wconf 79' lang='grc' dir='ltr'><em>διδασκαλίαν,</em></span> <span class='ocrx_word' id='word_1_161' title='bbox 1103 1729 1279 1793; x_wconf 73' lang='grc' dir='ltr'><em>καθώς</em></span> <span class='ocrx_word' id='word_1_162' title='bbox 1320 1729 1349 1784; x_wconf 84' lang='grc' dir='ltr'><em>ὅ</em></span> <span class='ocrx_word' id='word_1_163' title='bbox 1394 1729 1662 1801; x_wconf 77' lang='grc' dir='ltr'><em>άγιώτατος</em></span> <span class='ocrx_word' id='word_1_164' title='bbox 1704 1729 1975 1795; x_wconf 84' lang='grc' dir='ltr'><em>άπόστολος</em></span> <span class='ocrx_word' id='word_1_165' title='bbox 2010 1739 2244 1803; x_wconf 88' lang='grc' dir='ltr'><em>προεῖπεν</em></span> <span class='ocrx_word' id='word_1_166' title='bbox 2273 1729 2364 1798; x_wconf 73' lang='grc' dir='ltr'><em>ὅτι,</em></span> 
     </span>
     <span class='ocr_line' id='line_1_20' title="bbox 426 1815 2366 1888; baseline -0.001 -16"><span class='ocrx_word' id='word_1_167' title='bbox 426 1817 814 1888; x_wconf 81' lang='grc' dir='ltr'><em>Ἀποστήσονταί</em></span> <span class='ocrx_word' id='word_1_168' title='bbox 840 1840 967 1881; x_wconf 89' lang='grc' dir='ltr'><em>τινες</em></span> <span class='ocrx_word' id='word_1_169' title='bbox 993 1824 1078 1886; x_wconf 91' lang='grc' dir='ltr'><em>τῆς</em></span> <span class='ocrx_word' id='word_1_170' title='bbox 1109 1815 1427 1888; x_wconf 69' lang='grc' dir='ltr'><em>ὑγιαινούσης</em></span> <span class='ocrx_word' id='word_1_171' title='bbox 1454 1820 1768 1880; x_wconf 82' lang='grc' dir='ltr'><em>διδασκαλίας</em></span> <span class='ocrx_word' id='word_1_172' title='bbox 1785 1861 1799 1884; x_wconf 97' lang='grc'><em>,</em></span> <span class='ocrx_word' id='word_1_173' title='bbox 1838 1819 2150 1888; x_wconf 90' lang='grc' dir='ltr'><em>προςέχοντες</em></span> <span class='ocrx_word' id='word_1_174' title='bbox 2178 1816 2366 1886; x_wconf 79' lang='grc' dir='ltr'><em>μύθοις</em></span> 
     </span>
     <span class='ocr_line' id='line_1_21' title="bbox 425 1901 2365 1974; baseline -0.002 -15"><span class='ocrx_word' id='word_1_175' title='bbox 425 1907 510 1959; x_wconf 85' lang='grc' dir='ltr'><em>καὶ</em></span> <span class='ocrx_word' id='word_1_176' title='bbox 552 1907 886 1967; x_wconf 84' lang='grc' dir='ltr'><em>διδασκαλίαις</em></span> <span class='ocrx_word' id='word_1_177' title='bbox 924 1907 1213 1972; x_wconf 90' lang='grc' dir='ltr'><em>δαιμονίων,</em></span> <span class='ocrx_word' id='word_1_178' title='bbox 1264 1905 1348 1956; x_wconf 82' lang='grc' dir='ltr'><em>καὶ</em></span> <span class='ocrx_word' id='word_1_179' title='bbox 1390 1901 1448 1956; x_wconf 82' lang='grc' dir='ltr'><em>τά</em></span> <span class='ocrx_word' id='word_1_180' title='bbox 1491 1905 1615 1971; x_wconf 77' lang='grc' dir='ltr'><em>ἑξῆς.</em></span> <span class='ocrx_word' id='word_1_181' title='bbox 1691 1906 1765 1957; x_wconf 77' lang='grc' dir='ltr'><em>Εἴ</em></span> <span class='ocrx_word' id='word_1_182' title='bbox 1795 1926 1841 1956; x_wconf 89' lang='grc' dir='ltr'><em>τι</em></span> <span class='ocrx_word' id='word_1_183' title='bbox 1869 1902 1961 1974; x_wconf 80' lang='grc' dir='ltr'><em>γάρ</em></span> <span class='ocrx_word' id='word_1_184' title='bbox 1995 1906 2068 1957; x_wconf 74' lang='grc' dir='ltr'><em>ἔνι</em></span> <span class='ocrx_word' id='word_1_185' title='bbox 2101 1901 2365 1973; x_wconf 83' lang='grc' dir='ltr'><em>άνερευνᾶν</em></span> 
     </span>
     <span class='ocr_line' id='line_1_22' title="bbox 424 1987 2361 2060; baseline -0.001 -16"><span class='ocrx_word' id='word_1_186' title='bbox 424 1993 509 2045; x_wconf 87' lang='grc' dir='ltr'><em>καὶ</em></span> <span class='ocrx_word' id='word_1_187' title='bbox 538 1993 754 2045; x_wconf 80' lang='grc' dir='ltr'><em>ἐπινοεῖν</em></span> <span class='ocrx_word' id='word_1_188' title='bbox 782 1989 934 2052; x_wconf 69' lang='grc' dir='ltr'><em>ὁδούς</em></span> <span class='ocrx_word' id='word_1_189' title='bbox 960 1987 1201 2060; x_wconf 82' lang='grc' dir='ltr'><em>πονηράς,</em></span> <span class='ocrx_word' id='word_1_190' title='bbox 1238 1995 1392 2042; x_wconf 82' lang='grc' dir='ltr'><em>ταῦτα</em></span> <span class='ocrx_word' id='word_1_191' title='bbox 1418 1995 1599 2057; x_wconf 83' lang='grc' dir='ltr'><em>μᾶλλον</em></span> <span class='ocrx_word' id='word_1_192' title='bbox 1627 1989 1989 2053; x_wconf 80' lang='grc' dir='ltr'><em>σπουδάζουσιν</em></span> <span class='ocrx_word' id='word_1_193' title='bbox 2015 1991 2066 2043; x_wconf 79' lang='grc' dir='ltr'><em>οἱ</em></span> <span class='ocrx_word' id='word_1_194' title='bbox 2085 1987 2361 2059; x_wconf 71' lang='grc' dir='ltr'><em>ἅνθρωποι,</em></span> 
     </span>
     <span class='ocr_line' id='line_1_23' title="bbox 423 2072 2361 2148; baseline -0.002 -18"><span class='ocrx_word' id='word_1_195' title='bbox 423 2075 550 2148; x_wconf 86' lang='grc' dir='ltr'><em>ῆπερ</em></span> <span class='ocrx_word' id='word_1_196' title='bbox 579 2082 880 2148; x_wconf 82' lang='grc' dir='ltr'><em>πληροῦντες</em></span> <span class='ocrx_word' id='word_1_197' title='bbox 909 2074 999 2144; x_wconf 80' lang='grc' dir='ltr'><em>τῆν</em></span> <span class='ocrx_word' id='word_1_198' title='bbox 1028 2073 1226 2142; x_wconf 79' lang='grc' dir='ltr'><em>ἐντολῆν</em></span> <span class='ocrx_word' id='word_1_199' title='bbox 1254 2073 1341 2142; x_wconf 78' lang='grc' dir='ltr'><em>τὴν</em></span> <span class='ocrx_word' id='word_1_200' title='bbox 1375 2076 1613 2145; x_wconf 83' lang='grc' dir='ltr'><em>λέγουσαν</em></span> <span class='ocrx_word' id='word_1_201' title='bbox 1649 2074 1772 2128; x_wconf 83' lang='grc' dir='ltr'><em>καλά</em></span> <span class='ocrx_word' id='word_1_202' title='bbox 1798 2076 1885 2128; x_wconf 87' lang='grc' dir='ltr'><em>καὶ</em></span> <span class='ocrx_word' id='word_1_203' title='bbox 1918 2072 2249 2145; x_wconf 82' lang='grc' dir='ltr'><em>εὕπρόςδεκτα</em></span> <span class='ocrx_word' id='word_1_204' title='bbox 2283 2078 2361 2141; x_wconf 83' lang='grc' dir='ltr'><em>ζη-</em></span> 
     </span>
     <span class='ocr_line' id='line_1_24' title="bbox 423 2154 2359 2235; baseline -0.002 -20"><span class='ocrx_word' id='word_1_205' title='bbox 423 2170 541 2228; x_wconf 92' lang='grc' dir='ltr'><em>τεῖν,</em></span> <span class='ocrx_word' id='word_1_206' title='bbox 582 2165 693 2229; x_wconf 89' lang='grc' dir='ltr'><em>καὶ,</em></span> <span class='ocrx_word' id='word_1_207' title='bbox 731 2160 785 2215; x_wconf 88' lang='grc' dir='ltr'><em>Ὁ</em></span> <span class='ocrx_word' id='word_1_208' title='bbox 812 2160 955 2232; x_wconf 86' lang='grc' dir='ltr'><em>λόγος</em></span> <span class='ocrx_word' id='word_1_209' title='bbox 980 2160 1122 2214; x_wconf 73' lang='grc' dir='ltr'><em>ἅλατι</em></span> <span class='ocrx_word' id='word_1_210' title='bbox 1154 2154 1185 2235; x_wconf 79' lang='grc' dir='ltr'><em>ᾗ</em></span> <span class='ocrx_word' id='word_1_211' title='bbox 1211 2158 1505 2231; x_wconf 79' lang='grc' dir='ltr'><em>ἠρτυμένος,</em></span> <span class='ocrx_word' id='word_1_212' title='bbox 1544 2160 1680 2222; x_wconf 74' lang='grc' dir='ltr'><em>ὅπως</em></span> <span class='ocrx_word' id='word_1_213' title='bbox 1706 2163 1777 2232; x_wconf 78' lang='grc' dir='ltr'><em>δῷ</em></span> <span class='ocrx_word' id='word_1_214' title='bbox 1803 2159 1945 2230; x_wconf 84' lang='grc' dir='ltr'><em>χάριν</em></span> <span class='ocrx_word' id='word_1_215' title='bbox 1970 2166 2074 2222; x_wconf 89' lang='grc' dir='ltr'><em>τοῖς</em></span> <span class='ocrx_word' id='word_1_216' title='bbox 2105 2158 2359 2213; x_wconf 79' lang='grc' dir='ltr'><em>ἀκούουσι.</em></span> 
     </span>
     <span class='ocr_line' id='line_1_25' title="bbox 424 2242 2359 2316; baseline -0.002 -15"><span class='ocrx_word' id='word_1_217' title='bbox 424 2250 523 2301; x_wconf 81' lang='grc' dir='ltr'><em>Καὶ</em></span> <span class='ocrx_word' id='word_1_218' title='bbox 570 2251 614 2301; x_wconf 84' lang='grc' dir='ltr'><em>εἰ</em></span> <span class='ocrx_word' id='word_1_219' title='bbox 641 2253 795 2300; x_wconf 81' lang='grc' dir='ltr'><em>ταῦτα</em></span> <span class='ocrx_word' id='word_1_220' title='bbox 826 2249 1233 2315; x_wconf 88' lang='grc' dir='ltr'><em>διανοηθείημεν,</em></span> <span class='ocrx_word' id='word_1_221' title='bbox 1273 2245 1349 2299; x_wconf 73' lang='grc' dir='ltr'><em>ὅτι</em></span> <span class='ocrx_word' id='word_1_222' title='bbox 1378 2244 1542 2299; x_wconf 89' lang='grc' dir='ltr'><em>πόθεν</em></span> <span class='ocrx_word' id='word_1_223' title='bbox 1578 2249 1838 2316; x_wconf 88' lang='grc' dir='ltr'><em>συμβαίνει</em></span> <span class='ocrx_word' id='word_1_224' title='bbox 1862 2243 1979 2298; x_wconf 88' lang='grc' dir='ltr'><em>καθ’</em></span> <span class='ocrx_word' id='word_1_225' title='bbox 2009 2243 2216 2313; x_wconf 76' lang='grc' dir='ltr'><em>ἑκάστην</em></span> <span class='ocrx_word' id='word_1_226' title='bbox 2243 2242 2359 2313; x_wconf 76' lang='grc' dir='ltr'><em>ἦμέ-</em></span> 
     </span>
     <span class='ocr_line' id='line_1_26' title="bbox 422 2328 2356 2405; baseline -0.002 -18"><span class='ocrx_word' id='word_1_227' title='bbox 422 2357 513 2405; x_wconf 92' lang='grc' dir='ltr'><em>ραν</em></span> <span class='ocrx_word' id='word_1_228' title='bbox 540 2331 943 2397; x_wconf 81' lang='grc' dir='ltr'><em>άνακαινίζεσθαι</em></span> <span class='ocrx_word' id='word_1_229' title='bbox 972 2330 1092 2400; x_wconf 74' lang='grc' dir='ltr'><em>ἡμῖν</em></span> <span class='ocrx_word' id='word_1_230' title='bbox 1122 2330 1182 2384; x_wconf 79' lang='grc' dir='ltr'><em>τά</em></span> <span class='ocrx_word' id='word_1_231' title='bbox 1212 2337 1376 2398; x_wconf 87' lang='grc' dir='ltr'><em>φαῦλα</em></span> <span class='ocrx_word' id='word_1_232' title='bbox 1414 2330 1631 2399; x_wconf 76' lang='grc' dir='ltr'><em>ἐσόμεθα</em></span> <span class='ocrx_word' id='word_1_233' title='bbox 1666 2333 1751 2383; x_wconf 90' lang='grc' dir='ltr'><em>καὶ</em></span> <span class='ocrx_word' id='word_1_234' title='bbox 1783 2329 1921 2384; x_wconf 78' lang='grc' dir='ltr'><em>αὐτοὶ</em></span> <span class='ocrx_word' id='word_1_235' title='bbox 1954 2328 2022 2392; x_wconf 73' lang='grc' dir='ltr'><em>ὥς</em></span> <span class='ocrx_word' id='word_1_236' title='bbox 2051 2329 2356 2395; x_wconf 76' lang='grc' dir='ltr'><em>ἀπαίδευτοι,</em></span> 
     </span>
     <span class='ocr_line' id='line_1_27' title="bbox 419 2414 2355 2489; baseline -0.002 -16"><span class='ocrx_word' id='word_1_237' title='bbox 419 2421 505 2473; x_wconf 89' lang='grc' dir='ltr'><em>καὶ</em></span> <span class='ocrx_word' id='word_1_238' title='bbox 550 2417 615 2486; x_wconf 77' lang='grc' dir='ltr'><em>μὴ</em></span> <span class='ocrx_word' id='word_1_239' title='bbox 655 2420 967 2489; x_wconf 86' lang='grc' dir='ltr'><em>προςέχοντες</em></span> <span class='ocrx_word' id='word_1_240' title='bbox 1003 2424 1106 2479; x_wconf 87' lang='grc' dir='ltr'><em>τοῖς</em></span> <span class='ocrx_word' id='word_1_241' title='bbox 1144 2420 1304 2479; x_wconf 85' lang='grc' dir='ltr'><em>θείοις</em></span> <span class='ocrx_word' id='word_1_242' title='bbox 1340 2418 1425 2470; x_wconf 84' lang='grc' dir='ltr'><em>καὶ</em></span> <span class='ocrx_word' id='word_1_243' title='bbox 1461 2422 1857 2487; x_wconf 66' lang='grc' dir='ltr'><em>2προρρητικοῖς</em></span> <span class='ocrx_word' id='word_1_244' title='bbox 1888 2414 2066 2486; x_wconf 86' lang='grc' dir='ltr'><em>λόγοις.</em></span> <span class='ocrx_word' id='word_1_245' title='bbox 2141 2422 2236 2469; x_wconf 85' lang='grc' dir='ltr'><em>Δεῖ</em></span> <span class='ocrx_word' id='word_1_246' title='bbox 2263 2414 2355 2487; x_wconf 78' lang='grc' dir='ltr'><em>γάρ</em></span> 
     </span>
     <span class='ocr_line' id='line_1_28' title="bbox 420 2500 2359 2573; baseline -0.001 -17"><span class='ocrx_word' id='word_1_247' title='bbox 420 2510 572 2557; x_wconf 87' lang='grc' dir='ltr'><em>ταῦτα</em></span> <span class='ocrx_word' id='word_1_248' title='bbox 598 2509 926 2573; x_wconf 83' lang='grc' dir='ltr'><em>πληροῦσθαι.</em></span> <span class='ocrx_word' id='word_1_249' title='bbox 999 2501 1085 2555; x_wconf 84' lang='grc' dir='ltr'><em>Ἐν</em></span> <span class='ocrx_word' id='word_1_250' title='bbox 1128 2502 1282 2556; x_wconf 74' lang='grc' dir='ltr'><em>ἅπασι</em></span> <span class='ocrx_word' id='word_1_251' title='bbox 1322 2500 1414 2572; x_wconf 79' lang='grc' dir='ltr'><em>γάρ</em></span> <span class='ocrx_word' id='word_1_252' title='bbox 1458 2503 1622 2573; x_wconf 86' lang='grc' dir='ltr'><em>μέρεσι</em></span> <span class='ocrx_word' id='word_1_253' title='bbox 1659 2508 1746 2569; x_wconf 93' lang='grc' dir='ltr'><em>τῆς</em></span> <span class='ocrx_word' id='word_1_254' title='bbox 1771 2505 1976 2564; x_wconf 88' lang='grc' dir='ltr'><em>πίστεως</em></span> <span class='ocrx_word' id='word_1_255' title='bbox 2012 2505 2090 2555; x_wconf 86' lang='grc' dir='ltr'><em>δεῖ</em></span> <span class='ocrx_word' id='word_1_256' title='bbox 2114 2508 2359 2555; x_wconf 87' lang='grc' dir='ltr'><em>τελεῖσθαι</em></span> 
     </span>
     <span class='ocr_line' id='line_1_29' title="bbox 419 2582 2357 2661; baseline -0.002 -18"><span class='ocrx_word' id='word_1_257' title='bbox 419 2588 472 2643; x_wconf 86' lang='grc' dir='ltr'>τὸ</span> <span class='ocrx_word' id='word_1_258' title='bbox 504 2590 792 2661; x_wconf 83' lang='grc' dir='ltr'><em>εἰρημένον,</em></span> <span class='ocrx_word' id='word_1_259' title='bbox 850 2582 1006 2659; x_wconf 70' lang='grc' dir='ltr'><em>3Ἆρα</em></span> <span class='ocrx_word' id='word_1_260' title='bbox 1034 2587 1194 2641; x_wconf 74' lang='grc' dir='ltr'><em>ἐλθών</em></span> <span class='ocrx_word' id='word_1_261' title='bbox 1226 2585 1255 2641; x_wconf 78' lang='grc' dir='ltr'><em>ὅ</em></span> <span class='ocrx_word' id='word_1_262' title='bbox 1282 2586 1391 2650; x_wconf 78' lang='grc' dir='ltr'><em>υἱὸς</em></span> <span class='ocrx_word' id='word_1_263' title='bbox 1429 2594 1518 2641; x_wconf 86' lang='grc' dir='ltr'><em>τοῦ</em></span> <span class='ocrx_word' id='word_1_264' title='bbox 1555 2586 1831 2657; x_wconf 72' lang='grc' dir='ltr'><em>ἀνθρώπου</em></span> <span class='ocrx_word' id='word_1_265' title='bbox 1859 2585 2051 2658; x_wconf 72' lang='grc' dir='ltr'><em>εὑρήσει</em></span> <span class='ocrx_word' id='word_1_266' title='bbox 2074 2585 2162 2654; x_wconf 75' lang='grc' dir='ltr'><em>τὴν</em></span> <span class='ocrx_word' id='word_1_267' title='bbox 2193 2590 2357 2640; x_wconf 86' lang='grc' dir='ltr'><em>πίστιν</em></span> 
     </span>
     <span class='ocr_line' id='line_1_30' title="bbox 418 2671 2354 2777; baseline -0.002 -49"><span class='ocrx_word' id='word_1_268' title='bbox 418 2677 500 2729; x_wconf 85' lang='grc' dir='ltr'><em>ἐπὶ</em></span> <span class='ocrx_word' id='word_1_269' title='bbox 529 2681 615 2777; x_wconf 85' lang='grc' dir='ltr'><em>τῆς</em></span> <span class='ocrx_word' id='word_1_270' title='bbox 641 2681 755 2745; x_wconf 69' lang='grc' dir='ltr'><em>γῆς,</em></span> <span class='ocrx_word' id='word_1_271' title='bbox 833 2681 858 2711; x_wconf 79' lang='lat'>4</span> <span class='ocrx_word' id='word_1_272' title='bbox 876 2680 992 2727; x_wconf 82' lang='grc' dir='ltr'><em>Ποῦ</em></span> <span class='ocrx_word' id='word_1_273' title='bbox 1018 2672 1110 2777; x_wconf 83' lang='grc' dir='ltr'><em>γάρ</em></span> <span class='ocrx_word' id='word_1_274' title='bbox 1139 2675 1361 2740; x_wconf 74' lang='grc' dir='ltr'><em>ἔφθασεν</em></span> <span class='ocrx_word' id='word_1_275' title='bbox 1389 2671 1422 2741; x_wconf 77' lang='grc' dir='ltr'><em>ἡ</em></span> <span class='ocrx_word' id='word_1_276' title='bbox 1445 2672 1643 2727; x_wconf 88' lang='grc' dir='ltr'><em>διάνοια</em></span> <span class='ocrx_word' id='word_1_277' title='bbox 1666 2680 1764 2727; x_wconf 83' lang='grc' dir='ltr'><em>τῶν</em></span> <span class='ocrx_word' id='word_1_278' title='bbox 1791 2671 2077 2742; x_wconf 73' lang='grc' dir='ltr'><em>ἀνθρώπων</em></span> <span class='ocrx_word' id='word_1_279' title='bbox 2102 2674 2354 2742; x_wconf 76' lang='grc' dir='ltr'><em>ἐγκειμένη</em></span> 
     </span>
     <span class='ocr_line' id='line_1_31' title="bbox 417 2757 2351 2862; baseline -0.002 -48"><span class='ocrx_word' id='word_1_280' title='bbox 417 2762 500 2814; x_wconf 87' lang='grc' dir='ltr'><em>ἐπὶ</em></span> <span class='ocrx_word' id='word_1_281' title='bbox 529 2759 583 2814; x_wconf 87' lang='grc' dir='ltr'>τὸ</span> <span class='ocrx_word' id='word_1_282' title='bbox 612 2782 834 2830; x_wconf 87' lang='grc' dir='ltr'><em>πονηρον</em></span> <span class='ocrx_word' id='word_1_283' title='bbox 864 2762 918 2813; x_wconf 87' lang='grc' dir='ltr'><em>ἐκ</em></span> <span class='ocrx_word' id='word_1_284' title='bbox 948 2759 1201 2827; x_wconf 86' lang='grc' dir='ltr'><em>νεότητος,-</em></span> <span class='ocrx_word' id='word_1_285' title='bbox 1280 2765 1417 2812; x_wconf 88' lang='grc' dir='ltr'><em>Ποῖα</em></span> <span class='ocrx_word' id='word_1_286' title='bbox 1427 2760 1566 2862; x_wconf 79' lang='grc' dir='ltr'><em>μέρη</em></span> <span class='ocrx_word' id='word_1_287' title='bbox 1596 2765 1682 2827; x_wconf 91' lang='grc' dir='ltr'><em>τῆς</em></span> <span class='ocrx_word' id='word_1_288' title='bbox 1710 2762 1916 2820; x_wconf 88' lang='grc' dir='ltr'><em>πίστεως</em></span> <span class='ocrx_word' id='word_1_289' title='bbox 1945 2780 2040 2812; x_wconf 88' lang='grc' dir='ltr'><em>ουκ</em></span> <span class='ocrx_word' id='word_1_290' title='bbox 2077 2757 2351 2822; x_wconf 75' lang='grc' dir='ltr'><em>ἀπώλεσεν,-</em></span> 
     </span>
     <span class='ocr_line' id='line_1_32' title="bbox 409 2843 2353 2916; baseline -0.002 -16.981"><span class='ocrx_word' id='word_1_291' title='bbox 409 2846 495 2899; x_wconf 79' lang='grc' dir='ltr'><em>Ἐν</em></span> <span class='ocrx_word' id='word_1_292' title='bbox 523 2849 686 2908; x_wconf 89' lang='grc' dir='ltr'><em>ποίοις</em></span> <span class='ocrx_word' id='word_1_293' title='bbox 715 2846 768 2898; x_wconf 80' lang='grc' dir='ltr'><em>δὲ</em></span> <span class='ocrx_word' id='word_1_294' title='bbox 794 2844 958 2916; x_wconf 87' lang='grc' dir='ltr'><em>λόγοις</em></span> <span class='ocrx_word' id='word_1_295' title='bbox 985 2868 1017 2913; x_wconf 93' lang='grc' dir='ltr'><em>η</em></span> <span class='ocrx_word' id='word_1_296' title='bbox 1052 2848 1356 2913; x_wconf 87' lang='grc' dir='ltr'><em>κακοβουλία</em></span> <span class='ocrx_word' id='word_1_297' title='bbox 1385 2843 1438 2898; x_wconf 75' lang='grc' dir='ltr'><em>τό</em></span> <span class='ocrx_word' id='word_1_298' title='bbox 1467 2843 1709 2915; x_wconf 81' lang='grc' dir='ltr'><em>χρήσιμον</em></span> <span class='ocrx_word' id='word_1_299' title='bbox 1737 2866 1829 2898; x_wconf 89' lang='grc' dir='ltr'><em>ουκ</em></span> <span class='ocrx_word' id='word_1_300' title='bbox 1860 2843 2083 2915; x_wconf 70' lang='grc' dir='ltr'><em>ἐτάραξες</em></span> <span class='ocrx_word' id='word_1_301' title='bbox 2140 2848 2275 2896; x_wconf 66' lang='grc' dir='ltr'><em>ὃτῶν</em></span> <span class='ocrx_word' id='word_1_302' title='bbox 2299 2843 2353 2896; x_wconf 84' lang='grc' dir='ltr'><em>δὲ</em></span> 
     </span>
     <span class='ocr_line' id='line_1_33' title="bbox 419 2927 2351 3035; baseline -0.002 -51"><span class='ocrx_word' id='word_1_303' title='bbox 419 2929 841 3035; x_wconf 83' lang='grc' dir='ltr'><em>πρεπωδεστάτων</em></span> <span class='ocrx_word' id='word_1_304' title='bbox 886 2932 969 2984; x_wconf 87' lang='grc' dir='ltr'><em>καὶ</em></span> <span class='ocrx_word' id='word_1_305' title='bbox 1017 2933 1067 2983; x_wconf 88' lang='grc' dir='ltr'><em>ἐν</em></span> <span class='ocrx_word' id='word_1_306' title='bbox 1094 2930 1381 2984; x_wconf 87' lang='grc' dir='ltr'><em>καταστάσει</em></span> <span class='ocrx_word' id='word_1_307' title='bbox 1405 2936 1605 3001; x_wconf 86' lang='grc' dir='ltr'><em>λογικῆς</em></span> <span class='ocrx_word' id='word_1_308' title='bbox 1630 2930 1853 2997; x_wconf 84' lang='grc' dir='ltr'><em>φύσεως,</em></span> <span class='ocrx_word' id='word_1_309' title='bbox 1900 2932 1961 2997; x_wconf 84' lang='grc' dir='ltr'><em>ῆς</em></span> <span class='ocrx_word' id='word_1_310' title='bbox 1985 2927 2040 2982; x_wconf 84' lang='grc' dir='ltr'>τὸ</span> <span class='ocrx_word' id='word_1_311' title='bbox 2071 2928 2261 2997; x_wconf 89' lang='grc' dir='ltr'><em>πρέπον</em></span> <span class='ocrx_word' id='word_1_312' title='bbox 2289 2950 2351 2996; x_wconf 93' lang='grc' dir='ltr'><em>ην</em></span> 
     </span>
     <span class='ocr_line' id='line_1_34' title="bbox 417 3010 2353 3086; baseline -0.002 -17"><span class='ocrx_word' id='word_1_313' title='bbox 417 3040 476 3069; x_wconf 91' lang='grc' dir='ltr'><em>τα</em></span> <span class='ocrx_word' id='word_1_314' title='bbox 516 3015 667 3085; x_wconf 78' lang='grc' dir='ltr'><em>σεμνά</em></span> <span class='ocrx_word' id='word_1_315' title='bbox 701 3023 884 3084; x_wconf 74' lang='grc' dir='ltr'><em>μᾶλλον</em></span> <span class='ocrx_word' id='word_1_316' title='bbox 911 3019 1243 3082; x_wconf 88' lang='grc' dir='ltr'><em>διανοεῖσθαι,</em></span> <span class='ocrx_word' id='word_1_317' title='bbox 1293 3018 1376 3069; x_wconf 87' lang='grc' dir='ltr'><em>καὶ</em></span> <span class='ocrx_word' id='word_1_318' title='bbox 1411 3015 1602 3078; x_wconf 82' lang='grc' dir='ltr'><em>τούτοις</em></span> <span class='ocrx_word' id='word_1_319' title='bbox 1632 3016 1949 3086; x_wconf 87' lang='grc' dir='ltr'><em>προςτιθέναι</em></span> <span class='ocrx_word' id='word_1_320' title='bbox 1977 3010 2256 3081; x_wconf 85' lang='grc' dir='ltr'><em>βιάζεσθαι,</em></span> <span class='ocrx_word' id='word_1_321' title='bbox 2308 3015 2353 3066; x_wconf 82' lang='grc' dir='ltr'><em>εἰ</em></span> 
     </span>
    </p>
   </div>
   <div class='ocr_carea' id='block_1_6' title="bbox 190 3097 2349 3172">
    <p class='ocr_par' dir='ltr' id='par_1_8' title="bbox 190 3097 2349 3172">
     <span class='ocr_line' id='line_1_35' title="bbox 190 3097 2349 3172; baseline -0.003 -15"><span class='ocrx_word' id='word_1_322' title='bbox 190 3132 275 3168; x_wconf 76' lang='lat' dir='ltr'><strong>pag.</strong></span> <span class='ocrx_word' id='word_1_323' title='bbox 300 3120 398 3159; x_wconf 81' lang='lat'>1035.</span> <span class='ocrx_word' id='word_1_324' title='bbox 421 3104 506 3156; x_wconf 87' lang='grc' dir='ltr'><em>καὶ</em></span> <span class='ocrx_word' id='word_1_325' title='bbox 533 3105 630 3156; x_wconf 74' lang='grc' dir='ltr'><em>ἔδει</em></span> <span class='ocrx_word' id='word_1_326' title='bbox 658 3101 791 3172; x_wconf 83' lang='grc' dir='ltr'><em>παρά</em></span> <span class='ocrx_word' id='word_1_327' title='bbox 819 3100 995 3169; x_wconf 81' lang='grc' dir='ltr'><em>φύσιν,</em></span> <span class='ocrx_word' id='word_1_328' title='bbox 1047 3105 1132 3155; x_wconf 86' lang='grc' dir='ltr'><em>καὶ</em></span> <span class='ocrx_word' id='word_1_329' title='bbox 1158 3101 1225 3170; x_wconf 81' lang='grc' dir='ltr'><em>μὴ</em></span> <span class='ocrx_word' id='word_1_330' title='bbox 1257 3108 1436 3170; x_wconf 82' lang='grc' dir='ltr'><em>μᾶλλον</em></span> <span class='ocrx_word' id='word_1_331' title='bbox 1462 3100 1522 3154; x_wconf 82' lang='grc' dir='ltr'><em>τά</em></span> <span class='ocrx_word' id='word_1_332' title='bbox 1551 3099 1767 3169; x_wconf 80' lang='grc' dir='ltr'><em>άληθινά</em></span> <span class='ocrx_word' id='word_1_333' title='bbox 1797 3103 1867 3163; x_wconf 87' lang='grc' dir='ltr'><em>εἰς</em></span> <span class='ocrx_word' id='word_1_334' title='bbox 1897 3098 1955 3152; x_wconf 80' lang='grc' dir='ltr'><em>τά</em></span> <span class='ocrx_word' id='word_1_335' title='bbox 1983 3097 2167 3166; x_wconf 68' lang='grc' dir='ltr'><em>ἄσεμνα</em></span> <span class='ocrx_word' id='word_1_336' title='bbox 2192 3119 2349 3169; x_wconf 90' lang='grc' dir='ltr'><em>παρα-</em></span> 
     </span>
    </p>
   </div>
   <div class='ocr_carea' id='block_1_7' title="bbox 200 3535 382 3591">
    <p class='ocr_par' dir='ltr' id='par_1_9' title="bbox 200 3535 382 3591">
     <span class='ocr_line' id='line_1_36' title="bbox 200 3535 382 3591; baseline 0.005 -13"><span class='ocrx_word' id='word_1_337' title='bbox 200 3536 312 3591; x_wconf 82' lang='grc' dir='ltr'><em>Κεφ.</em></span> <span class='ocrx_word' id='word_1_338' title='bbox 327 3535 382 3591; x_wconf 84' lang='grc' dir='ltr'><em>γ’.</em></span> 
     </span>
    </p>
   </div>
   <div class='ocr_carea' id='block_1_8' title="bbox 417 3185 1394 3260">
    <p class='ocr_par' dir='ltr' id='par_1_10' title="bbox 417 3185 1394 3260">
     <span class='ocr_line' id='line_1_37' title="bbox 417 3185 1394 3260; baseline -0.001 -19"><span class='ocrx_word' id='word_1_339' title='bbox 417 3189 612 3260; x_wconf 87' lang='grc' dir='ltr'><em>τρέπειν</em></span> <span class='ocrx_word' id='word_1_340' title='bbox 650 3189 970 3256; x_wconf 85' lang='grc' dir='ltr'><em>βιαζομένους</em></span> <span class='ocrx_word' id='word_1_341' title='bbox 1009 3189 1090 3241; x_wconf 87' lang='grc' dir='ltr'><em>ἐπὶ</em></span> <span class='ocrx_word' id='word_1_342' title='bbox 1126 3185 1179 3241; x_wconf 70' lang='lat' dir='ltr'><em>vd</em></span> <span class='ocrx_word' id='word_1_343' title='bbox 1218 3195 1394 3258; x_wconf 88' lang='grc' dir='ltr'><em>χεῖρον.</em></span> 
     </span>
    </p>
   </div>
   <div class='ocr_carea' id='block_1_9' title="bbox 554 3525 2343 3601">
    <p class='ocr_par' dir='ltr' id='par_1_11' title="bbox 554 3525 2343 3601">
     <span class='ocr_line' id='line_1_38' title="bbox 554 3525 2343 3601; baseline -0.001 -19"><span class='ocrx_word' id='word_1_344' title='bbox 554 3529 757 3583; x_wconf 77' lang='grc' dir='ltr'><em>Λοιπὸν</em></span> <span class='ocrx_word' id='word_1_345' title='bbox 781 3528 900 3601; x_wconf 80' lang='grc' dir='ltr'><em>γάρ,</em></span> <span class='ocrx_word' id='word_1_346' title='bbox 955 3528 1122 3597; x_wconf 84' lang='grc' dir='ltr'><em>ἐπειδὴ</em></span> <span class='ocrx_word' id='word_1_347' title='bbox 1163 3528 1324 3582; x_wconf 86' lang='grc' dir='ltr'><em>πάντα</em></span> <span class='ocrx_word' id='word_1_348' title='bbox 1362 3527 1503 3598; x_wconf 77' lang='grc' dir='ltr'><em>ἡμῶν</em></span> <span class='ocrx_word' id='word_1_349' title='bbox 1545 3526 1854 3597; x_wconf 87' lang='grc' dir='ltr'><em>πεπλήρωται</em></span> <span class='ocrx_word' id='word_1_350' title='bbox 1893 3532 1951 3599; x_wconf 79' lang='grc' dir='ltr'><em>τῇ</em></span> <span class='ocrx_word' id='word_1_351' title='bbox 1982 3531 2152 3599; x_wconf 73' lang='grc' dir='ltr'><em>γενεᾷ,</em></span> <span class='ocrx_word' id='word_1_352' title='bbox 2205 3525 2266 3580; x_wconf 89' lang='grc' dir='ltr'><em>τά</em></span> <span class='ocrx_word' id='word_1_353' title='bbox 2294 3547 2343 3580; x_wconf 91' lang='grc' dir='ltr'><em>τε</em></span> 
     </span>
    </p>
   </div>
   <div class='ocr_carea' id='block_1_10' title="bbox 412 3626 2343 3754">
    <p class='ocr_par' dir='ltr' id='par_1_12' title="bbox 412 3626 2343 3754">
     <span class='ocr_line' id='line_1_39' title="bbox 471 3626 2343 3685; baseline -0.002 -13"><span class='ocrx_word' id='word_1_354' title='bbox 471 3631 492 3655; x_wconf 84' lang='grc'><em>*</em></span> <span class='ocrx_word' id='word_1_355' title='bbox 518 3633 613 3672; x_wconf 71' lang='lat' dir='ltr'><em>Post</em></span> <span class='ocrx_word' id='word_1_356' title='bbox 650 3626 733 3685; x_wconf 74' lang='grc' dir='ltr'><em>ἥδε</em></span> <span class='ocrx_word' id='word_1_357' title='bbox 768 3636 810 3673; x_wconf 82' lang='lat' dir='ltr'><em>in</em></span> <span class='ocrx_word' id='word_1_358' title='bbox 850 3645 975 3684; x_wconf 71' lang='grc' dir='ltr'><em>τηαν9.</em></span> <span class='ocrx_word' id='word_1_359' title='bbox 1006 3634 1094 3673; x_wconf 82' lang='lat' dir='ltr'><strong><em>libri</em></strong></span> <span class='ocrx_word' id='word_1_360' title='bbox 1129 3634 1205 3673; x_wconf 82' lang='lat' dir='ltr'><em>Ien.</em></span> <span class='ocrx_word' id='word_1_361' title='bbox 1236 3634 1353 3673; x_wconf 87' lang='lat' dir='ltr'><em>rubro</em></span> <span class='ocrx_word' id='word_1_362' title='bbox 1411 3630 1519 3671; x_wconf 86' lang='lat' dir='ltr'>enim</span> <span class='ocrx_word' id='word_1_363' title='bbox 1557 3643 1630 3684; x_wconf 86' lang='lat' dir='ltr'><em>per</em></span> <span class='ocrx_word' id='word_1_364' title='bbox 1659 3628 1935 3669; x_wconf 87' lang='lat' dir='ltr'><strong>accessionem</strong></span> <span class='ocrx_word' id='word_1_365' title='bbox 1965 3628 2207 3682; x_wconf 87' lang='lat' dir='ltr'>ampliorem</span> <span class='ocrx_word' id='word_1_366' title='bbox 2238 3642 2343 3669; x_wconf 90' lang='lat' dir='ltr'><strong>con—</strong></span> 
     </span>
     <span class='ocr_line' id='line_1_40' title="bbox 412 3684 2200 3754; baseline -0.002 -25"><span class='ocrx_word' id='word_1_367' title='bbox 412 3702 613 3750; x_wconf 59' lang='lat' dir='ltr'><em>admotum</em></span> <span class='ocrx_word' id='word_1_368' title='bbox 654 3705 792 3754; x_wconf 64' lang='lat' dir='ltr'><em>le9itur</em></span> <span class='ocrx_word' id='word_1_369' title='bbox 830 3703 1000 3747; x_wconf 60' lang='grc' dir='ltr'><em>ἐπιστο</em></span> <span class='ocrx_word' id='word_1_370' title='bbox 1407 3686 1532 3741; x_wconf 83' lang='lat' dir='ltr'><strong>tingit</strong></span> <span class='ocrx_word' id='word_1_371' title='bbox 1556 3685 1674 3726; x_wconf 83' lang='lat' dir='ltr'><strong>nobis</strong></span> <span class='ocrx_word' id='word_1_372' title='bbox 1698 3684 1922 3739; x_wconf 82' lang='lat' dir='ltr'><strong>sophistica</strong></span> <span class='ocrx_word' id='word_1_373' title='bbox 1950 3685 2091 3740; x_wconf 85' lang='lat' dir='ltr'>opinio</span> <span class='ocrx_word' id='word_1_374' title='bbox 2118 3690 2200 3727; x_wconf 77' lang='lat' dir='ltr'><strong><em>cett.</em></strong></span> 
     </span>
    </p>
   </div>
   <div class='ocr_carea' id='block_1_11' title="bbox 414 3757 2337 3869">
    <p class='ocr_par' dir='ltr' id='par_1_13' title="bbox 414 3757 2337 3869">
     <span class='ocr_line' id='line_1_41' title="bbox 475 3757 2337 3813; baseline 0 -18"><span class='ocrx_word' id='word_1_375' title='bbox 475 3758 567 3795; x_wconf 67' lang='lat' dir='ltr'>CAp.</span> <span class='ocrx_word' id='word_1_376' title='bbox 593 3760 643 3796; x_wconf 82' lang='grc' dir='ltr'><em>ΙΙ.</em></span> <span class='ocrx_word' id='word_1_377' title='bbox 667 3783 717 3790; x_wconf 82' lang='lat'>—</span> <span class='ocrx_word' id='word_1_378' title='bbox 767 3762 801 3800; x_wconf 88' lang='lat'><em>1.</em></span> <span class='ocrx_word' id='word_1_379' title='bbox 831 3763 1086 3802; x_wconf 83' lang='lat' dir='ltr'><strong><em>Scribendum</em></strong></span> <span class='ocrx_word' id='word_1_380' title='bbox 1110 3757 1349 3813; x_wconf 68' lang='grc' dir='ltr'><em>πρόςῗςεσιν,</em></span> <span class='ocrx_word' id='word_1_381' title='bbox 1464 3758 1502 3800; x_wconf 80' lang='lat'><em>2.</em></span> <span class='ocrx_word' id='word_1_382' title='bbox 1531 3760 1818 3811; x_wconf 79' lang='grc' dir='ltr'><em>προςρητικοῖς</em></span> <span class='ocrx_word' id='word_1_383' title='bbox 1844 3757 1928 3797; x_wconf 86' lang='lat' dir='ltr'><strong><em>cod.</em></strong></span> <span class='ocrx_word' id='word_1_384' title='bbox 1945 3759 2032 3798; x_wconf 82' lang='lat' dir='ltr'><strong><em>len.</em></strong></span> <span class='ocrx_word' id='word_1_385' title='bbox 2060 3761 2095 3798; x_wconf 82' lang='lat' dir='ltr'><em>et</em></span> <span class='ocrx_word' id='word_1_386' title='bbox 2121 3759 2180 3798; x_wconf 82' lang='lat' dir='ltr'><em>ed.</em></span> <span class='ocrx_word' id='word_1_387' title='bbox 2210 3759 2337 3807; x_wconf 79' lang='lat' dir='ltr'><strong><em>princ.</em></strong></span> 
     </span>
     <span class='ocr_line' id='line_1_42' title="bbox 414 3814 1979 3869; baseline -0.001 -16"><span class='ocrx_word' id='word_1_388' title='bbox 414 3826 461 3853; x_wconf 77' lang='lat' dir='ltr'><em>ex</em></span> <span class='ocrx_word' id='word_1_389' title='bbox 482 3816 671 3854; x_wconf 73' lang='lat' dir='ltr'><em>emendat.</em></span> <span class='ocrx_word' id='word_1_390' title='bbox 701 3818 893 3867; x_wconf 82' lang='lat' dir='ltr'><em>Cornarii,</em></span> <span class='ocrx_word' id='word_1_391' title='bbox 922 3821 988 3867; x_wconf 82' lang='lat' dir='ltr'><em>qui</em></span> <span class='ocrx_word' id='word_1_392' title='bbox 1011 3821 1122 3858; x_wconf 76' lang='lat' dir='ltr'><em>verm</em></span> <span class='ocrx_word' id='word_1_393' title='bbox 1155 3814 1351 3865; x_wconf 79' lang='lat' dir='ltr'><strong>Quotidie</strong></span> <span class='ocrx_word' id='word_1_394' title='bbox 1410 3818 1672 3869; x_wconf 77' lang='grc' dir='ltr'><em>προρητικοῐς</em></span> <span class='ocrx_word' id='word_1_395' title='bbox 1701 3815 1784 3854; x_wconf 83' lang='lat' dir='ltr'><em>cod.</em></span> <span class='ocrx_word' id='word_1_396' title='bbox 1817 3815 1979 3864; x_wconf 72' lang='lat' dir='ltr'><strong><em>Rhediy.</em></strong></span> 
     </span>
    </p>
   </div>
  </div>
 </body>
</html>
