2508 4134
242 524 353 576 Κεφ.
382 522 439 579 η’.

237 1744 349 1800 Κεφ.
382 1740 438 1788 3‘.

260 2363 345 2400 pag.
365 2351 439 2387 841.

472 242 539 294 60
1185 245 1386 288 SANCTI
1415 246 1699 290 EPIPHANII

470 348 532 402 οὐ
582 346 650 417 μὴ
686 345 885 420 αὐξηθῇ
931 346 984 399 ἐκ
1019 350 1109 398 τοῦ
1157 345 1437 412 σπέρματος
1484 346 1647 400 αὐτοῦ
1690 343 1853 417 ἅρχων
1901 348 1971 401 ἔτι
2018 348 2072 402 έν
2107 353 2175 422 τῷ
2204 347 2394 422 Ἰούδᾳ,

468 432 757 502 καθήμενος
794 433 876 485 ἐπὶ
913 428 1108 499 θρόνου
1145 432 1322 498 Δαβίδ.

616 524 636 555 1
655 518 757 569 Καὶ
793 513 903 584 μεθ’
939 517 1077 586 ἕτερα
1114 514 1539 584 μνημονεύσαντος
1576 518 1873 588 Μαρκέλλου
1909 524 2008 571 τῶν
2034 516 2282 589 Ἀστερίου
2309 520 2395 588 ῤἠ-

466 608 591 668 τῶν,
631 601 854 670 ἐπιφέρει
888 601 1064 671 λέγων·
1652 614 1660 621 ·

613 688 727 749 Θεὶς
755 681 846 740 οῦν
874 691 1054 752 ταῦτα,
1107 687 1193 740 καὶ
1220 692 1393 756 χωρῶν
1419 692 1481 760 τῇ
1513 686 1715 758 ἀρνήσει
1746 692 1874 755 ’ὶτῆς
1898 693 1987 741 τοῦ
2017 693 2237 758 σωτῆρος
2255 686 2400 757 ἡμῶν

467 772 660 835 εἰκόνος
687 773 773 825 καὶ
800 771 996 838 οὐσίας,
1034 772 1119 825 καὶ
1148 778 1236 840 τῆς
1265 778 1565 843 μονογενοῦς
1589 771 1819 840 υἷότητος
1845 774 1900 826 ἐκ
1929 771 2142 844 πατρὸς,
2192 774 2276 826 καὶ
2302 779 2401 827 τῶν

468 861 816 928 πρωτοτοκίων
841 856 1003 926 πάσης
1031 860 1261 923 κτίσεως,
1316 859 1401 911 καὶ
1428 864 1517 926 τῆς
1550 859 1605 911 έκ
1636 863 1935 928 μονογενοῦς
1961 857 2260 927 μονότητος,
2312 860 2400 912 καὶ

466 949 555 1012 τῆς
582 945 637 997 ἔκ
664 947 846 997 τελείου
870 941 1190 1011 τελειότητος,
1240 944 1324 996 καὶ
1349 948 1437 1011 τῆς
1461 945 1514 996 ἐκ
1541 943 1778 1010 βασιλέως
1802 946 2075 1011 βασιλείας,
2112 945 2196 997 καὶ
2225 948 2314 1012 τῆς
2344 945 2399 999 ἐκ

464 1032 642 1098 κυρίου
672 1028 991 1100 κυριότητος,
1027 1029 1112 1081 καὶ
1138 1034 1228 1096 τῆς
1257 1030 1310 1081 έκ
1341 1034 1470 1081 θεοῦ
1497 1027 1762 1096 θεότητος,
1801 1028 1974 1091 οὐσίας
2001 1049 2051 1081 τε
2084 1025 2277 1095 ἅπλῶς,
2314 1029 2399 1082 καὶ

465 1118 676 1183 βουλῆς,
727 1115 812 1167 καὶ
840 1112 1123 1182 δυνάμεως,
1175 1115 1258 1166 καὶ
1300 1111 1449 1181 δόξης
1485 1120 1614 1167 θεοῦ
1652 1114 1845 1176 εἰκόνος
1882 1111 2286 1184 άπαραλλάκτου,
2339 1111 2400 1167 οὐ

466 1208 661 1270 μικροῖς
695 1199 860 1270 λόγοις
898 1197 1200 1270 ἀρνούμενος
1227 1200 1508 1269 ἔμπροσθεν
1532 1205 1633 1253 τῶν
1658 1197 1977 1271 ἀνθρώπων,
2025 1199 2104 1253 διδ
2135 1201 2221 1253 καὶ
2251 1197 2401 1270 ἄρνη-

464 1285 745 1354 θησόμενος
786 1287 1069 1355 ἔμπροσθεν
1111 1289 1199 1337 τοῦ
1242 1282 1430 1354 πατρὸς
1474 1282 1655 1349 αὐτοῦ,
1711 1283 1940 1355 ἄντικρυς
1984 1290 2139 1338 ταῦτα
2175 1284 2399 1356 γράφεις.

473 1377 636 1424 Ταῦτα
673 1369 734 1424 τοὶ
770 1369 964 1440 ῥήματα
1006 1375 1180 1435 σαφῶς
1219 1368 1309 1438 τὴν
1352 1368 1551 1438 φαύλην
1590 1367 1747 1423 αὐτοῦ
1785 1371 1898 1441 περὶ
1934 1369 2176 1438 θεότητος
2215 1369 2402 1441 πατρός

464 1458 550 1510 καὶ
587 1458 701 1509 υίοῦ
738 1459 999 1526 παρίστησι
1031 1454 1194 1519 δόξαν.
1267 1452 1330 1507 Ἡ
1351 1456 1404 1508 δὲ
1428 1454 1616 1508 τούτων
1653 1453 1854 1525 ἄρνησις
1888 1454 1978 1525 τὴν
2003 1454 2095 1524 σὴν
2124 1455 2401 1526 ένδιάστρο-

464 1565 564 1610 φον
592 1544 676 1595 καὶ
715 1541 909 1610 φαύλην
947 1542 1059 1611 περὶ
1097 1540 1336 1608 θεότητος
1371 1542 1457 1593 καὶ
1495 1540 1668 1603 οὐσίας
1707 1545 1955 1611 Χριστοῦ,
2007 1547 2182 1608 σαφῶς
2207 1539 2402 1612 ἤλεγξεν

468 1629 789 1699 ἕτεροδοξίαν.

618 1735 637 1764 ¹
662 1728 760 1779 Καὶ
798 1723 910 1794 μεθ’
947 1726 1084 1795 ἕτερα
1123 1726 1347 1796 ἐπιφέρει
1383 1723 1444 1778 τοὶ
1484 1726 1798 1796 Μαρκέλλου.

588 1811 756 1866 ‘'Emi-oc
787 1804 876 1865 οὐν
914 1809 974 1863 τοὶ
1003 1812 1114 1879 ἑξῆς
1151 1812 1375 1878 ἐπιφέρει
1404 1809 1634 1882 γράφων·
1692 1808 1853 1865 Οὐδὲν
1878 1811 2046 1865 αὐτῶν
2072 1805 2144 1865 οἷν
2167 1817 2401 1883 προεῖπεν

463 1895 587 1951 εἶναι
606 1897 844 1966 βούλεται.
922 1895 1137 1949 Πάντων
1162 1894 1256 1967 γάρ
1282 1895 1471 1950 τούτων
1499 1895 1665 1951 εἰκόνα
1693 1895 1847 1950 αὐτόν
1873 1895 1999 1951 εἶναι
2025 1898 2190 1968 λέγεις.
2269 1896 2399 1950 Οὐκ-

463 1989 554 2038 οῦν
599 1986 644 2037 εἰ
679 1982 853 2045 οὐσίας
888 1983 1018 2036 ἐστὶν
1059 1980 1232 2047 εἰκῶν,
1283 1982 1449 2036 οὐκέτι
1486 1982 1755 2036 αὐτοουσία
1796 1980 2001 2036 δύναται
2043 1980 2190 2036 εἶναι·
2242 1984 2328 2036 καὶ
2359 1985 2404 2035 εἰ

461 2073 645 2137 βουλῆς
672 2070 801 2122 ἔστιν
823 2066 989 2138 εἰκῶν,
1028 2065 1191 2122 οὐκέτι
1220 2067 1502 2136 αὐτοβουλή
1526 2065 1651 2121 εἶναι
1677 2067 1903 2121 δύναται·
1941 2069 2027 2121 καὶ
2054 2070 2099 2121 εἰ
2123 2068 2398 2136 δυνάμεως,

462 2153 629 2208 οὐκέτι
657 2153 893 2221 δύναμις·
933 2155 1017 2207 καὶ
1043 2155 1089 2206 εἰ
1109 2153 1273 2221 δόξης,
1313 2151 1473 2207 οὐκέτι
1505 2155 1637 2217 δόξα.
1700 2150 1764 2206 Ἡ
1783 2152 1876 2224 γάρ
1908 2151 2051 2207 εἰκῶν
2083 2153 2173 2221 οὐχ
2202 2154 2398 2222 ἑαυτῆς,

463 2238 559 2294 ἄλλ’
587 2242 754 2307 ἓτέρου
783 2238 916 2302 τινός
946 2238 1092 2292 εἰκών
1127 2232 1268 2293 ἔστιν.
1326 2238 1495 2292 ’Έωλα
1524 2239 1598 2303 δὲ,
1652 2237 1934 2309 Μάρκελλε,
1973 2240 2056 2292 καὶ
2086 2242 2254 2308 ψευδῆ
2283 2245 2398 2293 ταῦ-

463 2348 535 2378 τα.
614 2324 790 2378 Πάντα
830 2322 921 2395 γάρ
962 2323 1114 2378 αὐτόν
1148 2323 1180 2376 ἃ
1206 2332 1447 2394 προεῖπον
1481 2321 1723 2395 Ἀστέριος
1760 2322 1884 2378 εἶναι
1925 2324 2175 2393 βούλεται,
2226 2326 2396 2396 λέγων,

464 2410 700 2473 Βασιλεύς
741 2411 964 2478 βασιλέα,
1015 2409 1188 2481 κύριος
1227 2408 1430 2479 κύριον,
1482 2407 1603 2472 θεὸς
1645 2408 1781 2464 θεόν.
1875 2411 1974 2463 Καὶ
2016 2409 2120 2464 λύει
2170 2428 2263 2464 σου
2307 2409 2399 2479 τὴν

461 2494 661 2565 ἄψυχον
712 2494 902 2560 εἰκόνα,
962 2494 1052 2564 τὴν
1093 2494 1219 2548 κατὰ
1266 2496 1317 2548 σὲ
1357 2495 1656 2570 ἀνθρωπίνῃ
1707 2497 1847 2569 τέχνῃ
1897 2502 2207 2549 συνεστῶσαν
2250 2496 2397 2570 μόνῃ.

467 2583 679 2636 Πάντων
698 2581 789 2653 γάρ
818 2580 1007 2635 τούτων
1033 2586 1191 2644 ζῶσαν
1216 2580 1384 2634 εἰκόνα
1413 2582 1563 2652 λέγει,
1601 2583 1685 2634 καὶ
1714 2587 1893 2646 ζῶντος
1922 2580 2114 2644 εἰκόνος
2141 2584 2400 2653 ἐκμαγεῖον

464 2662 619 2722 οὐσαν
647 2673 737 2721 τοῦ
762 2668 1123 2738 γεγεννηκότος,
1162 2668 1247 2719 καὶ
1277 2664 1451 2729 οὐσίας
1475 2664 1772 2720 αὐτοουσίαν
1795 2665 1960 2721 εἰκόνα
1985 2667 2128 2737 λέγει,
2164 2668 2248 2719 καὶ
2280 2670 2398 2734 βου-

462 2760 551 2822 λῆς
578 2752 911 2822 αὐτοβουλήν,
967 2753 1052 2806 καὶ
1081 2750 1338 2820 δυνάμεως
1377 2751 1738 2820 αὐτοδύναμιν,
1795 2754 1879 2806 καὶ
1911 2753 2059 2820 δόξης
2086 2751 2398 2819 αὐτοδοξίαν,

462 2842 545 2893 καὶ
573 2840 663 2908 οὐχ
689 2841 892 2906 ἑαυτῆς,
942 2835 1039 2891 ἄλλ’
1069 2838 1239 2908 ἑτέρου
1276 2835 1522 2900 ἳεῖκόνος.
1598 2837 1676 2891 Σύ
1705 2839 1757 2892 δὲ
1785 2837 1911 2892 θεόν
1941 2839 1996 2891 ἐκ
2021 2842 2147 2890 θεοῦ
2174 2835 2261 2890 τόν
2287 2836 2400 2891 υἱόν

464 2926 553 2994 οὐχ
582 2923 864 2995 ὁμολογῶν,
904 2923 1024 2978 οὐδὲ
1050 2929 1160 2990 φῶς
1192 2925 1244 2976 έκ
1272 2921 1463 2990 φωτός,
1503 2921 1619 2977 οὐδὲ
1646 2922 1858 2992 δύναμιν
1884 2925 1938 2977 ἔκ
1965 2921 2249 2990 δυνάμεως,
2289 2920 2400 2976 οῦτε

462 3009 617 3075 θεὸν,
655 3008 767 3064 οῦτε
793 3016 931 3076 φῶς,
971 3008 1034 3062 οὐ
1061 3007 1298 3076 δύναμιν,
1337 3008 1431 3062 οὐκ
1458 3008 1660 3075 οὐσίαν,
1701 3009 1761 3064 οὐ
1787 3006 1999 3078 βουλὴν,
2052 3007 2112 3060 οὐ
2142 3006 2292 3071 δόξαν
2315 3006 2401 3062 τόν

462 3094 574 3149 υἷὸν
604 3093 729 3149 εἶναι
759 3101 781 3132 3
799 3096 985 3160 θέλων,
1025 3090 1144 3149 ἄλλά
1169 3116 1213 3146 τι
1240 3100 1405 3161 σῶμα,
1443 3101 1598 3147 ταῦτα
1625 3093 1872 3162 ἄφανίζεις
1902 3091 2091 3161 ἀσεβῶς
2122 3095 2174 3146 ἐν
2198 3100 2260 3167 τῇ
2285 3111 2400 3147 συν-

464 3185 616 3254 τελείᾳ
655 3180 773 3250 μετὰ
811 3179 1005 3235 τούτου.
1084 3180 1184 3232 Καὶ
1225 3179 1356 3252 ἀρνῇ
1383 3180 1471 3248 μὲν
1511 3179 1592 3245 τὸ,
1651 3178 1773 3242 Θεὸς
1809 3173 1872 3248 ἧν
1912 3176 1941 3232 ὅ
1977 3177 2145 3249 λόγος,
2198 3178 2310 3234 υἷὸν
2347 3179 2401 3233 δὲ

524 3411 620 3452 CAP.
648 3412 759 3453 VIII.
787 3435 842 3443 —-
873 3411 910 3453 1.
943 3412 1066 3452 Verba
1090 3409 1180 3453 Καὶ
1205 3433 1227 3441 -
1246 3434 1271 3441 -
1291 3434 1316 3442 -
1342 3410 1407 3453 λέ·
1459 3413 1579 3462 picta.

465 3481 549 3522 γων
588 3471 628 3508 in
667 3473 826 3519 utroque
864 3470 976 3509 codd.
1014 3480 1105 3508 mss.
1145 3470 1408 3518 inscriptionis
1518 3467 1558 3508 2.
1586 3469 1631 3508 In
1654 3469 1829 3507 omnibus
1857 3469 1965 3507 libris
1994 3470 2076 3507 tam
2099 3469 2252 3518 scriptis
2280 3479 2398 3519 quam

464 3527 588 3565 instar
612 3528 728 3565 rubro
756 3530 845 3565 sunt
872 3528 996 3566 colore
1021 3527 1295 3576 superscripta.
1463 3526 1575 3565 editis
1603 3528 1657 3564 est
1686 3520 1857 3572 εἰκόνος.

521 3582 562 3621 2.
591 3582 672 3635 τῆς
699 3581 770 3623 τοῦ
798 3585 926 3623 omiss.
953 3585 995 3622 in
1020 3582 1079 3622 ed.
1108 3583 1245 3623 Ρειαυ.
1271 3583 1404 3623 Colon.
1517 3581 1555 3622 3.
1593 3582 1697 3621 Haec
1735 3582 1783 3620 de
1819 3582 2038 3622 coniectura
2080 3582 2240 3620 correxi.
2298 3583 2401 3621 Nam

467 3641 582 3688 repet.
1461 3640 1502 3678 in
1528 3639 1635 3677 libris
1660 3639 1846 3686 scriptum
1870 3641 1923 3678 est
1950 3639 2067 3688 vulyo
2095 3635 2254 3686 Βέλεις;
2295 3632 2401 3679 ἀλλὰ

525 3694 621 3732 CAP.
648 3693 725 3733 IX.
757 3715 811 3722 —-
857 3692 890 3735 1.
924 3696 1048 3735 Verba
1069 3693 1159 3737 Καὶ
1189 3718 1206 3725 -
1236 3718 1253 3726 -
1283 3694 1404 3748 Μαρ-
1459 3691 1505 3737 τὸ
1538 3694 1665 3746 σῶμα
1685 3694 1819 3735 ταῦτα
1842 3690 2034 3747 ἀφανίζει
2061 3716 2086 3723 -
2116 3716 2143 3724 -·
2174 3691 2280 3746 μετὰ
2306 3690 2402 3735 τού-

468 3748 613 3793 κέλλου
651 3752 691 3789 in
719 3753 876 3799 utroque
913 3753 1024 3791 codd.
1063 3764 1155 3792 mss.
1184 3754 1274 3792 item
1314 3755 1404 3792 sunt
1459 3764 1552 3793 των.
1617 3752 1719 3790 Verte
1746 3749 1820 3790 sed
1847 3763 1993 3802 corpus
2020 3748 2216 3803 aliquod,
2245 3763 2326 3804 quo
2354 3748 2402 3788 fit

474 3809 527 3849 ad
565 3808 825 3857 inscriptionis
862 3808 988 3848 instar
1023 3811 1179 3860 posita,
1223 3813 1255 3849 et
1284 3810 1404 3849 minio
1463 3815 1508 3847 ut
1529 3805 1599 3847 illa
1625 3805 1760 3847 omnia
1787 3809 2024 3862 (divinitatis
2045 3808 2241 3858 insignia,
2281 3807 2398 3846 intell.
