2508 4134
554 256 779 333 {Amen
807 292 911 332 Lm.
932 293 1001 333 111.
1032 292 1167 333 ToM.
1188 294 1239 334 11.
1264 292 1428 333 HAER.
1457 292 1671 332 Lxxvn.
1965 280 2066 330 357

175 389 255 439 bet
282 388 592 440 manducaret
628 407 684 441 ac
721 389 934 453 biberet,
988 406 1075 439 nec
1105 408 1199 439 non
1229 391 1542 458 fatigaretur,
1596 407 1650 440 ac
1674 396 1974 451 moreretur,
2014 388 2065 438 in

173 471 302 522 nullo
335 480 494 523 tamen
529 473 726 524 verbum
757 474 908 541 ipsum
944 473 1240 536 comedisse,
1295 474 1569 537 laborasse,
1628 482 1829 524 mortem
1860 471 2064 540 denique

170 555 374 606 subiisse
416 556 615 621 dicitur,
670 558 760 609 nisi
799 558 846 607 in
882 573 945 607 eo
974 557 1079 608 solo
1117 573 1254 624 quem
1281 555 1441 607 Maria
1473 557 1611 625 virgo
1638 557 1850 626 peperit?
1922 554 2062 623 Quae

144 639 295 689 *enim
338 656 512 708 corpus
548 641 699 709 ipsum
743 658 1022 710 perpessum
1063 648 1161 703 est,
1214 640 1330 690 haec
1371 640 1437 690 illi
1466 641 1663 708 perinde
1704 659 1760 690 ac
1797 640 1836 691 si
1870 657 2060 707 passum

167 731 295 773 esset
338 722 627 775 tribuuntur.
703 722 858 776 Porro
906 742 1011 775 oum
1053 725 1109 775 de
1152 723 1327 775 ceteris
1370 742 1514 774 unum
1542 724 1653 774 illud
1686 724 1853 774 iactari
1883 724 2057 786 soleat,

165 807 420 874 productos
459 807 565 858 illos
607 825 664 859 ac
704 807 893 876 genitos
935 809 1114 872 fuisse,
1167 809 1224 858 de
1255 808 1360 858 solo
1390 806 1580 858 Mariae
1613 807 1708 857 filio
1741 807 1942 872 dicitur,
1996 810 2062 857 Ec

163 892 348 940 verbum
385 909 496 940 caro
518 894 704 959 factum
741 903 826 941 est.

301 973 381 1025 Ex
422 975 590 1043 quibus
630 976 880 1026 evidenter
917 976 1210 1038 ostenditur,
1271 993 1374 1026 cum
1416 975 1464 1025 in
1506 974 1717 1042 reliquos
1761 975 2053 1025 vaticinandi

161 1059 313 1110 solum
351 1059 506 1126 gratia
536 1077 646 1112 sese
674 1061 748 1111 dei
776 1060 973 1111 verbum
1003 1060 1260 1123 infuderit,
1318 1058 1442 1109 idem
1470 1059 1623 1126 ipsum
1665 1075 1691 1108 e
1718 1056 1879 1109 Maria
1909 1075 2053 1109 carne

159 1151 381 1212 suscepta
419 1143 656 1195 hominem
695 1145 949 1213 prodiisse.
1027 1141 1121 1210 Qui
1152 1153 1199 1194 et
1237 1152 1406 1194 natura
1437 1141 1798 1209 substantiaque
1837 1143 1910 1192 dei
1944 1160 2056 1193 ver-

159 1227 266 1278 bum
297 1237 429 1291 erat,
471 1236 547 1292 et,
589 1229 711 1296 quod
744 1229 802 1279 ad
829 1246 1021 1280 carnem
1053 1228 1252 1292 attinet,
1307 1245 1332 1278 e
1364 1225 1562 1279 Davidis
1593 1226 1740 1293 stirpe
1768 1224 2054 1294 Mariaeque

158 1330 303 1363 carne
328 1321 468 1363 natus
499 1321 572 1363 est
598 1312 769 1377 bomo,
811 1313 1203 1381 quemadmodum
1244 1312 1456 1362 declarat
1494 1312 1758 1380 apostolus.
1836 1309 1978 1361 Hunc
2005 1311 2054 1361 in

162 1394 390 1460 Iordane,
449 1405 590 1464 atque
629 1397 679 1447 in
726 1407 886 1448 monte
927 1406 1063 1466 pater
1103 1392 1451 1447 demonstravit
1495 1396 1567 1446 his
1612 1396 1806 1459 verbiS,
1860 1399 1950 1444 Hic
1983 1405 2056 1445 est

150 1482 283 1545 filius
327 1500 451 1531 meus
488 1483 711 1542 dilectus,
764 1486 810 1532 z'n
843 1500 931 1547 quo
970 1485 1088 1531 mz'hz'
1116 1485 1385 1547 complacui.
1464 1479 1605 1530 Hunc
1637 1478 1809 1531 Ariani
1848 1488 2046 1548 negant,

154 1583 241 1616 nos
273 1566 529 1616 adorantes
565 1566 887 1634 agnoscimus,
963 1565 1138 1634 Neque
1182 1566 1323 1617 lilium
1364 1583 1390 1615 a
1422 1565 1572 1616 verbo
1606 1581 1912 1633 separamuS,
1965 1564 2051 1615 sed

152 1649 348 1701 verbum
393 1650 543 1717 ipsum
586 1650 731 1700 filium
770 1668 878 1701 esse
918 1652 1202 1701 confitemur
1242 1668 1326 1719 per
1366 1666 1504 1718 quem
1549 1650 1706 1700 omnia
1748 1651 1874 1699 facta
1914 1657 2045 1713 sunt,

152 1750 335 1801 nosque
374 1735 493 1785 adeo
532 1735 620 1803 ipsi
661 1734 868 1784 liberati.
943 1733 1083 1786 Unde
1120 1735 1233 1785 illud
1276 1751 1565 1802 magnopere
1609 1733 1824 1784 demirati
1859 1750 2044 1797 sumus,

151 1819 389 1885 quomodo
421 1818 497 1870 vel
527 1818 768 1869 levissima
796 1819 923 1869 inter
955 1836 1043 1869 nos
1074 1836 1131 1869 ea
1161 1820 1216 1869 de
1246 1836 1299 1870 re
1331 1819 1664 1870 controversia
1700 1817 1882 1868 moveri
1911 1825 2046 1885 potu-

149 1900 256 1951 erit.
333 1899 515 1953 Verum
560 1902 806 1953 habendae
853 1904 941 1954 deo
982 1903 1164 1971 gratiae
1199 1914 1310 1954 sunt
1346 1904 1470 1971 quod
1503 1911 1728 1970 quantum
1763 1920 1826 1952 ex
1855 1902 2046 1952 illorum

147 1986 600 2037 commentariorum
644 1987 849 2038 lectione
891 1988 1126 2039 moeroris
1155 1987 1392 2054 cepimuS,
1450 1996 1632 2038 tantum
1679 1985 1816 2037 nobis
1854 2003 2045 2036 eorum-

146 2070 251 2120 dem
276 2070 380 2120 finis
404 2071 660 2140 voluptatis
687 2072 917 2122 attulerit.
986 2069 1232 2139 Siquidem
1258 2082 1420 2123 mutua
1445 2090 1548 2122 cum
1577 2070 1835 2121 concordia
1863 2070 2044 2121 disces·

143 2162 340 2217 serunt,
384 2156 675 2223 eandemque
702 2157 807 2206 fidei
836 2156 1162 2207 sinceritatem
1190 2174 1245 2207 ac
1273 2157 1496 2225 pietatem
1527 2156 1731 2224 professi
1766 2173 1929 2223 pacem
1964 2173 2042 2207 re-

142 2236 407 2289 tinuerunt.
485 2236 622 2306 Quae
662 2257 736 2290 me
765 2258 843 2290 res
878 2239 1173 2309 potissimum
1204 2250 1313 2309 post
1342 2240 1612 2291 diuturnam
1645 2240 2040 2291 deliberationem

141 2321 324 2389 impulit
366 2331 414 2373 ut
454 2322 570 2374 haec
615 2342 765 2392 pauca
808 2325 1178 2393 perscriberem.
1257 2323 1478 2375 Verebar
1520 2325 1646 2375 enim
1681 2342 1740 2375 ne
1780 2325 1857 2393 qui
1900 2325 2038 2376 nobis

140 2406 375 2471 gaudendi
423 2407 670 2458 materiam
716 2410 1036 2459 consensione
1074 2427 1160 2459 sua
1207 2409 1540 2478 praebuissent
1577 2409 1635 2459 iis
1673 2409 1913 2460 silentium
1952 2427 2039 2460 no-

141 2496 290 2538 strum
329 2507 413 2557 pro
450 2490 629 2542 laetitia
677 2492 888 2543 dolorem
945 2494 1288 2545 conscisceret.
1381 2493 1704 2561 Quamobrem
1757 2512 1862 2543 cum
1912 2511 1938 2544 a
1988 2503 2037 2544 te

140 2572 283 2622 etiam
311 2582 452 2641 atque
478 2574 618 2625 etiam
650 2578 864 2643 postulo,
920 2586 1016 2628 tum
1056 2596 1139 2628 eos
1170 2579 1247 2646 qui
1277 2579 1393 2629 haec
1423 2578 1617 2628 audient
1642 2586 1839 2645 rogatos
1873 2578 2036 2628 admo-

141 2656 246 2706 dum
275 2658 413 2725 cupio
444 2667 492 2708 ut
526 2676 579 2709 ea
609 2658 797 2710 sincera
826 2679 930 2711 cum
963 2663 1258 2713 conscientia
1294 2662 1590 2732 percipiant,
1633 2680 1715 2723 ac,
1765 2662 1805 2711 si
1841 2662 1949 2729 quid
1976 2662 2035 2711 ad

137 2739 359 2808 pietatem
396 2742 558 2805 deest,
614 2745 869 2794 emendare
904 2762 958 2795 ac
990 2746 1260 2814 siguificare
1292 2747 1404 2797 mihi
1436 2765 1495 2798 ne
1531 2755 1812 2814 graventur.
1891 2744 2033 2811 Quod

137 2824 175 2874 si
205 2825 360 2876 miuus
401 2844 486 2895 pro
512 2827 581 2876 rei
621 2827 850 2895 dignitate
896 2831 1133 2896 perfecta,
1186 2840 1348 2899 utpote
1377 2832 1507 2882 rudis
1537 2841 1678 2899 atque
1708 2829 1915 2898 imperiti
1945 2829 2030 2879 ho-

135 2908 276 2960 minis
304 2910 526 2961 videatur
554 2912 727 2974 oratio,
770 2912 971 2980 idipsum
1001 2913 1230 2965 infantiae
1255 2915 1662 2984 imbecillitatique
1691 2923 1886 2964 nostrae
1915 2931 2029 2963 con-

135 2992 399 3045 donandum
439 2996 734 3046 existiment.
811 2995 1002 3047 Valete.

614 3109 908 3149 HACTENUS
940 3110 1238 3151 ATHANASII
1266 3111 1541 3152 EPISTOLA.

269 3244 389 3299 Cum
420 3249 565 3317 igitur
594 3249 711 3300 haec
740 3267 766 3299 a
793 3249 930 3300 nobis
961 3250 1187 3318 producta
1215 3252 1277 3301 sit
1307 3251 1540 3319 epistola,
1582 3267 1638 3300 ac
1667 3267 1761 3300 non
1790 3248 1930 3299 modo
1957 3265 2022 3300 ex

188 3387 250 3428 11.
283 3378 365 3439 ἆρα
392 3390 501 3429 codd.
533 3402 621 3430 mss.
1107 3404 1203 3438 τους
1242 3388 1346 3443 μετὰ
1383 3390 1454 3432 σοῦ
1495 3385 1715 3442 ἀδελφούς.
1772 3385 1836 3429 Σὲ
1875 3388 1912 3429 οἱ
1950 3385 2024 3431 σὺν

188 3443 252 3483 12.
281 3444 412 3486 ταῦτα
442 3443 490 3487 ἐκ
518 3446 597 3497 τῆς
624 3449 668 3486 Β.
1106 3442 1207 3498 ημῖν
1239 3444 1387 3493 πάντες
1420 3443 1796 3511 προςαγορεύουσιν.
1861 3440 2022 3497 ’-Ερρω

187 3497 248 3538 13.
281 3501 401 3539 Verba
429 3499 478 3543 ἐκ
516 3503 595 3555 τῆς
634 3505 771 3543 absunt
799 3515 824 3542 a
849 3504 931 3543 cod.
956 3515 1044 3543 mss.
1103 3501 1237 3568 μένως
1272 3500 1312 3544 ἐν
1341 3501 1472 3568 κυρίῳ
1505 3504 1543 3544 δ
1535 3498 1688 3554 .άγοις,
1734 3496 1923 3553 οἷγοὶπητε
1950 3499 2023 3543 καὶ

132 3559 166 3594 et
192 3556 280 3594 edit.
309 3559 432 3604 princ.
1102 3553 1276 3610 οἷληὲὤς
1303 3555 1579 3625 ποξεινότατε
1610 3560 1653 3597 Β.

188 3607 248 3649 14.
280 3609 351 3663 μέν
374 3626 413 3653 τι
438 3611 540 3665 πρὸς
568 3616 611 3653 Β.
638 3615 759 3654 Recte.
790 3617 833 3655 In
871 3617 1043 3665 Epipha-
1161 3614 1221 3656 17
1264 3615 1343 3653 Hoc
1374 3608 1604 3666 ’Ἔρρωσθε
1638 3616 1679 3653 in
1713 3617 1871 3663 utroque
1907 3614 2018 3654 codd.

128 3667 184 3706 m‘i
212 3669 318 3706 libris
345 3671 461 3718 vulgo
496 3672 657 3709 incisum
685 3676 772 3719 post
799 3673 933 3712 τοῦτο
1099 3682 1188 3710 mss.
1215 3671 1330 3709 rubro
1372 3672 1570 3719 adpictum
1597 3673 1674 3720 est,
1715 3671 1869 3720 perinde
1908 3673 2019 3719 alque

186 3723 248 3762 15.
279 3720 336 3774 μὴ
368 3719 458 3764 κατ’
489 3720 552 3774 οἷξ
582 3728 624 3764 Β.
1097 3728 1195 3764 illud
1221 3723 1507 3781 Πεπλήρωται
1534 3728 1786 3777 subscriptum
1821 3727 1922 3777 quod
1960 3737 2018 3766 se-

184 3775 246 3820 16.
276 3774 484 3837 οἷσὲϊενείᾳ.
557 3779 849 3839 Προςαγόρευε
890 3781 1044 3831 πάντας
1099 3785 1237 3833 quitur.

2127 981 2224 1034 Cap.

2122 1037 2239 1079 XIII.

2099 1386 2242 1421 Matth.

2117 1430 2138 1463 3
2150 1454 2161 1473 ,
2189 1430 2239 1464 17.

2103 3252 2204 3304 Cap.

2090 3309 2205 3352 XIV.
