2508 4134
198 1149 410 1251 &542ss-

192 3388 302 3445 Κεφ.
316 3388 396 3435 κδ’.

447 257 550 309 372
1164 264 1368 307 εΑΝοΤι
1399 266 1681 307 EPIPHANH

445 366 498 418 ἐν
531 365 720 435 Νικαία
749 359 1142 432 ὁμολογηθεῖσαν
1170 366 1356 428 πίστιν,
1394 364 1479 415 καὶ
1509 361 1587 435 μὴ
1601 360 1966 434 ὁμολογοῦντας
1993 365 2048 418 ἐκ
2074 370 2161 433 τῆς
2188 365 2378 432 οὐσίας,

441 447 478 516 ἢ
508 446 777 517 ὅμοούσιον
817 445 942 503 εἶναι
978 446 1065 501 τόν
1096 446 1206 501 υἷὸν
1231 453 1300 522 τῷ
1329 452 1491 519 πατρί.
1556 448 1926 516 Ἀναθεματίζω
1955 450 2008 502 δὲ
2037 452 2120 503 καὶ
2158 449 2277 514 τούς
2305 453 2379 505 λέ-

440 555 619 605 γοντας
653 532 709 587 τὸ
754 540 950 602 πνεῦμα
990 531 1045 587 τὸ
1086 532 1229 604 ἅγιον
1271 538 1448 602 κτίσμα
1494 533 1577 586 διά
1620 539 1711 587 τοῦ
1749 536 1866 587 υἱοῦ
1902 534 2115 606 γεγονός.
2174 533 2287 590 ”Eu
2324 536 2379 589 δὲ

443 619 786 688 ἀναθεματίζω
815 617 905 688 τὴν
932 622 1229 688 Σαβελλίου,
1267 622 1354 673 καὶ
1388 624 1666 685 Φωτεινοῦ,
1703 620 1789 672 καὶ
1815 625 1980 674 πᾶσαν
2001 623 2216 691 αἵρεσιν,
2251 637 2380 676 στοι-

440 712 545 774 χῶν
583 711 644 780 τῇ
681 709 840 759 πίστει
878 711 940 779 τῇ
976 703 1101 759 κατά
1144 708 1389 772 Νίκαιαν,
1428 707 1511 759 καὶ
1549 709 1673 759 πᾶσι
1708 712 1811 768 τοῖς
1846 707 2307 778 προγεγραμμένοις.

1229 806 1591 852 ΕΠΛΗΡΩΘΗ.

572 1133 830 1205 Ἐλέγομεν
862 1135 916 1188 δὲ
942 1136 1025 1188 καὶ
1056 1140 1124 1208 τῷ
1150 1135 1348 1207 ἀδελφῷ
1384 1135 1593 1207 Βιταλίῳ
1627 1135 1715 1187 καὶ
1739 1141 1844 1197 τοῖς
1868 1132 1960 1188 σύν
1985 1133 2146 1209 αύτῷ,
2204 1141 2262 1192 Τί
2290 1140 2376 1192 καὶ

435 1216 577 1288 ’ὑμεῖς
600 1221 786 1292 λέγετες
825 1223 871 1274 εἷ’
899 1224 944 1274 τί
976 1223 1104 1275 ἐστιν
1144 1220 1392 1288 ἀναμέσον
1424 1217 1594 1287 ύμῶν,
1650 1219 2019 1291 διορθώσασθε.
2090 1219 2146 1275 Ὅ
2177 1223 2231 1276 δὲ
2259 1224 2375 1293 ἔφη,

435 1307 743 1377 Λεγέτωσαν.
802 1305 1034 1374 ’Έφησαν
1063 1307 1115 1359 δὲ
1141 1306 1217 1360 ὅτι
1247 1305 1307 1359 οὐ
1334 1306 1531 1376 λέγουσι
1557 1303 1644 1358 τὸν
1675 1304 1892 1377 Χριστὸν
1919 1307 2100 1361 τέλειον
2123 1310 2375 1380 γεγονέναι

436 1390 722 1464 ἄνθρωπον.
795 1389 850 1446 Ὁ
877 1393 932 1445 δὲ
960 1390 1118 1454 εὐθύς
1145 1392 1398 1463 ἀπεκρίθη
1427 1390 1532 1457 ὅτι,
1588 1393 1718 1457 Ναὶ,
1772 1389 2107 1463 ὁμολογοῦμεν
2138 1392 2227 1448 τόν
2255 1399 2376 1466 Χρι-

435 1476 550 1532 στόν
597 1481 777 1533 τέλειον
827 1477 1106 1550 ἄνθρωπον
1157 1479 1424 1546 εἰληφέναι.
1502 1470 1597 1530 Ἦν
1646 1478 1700 1531 δὲ
1743 1483 1889 1532 τοῦτο
1935 1477 2233 1547 θαυμαστὸν
2272 1487 2377 1543 τοῖς

436 1562 710 1631 ἀκούσασι,
761 1565 846 1618 καὶ
873 1570 1026 1635 χαρᾶς
1055 1565 1279 1631 ἔμπλεον.
1354 1562 1564 1626 Εἰδότες
1596 1561 1736 1632 ἡμεῖς
1764 1562 1853 1632 τὴν
1880 1562 2105 1618 διάνοιαν
2131 1570 2232 1619 τῶν
2256 1587 2376 1637 προ-

433 1648 635 1718 φάσεων
661 1649 748 1705 τόν
775 1656 898 1704 νοῦν
923 1656 1023 1703 τῶν
1053 1652 1191 1703 ἰδίων
1221 1650 1452 1717 ἀδελφῶν
1477 1648 1856 1720 σφετεριζόντων
1880 1649 1935 1704 τὸ
1969 1650 2172 1722 ἀκριβὲς
2198 1653 2373 1720 ἐνεμεί-

432 1757 586 1805 ναμεν
615 1738 890 1808 ἐρωτῶντες
917 1735 1022 1803 ὅτι,
1083 1735 1237 1790 Φύσει
1268 1735 1428 1807 σάρκα
1458 1733 1710 1807 ὁμολογεῖς
1733 1734 1821 1790 τὸν
1855 1734 2071 1808 Χριστόν
2097 1738 2346 1805 εἰληφέναι
2357 1761 2373 1803 ‚·

433 1819 464 1875 ὅ
495 1822 548 1876 δὲ
576 1826 855 1877 συνετίθετο
892 1821 996 1889 ὅτι,
1052 1826 1170 1876 Ναί.
1237 1820 1364 1875 'And
1406 1826 1615 1893 Μαρίας
1650 1828 1738 1890 τῆς
1775 1819 1917 1893 ἀγίας
1955 1824 2214 1893 παρθένου
2257 1821 2373 1877 ἀνευ

432 1909 714 1979 σπέρματος
741 1907 926 1980 ἀνδρὸς
949 1909 1033 1962 καὶ
1062 1907 1145 1962 διά
1173 1907 1456 1977 πνεύματος
1483 1905 1656 1979 ἁγίους
1709 1905 1738 1961 ὁ
1760 1908 1813 1961 δὲ
1836 1910 1922 1962 καὶ
1947 1914 2093 1963 τοῦτο
2120 1906 2371 1980 ὁμολόγει.
2427 1904 2430 1907 ⁴

436 1992 592 2048 Φύσει
634 1997 689 2049 ἐκ
720 2001 810 2064 τῆς
846 1995 1106 2066 παρθένου
1151 1992 1314 2048 ἐλθών
1347 1991 1437 2063 τήν
1477 1992 1635 2064 σάρκα
1677 1994 1938 2062 ἀνείληφεν
1967 1991 1998 2047 ὅ
2025 1993 2145 2058 θεὸς
2169 1995 2315 2066 λόγος
2342 1992 2374 2049 ὅ

429 2078 541 2142 υἷὸς
566 2087 659 2134 τοῦ
688 2087 842 2146 θεοῦ,·
882 2078 910 2134 ὅ
937 2079 1055 2149 μετά
1084 2079 1277 2150 βάρους
1304 2083 1599 2133 συνετίθετο.
1660 2077 1794 2148 ’Ήδη
1821 2080 1874 2133 δὲ
1901 2081 1954 2133 ἐν
1976 2086 2106 2154 χαρᾷ
2131 2078 2370 2134 καθιστά-

432 2174 590 2235 μεθα,
646 2165 816 2235 ἐπειδὴ
857 2165 991 2237 παρά
1031 2189 1179 2220 τινων
1218 2164 1346 2236 πρός
1374 2163 1508 2234 ἡμᾶς
1538 2167 1608 2226 εἰς
1638 2164 1850 2235 Κύπρον
1878 2163 2126 2219 ἐλθόντων
2152 2164 2371 2234 ἠκούσα-

429 2274 517 2320 μεν
542 2258 640 2306 τῶν
665 2254 1037 2323 προειρημένων
1063 2255 1258 2305 παίδων
1289 2250 1364 2305 ὅτι
1393 2248 1502 2304 οὐδ’
1528 2250 1653 2313 ὅλως
1677 2248 1710 2319 ἡ
1735 2249 1855 2322 σάρξ
1879 2249 1980 2304 ἀπό
2007 2255 2215 2322 Μαρίας
2239 2249 2370 2320 οἷμο-

427 2345 628 2409 λογεῖτο.
688 2337 808 2391 ’Ὀτε
838 2339 890 2391 δὲ
920 2336 1072 2399 αὐτ-ὂς
1112 2335 1140 2391 ὁ
1170 2337 1521 2404 εὖλαβέστατος
1567 2335 1695 2407 ἀνὴρ
1740 2338 1795 2389 ἐκ
1835 2339 2045 2407 Μαρίας
2083 2335 2173 2405 τὴν
2213 2336 2372 2408 σάρκα

428 2424 745 2492 ἀνειληφέναι
774 2422 860 2476 τὸν
891 2423 1069 2493 κύριον
1097 2420 1240 2491 ἡμῶν
1259 2422 1460 2489 Ἰησοῦν
1492 2420 1709 2491 Χριστὸν
1737 2419 2044 2493 ὡμολόγησε,
2080 2421 2229 2477 πάλιν
2255 2420 2371 2494 παρ’

426 2507 569 2576 ἡμῶν
600 2510 828 2578 ἠρωτᾶτο
856 2511 899 2562 εἰ
923 2511 1007 2562 καὶ
1033 2507 1200 2577 ψυχὴν
1227 2510 1436 2575 εἴληφεν.
1509 2505 1564 2560 ‘0
1589 2509 1642 2560 δὲ
1665 2509 1747 2561 καὶ
1778 2510 1847 2570 εἰς
1867 2514 2013 2563 τοῦτο
2039 2506 2224 2577 ὁμοίως
2248 2507 2369 2577 μετὰ

425 2594 614 2664 βάρους
645 2598 953 2659 συνετίθετο,
1010 2592 1076 2656 ὥς
1108 2594 1169 2647 οὐ
1198 2592 1290 2663 χρὴ
1330 2596 1482 2663 λέγειν
1520 2592 1696 2657 ἄλλως,
1754 2592 1874 2646 ἀλλά
1906 2592 2032 2647 κατά
2061 2592 2222 2647 πάντα
2251 2594 2367 2663 ἀλη-

425 2678 612 2733 θεύειν.
692 2679 805 2751 Χρὴ
835 2679 926 2750 γάρ
959 2678 1045 2733 τὸν
1074 2682 1185 2749 περὶ
1215 2680 1454 2747 ἀληθείας
1489 2679 1783 2749 ἀνθρώποις
1814 2678 2067 2751 γράφοντα
2093 2678 2181 2733 τόν
2206 2678 2367 2733 πάντα

424 2771 548 2838 νοῦν
577 2769 752 2820 δοῦναι
776 2765 871 2837 πρὸ
904 2764 1182 2835 ὀφθαλμῶν
1211 2767 1299 2834 μὲν
1328 2765 1416 2819 τόν
1442 2765 1606 2834 φόβον
1631 2771 1720 2819 τοῦ
1747 2771 1877 2819 θεοῦ
1905 2767 2056 2834 ἔχειν,
2094 2766 2178 2819 καὶ
2207 2764 2363 2833 μηδὲν

424 2853 900 2925 παραπεποιημένον
937 2855 1005 2915 εἰς
1039 2851 1130 2921 τὴν
1166 2859 1252 2921 τῆς
1289 2858 1485 2923 γραφῆς
1524 2853 1812 2922 ἐπαγγελίαν
1848 2849 2141 2904 συντάττειν.

564 3376 819 3449 Ὡμολόγει
846 3373 937 3432 οὗν
961 3377 989 3433 ὅ
1016 3379 1240 3442 Βιτάλιος
1272 3382 1357 3434 καὶ
1394 3379 1563 3449 ψυχὴν
1602 3378 1692 3448 τὴν
1729 3378 2056 3451 ἀνθρωπίνην
2093 3379 2358 3448 εἰληφέναι.

432 3457 592 3527 Οὗτος
629 3463 720 3535 γάρ
761 3458 826 3532 ἦν
873 3462 899 3517 ἆ
942 3464 1094 3518 εἰπών
1134 3465 1238 3531 ὅτι,
1291 3468 1394 3518 Ναὶ
1434 3468 1613 3528 τέλειος
1655 3463 1924 3534 ἅνθρωπος
1959 3459 2023 3533 ἦν
2062 3463 2092 3519 ὅ
2131 3464 2358 3536 Χριστός.

426 3546 555 3603 Εἶτα
587 3549 707 3617 μετὰ
735 3548 790 3603 τὸ
828 3552 1066 3620 ἐρωτῆσαι
1101 3548 1231 3618 ἡμᾶς
1258 3553 1371 3622 περὶ
1398 3558 1564 3619 ψυχῆς
1592 3552 1677 3603 καὶ
1710 3548 1915 3620 σαρκός,
1964 3549 2072 3604 τότε
2103 3549 2358 3622 ἠρωτήσα-

1642 3636 1654 3655 ἱ
1726 3634 1739 3654 2
1808 3633 1818 3653 ἱ
1892 3635 1905 3654 7

431 3719 568 3787 Οὐχί.
646 3718 776 3773 Εἶτα
807 3720 948 3789 ἡμεῖς
972 3721 1100 3793 πρὸς
1124 3720 1299 3788 αὐτὸν,
1344 3727 1463 3784 Πῶς
1489 3714 1581 3774 οὗν
1604 3722 1755 3790 λέγεις
1783 3722 1962 3775 τέλειον
1988 3721 2237 3792 γεγονέναι
2274 3718 2355 3773 ἀν-
