2508 4134
475 277 577 330 672
1048 286 1319 328 ADDENDA
1347 286 1422 329 ET
1450 284 1824 330 coRmGENDA.

474 386 686 441 ἐπιτίθησι
710 383 781 429 τόν
802 382 937 442 χωλὸν
964 384 1026 440 τῶ
1052 385 1176 442 πηρῷ
1191 417 1203 440 ,
1234 385 1307 430 καὶ
1334 384 1432 436 τοὺς
1456 383 1718 444 ἀμφοτέρους
1747 385 1887 437 ἐτάζει
1917 384 2109 441 μάστιξι,
2139 387 2212 432 καὶ
2241 382 2392 434 ου’δῦ-

471 471 611 501 νανται
636 453 918 511 ἀρνήσασθαι.
976 450 1202 510 Ἑκάτεροι
1225 451 1430 512 ἀλλήλους
1456 455 1717 515 ἐλέγχουσιν,
1762 455 1786 500 ὁ
1810 455 1883 511 μὲν
1907 454 2047 513 χωλὸς
2071 456 2201 513 λέγων
2229 459 2292 515 τῶ
2321 473 2392 502 τυ-

472 527 567 584 φλῷ
584 558 594 577 ,
626 524 692 570 Οὖ
720 523 771 570 σύ
799 541 853 582 με
873 523 1116 583 ἐβάστασας
1141 526 1214 570 καὶ
1236 524 1502 584 ἀπήνεγκας;
1533 529 1606 572 καὶ
1636 525 1658 572 ὁ
1685 525 1843 583 τυφλὸς
1868 527 1930 584 τῷ
1956 528 2112 585 χωλῷ,
2143 520 2237 572 Οὔκ
2265 525 2393 579 αὐτὸς

472 593 686 653 ὀφθαλμοί
729 612 807 652 μου
843 597 1042 653 γέγονας;
1102 592 1257 648 Οὕτως
1282 600 1343 656 τῷ
1389 596 1556 654 σώματι
1595 599 1656 648 εἰς
1693 597 1859 655 ἔλεγχον
1897 598 1980 652 τῆς
2015 598 2158 655 καινῆς
2192 598 2394 655 ἐργασίας

472 666 747 723 συνάπτεται,
792 660 865 712 καὶ
893 666 924 724 ή
952 667 1089 724 κρίσις
1115 668 1255 712 τελεία
1280 660 1437 726 γίνεται
1464 667 1559 725 παρ’
1590 666 1862 725 ἀμφοτέρων,
1909 665 2109 723 σῶματός
2133 685 2181 713 τε
2205 670 2279 714 καὶ
2306 673 2392 723 ψυ-

468 739 574 796 χῆς,
619 740 701 783 τῶν
733 738 864 795 ἔργων
894 739 977 783 τῶν
1000 740 1287 796 γεγενημένων
1317 738 1428 796 μήτε
1453 737 1652 797 ἀγαθῶν,
1700 737 1810 795 μήτε
1838 737 2022 796 φαύλων.
2081 740 2170 783 Καὶ
2199 738 2325 796 ὁρᾶτε
2355 741 2393 784 οἱ

468 813 549 864 τῆς
574 809 731 854 ἑαυτῶν
760 812 847 853 κτλ.
877 834 933 843 -
989 811 1015 852 l.
1043 811 1252 861 23.“Πῶς
1273 809 1353 867 γὰρ
1385 809 1408 856 ὁ
1439 809 1586 855 ἑαυτὸν
1617 809 1805 866 συνάγων
1833 812 1937 852 ven.
1998 811 2111 852 Idem
2135 811 2236 853 ibid.
2265 808 2392 857 ἀλλο-

468 880 591 936 τρίων
619 879 690 925 διὰ
728 879 976 936 νοσημάτων
1013 880 1165 940 ἑαυτῷ.
1196 907 1248 914 -
1307 883 1335 924 l.
1356 882 1423 926 26.
1465 879 1638 938 ῆκέτω,
1680 882 1807 932 εἴτις
1831 883 1919 939 θεῷ
1947 878 2254 939 ἀντιπράττειν,
2295 885 2390 927 τολ-

470 949 604 1007 μάτω.
665 949 776 1002 Θεὸς
809 951 889 1007 γὰρ
933 955 1021 996 κτλ.
1060 955 1162 994 Ven.
1221 955 1316 994 Hoc
1353 954 1641 1008 reponendum
1679 961 1756 994 est.
1792 978 1841 985 —-
1899 953 1926 994 l.
1943 954 2012 998 27.
2054 953 2390 1010 Venet'plenius

470 1018 518 1067 οὗ
543 1020 761 1078 κοπιάσει,
806 1020 904 1068 οὐδὲ
932 1023 1142 1076 πεινάσει,
1174 1019 1272 1069 οὐδὲ
1305 1021 1482 1080 διψήσει
1511 1026 1598 1068 κτλ.
1627 1049 1684 1056 —-
1739 1024 1766 1068 l.
1788 1022 1854 1067 28.
1900 1022 2042 1081 ἐγείρη
2072 1026 2162 1067 Bas.
2190 1050 2245 1057 —
2271 1082 2274 1086 μ
2301 1025 2329 1067 l.
2349 1025 2388 1069 3.

470 1095 521 1137 ab
551 1095 626 1135 inf.
656 1089 733 1138 Ἐν
763 1092 812 1139 δὲ
839 1095 901 1151 τῷ
933 1095 1070 1152 Δαβὶδ
1099 1097 1199 1138 ven.
1234 1119 1284 1127 —
1344 1096 1371 1136 l.
1402 1096 1559 1151 penult.
1592 1091 1778 1151 εὐλόγως
1808 1110 1887 1137 om.
1918 1097 2022 1138 ven.

580 1168 713 1225 Pag.
745 1165 872 1211 370.
927 1166 953 1207 l.
976 1168 1010 1209 1.
1041 1161 1262 1222 ηὔφρανας
1286 1168 1390 1208 Ven.
1420 1190 1472 1198 --
1528 1166 1554 1208 l.
1572 1166 1612 1208 2.
1647 1172 1754 1208 Ante
1780 1165 1857 1223 ἐμὲ
1881 1168 2016 1209 insere
2043 1167 2391 1223 praepositionem

469 1234 560 1294 ἐπ’,
592 1252 695 1294 quae
721 1237 886 1279 excidit.
918 1261 970 1269 -
1029 1238 1131 1279 Ibid.
1163 1235 1374 1293 Σαλομών
1401 1239 1491 1279 Bas.
1548 1235 1571 1282 ὅ
1595 1236 1798 1294 Σολομῶν
1827 1239 1931 1281 Ven.
1960 1262 2015 1270 -
2071 1237 2100 1281 l·
2119 1237 2159 1281 3·
2191 1234 2392 1289 ὥςαῦτως

469 1307 595 1364 ἕκτην
621 1306 663 1352 ἐν
690 1306 809 1352 Σιών
837 1307 966 1364 ἓτοιμ.
994 1310 1099 1352 Ven.
1131 1333 1184 1340 —
1243 1309 1272 1350 l.
1296 1307 1336 1351 4.
1368 1308 1471 1365 ἔργα
1498 1323 1599 1360 σου,
1643 1309 1740 1366 καὶ,
1781 1306 2034 1365 Ἑτοιμάζου
2065 1307 2126 1358 εἰς
2153 1306 2228 1353 τὸν
2251 1304 2389 1365 ἅγρον,

470 1378 607 1432 ἔξοδον
639 1378 769 1435 λέγων
807 1379 1022 1434 (‚,interm.
1050 1379 1162 1436 prius
1191 1389 1237 1421 ut
1265 1382 1408 1436 supr.“
1434 1380 1650 1423 annotavit
1684 1381 1754 1437 qui
1778 1396 1867 1422 eam
1894 1381 2138 1436 scripturam
2165 1379 2394 1437 excerpsit)

466 1453 571 1493 Ven.
602 1476 655 1483 —
714 1451 742 1491 l.
764 1450 803 1494 6.
847 1448 956 1494 κατὰ
995 1449 1065 1495 τὸν
1104 1446 1228 1507 ἄγρον
1267 1450 1340 1495 καὶ
1371 1449 1481 1495 κατὰ
1513 1446 1642 1503 ἄστυ,
1688 1450 1826 1509 λόγοις
1849 1466 1896 1496 τε
1926 1450 1999 1496 καὶ
2022 1452 2127 1494 Ven.
2160 1476 2216 1484 —
2271 1451 2301 1492 1.
2327 1451 2388 1493 10.

468 1519 590 1579 φωνὴ
618 1519 648 1579 ή
675 1518 930 1577 ἀδιακρίτως
958 1524 1061 1564 ven.
1093 1547 1146 1554 -
1204 1523 1231 1563 1.
1258 1523 1319 1565 11.
1364 1522 1568 1578 κέκληκεν
1605 1522 1834 1568 ἐπειποῦσα
1871 1525 1975 1567 Ven.
2006 1547 2063 1555 —
2117 1523 2146 1566 l.
2164 1523 2232 1567 23.
2260 1518 2391 1579 ἅγρος

467 1590 514 1638 τό
539 1591 610 1638 διὰ
635 1590 714 1648 τήν
739 1591 877 1649 ταφῆν
907 1594 1024 1643 τέλος
1050 1593 1146 1650 (καὶ
1174 1591 1222 1637 τὸ
1253 1593 1418 1650 desunt)
1446 1596 1548 1636 Ven.
1584 1618 1634 1626 —
1691 1594 1802 1637 l.14.
1833 1596 1939 1637 Ven.
1969 1609 2053 1637 non
2078 1594 2204 1636 habet
2230 1593 2387 1650 σημαίᾱ

466 1678 558 1710 νων.
618 1664 732 1705 Idem
756 1664 861 1705 liber
884 1664 1034 1706 deinde
1057 1665 1195 1721 pergit
1219 1665 1369 1710 ἐλπίδα
1396 1663 1581 1721 φάσκει,
1611 1664 1700 1709 Καὶ
1722 1661 2043 1722 ἀνοικοδομήσω
2068 1663 2139 1711 τὸν
2163 1664 2275 1712 οἶκόν
2301 1681 2388 1720 σου,

468 1732 544 1780 οὐκ
575 1732 710 1790 εἶπεν,
742 1735 1048 1793 Οἰκοδομήσῃς
1075 1737 1173 1792 (sic)
1202 1735 1273 1781 τόν
1301 1735 1434 1781 οἷκον.
1463 1733 1576 1789 ἅπαξ
1602 1734 1683 1792 γὰρ
1713 1739 1800 1781 κτλ.
1828 1740 1952 1780 Bene.
1980 1762 2037 1770 —
2092 1737 2121 1780 1.
2145 1739 2209 1780 15.
2239 1735 2392 1782 πλάσει

466 1805 543 1862 την
571 1805 679 1851 κατὰ
708 1804 785 1864 τῆν
812 1809 913 1849 Ven.
945 1832 995 1839 —-
1056 1807 1172 1848 Idem
1198 1807 1225 1851 l.
1250 1807 1312 1851 16.
1355 1809 1435 1864 τῆς
1462 1808 1546 1864 γῆς
1573 1805 1802 1858 ἀνάστασις
1828 1809 1936 1864 (sine
1960 1804 2038 1866 ῆ),
2083 1805 2159 1854 οὐκ
2187 1808 2248 1853 ἔτι
2274 1809 2388 1853 οἰκο-

467 1879 728 1935 δομουμένη,
761 1875 850 1922 ἀλλ’
879 1875 1256 1935 ἀνοικοδομουμένη
1273 1912 1284 1933 ,
1313 1876 1344 1935 ή
1371 1874 1453 1923 ἀπὸ
1479 1874 1633 1935 ἅγρου,
1664 1875 1806 1924 οὐκέτι
1832 1879 2184 1936 οἰκοδομουμένη,
2216 1877 2287 1924 διὰ
2312 1876 2388 1936 τῆν

467 1947 761 2007 ἐπενεχθεῖσαν
789 1946 917 2006 αὐτῇ.
976 1951 1071 1992 Ηοο
1098 1950 1382 2006 reponendum
1416 1957 1491 1992 est.
1520 1975 1577 1983 —
1633 1950 1662 1991 l.
1686 1951 1750 1994 19.
1782 1949 1931 2007 ἐγείρω
1961 1948 2088 1995 αὐτὸν
2113 1953 2216 1994 Ven.
2275 1950 2389 1992 Idem

465 2021 492 2062 1.
509 2022 575 2063 20.
607 2020 680 2065 καὶ
704 2020 745 2066 ἐν
772 2019 946 2078 τοιαύτῃ
971 2019 1175 2077 φρονήσει
1197 2014 1253 2078 ἧς
1278 2019 1355 2072 οὐκ
1383 2021 1507 2066 ἔστιν.
1530 2047 1583 2054 -
1642 2022 1670 2063 l.
1688 2023 1756 2066 23.
1792 2023 1961 2078 Corrige
1988 2021 2154 2066 οἰωνῶν.
2182 2046 2233 2054 --
2283 2021 2388 2064 Ibid.
2467 2026 2470 2027 ’

465 2093 591 2148 paulo
616 2101 714 2148 post
745 2092 903 2148 θηρίων
932 2093 1033 2134 ven.
1066 2117 1119 2124 —
1177 2093 1204 2134 l.
1227 2093 1296 2135 25.
1338 2091 1467 2138 πόσον
1495 2091 1551 2148 δη
1583 2094 1735 2149 μᾶλλον
1764 2095 1869 2135 ven.
1928 2093 2041 2134 Idem
2067 2093 2095 2134 1.
2122 2092 2192 2136 26.
2223 2088 2387 2136 ἀποκα-

466 2160 695 2219 ταστήσει,
727 2172 770 2205 et
794 2164 823 2204 1.
847 2163 914 2207 27.
950 2163 1092 2219 κρίνοι.
1124 2189 1178 2196 -
1237 2164 1266 2206 1.
1284 2163 1352 2207 28.
1395 2160 1578 2219 οὐρανῶν
1609 2164 1823 2222 βασιλείας
1845 2166 1948 2206 Ven.
1978 2189 2034 2196 —-
2089 2164 2117 2206 1.
2135 2163 2202 2207 30.
2234 2163 2390 2220 Supple

467 2246 518 2275 ex
542 2235 706 2276 Veneto
735 2231 935 2289 Γεδεών,
978 2234 1052 2278 καὶ
1078 2234 1137 2291 μη
1162 2234 1536 2292 κακουχείσθωσαν
1574 2234 1615 2280 ἐν
1644 2238 1860 2291 μηλωταῖς
1888 2235 1961 2279 καὶ
1986 2234 2028 2280 ἐν
2058 2234 2208 2290 αἰγίοις
2235 2234 2389 2292 (scribe

467 2304 659 2361 αἰγείοις)
700 2306 903 2362 δέρμασι,
949 2303 1009 2362 μή
1050 2304 1187 2362 μάτην
1224 2308 1312 2350 κτλ.
1347 2331 1399 2338 —-
1457 2307 1485 2348 l.
1503 2309 1542 2349 5.
1569 2307 1620 2348 ab
1651 2307 1728 2350 inf.
1769 2305 1930 2363 δαμάσ.
1968 2304 2010 2351 ἐν
2048 2300 2207 2364 οἱγνείᾳ.
2266 2305 2325 2350 Εἰ
2350 2301 2390 2351 δ’

467 2371 549 2431 ἄρα
579 2382 769 2421 κοινωνεῖ
806 2378 932 2432 σῶμα
958 2377 1077 2434 ψυχῇ
1109 2376 1150 2421 ἐν
1173 2377 1357 2435 πολιτείᾳ
1385 2371 1416 2434 ῆ
1439 2377 1480 2421 ἐν
1507 2376 1653 2437 ἀγνεία
1678 2380 1782 2422 ven.
1812 2402 1867 2410 ——
1923 2378 1951 2420 l.
1967 2375 2007 2420 3.
2038 2377 2089 2419 ab
2116 2377 2194 2419 inf.
2220 2375 2267 2422 τὸ
2299 2371 2391 2433 ἅμα

467 2445 543 2504 τῆν
581 2447 720 2505 ψυχήν
751 2449 853 2488 Ven.
887 2473 937 2479 —-
997 2448 1023 2488 1.
1057 2447 1128 2488 ult.
1163 2443 1402 2503 εὑρίσκεται
1430 2451 1534 2491 Veu.

578 2521 712 2577 Pag.
731 2519 857 2563 3⁸72.
914 2518 997 2563 1.6.
1028 2519 1169 2560 Scribe
1195 2517 1264 2563 διὰ
1289 2521 1534 2578 παραβολῆς
1559 2535 1651 2562 cum
1677 2522 1780 2563 Ven.
1809 2546 1861 2553 -
1919 2519 1948 2564 1.
1964 2520 2002 2564 7.
2033 2516 2282 2576 ἀλληγορίαν
2303 2523 2391 2570 τοῖς

466 2603 517 2646 γε
537 2590 913 2646 παραβουλευθεῖσι
936 2590 1018 2644 τῆς
1043 2585 1247 2645 ἀληθείας
1271 2593 1374 2633 Ven.
1435 2593 1528 2633 Hoc
1549 2592 1835 2647 reponendum
1858 2599 1974 2648 puto.
2002 2615 2059 2622 —
2114 2591 2141 2632 1.
2165 2594 2227 2635 10.
2260 2587 2390 2647 ὄντος,

466 2669 564 2702 ante
601 2659 674 2704 καὶ
717 2656 870 2715 εὐθυς,
917 2675 997 2702 om.
1039 2662 1142 2701 ven.
1177 2686 1228 2692 -—
1286 2661 1315 2702 l.
1337 2661 1398 2705 13.
1442 2661 1697 2719 ἐφθέγγετο,
1742 2662 1815 2707 καὶ
1855 2660 1902 2708 οὗ
1932 2663 2051 2722 ψυχή
2078 2664 2168 2709 ἐστι
2191 2661 2238 2708 τὸ
2268 2660 2388 2720 αἷμα,

468 2728 575 2775 ἀλλά
606 2734 708 2773 Ven.
766 2731 871 2773 Ibid.
899 2732 1026 2773 verba
1052 2729 1099 2776 τό
1131 2729 1402 2788 φαινόμενον,
1445 2729 1551 2777 ἀλλὰ
1580 2730 1628 2777 οὗ
1653 2731 1879 2789 δυνήσεται
1903 2735 1946 2777 in
1971 2737 2072 2780 Ven.
2102 2750 2186 2777 non
2216 2747 2389 2791 compa-

466 2811 572 2844 rent.
602 2827 658 2835 —-
714 2802 744 2843 1.
767 2804 827 2844 15.
862 2802 991 2858 λέγων
1019 2798 1084 2847 ὅτι
1111 2805 1200 2845 Bas.
1236 2829 1286 2836 —
1347 2805 1374 2846 l.
1397 2804 1459 2847 16.
1504 2802 1622 2856 ἐξότε
1650 2802 1862 2862 ἀπεκρίθη
1887 2803 1958 2852 ἀπ’
1985 2806 2087 2863 ἐμοῦ
2111 2809 2215 2849 Ven.
2274 2806 2390 2848 Idem

466 2874 494 2915 l.
522 2874 585 2917 17.
616 2870 864 2929 ἀντιλέγων,
911 2883 952 2915 et
980 2874 1006 2914 1.
1031 2875 1094 2917 18.
1125 2874 1198 2918 καὶ
1228 2871 1282 2919 δι’
1311 2869 1416 2918 ἄλλα
1440 2874 1582 2920 πολλοὶ.
1613 2901 1669 2908 -—
1724 2876 1753 2917 l.
1776 2876 1843 2919 24.
1875 2879 1974 2920 Post
1998 2879 2122 2919 verba
2147 2877 2220 2921 καὶ
2248 2875 2388 2934 ψυχήν

467 2940 558 3000 ἅμα
583 2942 750 2999 σώματι
772 2945 814 2985 in
843 2944 935 2986 cod.
967 2947 1129 2987 Veneto
1154 2946 1310 2988 inserta
1333 2947 1525 3002 leguntur
1549 2948 1678 2989 haec:
1718 2947 1808 2992 Καὶ
1833 2948 1893 2998 εἰς
1918 2948 2213 3005 περισσοτέραν
2238 2950 2388 3003 πληρο-

467 3016 613 3072 φορίαν
645 3016 724 3071 τῆς
764 3012 971 3070 ὑμετέρας
1000 3018 1114 3072 ζωῆς
1141 3013 1477 3074 παραγενόμενος
1503 3017 1544 3062 ἐν
1571 3018 1718 3073 σαρκὶ,
1764 3019 1837 3063 καὶ
1862 3018 2190 3076 ἐνανθρωπήσας
2229 3011 2387 3063 τελειόὲ

467 3100 597 3140 τατα,
642 3086 702 3135 εἰς
737 3085 783 3130 τὸ
829 3087 1021 3142 στηρίξαι
1056 3086 1133 3144 τῆν
1174 3084 1301 3132 αὐτοῦ
1329 3089 1464 3133 πίστιν
1494 3088 1535 3133 ἐν
1562 3087 1690 3145 ήμῖν,
1732 3087 2028 3146 προγινώσκων
2053 3089 2130 3146 τήν
2160 3082 2387 3146 μέλλουσαν

469 3156 511 3201 ἐν
537 3157 625 3212 σοὶ,
655 3154 898 3213 Ὠρίγενες,
943 3154 1134 3203 ἀπιστίαν
1159 3160 1349 3215 γίνεσθαι
1373 3157 1420 3204 τό
1448 3156 1810 3217 ἀμφιβαλλόμενον
1836 3163 1988 3216 μᾶλλον
2014 3159 2128 3215 παρὰ
2155 3160 2221 3204 σοὶ
2245 3159 2319 3204 καὶ
2346 3158 2388 3205 ἐν

467 3230 636 3278 πολλαῖς
662 3228 847 3283 αἱρέσεσι
873 3234 966 3279 ταῖς
990 3230 1070 3284 τῆς
1108 3228 1303 3281 ἀπιστίας
1333 3245 1404 3275 σου
1431 3227 1617 3287 ὁμοίαις,
1663 3232 1905 3289 Μανιχαίων
1945 3232 2017 3276 καὶ
2042 3231 2387 3287 Μαρκιωνιστῶν,

469 3299 543 3343 καὶ
571 3297 707 3343 λοιπὸν
734 3297 787 3344 τὰ
814 3297 948 3343 πάντα
975 3299 1017 3344 ἐν
1051 3300 1189 3359 ἑαυτῷ
1227 3301 1454 3351 τελειώσας
1493 3301 1554 3352 εἰς
1581 3302 1805 3360 βεβαίωσιν
1833 3304 1904 3347 καὶ
1940 3302 2171 3358 στερέμνιον
2209 3302 2290 3357 τῆς
2315 3299 2389 3346 πί-

471 3385 604 3420 στεως
633 3365 760 3414 αὐτοῦ
803 3370 875 3414 καὶ
902 3366 1107 3426 ἀληθείας
1144 3371 1325 3428 ἐνεργῶς
1361 3372 1567 3428 ἐποίησεν.
1624 3369 1832 3423 Ἀναστὰς
1858 3371 1937 3429 γάρ
1965 3372 2013 3416 ἐκ
2039 3373 2121 3416 τῶν
2148 3373 2305 3428 νεκρῶν
2330 3365 2388 3427 ῆ-

468 3456 582 3496 γειρε
613 3442 778 3499 σεαυτῷ
803 3438 932 3485 πολλὰ
960 3440 1138 3498 σῶματα
1161 3444 1242 3489 τῶν
1267 3441 1421 3500 ἀγίων,
1463 3444 1536 3488 καὶ
1565 3444 1754 3500 εἰςῆλθον
1791 3444 1851 3494 εἰς
1877 3442 1953 3498 τήν
1989 3439 2110 3498 οἷγίαν
2137 3441 2278 3498 πόλιν,
2327 3437 2388 3493 ῶς

470 3511 543 3555 καὶ
568 3511 608 3555 ἐν
632 3507 770 3562 ἄλλοις
790 3509 931 3563 τόποις
957 3514 1256 3570 διηγησάμην,
1287 3515 1359 3559 καὶ
1386 3511 1462 3559 οὐκ
1487 3512 1603 3559 εἶπαν
1632 3516 1785 3567 (scribe
1810 3510 1951 3569 εἶπα),
1979 3509 2237 3569 Ἀνέστησαν
2262 3509 2386 3570 ἅγιοι,

469 3582 536 3626 ἵνα
565 3581 624 3638 μη
657 3583 719 3627 δῶ
755 3582 961 3639 πρόφασιν
995 3585 1051 3642 τῆ
1093 3583 1265 3643 μεθόδῳ
1303 3586 1385 3641 τῆς
1418 3585 1713 3641 κακοτροπίας,
1761 3581 1866 3628 ἀλλά
1901 3581 2026 3638 φύσει
2066 3581 2167 3628 αὐτὸ
2199 3583 2246 3629 τὸ
2274 3580 2387 3641 παρὰ

470 3658 558 3702 τοῖς
586 3650 775 3704 ἀπίστοις
813 3650 1174 3713 ἀμφιβαλλόμενον
1212 3655 1307 3700 ἐκεῖ
1331 3651 1354 3700 ὃ
1384 3655 1644 3702 ἐσπούδασεν
1673 3654 1733 3705 εἰς
1763 3653 1985 3712 βεβαίωσιν
2023 3655 2104 3710 τῆς
2139 3653 2264 3711 ήμῶν
2291 3655 2389 3712 περὶ

475 3725 590 3778 ζωῆς
614 3724 839 3781 γνώσεως,
866 3723 1076 3782 Σῶματα,
1107 3725 1241 3783 εἶπον,
1270 3728 1352 3771 τῶν
1380 3725 1523 3783 οἱγίων,
1553 3727 1626 3771 καὶ
1650 3723 1697 3770 οὔ
1722 3721 1842 3780 μόνον
1868 3719 1933 3767 ὅτι
1956 3719 2147 3781 ἤγειρεν,
2179 3722 2285 3771 ἀλλὰ
2314 3725 2387 3770 καὶ

473 3787 540 3836 ’ὅτι
566 3793 822 3850 ἐνεφάνησαν
853 3797 964 3851 (cod.
1007 3797 1263 3854 ἐνεφάνισαν.
1299 3798 1449 3840 Matth.
1468 3799 1535 3845 27,
1567 3798 1658 3851 52.)
1697 3796 1861 3844 πολλοῖς
1898 3792 1938 3838 ἐν
1966 3794 2021 3852 τῇ
2049 3796 2192 3841 πόλει·
2234 3794 2301 3852 ἐφ’
2326 3793 2387 3847 οἷς

473 3862 699 3919 ἐπληροῦτο
737 3864 807 3909 διὰ
848 3866 929 3921 τῆς
963 3864 1090 3912 αὐτοῦ
1129 3866 1349 3923 δυνάμεως
1383 3864 1460 3923 τὸ,
1503 3862 1751 3921 Ἐξαγαγών
1779 3866 2091 3922 πεπεδημένους
2118 3866 2160 3913 ἐν
2189 3863 2382 3925 ἀνδρείᾳ·
