2508 4134
246 621 358 678 Κεφ.
392 620 459 674 ιζ’.

476 257 576 308 522
1188 272 1387 314 SANCTI
1417 273 1698 315 EPIPHANH

474 367 559 417 καὶ
583 366 822 432 ταφέντα,
860 368 943 421 καὶ
976 366 1278 434 ἀναστάντα,
1316 371 1400 422 καὶ
1429 367 1698 424 ἀνελθόντα
1727 372 1779 424 ἐν
1811 369 1957 444 δόξῃ,
1996 371 2258 439 ἐρχόμενον
2291 378 2396 441 κρῖ-

474 472 555 503 ναι
581 456 761 515 ζῶντας
798 454 883 505 καὶ
910 451 1141 524 νεκροὺς,
1195 475 1261 516 ως
1293 455 1422 522 ἔφην
1457 457 1507 509 ἒν
1535 449 1887 545 ἀληθεία,οὗ
1918 461 2005 523 τῆς
2037 459 2279 523 βασιλείας
2303 454 2397 511 οὐκ

476 537 611 588 ἔσται
645 537 790 599 τέλος.

620 623 720 675 Καὶ
761 621 852 693 γάρ
881 621 1094 676 πιστεύει
1122 620 1156 691 ἦ
1184 646 1341 694 μητηρ
1379 622 1519 692 ἡμῶν
1558 623 1681 691 αῦτη
1715 622 1750 692 ἦ
1775 621 1891 694 άγία
1919 626 2167 693 ἐκκλησία,
2215 627 2299 679 καὶ
2329 647 2398 689 ως

475 704 598 781 αὐτῇ
627 706 829 775 ἀληθῶς
869 708 1191 779 κεκήρυκται,
1229 711 1314 762 καὶ
1340 709 1543 776 ἀληθῶς
1567 711 1939 778 προςτέτακται,
1987 708 2062 764 ὅτι
2089 709 2392 779 κοιμηθησό-

239 814 442 861 pag.1101,
473 800 607 860 μεθα
641 796 723 847 καὶ
761 791 1139 862 ἀναστησόμεθα
1181 793 1272 847 σῦν
1309 793 1496 861 σώματι
1532 793 1716 866 τούτῳ,
1770 792 1861 846 σῦν
1900 800 2038 868 ψυχῇ
2075 794 2254 870 ταύτῃ,
2307 794 2399 849 σῦν

240 2788 352 2843 Κεφ.
369 2785 438 2844 ιη’.

242 3478 328 3513 pag.
342 3469 439 3505 11⁰2.

472 880 617 932 παντὶ
642 884 709 952 τῷ
736 877 952 952 ἡμετέρῳ
979 878 1155 944 σκεύει,
1193 882 1277 932 ἵνα
1306 881 1507 941 ἕκαστος
1533 877 1763 953 ἀπολάβῃ
1791 877 1916 949 πρὸς
1942 878 1975 932 ἃ
1999 881 2216 950 ἔπραξεν.
2275 880 2397 935 “On

473 962 567 1033 γάρ
612 962 876 1026 ἀνάστασις
918 971 1130 1033 νεκρῶν,
1186 966 1270 1017 καὶ
1307 968 1465 1034 κρίσις
1501 963 1729 1029 αἰώνιος,
1778 967 1863 1017 καὶ
1902 968 2119 1033 βασιλεία
2158 966 2396 1037 οὐρανῶν,

473 1051 558 1102 καὶ
610 1048 892 1112 ἀνάπαυσις
936 1058 1040 1112 τοῖς
1091 1053 1324 1115 δικαίοις,
1379 1051 1465 1102 καὶ
1511 1053 1811 1119 κληρονομία
1857 1056 2068 1116 πιστῶν,
2121 1052 2206 1103 καὶ
2256 1051 2400 1122 χορὸς

478 1134 636 1240 1μετά
666 1136 909 1206 ἀγγέλων,
959 1141 1057 1188 τῶν
1087 1134 1420 1205 τετηρηκότων
1458 1133 1545 1202 τὴν
1570 1138 1761 1198 πίστιν,
1812 1137 1897 1189 καὶ
1932 1134 2022 1204 τὴν
2045 1133 2265 1206 αγνείαν,
2314 1137 2399 1189 καὶ

469 1244 558 1290 την
586 1224 778 1285 ἐλπίδα,
818 1223 900 1274 καὶ
926 1243 1017 1283 τας
1042 1227 1133 1274 τοῦ
1157 1223 1335 1290 κυρίου
1363 1218 1585 1285 ἐντολάς,
1622 1217 1788 1288 ἀληθῆ
1816 1223 1941 1286 ἐστι,
1979 1223 2062 1274 καὶ
2085 1220 2396 1291 κεκήρυκται,

471 1309 554 1361 καὶ
593 1307 928 1376 ἠσφάλησται,
979 1308 1064 1359 καὶ
1109 1309 1452 1371 πεπίστευται,
1505 1304 1580 1359 ότι
1620 1299 1758 1359 οῦτοι
1794 1304 2146 1375 ἀναστησονται
2176 1308 2245 1368 εἰς
2271 1304 2400 1375 ζωην

471 1391 697 1457 αἰώνιον,
749 1414 874 1445 κατα
909 1389 963 1444 τὸ
1000 1392 1330 1461 γεγραμμένον
1375 1393 1428 1445 ἐν
1465 1398 1570 1452 τοῖς
1611 1389 1919 1462 ευαγγελίοις.
1978 1392 2109 1446 ι’Ὀσα
2147 1390 2240 1463 γάρ
2276 1393 2399 1463 λέγει

469 1480 553 1532 καὶ
585 1475 614 1532 ὁ
641 1476 941 1541 ἀπόστολος,
994 1478 1078 1529 καὶ
1119 1482 1271 1529 πᾶσαι
1305 1479 1359 1528 αἱ
1383 1476 1518 1546 ἅγιαι
1548 1478 1759 1547 γραφαὶ,
1814 1475 2032 1546 ἀληθινοὶ
2061 1475 2308 1548 τυγχάνει,
2357 1479 2403 1530 εἰ

467 1566 551 1617 καὶ
580 1561 713 1633 παρά
737 1570 843 1625 τοῖς
870 1561 1166 1631 ἀπιστήσασι
1197 1563 1282 1614 καὶ
1311 1568 1478 1624 κακῶς
1511 1562 1798 1630 νενοηκόσιν
1828 1564 2002 1632 ἓτέρως
2032 1561 2401 1632 ’ὑπολαμβάνον-

468 1671 562 1702 ται.
634 1647 773 1716 Ἡμῖν
817 1649 870 1701 δὲ
913 1647 1037 1716 αῦτη
1074 1645 1108 1715 ἦ
1135 1650 1320 1713 πίστις,
1371 1649 1455 1699 καὶ
1498 1646 1621 1715 αῦτη
1653 1646 1687 1716 ἡ
1714 1645 1857 1716 τιμὴ,
1905 1650 1991 1702 καὶ
2030 1647 2152 1716 αῦτη
2180 1645 2214 1716 ἦ
2242 1646 2398 1720 μήτηρ

469 1732 611 1803 ἡμῶν
653 1731 686 1802 ἦ
718 1736 944 1800 ἐκκλησία
957 1776 970 1798 ,
1024 1730 1108 1787 διά
1148 1736 1354 1794 πίστεως
1389 1732 1642 1799 σώζουσα,
1693 1735 1778 1786 καὶ
1818 1736 2012 1797 ἐλπίδος
2047 1736 2397 1806 κρατυνομένη,

468 1821 552 1874 καὶ
598 1821 766 1894 ἀγάπῃ
813 1825 1030 1889 Χριστοῦ
1072 1820 1402 1887 τελειουμένη,
1459 1820 1513 1872 ἕν
1541 1840 1591 1871 τε
1624 1825 1684 1893 τῇ
1714 1817 1972 1894 ὁμολογία,
2024 1822 2077 1874 ἔν
2109 1841 2159 1873 τε
2182 1827 2286 1882 τοῖς
2312 1842 2401 1888 μυ-

469 1909 711 1976 στηρίοις,
750 1908 803 1958 ἕν
831 1926 880 1958 τε
909 1911 969 1978 τῇ
997 1910 1087 1957 τοῦ
1115 1910 1326 1974 λουτροῦ
1353 1908 1610 1977 καθαρσίῳ
1645 1904 1877 1971 δυνάμει,
1929 1904 2031 1971 ὅτι,
2080 1904 2401 1968 Ἀπελθόντες

469 1995 734 2059 βαπτίσατε
762 1993 831 2053 εἰς
878 1988 1080 2059 2ὄνομα
1112 1989 1326 2061 πατρὸς,
1379 1991 1464 2043 καὶ
1499 1992 1615 2043 υἱοῦ
1627 2034 1640 2057 ,
1691 1992 1777 2043 καὶ
1814 1988 1958 2060 άγίου
1986 1989 2282 2058 πνεύματος,
2333 1992 2401 2053 εἰς

468 2075 626 2145 ὄνομα
653 2077 704 2129 δὲ
732 2082 912 2144 θεϊκῆς
939 2074 1166 2146 τριάδος,
1227 2076 1496 2143 ὀνομασίας
1525 2076 1676 2144 μηδὲν
1706 2075 1992 2146 ξ’διαφοράν
2024 2075 2250 2145 ἐχούσης,
2302 2073 2401 2128 ἀλλ’

467 2162 542 2216 ὅτι
569 2161 690 2224 θεὸς
716 2159 785 2224 εἷς
809 2159 929 2230 ἡμῖν
961 2163 1013 2214 ἐν
1038 2159 1176 2234 νόμῳ
1191 2204 1204 2228 ,
1242 2162 1324 2213 καὶ
1352 2162 1404 2214 ἐν
1431 2159 1742 2230 προφήταις,
1781 2163 1864 2214 καὶ
1894 2163 1944 2215 ἐν
1969 2161 2276 2232 εὐαγγελίοις,
2312 2161 2399 2213 καὶ

468 2251 520 2302 ἐν
546 2246 860 2312 ἀποστόλοις,
900 2249 952 2300 ἐν
977 2252 1161 2318 παλαιᾷ
1193 2247 1277 2299 καὶ
1306 2252 1454 2319 καινῇ
1483 2244 1702 2319 διαθήκῃ
1732 2245 2057 2316 κεκήρυκται,
2113 2248 2197 2300 καὶ
2227 2244 2404 2316 κατήγ-

469 2340 651 2404 γελται,
690 2331 877 2402 πατὴρ,
919 2334 1002 2385 καὶ
1031 2329 1168 2398 υἷὸς,
1207 2332 1291 2383 καὶ
1319 2330 1464 2401 ἅγιον
1493 2336 1711 2399 πνεῦμα,
1763 2330 1830 2399 μή
1863 2354 1936 2394 τις
1965 2338 1992 2369 4
2012 2329 2254 2399 συναλιφή
2283 2324 2408 2384 οὖσα

466 2417 500 2487 ἡ
528 2418 734 2486 θεότης,
789 2416 908 2470 ἀλλά
945 2415 1084 2487 τριάς
1119 2422 1142 2453 ⁵
1166 2410 1290 2469 οῦσα
1321 2414 1476 2478 ὅντως
1501 2419 1681 2483 τελεία,
1730 2417 1908 2479 τέλειος
1934 2415 1963 2472 o‘
1990 2415 2177 2486 πατὴρ,
2227 2418 2404 2479 τέλειος

469 2502 498 2558 ὁ
528 2503 662 2570 υίός,
700 2504 879 2556 τέλειον
906 2501 959 2556 τό
988 2507 1183 2568 πνεῦμα
1207 2500 1263 2554 τὸ
1292 2500 1458 2571 ἅγιον,
1496 2505 1584 2568 μία
1607 2501 1814 2569 θεότης,
1855 2500 1925 2565 εἷς
1951 2502 2096 2570 θεὸς,
2134 2496 2174 2575 ᾧ
2206 2499 2240 2570 ἦ
2266 2500 2405 2567 δόξα,

470 2588 585 2658 τιμή
622 2590 706 2642 καὶ
742 2585 927 2658 κράτος
965 2589 1033 2648 εἰς
1069 2585 1187 2648 τούς
1232 2589 1415 2648 αἰῶνας
1452 2592 1551 2639 τῶν
1589 2585 1807 2653 αἰώνων,
1844 2585 2011 2657 Ἀμήν.

610 2759 752 2827 Αῦτη
781 2760 910 2812 ἐστὶν
940 2756 973 2825 ἦ
1000 2761 1178 2822 πίστις,
1217 2756 1251 2825 ἦ
1274 2763 1362 2825 τῆς
1391 2755 1629 2828 ἡμετέρας
1657 2763 1783 2827 ζωῆς
1814 2762 2137 2829 πραγματεία,
2174 2762 2318 2811 τοῦτο
2345 2756 2401 2812 τό

469 2849 666 2916 ἔρεισμα
687 2851 777 2911 τῆς
811 2842 1072 2911 ἀληθείας,
1112 2843 1234 2911 αῦτη
1263 2842 1298 2911 ἦ
1326 2845 1583 2912 παρθένος
1620 2849 1840 2914 Χριστοῦ
1879 2846 1964 2897 καὶ
1993 2841 2252 2913 περιστερά
2282 2840 2401 2896 ἅκα-

468 2954 581 2998 κος,
633 2931 758 2998 αῦτη
796 2931 925 2983 ἐστὶν
962 2927 995 2997 ἦ
1026 2927 1123 2996 ζωὴ
1156 2930 1240 2981 καὶ
1277 2926 1311 2996 ἦ
1348 2930 1483 2990 ἐλπὶς
1510 2930 1594 2981 καὶ
1634 2927 1664 2996 ἦ
1691 2932 1953 2997 βεβαίωσις
1981 2935 2068 2997 τῆς
2098 2927 2399 2998 ἀφθαρσίας.

468 3016 608 3070 'And
654 3021 923 3086 παρακαλῶ
954 3013 1144 3076 πάντας
1183 3011 1314 3082 ’ὖμᾶς
1349 3012 1466 3075 τούς
1497 3013 1875 3084 ἐντυγχάνοντας
1910 3019 2184 3084 συγγνῶναι
2217 3019 2278 3086 τῇ
2309 3014 2403 3086 ἐμῇ

469 3101 777 3170 ταπεινότητι
814 3102 899 3154 καὶ
928 3098 1164 3172 ἀσθενείᾳ
1205 3105 1294 3152 τοῦ
1322 3098 1627 3168 βραχυτάτου
1658 3121 1755 3167 μου
1791 3105 1908 3163 νοῦ,
1961 3105 2050 3152 τοῦ
2088 3096 2186 3150 ἀπὸ
2219 3102 2400 3152 πολλοῦ

469 3194 567 3240 τῶν
587 3189 819 3256 αἱρέσεων
841 3188 919 3240 ἰοῦ
943 3183 1386 3255 ἀποναρκήσαντος
1411 3186 1494 3237 καὶ
1526 3191 1545 3222 ¹
1566 3182 1993 3255 ἀποσιγχάνοντος,
2035 3181 2102 3246 ῶς
2123 3181 2402 3237 ἀποπτύον-

469 3295 550 3335 τος
582 3276 748 3340 δίκην,
786 3274 873 3325 καὶ
901 3276 1266 3334 2ναυτιῶντος,
1321 3266 1383 3322 δι’
1414 3263 1486 3321 ῶν
1513 3268 1622 3336 ἤτοι
1651 3269 1906 3339 αὐστηρῶς
1934 3267 2059 3338 πρός
2085 3291 2222 3330 τινας
2251 3268 2401 3339 φερό-

471 3380 613 3426 μενος
641 3358 830 3426 ἠνέχθη
863 3354 946 3409 διά
972 3353 1227 3426 ῥημάτων,
1279 3353 1314 3422 ἢ
1341 3355 1546 3416 καλέσας
1575 3352 1714 3417 τινάς
1739 3355 2055 3423 ἀλητηρίους,
2107 3352 2141 3421 ἢ
2170 3351 2397 3425 ἀγύρτας,

472 3442 506 3511 ἢ
530 3444 957 3510 πεπλανημένους,
1010 3441 1043 3509 ἢ
1071 3439 1373 3500 ἀπατεῶνας.
1449 3437 1549 3492 Διά
1577 3438 1670 3510 γάρ
1701 3436 1787 3492 τᾶν
1815 3436 1969 3491 πολύν
1996 3438 2154 3492 πόνον
2182 3444 2271 3493 τοῦ
2302 3441 2396 3507 ἰοῦ,

529 3587 625 3626 CAP.
662 3588 800 3628 XV11.
834 3612 878 3617 -—
946 3589 980 3627 1.
1028 3584 1134 3640 μετὰ
1172 3587 1284 3626 codd.
1314 3597 1407 3625 mss.
1524 3584 1563 3623 5.
1595 3597 1704 3625 ουσα
1732 3584 1870 3623 omittit
1897 3584 1982 3623 cod.
2013 3583 2174 3651 Βῆεάἱ9.

473 3639 560 3697 μετ’
593 3646 695 3683 editi.
1526 3639 1809 3679 CAP.XV111.
1843 3661 1894 3668 —
1970 3639 2002 3679 1.
2052 3634 2398 3696 ἀποσικχάνοντος

526 3700 564 3739 ’2.
594 3697 640 3740 τὸ
673 3694 804 3753 ὄνομα
833 3702 917 3740 cod.
947 3701 1106 3751 Rhediy.
1458 3699 1518 3737 ed.
1550 3699 1708 3745 Petav„
1750 3707 1798 3735 ex
1828 3696 1909 3735 cod.
1943 3697 2116 3737 Parisini
2154 3699 2394 3748 auctoritate,

528 3755 567 3794 ὃ.
600 3739 793 3808 διάφορον
824 3759 1096 3805 suspicabatur
1126 3756 1323 3798 Petavius.
1458 3754 1626 3792 eiusdem
1652 3754 1803 3792 Petavii
1827 3754 2037 3792 testimonio
2054 3783 2066 3803 ,
2095 3755 2142 3793 de
2167 3766 2240 3803 quo
2266 3757 2395 3793 tamen

526 3808 561 3851 4.
597 3810 821 3865 συναλοιφή
853 3815 958 3853 editi.
1458 3810 1612 3858 dubito,
1642 3820 1729 3847 cum
1763 3809 1873 3848 codd.
1895 3810 1972 3850 len.
2006 3813 2039 3851 et
2069 3811 2230 3861 Rhediq.
2263 3814 2394 3861 (quem
