2508 4134
190 762 276 799 pag.
292 752 392 788 10⁷6.

207 1521 319 1578 Κεφ.
354 1517 391 1564 ι’.

422 280 524 330 478
1132 290 1338 332 SANCTI
1365 292 1654 334 EPIPHANH

424 384 555 456 ἑώρα
573 385 664 453 τήν
687 391 1008 452 Σουμανῖτιν,
1046 391 1374 456 παραμυθίας
1398 389 1451 442 δὲ
1477 388 1620 461 χάριν
1642 388 1947 461 ὑπερβέβηκε
1969 389 2057 459 τήν
2079 389 2231 455 τάξιν,
2273 391 2358 445 καὶ

421 471 680 534 ἀνεδέξατο
707 469 834 541 πρὸς
858 469 947 539 τήν
975 470 1111 542 ὤραν
1146 479 1168 509 ³
1187 478 1514 543 παραμυθίας
1537 481 1625 543 τῆς
1652 475 1885 546 γυναικός
1910 476 2068 545 χάριν,
2106 478 2213 529 ἴσον
2238 472 2358 545 ἥγη-

421 556 632 624 σάμενος
668 554 723 609 τὸ
756 555 1002 609 ἅπτεσθαι
1031 563 1129 610 τῶν
1158 558 1317 612 αὐτοῦ
1346 563 1519 613 ποδῶν
1546 559 1682 631 παρά
1721 560 1996 629 συνήθειαν
2027 560 2118 629 τήν
2146 567 2358 631 γυναῖκα

420 648 509 710 τῆς
535 639 686 710 αὐτῆς
726 644 778 695 ἐν
817 648 877 715 τῇ
906 645 1105 715 διανοίᾳ
1139 643 1406 707 κακῶσεῶς
1434 666 1483 697 τε
1520 647 1604 698 καὶ
1639 645 1814 714 λύπης.
1891 647 1989 699 Καὶ
2016 650 2062 699 τί
2090 668 2174 714 μοι
2203 643 2359 700 πολλοὶ

421 729 574 798 λέγειν
610 729 721 797 περὶ
759 727 976 792 τούτων,
1029 734 1128 782 τῶν
1164 728 1282 792 τούς
1308 728 1466 792 κύνας
1502 732 1845 798 μιμουμένων,
1898 732 1983 784 καὶ
2012 729 2130 793 τούς
2160 730 2256 794 ῦας
2278 737 2359 798 ζη-

419 812 664 877 λούντων,
743 814 869 883 Περὶ
914 813 967 866 δὲ
1008 820 1099 867 τοῦ
1138 817 1293 868 εἰπεῖν
1330 814 1507 869 ἑαυτὸν
1539 814 1783 886 Χριστόν,
1833 819 1927 869 τίνι
1964 819 2140 884 μανίας
2172 814 2229 870 ὃν
2266 813 2358 870 ούκ

424 897 612 967 ὀφθείη
646 897 701 952 τὸ
729 898 889 969 δόγμα
917 905 1015 952 τῶν
1043 898 1239 953 σύνεσιν
1279 902 1614 968 κεκτημένωνς
1666 900 1699 968 ἢ
1735 902 1889 971 λέγειν
1923 900 2027 966 ὅτι,
2083 900 2359 972 Προφήτης

425 983 547 1055 ἐγώ,
628 988 686 1037 Τί
720 983 814 1055 γάρ
864 989 1170 1055 προφητείας
1207 984 1324 1055 παρ’
1365 984 1537 1048 αὐτοῖς
1586 984 1718 1048 εἶδος
1770 984 2094 1054 φαινόμενονς
2145 985 2179 1054 ἢ
2212 994 2361 1040 ποῖον

426 1075 644 1140 Χριστοῦ
671 1069 965 1139 θαυμαστόν
1007 1073 1152 1141 ἔργον
1187 1074 1392 1141 γίνεται,
1468 1074 1540 1124 Εἰ
1559 1072 1612 1124 δὲ
1636 1069 1787 1134 αύτὸς
1821 1069 2064 1142 Χριστός,
2116 1074 2186 1134 εἰς
2213 1078 2359 1127 ποῖον

420 1154 596 1226 κύριον
623 1154 798 1224 ’ἤλπικέ
823 1177 873 1209 τε
896 1158 982 1209 καὶ
1009 1159 1326 1220 πεπίστευκες
1409 1160 1467 1209 Τί
1495 1155 1556 1210 τοὶ
1588 1163 1675 1224 τῆς
1711 1156 1900 1225 πλάνης
1934 1155 2356 1225 κενοφωνήματας

421 1246 466 1295 τί
492 1247 589 1295 τῶν
622 1240 847 1309 άνοήτων
883 1240 943 1294 τά
990 1241 1235 1312 δόγματα,·
1306 1239 1445 1294 Ἀλλοὶ
1487 1241 1680 1312 ἀρκέσει
1717 1244 1801 1296 καὶ
1838 1244 1949 1314 περὶ
1985 1241 2168 1310 ταύτης
2197 1240 2257 1295 τά
2289 1242 2359 1305 εἰς

422 1315 581 1396 αὐτὴν
617 1329 864 1399 εἰρημένα.

572 1500 672 1551 Καὶ
706 1500 797 1560 ἕως
839 1491 935 1551 ῶδε
962 1499 1104 1566 ἐχέτω
1132 1497 1186 1552 τό
1216 1502 1482 1569 σφραγίσαι
1511 1501 1595 1552 καὶ
1633 1505 1879 1553 τελειῶσαι
1907 1498 1997 1568 τήν
2027 1507 2191 1555 πᾶσαν
2217 1495 2360 1567 ήμῶν

424 1586 535 1656 περὶ
559 1583 746 1639 τούτων
773 1587 1106 1654 πραγματείαν
1122 1606 1132 1616 ·
1184 1590 1271 1637 τοῦ
1297 1591 1426 1638 θεοῦ
1461 1582 1581 1653 ἡμῖν
1607 1586 1935 1652 ἐπιφανέντος
1964 1588 2050 1639 καὶ
2075 1583 2360 1655 βοηθήσαν-

423 1694 533 1736 τος,
586 1668 653 1733 ὥς
696 1668 951 1739 ὁμολογεῖν
989 1671 1118 1722 ἔστιν
1153 1671 1206 1722 ἐκ
1249 1669 1415 1739 πάσης
1454 1677 1623 1739 ψυχῆς
1649 1673 1730 1724 καὶ
1765 1674 2013 1736 διανοίας,
2066 1668 2360 1741 εὐχαριστεῖν

425 1755 559 1829 αύτῷ
586 1762 655 1829 τῷ
682 1759 862 1825 κυρίω,
902 1754 977 1809 ὅτι
1004 1754 1058 1808 τό
1090 1754 1392 1826 ἐπάγγελμα,
1433 1756 1461 1810 ὃ
1486 1755 1893 1827 ἐπηγγειλάμεθα,
1933 1758 1986 1810 έν
2017 1755 2151 1830 αύτῷ
2178 1762 2245 1829 τῷ
2273 1753 2360 1809 κυζ-

426 1848 516 1916 ρίῳ
542 1840 920 1910 κατηξιώθημεν
949 1846 1217 1906 τελειῶσαι,
1273 1840 1399 1895 κατά
1435 1844 1670 1913 αἱρέσεων
1697 1843 1775 1908 δὲ,
1826 1843 1979 1910 φημὶ,
2016 1840 2107 1911 τήν
2135 1840 2360 1912 διήγησιν

425 1930 510 1982 καὶ
541 1926 828 1998 ἀνατροπὴν
862 1925 1212 1995 ποιησάμενοι,
1263 1926 1365 1995 ἅμα
1394 1949 1443 1981 τε
1475 1931 1560 1981 καὶ
1593 1927 2005 1995 ἀποκαλύψαντες
2032 1926 2147 1998 παρ’
2175 1924 2357 2000 ἑκάστῃ

427 2019 473 2067 τί
496 2013 772 2085 πράττεται,
811 2011 879 2075 ῶς
905 2011 1029 2066 κατά
1049 2011 1139 2080 τήν
1171 2019 1191 2050 1
1210 2010 1450 2084 ἡμετέραν
1474 2012 1745 2068 ὑπόστασιν
1770 2021 1859 2082 τῆς
1882 2014 2132 2075 ἀσθενοῦς
2158 2013 2359 2083 ἄνθρω-

427 2099 654 2169 πότητος.
711 2098 848 2161 ”Έως
883 2098 977 2168 γάρ
1023 2100 1239 2152 ἐνταῦθα
1281 2099 1588 2168 ὀγδοήκοντα
1629 2101 1889 2170 αἱρέσεων,
1943 2093 2014 2152 ῶν
2050 2097 2361 2166 ένηχήθημεν

431 2191 539 2259 2τῷ
568 2184 764 2257 κόσμῳ,
802 2186 887 2237 καὶ
914 2186 1128 2254 ἔγνωμεν
1157 2182 1244 2237 τόν
1273 2182 1493 2255 ἆριθμόν
1519 2187 1603 2238 καὶ
1634 2184 1721 2247 τοὶς
1757 2184 2051 2252 ὀνομασίας,
2099 2187 2183 2238 καί
2210 2204 2360 2237 τινων

427 2270 515 2334 τοὶς
540 2270 732 2342 ῥήσεις,
770 2269 1047 2340 προφάσεις
1071 2291 1120 2323 τε
1148 2271 1234 2323 καὶ
1261 2272 1470 2338 σχέσεις,
1507 2269 1595 2333 τοὶς
1619 2269 1777 2342 ὁρμάς
1801 2273 1885 2324 καὶ
1912 2269 1972 2324 τά
2005 2273 2136 2323 αἴτια
2165 2268 2360 2339 ἀπαρα-

427 2362 631 2419 λείπτως
668 2354 1039 2420 ὖποδείξαντες,
1091 2362 1378 2429 θαυμασμῷ
1409 2356 1671 2426 φερόμενοι
1718 2358 2098 2427 ἐκπεπλήγμεθα
2134 2354 2187 2409 τό
2222 2357 2272 2408 έν
2299 2359 2360 2428 τῇ

428 2447 544 2516 θείᾳ
571 2445 741 2515 γραφῇ
772 2443 1026 2511 εἰρημένον
1056 2439 1158 2506 ὅτι,
1194 2439 1459 2509 Ἑξήκοντά
1475 2444 1568 2495 εἰσι
1594 2446 1897 2510 βασίλισσαι,
1941 2446 2027 2496 καὶ
2052 2438 2361 2512 ὀγδοήκοντα

428 2529 698 2593 παλλακαὶ,
743 2529 862 2580 3καὶ
892 2526 1112 2588 νεάνιδες
1146 2520 1216 2579 ῶν
1243 2525 1336 2580 οὐκ
1369 2529 1498 2581 ἔστιν
1529 2526 1768 2598 ἀριθμός·
1806 2532 1893 2596 μία
1923 2529 2050 2593 ἐστὶ,
2101 2521 2361 2596 περιστερά

428 2638 541 2685 μου,
579 2617 731 2666 τελεία
755 2635 862 2681 μου.
923 2612 1022 2674 ι’.Ως
1048 2605 1141 2665 οῦν
1167 2614 1279 2683 περὶ
1303 2619 1404 2666 τῶν
1431 2620 1691 2668 παλλακῶν
1716 2613 1910 2668 τούτων
1929 2620 2029 2667 τῶν
2053 2610 2361 2683 ὀγδοήκοντα

429 2699 675 2773 εἰρηκότες
705 2698 957 2768 ἆπαρχῆς,
996 2701 1377 2768 Βαρβαρισμοῦ,
1429 2702 1513 2754 καὶ
1537 2699 1883 2770 Ἑλληνισμοῦ,
1935 2701 2020 2753 καὶ
2042 2703 2359 2765 Σκυθισμοῦ,

428 2789 511 2842 καὶ
534 2785 872 2852 Ἰουδαϊσμοῦ,
910 2785 994 2837 καὶ
1023 2790 1447 2854 Σαμαρειτισμοῦ,
1509 2791 1535 2823 4
1554 2786 1820 2855 ὀνομασίας
1846 2791 1944 2838 τῶν
1970 2781 2063 2838 ούκ
2091 2782 2256 2838 οὐσῶν
2286 2784 2360 2837 έν-

430 2874 633 2940 θέσμων
665 2875 940 2942 γυναικῶν,
992 2869 1109 2923 οὐδὲ
1145 2869 1245 2924 ἆπὸ
1276 2877 1366 2924 τοῦ
1392 2874 1628 2940 βασιλέως
1658 2871 2108 2942 πεπροικισμένων,
2162 2866 2280 2922 οὐδὲ
2307 2869 2360 2921 ἐν

433 2957 702 3026 διαθήκαις
728 2963 826 3010 τῶν
854 2957 1036 3009 τέκνων
1061 2956 1227 3009 αὐτῶν
1253 2964 1571 3027 κληρονομεῖν
1596 2958 1895 3026 δυναμένων.
1973 2953 2128 3007 Φύσει
2154 2954 2242 3021 μὲν
2266 2951 2359 3024 γάρ

434 3048 552 3098 εἰσιν
578 3042 917 3112 ἑβδομήκοντα
947 3042 1114 3107 πέντε,
1154 3044 1236 3095 καὶ
1262 3042 1451 3097 τούτων
1481 3046 1536 3096 αἱ
1562 3045 1763 3113 μητέρες
1790 3043 1961 3105 πέντε,
2013 3038 2171 3110 ῶςπερ
2201 3036 2361 3107 Ἑλλη-

434 3128 633 3199 νισμός,
673 3126 760 3195 ἀφ’
787 3121 847 3181 οὗ
873 3125 1127 3194 ’Ἐλληνες,
1165 3129 1247 3180 καὶ
1269 3128 1612 3197 Ἰουδαϊσμός,
1652 3127 1740 3195 ἀφ’
1771 3121 1832 3181 οὗ
1850 3126 2086 3180 Ἰουδαῖοι
2115 3126 2199 3177 καὶ
2229 3125 2360 3194 αἱρέ-

434 3236 557 3281 σεις,
606 3216 689 3269 καὶ
729 3210 1087 3284 Σαμαρειτική,
1139 3210 1224 3279 (ἔφ’
1265 3207 1326 3266 οῦ
1362 3212 1782 3284 Σαμαρειτισμὸς,
1836 3213 1919 3265 καὶ
1961 3207 2358 3281 Χριστιανισμὸς,

433 3301 521 3369 ἀφ’
548 3295 610 3355 οῦ
637 3299 1028 3367 ἐξεκλάσθησαν,
1083 3297 1243 3368 ῶςπερ
1281 3297 1481 3364 κλάδοι,
1535 3303 1590 3352 αἱ
1623 3299 1976 3369 ἆφορισθεῖσαι
2012 3296 2241 3363 αἱρέσεις,
2293 3297 2361 3358 εἰς

432 3388 591 3455 ὄνομα
624 3391 842 3456 Χριστοῦ
867 3391 1153 3452 κληθεῖσαι,
1192 3381 1261 3452 μή
1290 3377 1434 3437 οῦσαι
1461 3385 1513 3437 δὲ
1544 3384 1725 3449 αὐτοῦ,
1764 3380 1859 3436 ἄλλ’
1889 3383 1944 3433 αἱ
1964 3380 2051 3447 μὲν
2078 3377 2174 3433 άπὸ
2207 3379 2360 3448 μήκο-

198 3501 285 3538 pag.
316 3491 410 3526 1077.
435 3483 527 3527 θεν
558 3470 711 3525 αὐτοῦ
735 3469 861 3525 πολύ
891 3473 1161 3534 διεστῶσαι,
1200 3472 1255 3521 αἱ
1276 3469 1328 3521 δὲ
1359 3468 1441 3522 διά
1471 3492 1516 3523 τι
1545 3467 1792 3537 ἐλάχιστον
1818 3464 2254 3535 άποκληρονόμους
2276 3467 2359 3519 καὶ

438 3562 578 3624 ξένας
620 3558 778 3611 αὐτοῦ
821 3555 1001 3617 ἑαυτάς
1036 3553 1423 3622 καταστήσασαι,
1473 3557 1557 3607 καὶ
1595 3553 1656 3607 τοὶ
1695 3550 1901 3604 5αὐτῶν
1927 3552 2095 3615 τέκνα,
2145 3557 2243 3604 τῶν
2266 3548 2359 3604 ούκ

491 3675 531 3716 3.
552 3673 823 3729 παραμυθίας
847 3674 962 3713 codd.
980 3685 1070 3713 mss.
1092 3676 1260 3723 uterque.
1290 3684 1370 3713 πα·
1481 3670 1520 3711 2.
1550 3672 1728 3710 Fortasse
1755 3669 1898 3708 excidit
1924 3670 2161 3718 praepositio
2190 3665 2247 3710 ἐν.

440 3732 655 3786 pap-uittam
686 3733 779 3772 editi
808 3733 908 3770 libri.
1486 3727 1525 3767 3.
1555 3724 1628 3768 καὶ
1666 3728 1770 3765 abest
1806 3736 1831 3764 a
1859 3726 1971 3765 codd.
1998 3736 2087 3766 mss.
2128 3728 2286 3775 utroque
2325 3727 2360 3764 et

497 3789 593 3829 Cn.
608 3789 668 3830 X.
687 3810 738 3819 ·-
786 3788 820 3836 1.
846 3788 956 3827 Libri
977 3788 1093 3837 vulgo
1115 3787 1254 3826 habent
1271 3780 1370 3838 ὑμε-
1430 3785 1517 3824 edit.
1543 3785 1667 3832 princ.

438 3842 571 3899 τέραν.
1481 3837 1518 3879 4.
1551 3838 1846 3879 Rescribendum
1870 3842 1924 3878 est
1948 3832 2202 3891 ὀνομασίαις.

1450 3907 1471 3928 Χ
