2508 4134
201 1461 287 1497 pag.
311 1451 406 1487 108².

226 2747 337 2804 Κεφ.
358 2743 404 2790 ε’.

429 227 532 279 488
1139 237 1345 279 εΑΝοΤῐ
1366 237 1653 280 ΕΡῙΡΗΑΝΗ

429 340 519 386 τοῦ
552 332 778 403 ἀριθμοῦ
817 334 1078 402 ἐμφέρεται
1122 331 1231 404 ἅχρι
1268 339 1355 401 τῆς
1389 340 1478 387 τοῦ
1515 341 1733 405 Χριστοῦ
1768 339 2053 406 παρουσίας.
2127 336 2228 387 Καὶ
2262 332 2356 405 γάρ

431 419 591 489 γενεαὶ
634 417 1032 488 παρεληλύθασιν
1071 418 1172 472 ἀπὸ
1222 415 1376 485 Ἀδοῖμ
1416 421 1508 482 ἕως
1543 427 1631 474 τοῦ
1662 427 1782 474 Νῶε
1817 423 1962 486 δέκα,
2009 423 2094 474 καὶ
2130 417 2228 473 vind
2268 425 2356 472 τοῦ

435 508 553 555 Νῶε
591 500 701 573 ἄχρι
739 508 828 555 τοῦ
871 500 1091 573 Ἀβραάμ
1129 502 1264 557 ἄλλαι
1287 505 1430 570 δέκα,
1479 503 1580 558 ἀπὸ
1609 506 1662 558 δὲ
1690 512 1780 559 τοῦ
1807 503 2026 575 Ἀβρααμ
2052 504 2164 576 ἄχρι
2192 506 2358 573 Δαβὶδ

432 589 593 659 γενεαὶ
624 586 684 641 ιδ’
698 630 711 651 ,
751 585 852 641 ἆπὸ
882 589 935 641 δὲ
963 591 1128 655 Δαβὶδ
1157 590 1249 651 ἕως
1273 595 1360 657 τῆς
1385 592 1710 658 αἰχμαλωσίας
1735 592 1895 661 γενεαὶ
1923 590 1999 655 ιδ’,
2035 592 2119 644 καὶ
2145 588 2245 644 dud
2272 595 2360 658 τῆς

433 676 759 741 αἰχμαλωσίας
788 674 880 735 ἕως
905 679 994 726 τοῦ
1027 679 1243 743 Χριστοῦ
1262 677 1424 743 γενεαὶ
1457 674 1537 740 ιδ’,
1577 673 1645 736 οἷς
1675 673 1801 728 εἶναι
1830 673 1931 728 ἆπὸ
1955 681 2044 728 τοῦ
2062 673 2224 743 Ἀδὰμ
2250 673 2361 744 ὄίχρι

437 764 655 828 Χριστοῦ
686 755 937 826 ἑξήκοντοῖ
958 757 1049 812 δύο
1087 756 1270 829 γενεάς.
1344 762 1540 821 Αἵτινες
1581 759 1814 827 ἑξήκοντα
1853 758 1935 813 διά
1970 759 2058 828 τὴν
2099 763 2362 828 συντομίαν

431 844 748 914 ἠρίθμηνται.
823 845 925 897 Καὶ
966 842 1059 914 γάρ
1101 846 1153 897 ἐν
1178 851 1238 918 τῇ
1268 845 1432 917 ἐρήμῳ
1468 844 1899 913 ἑβδομηκονταδύο
1942 846 2169 913 στελέχων
2199 867 2359 912 φοινι-

435 935 539 983 κῶν
578 926 929 999 ὑπαρχόντων,
980 928 1320 997 ἑβδομήκοντα
1350 928 1383 997 ἡ
1419 929 1586 1000 γραφὴ
1621 929 1859 998 ὠνόμασε.
1937 932 2036 983 Καὶ
2066 932 2134 993 εἷς
2163 929 2216 984 τὸ
2246 929 2362 1001 ὅρος

433 1015 869 1085 προςκεκλημένων
908 1014 1274 1083 ἑβδομήκοντα,
1330 1014 1671 1083 ἑβδομήκοντα
1710 1015 1800 1069 δύο
1833 1012 2139 1086 εὑρίσκονται
2174 1013 2266 1069 σῦν
2292 1021 2361 1088 τῷ

433 1098 594 1164 Ἐλοὶδ,
632 1101 718 1154 καὶ
744 1098 960 1153 Μωδάδ.
1038 1102 1139 1153 Καὶ
1168 1099 1509 1168 ἑβδομήκοντα
1538 1099 1628 1154 δύο
1655 1101 2088 1172 4ἑρμηνεύσαντας
2114 1102 2194 1155 ἐπὶ
2231 1106 2364 1154 Πτο-

433 1188 660 1252 λεμαίου,
714 1185 794 1239 διά
822 1186 875 1238 δὲ
899 1184 987 1253 τὴν
1019 1189 1286 1253 συντομίαν
1317 1186 1566 1254 εἰώθαμεν
1593 1187 1745 1256 λέγειν
1778 1193 1877 1240 τῶν
1907 1186 2243 1255 ἑβδομήκοντα
2273 1184 2364 1254 τὴν

437 1271 707 1341 ἑρμηνείαν.
788 1269 933 1324 Οὕτω
957 1272 1041 1323 καὶ
1068 1277 1159 1323 νῦν
1184 1270 1420 1338 ἑξήκοντα
1448 1274 1735 1339 βασίλισσαι,
1776 1269 1929 1339 οἶμαι,
1968 1274 2200 1342 εἴρηνται,
2239 1274 2364 1336 ἐξαι-

437 1358 685 1428 ρουμένου
714 1361 803 1410 τοῦ
831 1377 881 1409 τε
914 1354 1113 1409 ἄνωθεν
1144 1355 1370 1427 ἀριθμοῦ
1399 1359 1483 1410 καὶ
1511 1362 1600 1410 τοῦ
1625 1357 1855 1410 κάτωθεν
1882 1355 1965 1410 διοὶ
1994 1356 2048 1411 τὸ
2078 1361 2365 1425 μεσαίτατον

439 1447 539 1495 τῶν
567 1442 800 1510 ἑξήκοντα
830 1440 958 1511 πρὸς
983 1440 1175 1503 τύπους
1200 1443 1284 1494 καὶ
1311 1440 1574 1513 ἀναγωγήν
1597 1448 1686 1511 τῆς
1715 1446 1893 1505 τελείας
1917 1446 2157 1513 θεωρίας·
2196 1440 2365 1511 ἐπειδὴ

436 1526 529 1599 γάρ
553 1526 615 1595 δι’
638 1531 693 1590 ἓξ
719 1526 942 1580 δεκάδων
969 1525 1058 1594 τὴν
1082 1532 1170 1594 τῆς
1197 1529 1466 1598 ἑξαημέρου
1496 1534 1812 1599 πληροῦσθαι
1836 1531 2068 1599 περίοδον
2094 1532 2365 1597 συμβαίνει,

441 1620 464 1650 ⁵
483 1615 552 1675 εἰς
592 1613 647 1666 τὸ
678 1613 1015 1666 συνάπτεσθαι
1052 1611 1153 1666 ἆπό
1189 1611 1397 1680 ἑκάστης
1427 1620 1592 1684 γενεᾶς
1629 1611 1780 1667 ὁσίων
1811 1620 1984 1683 ψυχῶν
2014 1617 2067 1668 ἐν
2094 1619 2200 1687 θεῷ
2228 1617 2366 1683 βασι-

436 1704 686 1752 λευουσῶν
713 1697 839 1752 κατά
863 1698 953 1768 τὴν
982 1702 1156 1751 πίστιν.
1217 1697 1409 1752 ’Ένθεν
1439 1697 1532 1769 γάρ
1573 1700 1656 1752 καὶ
1693 1702 1749 1763 ἓξ
1777 1696 1944 1771 ύδρίαι
1981 1697 2285 1771 εὑρίσκονται
2315 1701 2368 1753 έν

440 1789 584 1857 Κανᾷ
616 1790 704 1852 τῆς
735 1788 991 1847 Γαλιλαίας
1016 1787 1230 1850 λίθιναι,
1270 1787 1450 1848 αἵτινες
1474 1788 1704 1852 λείψασαι
1730 1783 1877 1839 πάλιν
1915 1787 2241 1856 ἐπληροῦντο,
2278 1807 2367 1854 χω-

439 1869 653 1940 ρήσασαι
680 1872 732 1924 ἐν
758 1868 931 1933 αὐταῖς
954 1868 1050 1923 ἀνά
1078 1869 1316 1939 μετρητάς
1345 1869 1437 1924 δύο
1466 1869 1501 1938 ἢ
1523 1878 1666 1941 τρεῖς,
1704 1872 1817 1940 περὶ
1842 1877 1931 1925 τοῦ
1957 1872 2136 1942 μέτρου
2162 1877 2249 1939 τῆς
2276 1893 2369 1923 πα-

439 1961 580 2017 λαιᾶς
602 1957 686 2009 καὶ
708 1957 822 2018 νέας
846 1955 1095 2024 διαθήκης
1120 1957 1204 2008 καὶ
1229 1954 1432 2026 τριάδος
1453 1961 1543 2010 τοῦ
1567 1954 1916 2025 πληρώματος·
1957 1959 2131 2019 αἵτινες
2157 1954 2258 2010 ἀπὸ
2279 1961 2369 2010 τοῦ

439 2040 621 2104 ῦδατος
653 2043 722 2103 εἷς
752 2039 891 2095 οἶνον
921 2040 1137 2113 ἄκρατον
1175 2044 1578 2110 μεταβέβληνται,
1630 2048 1968 2111 πληρωθεῖσαι
1999 2045 2069 2103 εἷς
2098 2039 2370 2111 εύφρασίαν

439 2119 612 2197 γάμων
639 2129 724 2181 καὶ
751 2130 875 2180 υἱῶν
900 2133 998 2180 τῶν
1026 2125 1324 2198 ἀνθρώπων.
1381 2125 1571 2180 ’Ένθεν
1600 2125 1694 2197 γάρ
1722 2126 1776 2180 vd
1808 2129 2125 2197 ἑξαγωνιαῖον
2154 2133 2371 2194 καλεῖται

439 2211 576 2282 παρά
609 2220 715 2275 τοῖς
747 2215 932 2276 ἔξωθεν
965 2211 1127 2283 λόγοις
1168 2211 1250 2265 διά
1279 2211 1476 2283 τριάδος
1496 2214 1579 2265 καὶ
1605 2211 1881 2280 ἑβδομάδος
1906 2215 1974 2276 εἷς
2001 2214 2239 2266 εἶκοσιένα
2265 2212 2370 2283 ἄρι-

441 2297 576 2367 θμόν
611 2297 1061 2368 γεωμετρούμενον,
1110 2291 1170 2351 οῦ
1208 2299 1528 2368 ἑξαγωνιαίου
1565 2302 1781 2365 σημασία
1819 2301 1919 2352 ἐστὶ
1954 2296 2247 2366 πληρώσεως
2281 2303 2372 2351 τοῦ

441 2383 628 2445 παντός
655 2382 909 2453 ὁρωμένου
936 2382 1143 2448 κύτους,
1183 2381 1266 2436 διά
1293 2381 1347 2436 τὸ
1374 2389 1577 2453 τετραχῆ
1601 2385 1750 2451 ἔχειν,
1797 2382 1864 2446 ῶς
1892 2386 2070 2449 εἰπεῖν,
2120 2382 2176 2437 τὸ
2208 2404 2372 2452 τετρα-

441 2466 647 2538 γώνιον,
701 2467 1006 2540 ύποβάθραν
1031 2490 1081 2521 τε
1114 2470 1197 2521 καὶ
1230 2466 1320 2537 τήν
1350 2466 1549 2521 ἄνωθεν
1575 2474 1662 2537 τῆς
1691 2466 1991 2541 ὅροφῶσεως
2017 2470 2203 2538 σκέπην
2232 2470 2373 2524 ’ἕκτον

443 2551 663 2625 ἆριθμὸν
697 2561 859 2607 τελεῖν.

581 2722 709 2777 Ἀλλ’
733 2726 814 2777 ’ἵνα
853 2722 921 2792 μὴ
959 2727 1028 2786 εἶς
1066 2724 1247 2787 πλάτος
1287 2723 1489 2793 μηκύνω
1518 2724 1799 2796 τὸνλόγον,
1848 2723 1995 2778 πάλιν
2033 2727 2216 2787 ἱκανῶς
2252 2726 2375 2793 ἔχειν

442 2814 622 2879 νομίζω
654 2811 766 2880 περὶ
797 2813 896 2862 τῶν
922 2809 1155 2878 ἑξήκοντα
1181 2814 1475 2878 βασιλισσῶν
1502 2813 1596 2874 ἕως
1621 2818 1708 2879 τῆς
1733 2816 1822 2864 τοῦ
1856 2815 2075 2881 Χριστοῦ
2103 2814 2375 2879 παρουσίας

440 2902 621 2967 γενεῶν
662 2895 1046 2966 ἆριθμηθεισῶν
1081 2896 1141 2949 τοὶ
1182 2899 1434 2967 εἰρημένα·
1485 2896 1605 2965 μετά
1642 2898 1695 2950 δὲ
1737 2894 1826 2950 τόν
1854 2895 2070 2967 Χριστόν
2116 2897 2200 2949 καὶ
2227 2899 2373 2966 δεῦρο

444 2987 787 3050 τυγχανουσῶν
822 2979 998 3034 λοιπόν
1036 2988 1214 3050 γενεῶν
1256 2981 1432 3045 καθώς
1472 2982 1608 3055 αὐτῷ
1638 2989 1706 3055 τῷ
1732 2985 1888 3055 κυρίῳ
1922 2989 1938 3017 ¹
1957 2979 2092 3054 μόνω
2123 2983 2371 3051 ἔγνωσται.

451 3068 632 3121 Οὐκέτι
657 3066 750 3138 γάρ
777 3065 902 3121 κατά
927 3065 1096 3137 γενεάν
1122 3071 1173 3121 οἱ
1197 3067 1409 3138 ἀριθμοὶ
1436 3068 1569 3139 παρά
1599 3087 1724 3122 τισιν
1752 3065 2120 3136 οἷνηνέχθησαν,
2170 3064 2205 3133 ἢ
2234 3086 2370 3119 κατε-

444 3154 715 3221 τάχθησαν,
746 3151 828 3206 διά
857 3151 911 3206 τό
939 3155 1327 3223 ἒπισφραγίσθαι
1352 3152 1436 3207 τὸν
1460 3151 1678 3225 ἆριθμὸν
1701 3160 1788 3222 τῆς
1814 3149 2041 3218 τοιαύτης
2064 3148 2372 3217 ὑποθέσεως,

445 3241 530 3292 καὶ
572 3239 953 3292 ἀποκεκλεῖσθαι
994 3237 1078 3291 διά
1111 3245 1199 3292 τοῦ
1240 3245 1339 3292 τῶν
1377 3243 1671 3308 βασιλισσῶν
1714 3238 1934 3309 ἀριθμοῦ
1976 3238 2068 3297 ἕως
2105 3237 2259 3289 αὐτοῦ
2288 3243 2374 3305 τῆς

447 3323 691 3396 ἒνσάρκου
721 3328 995 3394 παρουσίας
1021 3322 1379 3392 ἠριθμημένον,
1455 3325 1656 3379 Λοιπὸν
1681 3323 1772 3394 γάρ
1806 3326 1858 3376 οἱ
1883 3322 2134 3389 μετέπειτα
2165 3339 2371 3392 συγγρα-

448 3417 584 3476 φεῖς,
622 3408 656 3477 ἢ
682 3410 998 3480 λογογράφοι,
1037 3409 1070 3477 ἢ
1098 3409 1443 3480 χρονογράφοι,
1483 3409 1517 3478 ἢ
1549 3406 1978 3479 Ἒῖστοριογράφοι,
2019 3405 2183 3459 οὐκέτι
2208 3406 2375 3477 γενεάς

447 3496 775 3565 ἀριθμοῦσιν,
828 3494 926 3548 ἀλλ’
952 3494 984 3563 ἢ
1016 3497 1255 3562 βασιλέων
1291 3493 1379 3558 τάς
1408 3494 1639 3563 διαδοχάς
1667 3495 1749 3546 καὶ
1777 3490 1986 3562 χρόνους
2014 3490 2140 3543 κατά
2170 3490 2254 3546 τόν
2279 3498 2374 3547 τῶν

448 3582 569 3633 ἐτῶν
595 3580 816 3651 ἀριθμόν
844 3582 1051 3634 ἑκάστου
1078 3582 1325 3648 βασιλέως,
1385 3579 1524 3643 ”Ώςτ’
1555 3579 1821 3643 ἐξάπαντος
1853 3570 1909 3629 εὖ
1947 3575 2074 3643 μάλα
2117 3575 2204 3630 τόν
2233 3595 2371 3631 συνε-

505 3719 542 3761 4.
589 3722 926 3778 ἑρμηνεύσαντας
963 3728 1073 3766 codd.
1106 3729 1181 3766 len.
1220 3727 1383 3775 Rhediy.
1436 3727 1604 3775 princip.
1649 3718 1980 3776 ἓρμηνεύσαντες
2001 3725 2216 3772 suspicatus
2231 3725 2373 3763 estPe-

450 3781 579 3821 Paris.
652 3779 979 3834 ἓρμηνεύσανται
1022 3786 1160 3823 vitium
1200 3787 1253 3821 esi
1294 3784 1382 3823 edit.
1439 3784 1590 3831 tavius,
1619 3793 1695 3819 non
1720 3780 1855 3819 videns
1879 3782 2145 3820 accusativum
2172 3776 2373 3837 ἑρμηνεύ-
