2508 4134
534 333 760 377 PANARII
791 333 984 373 LIB.lIl.
1016 332 1152 372 TOM.
1173 335 1222 374 ll.
1253 332 1415 373 HAER.
1436 333 1670 372 LXXVm.
1947 322 2048 370 415

155 433 277 501 quod
302 430 460 484 Marci
493 449 550 482 ac
577 429 774 482 loannis
806 430 1056 498 evangelia
1087 430 1349 481 declarant.
1426 428 1618 481 Primus
1651 447 1714 480 ex
1742 427 1871 479 omni
1900 427 2047 494 stirpe

154 525 294 567 natus
318 517 385 567 illi
416 514 539 566 filius
570 523 644 565 est
676 512 903 575 lacobuS,
964 522 1285 581 cognomento
1322 515 1479 562 Oblz'as
1520 514 1665 579 (quod
1700 530 1915 572 murum,
1972 512 2049 561 vel

154 599 398 650 castellum
428 597 734 666 interpretari
763 597 923 663 licet),
978 596 1056 663 qui
1085 604 1132 646 et
1160 594 1320 646 {ustus
1349 596 1613 663 appellatus
1654 606 1757 659 est,
1811 604 1860 647 et
1885 593 2052 646 Naza-

153 699 297 733 raeus
326 683 441 745 fuit,
496 683 620 749 quod
666 680 948 732 vocabulum
987 677 1217 730 Sanctum
1255 679 1511 746 significat.
1591 677 1720 729 Idem
1761 680 1840 729 ille
1871 681 2050 748 primus

156 765 474 833 episcopalem
513 765 784 815 cathedram
826 763 979 831 cepit,
1036 781 1140 813 cum
1180 763 1222 812 ci
1264 770 1374 812 ante
1415 770 1606 813 ceteros
1639 781 1805 813 omncs
1839 763 2051 814 suumin

153 848 310 899 terris
340 848 560 899 thronum
591 848 811 899 dominus
850 847 1143 914 tradidisset.
1225 843 1319 911 Qui
1359 846 1545 912 quidem
1588 850 1761 895 domini
1780 849 1945 913 frater·
1978 856 2052 896 est

154 933 300 1000 vulgo
343 932 634 983 nominatus.
712 929 899 998 Quibus
932 931 1152 981 omnibus
1194 929 1512 997 adstipulatur
1550 930 1791 997 apostolus
1832 931 1902 981 his
1942 948 2050 982 ver-

151 1015 255 1080 bis,
307 1019 471 1066 Alz‘um
506 1025 656 1065 autem
694 1035 754 1065 ea·
788 1017 1009 1080 apostolis
1045 1017 1143 1063 vz'dz‘
1175 1017 1422 1072 neminem,
1477 1017 1573 1062 nisi
1605 1016 1818 1063 Iacobum
1849 1017 2045 1080 fratrem
2071 1025 2155 1061 Gal.
2179 1027 2278 1067 ists.

150 1103 326 1149 domini
359 1108 454 1150 etc.
533 1097 714 1150 Verum
752 1098 927 1149 domini
964 1098 1041 1148 ille
1083 1099 1234 1148 frater
1268 1098 1326 1148 oh
1356 1115 1655 1148 communem
1697 1099 2048 1163 educationem,

153 1200 249 1233 non
283 1191 482 1245 natura,
536 1183 620 1234 sed
648 1182 802 1251 gratia
838 1191 1054 1234 vocatur.
1130 1180 1256 1232 Nam
1292 1180 1452 1232 Maria
1484 1199 1590 1232 cum
1619 1179 1823 1250 losepho
1854 1183 2053 1233 coniun-

156 1275 233 1317 cta
262 1266 353 1318 viri
383 1284 509 1317 uxor
535 1284 644 1317 esse
672 1266 948 1329 videbatur,
989 1283 1094 1316 cum
1124 1265 1303 1316 nullum
1326 1265 1454 1315 inter
1482 1265 1614 1333 ipsos
1640 1283 1895 1334 corporum
1924 1284 2052 1316 com-

157 1350 385 1401 mercium
434 1351 713 1402 interesset.
801 1348 882 1400 Ex
924 1367 1016 1418 quo
1063 1349 1142 1399 illa
1187 1347 1376 1416 Iosephi
1417 1350 1618 1400 tiliorum
1660 1367 1766 1399 cum
1811 1350 2051 1400 salvatore

160 1433 529 1503 propinquitatis
565 1434 765 1484 affinitas
799 1443 875 1484 est
906 1441 1042 1495 nata,
1098 1450 1220 1501 quae
1266 1435 1526 1483 fraternam
1559 1432 1925 1502 appellationem
1969 1434 2053 1483 ob-

158 1518 364 1582 tineret,
407 1518 481 1568 vel
515 1535 570 1568 ea
602 1518 760 1585 potius
790 1516 1146 1568 necessitudine
1180 1526 1482 1568 censeretur.
1562 1515 1628 1568 Ut
1659 1518 1782 1567 enim
1818 1515 2050 1586 loseplius

151 1601 286 1669 ipse,
340 1602 454 1652 licet
486 1601 601 1651 nihil
644 1602 841 1652 haberet
885 1619 991 1652 cum
1031 1601 1288 1652 salvatoris
1332 1602 1594 1651 secundum
1640 1619 1831 1653 carnem
1866 1603 2052 1670 origine

152 1702 432 1749 commune,
474 1695 606 1737 certa
643 1695 799 1736 tamen
829 1686 1162 1753 providentiae
1194 1685 1380 1736 ratione
1411 1686 1516 1735 loco
1550 1687 1696 1754 patris
1727 1694 1800 1736 est
1830 1686 2049 1750 habitus;

151 1770 546 1837 quemadmodum
593 1767 754 1820 Lucas
807 1769 1103 1837 evangelista
1149 1771 1204 1819 de
1240 1770 1483 1820 salvatore
1531 1770 1632 1837 ipso
1676 1778 1907 1834 testatur,
1964 1774 2283 1834 Quz’L11c.3,23.

150 1863 277 1913 erat,
334 1853 514 1921 inquit,
553 1855 726 1918 filius,
783 1863 837 1902 ut
860 1855 1158 1914 credebatur,
1214 1857 1393 1918 Ioseph.
1476 1851 1572 1905 Sed
1605 1862 1653 1903 et
1678 1851 1835 1904 Maria
1863 1855 1966 1923 ipsa
1998 1856 2046 1906 il*

149 1937 243 1988 lum
288 1937 536 2005 alloquens
575 1937 621 1987 in
661 1938 913 2005 evangelio
947 1935 1112 1988 Lucae
1150 1939 1274 1988 idem
1316 1938 1521 2001 asserit,
1574 1941 1697 1987 Ecce
1732 1956 1818 2003 ego
1847 1949 1893 1988 et
1910 1949 2050 2004 pater
2083 1953 2137 1989 ιι».
2159 1954 2193 1999 2,
2216 1956 2268 1989 46.

153 2030 260 2070 tuas
294 2024 499 2071 dolentes
536 2023 867 2086 quaerebamus
900 2032 958 2070 te.
1040 2019 1162 2087 Quis
1195 2022 1341 2090 igitur
1371 2020 1625 2090 Iosephum
1660 2023 1836 2072 domini
1868 2032 2048 2091 patrem

153 2105 326 2155 audeat
353 2104 544 2169 dicere,
599 2124 693 2173 quo
720 2123 825 2156 cum
861 2106 1036 2156 nullam
1065 2106 1314 2174 principii,
1368 2114 1447 2156 aut
1477 2122 1680 2157 caussae
1705 2107 1942 2157 rationem
1971 2108 2053 2158 ha—

149 2188 322 2253 bebat,
373 2207 479 2240 cum
508 2190 777 2240 incarnatio
807 2190 910 2259 ipsa
939 2190 1044 2240 sine
1076 2190 1202 2241 virili
1234 2190 1419 2240 semine
1448 2191 1662 2258 perfecta
1695 2190 2051 2243 administrata-

154 2290 246 2340 que
280 2273 458 2324 fuerit?
532 2271 629 2325 Sed
649 2313 661 2336 ‚
718 2276 842 2342 quod
871 2274 1201 2342 providentiae
1228 2274 1353 2325 ratio
1382 2275 1679 2342 postulabat,
1721 2292 1777 2325 ca
1807 2276 1951 2327 rebus
1979 2286 2053 2327 est

150 2373 258 2408 sors
297 2367 439 2424 atque
478 2358 687 2408 conditio
727 2359 921 2409 tributa.

289 2439 459 2490 Redeo
487 2442 544 2490 ad
578 2439 800 2493 Iacobum
829 2444 986 2506 illum,
1029 2459 1166 2511 quem
1196 2440 1428 2511 Iosephus
1456 2461 1609 2494 annos
1643 2444 1745 2512 plus
1776 2445 1931 2496 minus
1965 2464 2049 2497 na-
2081 2457 2305 2512 Cap.th1.

152 2532 228 2574 tus
252 2521 349 2573 XL
375 2524 558 2591 genuit.
634 2524 754 2577 Post
793 2527 916 2578 hunc
942 2528 1062 2578 alius
1096 2527 1140 2577 ei
1169 2527 1292 2578 lilius
1334 2527 1578 2591 nascitur,
1631 2529 1705 2578 cui
1736 2526 1844 2580 lose
1876 2548 2052 2582 nomen

154 2607 259 2657 fuit.
337 2608 449 2658 lnde
481 2606 695 2677 Symeon
734 2627 789 2660 ac
819 2609 990 2675 ludas,
1046 2612 1169 2662 tiliae
1207 2629 1322 2663 vero
1364 2613 1514 2674 duae,
1572 2609 1730 2662 Maria
1757 2622 1805 2662 et
1834 2611 2046 2666 Salome.

154 2689 282 2741 Tum
325 2701 510 2742 mortua
555 2711 710 2743 uxore
749 2696 908 2745 multis
944 2706 1051 2764 post,
1089 2697 1226 2746 annis
1263 2697 1434 2747 viduus
1473 2694 1679 2747 Mariam
1723 2698 1888 2760 duxit,
1943 2718 2047 2750 cum

151 2775 528 2842 octogesimum,
581 2786 722 2844 atque
771 2795 828 2828 eo
872 2779 1072 2847 amplius
1114 2797 1290 2830 annum
1331 2781 1590 2848 attigisset.
1678 2778 1918 2846 Mariam,
1976 2783 2050 2833 in-

150 2877 318 2928 quam,
358 2861 404 2910 id
431 2861 604 2910 aetatis
632 2862 832 2928 accepit,
876 2872 925 2912 ut
951 2864 1251 2931 evangelium
1281 2874 1464 2915 narrat.
1543 2869 1654 2915 Cum
1681 2876 1827 2925 esset,
1870 2866 2042 2933 inquit,
2106 2884 2245 2933 Manu.

152 2947 427 3008 desponsata
467 2949 640 2994 Maria.
731 2944 844 2995 Non
892 2946 1033 3010 dicit,
1089 2945 1211 2998 Cum
1257 2949 1519 3016 nupsisset.
1613 2948 1741 2999 {dem
1785 2950 1876 2999 alio
1916 2950 2044 3014 loco,
2128 2929 2159 2969 ¹³
2189 2929 2234 2962 ἰδ’

150 3030 257 3077 Non
293 3033 511 3093 cognovit
545 3032 689 3078 illam.
771 3027 911 3080 Subit
953 3048 1070 3081 vero
1108 3032 1214 3083 illos
1256 3050 1424 3083 omnes
1457 3034 1712 3098 admirari,
1767 3034 1845 3101 qui
1875 3051 2047 3100 pravas

153 3113 379 3179 quasdam
409 3113 691 3163 occasiones
723 3130 780 3163 ac
807 3115 994 3182 species
1022 3125 1268 3182 captantes
1310 3134 1476 3167 eorum
1509 3135 1630 3185 quae
1672 3117 1787 3167 nihil
1818 3118 1943 3168 scire
1977 3128 2049 3168 at-

151 3195 272 3247 tinet
302 3214 498 3247 caussas
541 3197 863 3264 investigant,
921 3216 976 3247 ac
1007 3216 1127 3266 quae
1159 3201 1351 3251 minime
1386 3203 1726 3267 perscrutanda
1754 3211 1865 3251 sunt
1893 3202 2048 3269 inqui-

151 3289 292 3344 runt,
348 3290 395 3330 ct
421 3299 445 3329 a
472 3282 761 3332 necessariis
793 3283 938 3332 rebus
971 3284 1025 3332 ad
1055 3283 1225 3334 stultas
1251 3283 1563 3350 'quaestiones
1594 3302 1703 3335 sese
1737 3295 2044 3351 convertunt,

155 3371 205 3414 ut
231 3381 295 3414 ex
323 3382 377 3415 ea
408 3383 527 3433 quae
557 3366 736 3416 sanctis
764 3366 1024 3434 imponitur
1050 3366 1311 3434 ignominia
1339 3369 1633 3418 infidelitatis
1666 3385 1729 3418 ex
1757 3369 1885 3418 omni
1914 3379 2046 3438 parte

153 3463 209 3498 ac
240 3448 565 3517 blasphemiae
595 3451 853 3518 perniciem
893 3460 1033 3518 atque
1072 3450 1273 3501 exitium
1314 3452 1591 3519 importent.
1670 3451 1913 3518 Quocirca
1954 3454 2048 3521 pri-

152 3548 277 3582 mum
322 3533 429 3583 illos
467 3537 535 3583 rci
580 3534 734 3585 series
785 3543 923 3602 atque
974 3536 1091 3585 ordo
1139 3536 1241 3602 ipse
1288 3536 1548 3586 convincit.
1641 3534 1780 3602 Quod
1831 3538 2047 3606 inprimis

153 3642 196 3682 id
237 3644 506 3684 admiratione
556 3645 720 3699 dignum
765 3655 828 3686 est
869 3646 1075 3700 quomodo
1131 3654 1228 3686 runt
1253 3661 1353 3700 quae
1374 3647 1611 3708 inquirenda
1638 3661 1721 3687 non
1749 3656 1842 3688 sunt
1864 3654 1946 3690 cett.
1974 3651 2048 3689 Pe-

155 3713 303 3752 pravae
334 3709 548 3754 captantur
577 3703 834 3752 occasiones,
878 3703 1068 3757 quodque
1126 3703 1255 3742 tavius
1281 3702 1405 3742 suasit
1432 3700 1492 3751 οἷς
1513 3718 1555 3746 αι
1583 3718 1700 3757 ποοφ.
1735 3706 1772 3747 2⁴)-
1801 3706 1839 3747 Οἱ
1865 3706 2047 3760 ποθηροι,

157 3769 296 3796 eorum
317 3770 474 3795 caussas
495 3766 724 3798 scrutantur
744 3758 941 3808 homines,
974 3773 1074 3812 quo·
1133 3758 1204 3800 καὶ
1235 3762 1319 3800 κτλ.

155 3824 243 3851 rum
280 3813 411 3852 nullus
447 3821 507 3852 est
548 3828 666 3862 usus,
709 3823 749 3853 et
786 3815 827 3853 in
859 3829 905 3855 eu
935 3816 1070 3869 inqui-
