2508 4134
490 259 566 312 *98
1208 267 1413 311 εΑΝοΤῙ
1442 268 1728 312 BPIPHANH

499 367 630 420 ἐστὶν
673 365 855 419 ἑαυτοῦ
891 365 1009 417 υἱοῦ
1047 362 1237 434 πατὴρ,
1290 367 1375 419 καὶ
1405 362 1442 421 ἁ
1462 364 1572 429 υἱὸς
1610 364 1785 434 ὅμοιός
1820 367 1920 419 ἐστι
1954 371 2046 419 τοῦ
2075 366 2262 438 πατρός
2291 370 2343 433 ἐξ
2369 362 2433 424 οῦ

497 448 684 522 πατρὸς
724 455 907 503 νοεῖται
955 448 1093 515 υἷὸς,
1149 455 1296 503 τοῦτο
1339 447 1481 519 ἡμῶν
1534 458 1552 488 1
1577 450 2078 522 προςδιοριζομένων,
2141 454 2225 506 καὶ
2270 452 2433 516 οὕτως

503 541 529 573 ²
545 532 892 604 καθαιρόντων
917 532 1003 588 τὸν
1037 540 1182 601 νοῦν,
1236 532 1303 597 ω”ς
1329 533 1457 605 πρὸς
1478 534 1595 597 τούς
1622 537 1920 602 Σαβελλίους
1948 536 2033 587 καὶ
2061 535 2181 600 τούς
2206 537 2430 615 λοιπούς,

495 619 571 674 ὅτι
598 618 711 674 οὔτε
744 616 774 674 ό
795 618 907 682 υἷὸς
933 617 1140 673 δύναται
1165 616 1289 673 εἶναι
1314 619 1495 691 πατὴρ,
1535 618 1647 673 οὔτε
1675 617 1705 673 ό
1733 617 1895 688 πατὴρ
1922 618 2126 674 δύναται
2152 618 2279 677 εἶναι
2300 621 2430 687 vide,

495 703 592 759 ἄλλ’
626 702 655 759 ὅ
678 703 791 767 υἷὸς
816 702 956 770 υἱός,
992 706 1078 758 καὶ
1105 702 1135 758 ὅ
1161 702 1322 775 πατὴρ
1350 702 1541 776 πατὴρ,
1577 706 1662 758 καὶ
1690 703 1777 774 οὐχ
1807 704 1928 767 υἱός.
2001 702 2085 759 Ἐν
2111 705 2310 770 τούτοις
2333 704 2429 779 γάρ

495 793 624 845 ἐστιν
663 787 699 858 ἦ
724 788 951 861 άκρίβεια
975 796 1064 858 τῆς
1098 796 1197 844 τῶν
1224 790 1509 861 προςεόπων
1537 790 1867 860 ἐπιγνώσεως,
1918 796 1988 863 τῷ
2009 789 2096 845 τόν
2120 793 2309 863 πατέρα
2337 814 2430 847 πα-

492 876 607 947 τέρα
635 873 713 929 άεὶ
739 874 859 930 ὅντα
883 873 1103 946 ἅσαρκον
1127 875 1213 944 μὲν
1234 873 1360 929 εἶναι
1383 877 1469 928 καὶ
1496 874 1784 941 ἀθάνατον,
1834 873 1920 929 τόν
1953 875 2005 929 δὲ
2034 874 2147 930 υἱόν
2174 875 2287 931 υἱόν
2310 875 2430 933 ὅντα

492 959 597 1027 άεὶ,
645 963 732 1016 καὶ
759 959 997 1016 ούδέποτε
1021 959 1144 1016 ὅντα
1171 962 1359 1032 πατέρα
1391 957 1489 1031 (άεὶ
1516 960 1570 1013 δὲ
1605 959 1883 1030 ξ”λ.εγόντων
1908 959 1993 1014 διά
2022 960 2076 1015 τό
2103 959 2317 1032 ἄχρονον
2343 965 2429 1019 καὶ

491 1046 840 1116 ἀκατάληπτον
877 1053 964 1115 τῆς
990 1044 1322 1110 ὑποστάσεως)
1365 1044 1524 1116 σάρκα
1565 1042 1878 1114 ἀνειληφέναι
1916 1044 2040 1099 κατά
2073 1046 2310 1116 βούλησιν
2337 1054 2430 1103 τοῦ

492 1130 708 1205 πατρὸς,
745 1133 831 1186 καὶ
849 1130 1075 1186 θάνατον
1097 1129 1222 1200 ὑπὲρ
1245 1128 1387 1199 ἡμῶν
1414 1127 1702 1198 ὑποστῆναι.
1783 1130 1986 1184 Τούτων
2013 1135 2429 1204 διευκρινημένων

491 1222 544 1273 οἱ
583 1219 896 1287 θαυμαστοὶ,
946 1220 996 1272 οἰ
1027 1223 1088 1290 τῇ
1141 1217 1323 1287 αἱρέσει
1371 1222 1761 1284 συμμαχοῦντες,
1819 1214 1912 1269 δύο
1955 1218 2428 1288 πραγματεύσασθαι

490 1305 822 1369 σπεύδουσιν,
855 1306 912 1356 ἓν
941 1302 1055 1371 μὲν,
1105 1299 1160 1356 τό
1190 1302 1360 1370 μηκέτι
1388 1303 1543 1372 λέγειν
1571 1302 1759 1371 πατέρα
1785 1301 1872 1353 καὶ
1903 1299 2038 1366 υἷὸν,
2076 1301 2192 1356 ἄλλα
2225 1303 2425 1374 ἀγέννη-

489 1412 574 1445 τον
595 1392 679 1444 καὶ
712 1387 970 1461 γεννητόν,
1007 1389 1095 1441 καὶ
1122 1385 1205 1440 διά
1232 1393 1377 1441 τοῦτο
1405 1385 1627 1454 σόφισμα
1654 1391 1742 1454 τῆς
1769 1386 2000 1456 αἱρέσεως
2030 1385 2248 1455 οἰόμενοι
2274 1391 2427 1454 ἔπεις-

489 1475 626 1547 άγειν
664 1482 725 1549 τῇ
766 1477 1009 1546 ἐκκλησίᾳ.
1083 1476 1323 1526 Συνίσασι
1351 1470 1445 1543 γάρ
1483 1474 1537 1525 οἷ
1560 1472 1711 1538 σοφοὶ
1738 1469 1799 1524 τά
1830 1477 1919 1524 τοῦ
1948 1477 2077 1525 θεοῦ
2104 1472 2180 1527 ὅτι
2205 1473 2260 1528 τό
2284 1471 2425 1545 άγέν-

487 1583 638 1630 νητον
677 1563 875 1615 ἔλαττον
908 1556 1034 1612 εἶναι
1061 1564 1149 1612 τοῦ
1175 1556 1364 1629 πατρὸς
1394 1555 1651 1625 ὀνόματος.
1733 1554 1798 1609 Τὸ
1831 1554 1924 1628 γάρ
1955 1555 2223 1628 ἀγέννητον
2249 1558 2326 1625 ὅτι
2353 1558 2425 1615 46

489 1648 578 1715 μὲν
606 1644 700 1701 ούκ
726 1644 971 1717 ἐγεννήθη
998 1643 1243 1712 νενόηται,
1281 1643 1483 1697 οὐδέπω
1510 1643 1562 1696 δὲ
1587 1645 1632 1696 εἰ
1655 1643 1739 1695 καὶ
1765 1642 1929 1715 πατήρ
1956 1645 2056 1697 ἐστι
2082 1649 2330 1713 σημαίνει·
2366 1645 2421 1700 τό

487 1733 542 1787 δὲ
575 1730 740 1804 πατὴρ
780 1733 929 1786 πλέον
971 1731 1072 1784 ἐστὶ
1108 1735 1198 1784 τοῦ
1238 1727 1507 1799 άγεννήτου
1546 1726 1789 1796 ὀνόματος
1829 1726 1902 1781 ὅν.
1984 1726 2067 1782 Ἑν
2097 1731 2187 1799 μὲν
2226 1729 2318 1802 γάρ
2355 1738 2424 1805 τῷ

486 1815 765 1892 άγεννήτῳ,
819 1818 978 1885 φημὶ,
1030 1814 1126 1869 οὐκ
1170 1817 1456 1884 ἐμφαίνεται
1498 1811 1530 1882 ἦ
1566 1819 1656 1868 τοῦ
1684 1813 1872 1881 πατρὸς
1910 1812 2142 1882 δύναμις,
2193 1819 2246 1870 ἐν
2274 1817 2328 1871 δὲ
2353 1823 2421 1891 τῷ

483 1901 645 1974 πατὴρ
672 1901 879 1971 ὀνόματι
904 1900 1034 1970 ὁμοῦ
1058 1922 1107 1954 τε
1135 1904 1362 1968 φαίνεται
1380 1900 1456 1954 ὅτι
1480 1897 1574 1954 ούκ
1598 1900 1729 1953 ἔστιν
1750 1897 1861 1962 υἷός
1886 1896 1914 1953 ὁ
1939 1900 2117 1972 πατὴρ,
2148 1907 2173 1939 ⁶
2191 1905 2241 1956 εἷ’
2257 1923 2310 1973 γε
2335 1925 2422 1957 κυ-

484 1993 604 2060 ρίως
637 1997 819 2043 νοεῖται
848 1985 878 2042 ὁ
904 1985 1093 2058 πατὴρ,
1143 1988 1227 2040 καὶ
1263 1985 1336 2040 ὅτι
1373 1985 1531 2048 αἴτιός
1561 1987 1691 2039 ἐστιν
1719 1982 1898 2053 ὁμοίου
1923 1987 2106 2040 ἑαυτοῦ
2140 1989 2270 2042 υἱοῦ.
2329 1986 2422 2041 Ἓν

483 2075 573 2143 μὲν
599 2072 661 2143 δὴ
687 2079 847 2128 τοῦτο.
906 2073 1116 2144 ’Ἕτερον
1144 2072 1197 2125 δὲ
1214 2114 1228 2137 ,
1279 2070 1356 2125 ὅτι
1385 2070 1675 2139 φθάσαντες
1709 2068 1948 2139 άνόμοιον
1974 2070 2078 2124 κατ’
2103 2070 2278 2127 οὐσίαν
2302 2072 2418 2145 γρά·

483 2175 580 2228 ψαι
620 2158 707 2214 τόν
744 2159 858 2214 υἱὸν
894 2164 965 2232 τῷ
998 2158 1173 2229 πατρὶ,
1242 2163 1264 2194 ⁶
1285 2154 1543 2227 ὦςπεροῦν
1586 2155 1819 2225 ἐνόμισαν
1856 2161 2293 2225 καταψηφίζεσθαι
2327 2158 2420 2228 τὴν

484 2248 744 2314 ἐκκλησίαν
781 2243 845 2299 δι’
886 2238 954 2298 ὧν
1003 2242 1261 2313 ἐθήρασαν
1310 2241 1446 2313 παρὰ
1494 2248 1585 2296 τοῦ
1632 2244 1885 2310 αἰδεσίμου
1933 2242 2210 2297 ἐπισκόπου
2245 2241 2418 2299 Ὀσίου

483 2330 810 2403 γραμμάτων,
860 2332 912 2384 ἐν
938 2327 1015 2391 οἷς
1038 2331 1237 2399 φέρεται
1262 2326 1316 2381 τὸ
1347 2325 1586 2395 άνόμοιον
1616 2326 1804 2380 οὐσίαν.
1877 2325 2076 2395 Ἐπειδὴ
2104 2329 2157 2382 δὲ
2184 2326 2415 2384 άνελθόν-

480 2437 561 2479 τες
586 2418 637 2470 οἱ
658 2418 713 2470 ἐκ
735 2423 823 2484 τῆς
849 2413 1087 2483 άνατολῆς
1111 2415 1193 2467 ἐπὶ
1215 2411 1271 2467 τὸ
1299 2417 1511 2484 Σίρμιον
1538 2414 1962 2484 περισυνελέξαντο
1985 2415 2070 2466 καὶ
2094 2417 2418 2487 κακούργημα

481 2500 663 2557 τούτου
699 2507 787 2555 τοῦ
827 2503 1137 2572 αἱρετισμοῦ,
1188 2501 1272 2552 ἵνα
1316 2498 1383 2568 μὴ
1423 2497 1644 2561 εὐθύνας
1679 2496 1924 2567 ὑπέχωσιν
1966 2501 2047 2552 ἐπὶ
2081 2507 2187 2562 τοῖς
2221 2503 2293 2564 είς
2327 2499 2419 2570 τὴν

482 2586 780 2655 ἀνατολικὴν
814 2591 977 2640 πίστιν
1012 2584 1333 2654 τολμήσασιν,
1388 2583 1702 2638 ἐσπούδασαν
1734 2582 1790 2638 τό
1834 2591 1923 2653 τῆς
1964 2583 2135 2648 οὐσίας
2175 2584 2336 2655 ὄνομα
2364 2589 2417 2641 ἐν

481 2673 650 2745 χρήσει
687 2670 914 2744 ὑπάρχον
951 2679 1056 2734 τοῖς
1096 2669 1340 2741 πατράσιν
1378 2668 1459 2724 διά
1491 2668 1579 2733 τάς
1609 2672 1967 2743 προειρημένας
1996 2672 2182 2737 αἰτίας,
2235 2670 2418 2727 άνελεῖν

482 2765 571 2827 τῆς
609 2760 1011 2827 ἐκκλησιαστικῆς
1052 2760 1395 2822 διδασκαλίας,
1449 2758 1531 2810 ἵνα
1571 2758 1658 2810 καὶ
1705 2755 1830 2810 κατά
1858 2762 2003 2811 τοῦτο
2037 2755 2215 2820 δόξωσι
2239 2756 2414 2829 κρατύ-

482 2864 583 2898 νειν
619 2845 809 2899 ἑαυτῶν
844 2842 935 2912 τὴν
971 2845 1170 2914 αἵρεσιν.

255 3197 367 3253 Κεφ.
386 3197 450 3242 ιε’.
620 3183 891 3254 ’Τπέλαβον
929 3181 1023 3255 γάρ
1053 3182 1127 3237 ὅτι
1153 3186 1197 3236 εἰ
1217 3182 1271 3237 τὸ
1298 3190 1386 3252 τῆς
1414 3179 1586 3246 ούσίας
1614 3182 1772 3252 ὅνομα
1801 3185 2092 3252 ἐκβληθείη,
2142 3181 2267 3236 κατὰ
2293 3182 2412 3252 βού-

278 3263 362 3298 ‘mg'
383 3255 457 3291 ⁸⁶²⁰
480 3277 617 3338 λησιν
641 3270 796 3339 μόνον
820 3271 1057 3341 λέγοντες,
1094 3270 1178 3322 καὶ
1201 3267 1304 3322 κατ’
1332 3271 1576 3340 ἐνέργειαν
1599 3269 1775 3338 ὅμοιον
1800 3274 1867 3341 τῷ
1897 3270 2046 3338 πατρὶ
2071 3267 2157 3322 τόν
2182 3267 2312 3336 υἱόν,
2339 3271 2411 3333 ἐξ·

483 3359 658 3409 ουσίαν
696 3362 717 3393 1
735 3357 928 3420 ἕξουσιν
971 3352 1142 3417 ούσίας
1169 3352 1236 3423 μὴ
1263 3352 1624 3423 ὀνομαζομένης
1648 3351 1822 3407 λοιπόν
1852 3351 2088 3421 άνόμοιον
2107 3355 2261 3424 λέγειν
2284 3353 2410 3409 κατά

482 3439 536 3493 τό
569 3437 694 3495 εἶναι
720 3442 806 3495 καὶ
831 3439 956 3495 κατά
984 3439 1039 3494 τό
1067 3437 1304 3510 ύπάρχειν
1339 3439 1426 3494 τὸν
1461 3439 1573 3494 υἷὸν
1595 3445 1663 3512 τῷ
1692 3441 1854 3510 πατρί.
1925 3436 2043 3492 Ἀλλ’
2072 3438 2205 3509 ὅμως
2227 3438 2258 3495 o‘
2284 3442 2411 3495 ἔκδι-

542 3640 638 3680 Cu‘.
674 3642 788 3683 XIV.
825 3665 880 3673 —-
954 3645 990 3683 1.
1035 3642 1420 3697 προδιοριζομένων,
1535 3643 1576 3685 2.
1607 3643 1667 3683 lta
1706 3642 1960 3682 emendarunt
1991 3644 2203 3683 Carnarius
2238 3646 2272 3682 et
2292 3646 2407 3683 Peta-

482 3708 600 3747 quam
620 3700 856 3748 scripturam
876 3703 993 3740 etiam
1013 3702 1054 3739 in
1071 3701 1158 3740 edit.
1182 3702 1420 3741 petavianae
1475 3702 1574 3741 vius.
1633 3700 1742 3738 Libri
1770 3699 1908 3739 habent
1938 3695 2258 3752 καθαιρούντων.

482 3755 658 3804 maryine
703 3756 816 3795 videa
861 3760 1116 3806 annotatam,
1167 3757 1280 3797 habet
1330 3759 1415 3798 aad.
1529 3755 1570 3796 3.
1602 3754 1747 3803 ‚‚F0rt.
1777 3752 1963 3808 λέγομεν.
1994 3756 2079 3796 Sed
2105 3752 2294 3795 nonnihil
2327 3753 2407 3795 de·-

482 3810 642 3860 Rhediq.
1474 3825 1562 3852 esse
1588 3809 1795 3853 videtur.“
1852 3813 2049 3853 Petavius.
2085 3813 2294 3854 Carnarius
2320 3823 2406 3853 ver-
