2508 4134
643 300 782 342 'rom
811 299 1021 339 Pmoms
1051 300 1186 340 PARS
1215 300 1525 341 pos‘rssmon.
1923 288 2022 340 623

136 401 238 439 Ven.
268 422 320 430 —
377 398 404 438 l.
433 397 683 452 antepenult.
712 393 975 451 ἀφανίζοντες
998 396 1067 438 τοῦ
1097 393 1225 450 νόμου
1250 396 1323 439 καὶ
1347 398 1429 440 τῶν
1452 399 1697 452 προφητῶν,
1727 396 1800 440 καὶ
1823 412 1858 439 τ.
1885 395 2026 450 ἐτέρας

135 468 269 524 αἰσχρ.
298 467 634 522 παρειςφέροντες
662 467 763 506 Ven.

245 538 376 594 Paga
394 538 442 580 6.
503 537 529 577 1.
554 541 585 578 1.
615 533 800 589 Ναυάτῳ
823 536 924 575 ven.
954 558 1008 566 --
1065 535 1090 574 1.
1112 537 1151 575 2.
1184 533 1413 588 διδαγμούς
1444 538 1530 575 Bas.
1562 560 1612 567 -
1672 534 1751 578 1.4.
1781 534 1850 580 διὰ
1880 534 1927 579 τὸ
1952 530 2024 589 οἶγ-

133 607 267 661 γέλοις
294 608 377 646 Bas.
403 614 445 646 et
473 608 574 646 Ven.
603 629 658 637 ——
711 605 740 645 l.
761 603 799 644 ὃ.
830 603 868 646 οἱ
892 603 964 646 καὶ
995 605 1080 643 Bas.
1107 605 1205 643 Ven.
1236 612 1278 644 et
1305 604 1367 644 ed.
1393 606 1528 645 Petav.
1589 611 1645 645 Ac
1669 606 1764 646 ferri
1790 613 1940 660 potest.
1971 629 2025 637 —

134 676 163 716 l.
186 676 223 717 6.
254 673 424 723 ἑαυτοὺς
449 671 663 731 εὐχόμενοι
690 675 790 713 Ven.
823 698 875 704 —
931 673 959 712 l.
978 673 1015 715 Τ.
1055 667 1350 726 Ἐγκρατιταίς
1390 674 1668 715 circumflectit
1696 677 1798 716 Ven.
1829 700 1879 706 —
1936 675 1963 715 l.
1982 678 2022 716 8.

133 746 214 788 τῶν
237 745 414 799 Νοητῶν
445 747 541 785 Ven.
602 744 711 784 {dem
738 743 840 783 liber
867 742 1080 783 confirmat
1115 742 1354 796 scripturam
1392 757 1511 798 quam
1539 745 1699 798 recepi,
1747 741 1859 798 παρὰ
1884 743 1931 787 τὸ
1961 741 2021 798 μή

135 813 204 859 τὸν
230 813 399 868 πατέρα.
429 838 484 846 --
539 814 564 854 l.
585 813 623 856 9.
666 813 799 853 Verba
824 809 1069 866 προφορικόν
1096 809 1216 854 πάλιν
1243 809 1359 867 οἷναχ.
1387 828 1419 854 τ.
1451 811 1568 867 λόγον
1605 828 1685 853 non
1714 814 1899 867 agnoscit
1924 816 2022 858 Ven.

134 909 187 917 --
216 884 244 925 l.
266 885 326 926 12.
370 880 755 937 ἀρρητοποιοῦντες,
799 879 852 925 τοὶ
891 879 938 924 δὲ
975 880 1132 924 ἑαυτῶν
1159 883 1260 921 Ven.
1292 906 1342 911 --
1401 882 1428 921 l.
1451 883 1509 923 13.
1539 878 1676 937 Ὠριγ.
1713 878 1850 935 ἄλλοι,
1894 884 1931 927 οἱ
1952 886 2024 928 τοῦ

134 949 334 1005 status„
362 955 434 995 τοῦ
462 949 680 996 Εὖτοὶκτου
706 954 806 992 Ven.
836 975 893 982 —
947 950 975 991 l.
996 950 1108 992 16—
1128 951 1185 992 18.
1214 951 1350 991 Verba
1376 950 1559 1004 Χριστοῦ
1584 951 1631 995 δὲ
1657 967 1691 994 τ.
1719 955 1813 1008 βασ.
1838 978 1862 984 -
1892 977 1911 985 -
1945 957 2024 1010 βα-

136 1021 480 1077 σιλευθησόμενον
508 1037 590 1064 non
615 1021 800 1076 agnoscit
829 1022 929 1062 Ven.
960 1044 1014 1052 —
1070 1020 1095 1059 l.
1124 1019 1181 1061 19.
1213 1012 1345 1062 Αὗται
1372 1019 1490 1063 πάλιν
1521 1017 1645 1064 αὐτοῦ
1676 1025 1785 1066 δευτ.
1810 1026 1896 1065 κτλ.
1923 1026 2025 1065 Ven.

244 1093 439 1150 Pags.
495 1092 522 1132 l.
545 1092 581 1135 7.
612 1093 752 1134 τοῦτον
775 1089 873 1139 τὸν,
915 1104 991 1145 pro
1021 1082 1133 1132 οὗτοι
1160 1086 1254 1142 τὸν,
1288 1092 1389 1130 Ven.
1421 1093 1538 1130 Bene.
1569 1116 1622 1122 —
1679 1091 1704 1131 l.
1723 1092 1760 1133 9.
1794 1091 2026 1146 μειζότερον

136 1165 242 1204 Veu.
267 1187 313 1193 —
378 1162 404 1202 l.
427 1163 486 1203 10.
528 1161 750 1215 Πληῦοὖσι
785 1162 886 1200 Ven.
916 1182 970 1190 —
1026 1159 1138 1200 1.11.
1183 1154 1291 1202 οὕτω
1318 1161 1549 1214 καλουμένη
1580 1163 1681 1205 Ven.
1712 1186 1764 1193 —
1821 1162 1848 1202 l.
1875 1161 1935 1204 14.
1964 1162 2024 1219 τῷ

134 1230 260 1289 χώρῳ
284 1234 388 1273 Ven.
426 1255 472 1262 --
531 1230 642 1273 1.16.
672 1229 742 1273 ἐπὶ
770 1229 850 1283 τῆς
877 1226 1095 1282 Ῥωμαίων
1124 1228 1247 1283 μέρος
1273 1230 1375 1271 Ven.
1411 1254 1462 1262 -·
1520 1231 1547 1271 1.
1572 1232 1634 1272 11.
1665 1232 1715 1272 ab
1743 1231 1817 1271 inf.
1849 1229 2025 1275 ὑποτασ-

141 1301 311 1357 σόμενον
342 1303 443 1342 Ven.
473 1324 525 1333 -—
583 1299 609 1340 l.
627 1301 665 1342 8.
695 1296 931 1353 κηρύγματι
958 1301 1062 1339 Ven.

244 1373 375 1428 Pag.
393 1371 480 1415 10.
535 1369 561 1410 l.
577 1369 617 1411 6.
648 1368 745 1423 ἔμφ.
771 1364 1015 1417 ἀκολουθίας
1040 1367 1196 1424 έπιδεχ.
1225 1370 1325 1410 Ven.
1350 1396 1403 1403 —-
1459 1370 1487 1411 1.
1510 1371 1567 1412 12.
1587 1364 1649 1412 “O
1676 1368 1697 1414 ὁ
1724 1370 1822 1421 θεὸς
1848 1374 1947 1413 Ven.
1978 1396 2022 1404 --

140 1441 241 1482 Ibid.
271 1437 502 1484 ἀποστόλου
530 1436 761 1493 φάσκοντος
787 1440 888 1478 Ven.
920 1463 973 1470 —
1029 1438 1056 1477 l.
1081 1438 1142 1480 13.
1187 1444 1318 1493 Auget
1342 1441 1485 1481 Venet.
1515 1436 1736 1495 οἷμίαντος,
1779 1439 1884 1484 ἀλλὰ
1912 1441 2025 1497 ἐλεγ-

135 1509 303 1568 χόμενοι
331 1509 640 1567 βλασφημοῦσι,
669 1508 809 1550 τοῦτον
834 1507 1045 1562 μεῇυστην
1073 1508 1303 1562 καλοῦντες,
1333 1509 1391 1557 εἰς
1416 1508 1581 1552 ἑαυτῶν.
1610 1535 1664 1542 -—
1719 1512 1746 1551 l.
1773 1514 1830 1553 15.
1863 1514 1940 1553 Pro
1970 1509 2027 1554 εἷ-

135 1596 200 1625 ναι
221 1581 338 1629 τέλος
362 1582 503 1621 Venet.
530 1578 679 1618 rectius
706 1574 815 1626 εἶδος
845 1575 957 1621 εἶναι.
984 1602 1036 1609 -
1093 1578 1119 1619 1.
1143 1578 1204 1619 16.
1236 1579 1368 1619 Verba
1399 1575 1477 1622 ἅπό
1503 1582 1574 1622 τοῦ
1603 1581 1709 1624 οἴνου
1736 1595 1815 1622 om.
1841 1583 1941 1622 Ven.
1975 1603 2026 1614 —-

133 1650 159 1690 l.
177 1651 243 1693 23.
272 1650 460 1704 πανταχῆ
488 1649 586 1688 Ven.
621 1672 667 1678 —
726 1647 752 1687 l.
773 1647 839 1689 26.
871 1648 1051 1688 Restitue
1079 1647 1119 1690 ἐν
1144 1645 1350 1704 κραιπάλῃ
1374 1648 1448 1692 καὶ
1474 1649 1599 1706 μέθῃ.
1660 1651 1794 1691 Verba
1818 1650 1889 1693 καὶ
1915 1651 2026 1707 μέθῃ

135 1719 388 1760 desideratur
413 1717 535 1758 etiam
557 1717 599 1758 iu
624 1717 687 1757 ed.
718 1718 856 1757 Petav.
883 1726 1064 1771 utraque.
1091 1742 1142 1749 —-
1200 1718 1224 1758 l.
1243 1718 1308 1761 29.
1339 1716 1591 1763 ἐκσκώπτων
1622 1722 1724 1761 Ven.
1755 1745 1802 1751 —
1861 1721 1890 1761 l.
1907 1722 1946 1763 6.
1976 1722 2026 1761 ab

133 1789 209 1830 inf.
239 1787 447 1842 ὲψέματος
478 1789 563 1827 Bas.
593 1811 644 1817 —
703 1787 728 1827 1.
750 1789 788 1828 5.
819 1787 869 1827 ab
895 1787 969 1828 inf.
1010 1786 1149 1842 ἔψεμα
1181 1789 1265 1830 BaS.
1296 1813 1351 1819 —
1405 1789 1431 1829 1.
1455 1788 1491 1830 4.
1522 1790 1572 1831 ab
1599 1790 1672 1830 inf.
1720 1786 1825 1834 οἷλλά
1860 1790 2023 1847 ταχέως

134 1852 223 1912 ἤδη
252 1858 355 1898 Ven.
387 1857 524 1897 Recte.
554 1880 611 1887 —-
638 1857 663 1896 l.
697 1856 771 1898 ult.
802 1852 1054 1910 οἷπληστείαν
1088 1859 1173 1897 Bas.

246 1927 373 1983 Pag.
397 1928 482 1970 1⁶2.
538 1926 567 1966 1.
589 1927 614 1968 7
642 1935 684 1966 et
710 1927 747 1968 8.
792 1925 1007 1981 μόρφωσιν
1036 1922 1155 1981 μόνον
1183 1928 1429 1982 κεκτημένοι
1451 1931 1551 1971 Ven.
1582 1955 1638 1962 —-
1694 1931 1720 1971 l.
1741 1929 1778 1972 9.
1810 1930 1912 1974 Οἴου
1942 1928 2020 1986 γοὶρ

136 1999 238 2038 Ven.
269 2020 318 2027 —
375 1995 404 2036 1.
428 1997 489 2036 12.
533 1993 751 2050 γινόμενα.
770 1995 842 2038 καὶ
869 1994 909 2038 ἐν
933 1996 1066 2051 τούτῳ
1091 1996 1254 2053 ἐλεγχῇ.
1281 1995 1363 2042 οἷπό
1391 2000 1461 2041 τοῦ
1494 1996 1642 2049 εὖὲῐοῦς
1666 2003 1767 2041 Ven.
1797 2024 1848 2033 -
1905 2002 1932 2043 l.
1967 2000 2023 2043 14.

135 2063 278 2109 τούτου
303 2066 383 2120 τῆς
419 2060 602 2119 ἀμπέλου
631 2067 734 2106 ven.
765 2089 811 2096 —
874 2066 899 2107 1.
934 2066 997 2108 17.
1039 2065 1106 2109 ἐπὶ
1147 2066 1223 2115 τὰς
1253 2067 1332 2118 ἔξω
1363 2070 1464 2109 Ven.
1497 2095 1545 2102 --
1604 2071 1630 2110 l.
1668 2072 1715 2112 10
1741 2080 1783 2111 et
1807 2071 1844 2113 9.
1873 2071 1924 2112 ab
1950 2071 2023 2111 inf.

135 2136 352 2190 Inscriptio
379 2135 592 2176 haereseos
615 2134 658 2175 in
682 2136 843 2177 Veneto
870 2145 931 2176 est
954 2135 1076 2179 Κατὰ
1100 2139 1181 2179 τῶν
1207 2138 1470 2193 Καταφρύγα
1489 2135 1582 2194 τ’]’τοι
1610 2141 1910 2184 Μωντανιστῶν
1934 2143 2024 2184 καλ.

135 2200 166 2260 ἦ
195 2205 266 2248 καὶ
292 2205 658 2260 Τασκοδρουπτῶν.
690 2229 744 2236 —-
800 2205 827 2246 l.
856 2205 895 2247 4.
922 2206 973 2246 ab
1001 2206 1122 2247 infer.
1165 2210 1299 2248 Insere
1336 2209 1550 2250 articulum
1588 2211 1624 2253 οἱ
1662 2220 1757 2251 ante
1793 2206 1862 2254 ἀπ’
1901 2207 2025 2255 αὐτοῦ

136 2273 434 2328 διαδεξάμενοι.
496 2274 755 2315 Desideratur
784 2276 904 2315 etiam
934 2276 975 2315 in
1003 2276 1065 2316 ed.
1094 2278 1232 2317 Petav.
1263 2278 1350 2318 Col.
1380 2303 1436 2311 --
1490 2280 1515 2320 1.
1547 2280 1700 2335 penult.
1742 2279 1850 2326 κατά
1877 2280 2028 2336 Φρύγα

136 2346 263 2396 Van„
295 2344 354 2384 uti
381 2358 516 2398 supra.
545 2368 595 2376 -
653 2344 756 2386 Ibid.
785 2346 920 2386 Verba
949 2345 1021 2388 καὶ
1050 2342 1166 2389 αὐτοὶ
1193 2355 1289 2387 ante
1319 2349 1453 2392 πᾶσαν
1484 2364 1562 2392 om.
1592 2352 1694 2391 Ven.

247 2415 376 2471 Pag.
404 2414 489 2457 14.
544 2414 574 2454 1.
597 2415 629 2455 1.
659 2414 893 2468 Πρίσκιλλα
916 2415 992 2470 (ita
1018 2416 1198 2471 semper)
1228 2419 1314 2457 Bas.
1347 2443 1398 2449 —-
1455 2420 1482 2460 l.
1497 2420 1535 2461 2.
1567 2421 1655 2463 νοῦν
1680 2419 1903 2476 ἐξέτρεῴαν
1928 2425 2030 2464 ven.

139 2507 195 2514 —
223 2484 249 2523 l.
273 2480 310 2524 4.
342 2482 605 2538 προςέχοντες
629 2485 733 2524 ven.
763 2509 806 2515 —
871 2485 898 2527 1.
919 2487 957 2527 5.
989 2486 1209 2540 δαιμονίων
1236 2482 1301 2531 ὅτι
1329 2488 1435 2542 (sine
1461 2489 1665 2544 λέγοντες)
1697 2492 1797 2533 ven.
1831 2517 1880 2524 —
1937 2493 1966 2533 l.
1990 2496 2027 2537 7.

136 2552 209 2596 καὶ
239 2547 327 2607 ἤδη
358 2551 399 2595 ἐν
427 2549 528 2608 οἶγίᾳ
552 2554 651 2594 Ven.
683 2578 738 2585 —
793 2555 818 2595 l.
840 2555 879 2597 9.
921 2556 1092 2610 Repone
1115 2570 1244 2611 φασκ.
1271 2558 1341 2600 τοῦ
1369 2554 1610 2603 ἀποστόλου.
1671 2561 1873 2603 Articulus
1899 2563 2029 2603 omis-

136 2638 202 2663 sus
230 2631 294 2663 est
318 2622 442 2663 etiam
469 2623 511 2662 in
540 2623 603 2662 ed.
635 2625 774 2665 Petav.
804 2625 946 2665 Colon.
980 2650 1031 2657 —
1091 2627 1118 2667 1.
1142 2628 1199 2668 12.
1231 2625 1473 2682 έξελῆλυῧον
1505 2632 1592 2670 Bas.
1623 2655 1675 2661 —
1734 2632 1761 2671 l.
1788 2630 1847 2673 16.
1880 2631 1924 2683 ἐξ
1949 2629 2030 2676 αὖ-

135 2693 218 2736 τῶν
255 2695 379 2746 φιλον.
409 2694 511 2732 Ven.
543 2717 596 2724 —-
652 2694 679 2733 1.
709 2693 770 2735 19.
813 2692 865 2736 τὰ
892 2691 958 2737 ὕπ’
984 2693 1120 2738 αὐτῶν
1148 2698 1247 2737 Ven.
1280 2722 1329 2728 -
1390 2699 1416 2738 l.
1440 2700 1505 2740 20.
1549 2701 1736 2741 Restitue
1776 2701 2027 2757 χαρίσματα,

138 2761 249 2818 quod
284 2762 452 2803 retineri
481 2770 628 2816 potest.
686 2764 774 2803 Nec
802 2765 947 2806 venet.
974 2765 1072 2806 abit.
1103 2791 1153 2797 —
1211 2767 1237 2807 l.
1259 2768 1322 2808 21.
1354 2768 1607 2822 Πρίσκιλλαν
1639 2774 1724 2812 Bas.
1753 2773 1932 2826 (eodem
1955 2788 2026 2814 ac-

139 2842 259 2874 centu
283 2832 406 2873 etiam
433 2847 553 2886 supra
580 2841 624 2872 et
649 2832 754 2874 infra
779 2833 804 2873 l.
821 2832 910 2888 24.)
936 2858 990 2866 -·
1046 2836 1072 2875 l.
1090 2837 1155 2877 22.
1187 2836 1229 2879 έν
1254 2834 1391 2892 οἱγίαις
1415 2837 1655 2893 ἐκκλησίαις
1684 2843 1782 2881 Ven.
1812 2865 1859 2873 -
1916 2840 2027 2884 1.24.

137 2894 218 2957 ἆρα
243 2897 338 2946 οὔτε
361 2903 443 2956 Πρ.
474 2904 575 2943 ven.
606 2927 659 2933 —
715 2903 741 2943 l.
756 2902 822 2945 29.
853 2899 989 2947 αὐτῶν
1017 2900 1132 2948 ἄνοια
1158 2907 1455 2948 restituendum
1475 2919 1537 2950 est
1562 2923 1612 2950 ex
1643 2914 1729 2953 Bas.
1788 2912 1945 2953 Eodem
1969 2913 2029 2953 vi-

137 2972 198 3013 tio
220 2972 381 3013 laborat
403 2980 573 3027 utraque
600 2973 699 3014 edit.
726 2975 861 3013 petav.
891 2998 940 3005 —
991 2975 1018 3015 l.
1038 2975 1075 3018 7.
1100 2976 1150 3016 ab
1177 2977 1252 3018 inf.
1282 2979 1501 3032 δαιμονίων
1527 2982 1630 3020 Ven.
1660 3004 1707 3011 ——
1765 2981 1790 3021 l.
1807 2981 1847 3023 3.
1875 2983 1925 3022 ab
1952 2982 2027 3023 inf.

136 3041 391 3098 πανταχόθεν
416 3044 515 3082 Ven.
548 3066 601 3074 —-
656 3042 758 3083 Ibid.
789 3045 936 3084 Venet.
963 3044 1120 3098 plenius
1144 3044 1190 3089 τὸ
1218 3042 1331 3101 ἅγιον
1355 3049 1518 3103 πνεῦμα
1544 3048 1688 3094 καὶτὰ
1714 3049 1927 3105 πνεύματα
1950 3053 2030 3105 τῆς

136 3111 304 3166 πλάνης.
335 3136 389 3142 -
446 3112 471 3153 l.
503 3113 575 3153 ult.
604 3112 802 3166 ἐτελέσθη
837 3115 936 3154 Ven.

248 3182 480 3239 Pag.16.
540 3183 566 3222 l.
588 3181 625 3223 4.
659 3181 739 3231 ἕως
765 3180 908 3225 τούτου
938 3184 1009 3226 τοῦ
1042 3186 1143 3225 Ven.
1178 3211 1226 3218 --
1286 3188 1311 3227 1.
1331 3190 1368 3230 ὁ.
1399 3189 1470 3231 καὶ
1500 3185 1614 3233 οὔπω
1640 3187 1670 3245 ἦ
1701 3205 1807 3234 συντ.
1837 3193 1940 3232 Ven.
1973 3216 2026 3223 -—

138 3251 166 3292 l.
185 3251 224 3294 8.
257 3253 377 3293 Bene.
407 3254 512 3292 Ven.
551 3247 615 3296 ὅτι
650 3248 724 3295 οὐκ
761 3251 801 3294 έν
838 3250 950 3295 ειῖστ.
986 3278 1037 3285 -
1110 3256 1135 3296 Ι.
1158 3256 1198 3297 9.
1243 3260 1620 3313 παραπεπλεγμένοι
1661 3262 1760 3301 Ven.
1800 3263 1942 3302 Recte.
1975 3286 2027 3294 —-

139 3317 251 3363 1.14.
279 3321 389 3377 λέγει
417 3322 526 3373 Mag.
557 3324 659 3362 Ven.
688 3347 742 3353 —
800 3322 906 3364 1.16.
937 3321 1042 3377 αὕτη
1076 3322 1151 3367 οὐκ
1178 3325 1285 3368 ἔστιν
1310 3326 1391 3370 τῶν
1415 3343 1507 3383 χαρ.
1532 3331 1634 3369 Ven.
1666 3354 1718 3361 -—
1774 3331 1800 3370 l.
1823 3334 1883 3373 18.
1916 3328 2023 3389 αὐτῇ

139 3388 191 3433 τὰ
214 3390 346 3432 firmat
373 3407 479 3433 nunc
502 3394 604 3432 Ven.
638 3418 686 3424 -
744 3393 769 3433 l.
788 3395 854 3433 20.
884 3394 920 3435 οἱ
945 3390 1062 3436 αὐτοὶ
1088 3390 1196 3448 ἅγιοι
1220 3394 1272 3438 τὰ
1297 3411 1338 3439 π.
1372 3396 1645 3453 ἐπροφήτευον
1673 3401 1776 3441 ven.
1803 3425 1859 3433 -
1913 3402 1940 3442 l.
1958 3403 2027 3444 21.

141 3459 316 3504 ἑκάστου
344 3464 448 3503 Ven.
466 3486 521 3493 --
576 3463 603 3502 1.
621 3464 686 3504 22.
718 3463 849 3503 Verba
876 3463 931 3505 Τί
957 3455 1026 3506 οὖν
1053 3465 1256 3519 συμφέρον
1283 3480 1363 3507 om.
1383 3468 1486 3508 Ven.
1509 3492 1562 3499 —
1619 3469 1643 3508 l.
1661 3470 1700 3512 8.
1725 3471 1776 3510 ab
1800 3471 1875 3512 inf.
1903 3488 2023 3529 προφ.

140 3528 274 3574 πάντα
303 3530 408 3585 μετοὶ
437 3547 607 3575 κοιταστ.
637 3534 739 3574 ven.

251 3601 377 3658 Pag.
399 3603 484 3646 18.
540 3603 566 3642 l.
592 3604 621 3644 1.
667 3601 725 3658 μὴ
767 3605 916 3657 συνῆτε
954 3605 1054 3644 ven.
1087 3627 1138 3635 --
1195 3605 1222 3645 1.
1241 3607 1277 3647 5.
1322 3607 1456 3647 Verba
1493 3603 1609 3661 ἅγιος
1634 3608 1706 3652 καὶ
1733 3624 1811 3652 om.
1838 3613 1941 3655 Ven.
1970 3638 2022 3648 —

141 3671 170 3711 l.
193 3670 254 3712 12.
284 3670 355 3713 καὶ
377 3668 407 3726 ἦ
426 3673 671 3716 διδασκαλία
699 3672 770 3715 καὶ
796 3670 826 3726 τῖ
853 3672 1038 3728 διαλογή.
1084 3674 1191 3723 Πῶς
1217 3674 1264 3718 δὲ
1291 3675 1443 3730 Δανιὴλ
1471 3678 1569 3718 Ven.
1599 3703 1653 3711 -—
1708 3681 1735 3721 l.
1758 3681 1818 3724 13.
1851 3681 2026 3737 ἔμπλεος

142 3742 246 3783 Ven.
277 3764 330 3771 —
386 3741 412 3781 1.
436 3739 498 3782 14.
528 3741 706 3793 ἐπιλύει,
737 3742 809 3785 καὶ
838 3745 936 3783 ven.
969 3768 1015 3773 —
1076 3743 1185 3786 1.15.
1215 3741 1503 3800 ὑπεμίμνησκε
1534 3750 1632 3788 Ven.

252 3812 378 3867 γης,
402 3812 487 3855 20,
543 3813 570 3854 1,
592 3813 629 3856 3.
672 3812 743 3855 καὶ
777 3809 960 3867 α’νοητεῖν
990 3814 1089 3856 Ven.
1121 3838 1172 3846 —
1230 3813 1320 3858 1.4.
1357 3815 1652 3871 ἐπισωρεύουσι
1693 3818 1838 3876 λόγους
1872 3820 1925 3869 δι’
1963 3819 2021 3873 ὦν
