2508 4134
208 1680 294 1716 pag.
316 1670 390 1705 8²2.

190 2342 300 2399 Κεφ.
325 2341 366 2387 ι’.

410 273 477 325 26
958 297 960 299 v
1121 279 1324 322 SANCTl
1354 281 1642 323 EP¹PHAN11

408 376 718 441 ἐπισκόπων,
768 381 1141 446 καθαιρεθῆναι
1178 376 1266 444 μὲν
1295 375 1521 445 ”Αρειον,
1569 375 1624 431 τό
1665 378 1719 431 δὲ
1757 375 1991 444 καθαρόν
2021 383 2110 445 τῆς
2137 381 2349 443 πίστεως

411 468 725 532 κηρυχθῆναι
755 467 895 525 πᾶσι,
935 462 1021 513 καὶ
1048 458 1102 514 τό
1128 463 1239 532 περὶ
1271 468 1359 515 τοῦ
1398 462 1574 530 Πάσχα
1599 465 1670 524 εἰς
1697 464 1872 516 ἕνωσιν
1903 459 2046 530 ἡμῶν
2069 461 2155 516 ὑπ’
2185 463 2354 525 αὐτῶν

411 551 779 616 διορθωθῆναι.
839 543 1088 599 ’Έκπαλαι
1117 544 1209 616 γάρ
1237 548 1322 600 καὶ
1351 544 1448 601 dud
1475 553 1574 601 τῶν
1597 545 1775 615 πρώην
1793 546 1994 616 ,χρόνων
2022 549 2185 616 διέστη
2214 550 2268 603 ἐν
2294 554 2356 622 τῇ

410 634 637 703 ἐκκλησίᾳ
662 628 921 700 διαφόρως
948 629 1218 701 ἀγόμενον,
1267 631 1440 700 χλεύην
1467 634 1713 700 ἐμποιοῦν
1744 633 2059 688 καθέκαστον
2091 635 2215 698 ἔτος,
2253 639 2354 687 τῶν

410 717 495 785 μὲν
517 714 614 783 πρὸ
641 714 922 783 ἑβδομάδος
946 714 1226 770 ποιούντων
1250 718 1336 770 καὶ
1365 716 1782 783 φιλονεικούντων
1808 714 1938 785 πρὸς
1962 716 2217 784 ἀλλήλους,
2254 723 2355 772 τῶν

410 802 464 854 δὲ
491 799 611 867 μετα
639 799 917 868 ἑβδομάδα,
955 802 1039 858 καὶ
1072 806 1168 854 τῶν
1194 801 1282 868 μὲν
1308 801 1781 871 προλαμβανόντων,
1821 807 1921 854 τῶν
1943 802 1997 855 δὲ
2023 801 2353 868 μεσαζόντων,

409 884 565 938 ἄλλων
603 885 657 938 δὲ
694 886 950 953 μετέπειτα
990 885 1359 940 ἐπιτελούντων.
1435 887 1533 938 Καὶ
1575 879 1637 953 ἦν
1666 882 1837 947 οἷπλῶς
1872 884 2058 955 φύρσις
2089 885 2240 956 πολλὴ
2268 889 2356 941 καὶ

406 969 653 1037 κάματος,
705 992 772 1032 ως
802 976 1001 1032 πολλοῖς
1026 967 1310 1040 φιλολόγοις
1344 968 1438 1024 οὐκ
1462 967 1717 1040 ἄγνωστον
1745 973 1798 1024 ἐν
1830 970 2009 1034 πόσοις
2037 979 2233 1040 καιροῖς
2260 970 2355 1025 θό.

409 1058 566 1123 ρυβος
607 1056 812 1108 ἐκινεῖτο
851 1057 903 1108 ἐν
943 1060 1014 1128 τῷ
1047 1057 1427 1128 ἐκκλησιαστικῷ
1468 1054 1744 1125 κηρύγματι
1789 1057 1900 1126 περὶ
1938 1062 2028 1109 τοῦ
2058 1062 2147 1124 τῆς
2177 1058 2355 1159 ἑορτῆς

409 1138 590 1208 ταύτης
623 1138 924 1243 ζητήματος,
975 1141 1028 1192 ἕν
1071 1161 1122 1192 τε
1159 1138 1358 1209 χρόνοις
1388 1139 1729 1211 Πολυκαρπου
1758 1142 1843 1194 καὶ
1879 1144 2161 1210 Βίκτωρος,
2212 1139 2281 1204 ὥς
2320 1139 2355 1210 ἦ

409 1223 626 1292 ἀνατολὴ
655 1224 783 1296 πρὸς
817 1248 909 1293 την
948 1223 1089 1277 δύσιν
1117 1227 1450 1295 διαφερομένη
1490 1222 1715 1295 εἰρηνικα
1747 1223 1862 1295 παρ’
1888 1225 2107 1294 ἀλλήλων
2131 1225 2224 1289 οὐκ
2251 1227 2353 1281 ἰδέ·

407 1332 564 1378 χοντο.
637 1308 720 1363 Ἐν
747 1308 908 1372 ἄλλοις
930 1310 983 1363 δὲ
1010 1309 1146 1370 ὅσοις
1172 1317 1394 1379 καιροῖς,
1437 1313 1490 1364 ἕν
1514 1332 1565 1364 τε
1592 1311 1787 1379 χρόνοις
1811 1309 2133 1381 Ἀλεξάνδρου
2159 1311 2356 1366 ἐπισκό-

410 1417 511 1449 που
558 1393 957 1465 ὁἈλεξανδρείας
984 1396 1070 1446 καὶ
1107 1399 1458 1463 Κρισκεντίου,
1511 1393 1579 1458 ὥς
1614 1394 1742 1464 πρὸς
1774 1392 2015 1463 ἀλλήλους
2046 1393 2356 1465 εὑρίσκονται

409 1483 611 1543 ἕκαστος
649 1480 816 1533 αὐτῶν
857 1478 1133 1550 γράφοντες
1176 1481 1260 1532 καὶ
1298 1479 1678 1548 διαμαχόμενοι,
1731 1482 1826 1542 ἕως
1849 1486 1946 1534 τῶν
1969 1477 2220 1551 ἡμετέρων
2242 1480 2356 1551 χρό-

407 1587 540 1630 νων,
593 1563 765 1628 ἐξότου
804 1564 1051 1634 ἐταράχθη
1082 1562 1201 1632 μετοὶ
1235 1562 1322 1616 τόν
1350 1563 1527 1632 χρόνον
1555 1571 1654 1618 τῶν
1683 1563 2022 1635 ἐμπεριτόμων
2051 1564 2355 1633 ἐπισκόπων,

414 1648 572 1711 οὕτως
603 1652 816 1720 ἐφέρετο.
892 1648 986 1702 Διὸ
1017 1648 1340 1711 συνελθόντες
1370 1652 1423 1702 οἱ
1445 1649 1760 1718 πανταχόθεν
1787 1649 1896 1704 τότε
1924 1652 2011 1704 καὶ
2047 1649 2356 1721 ἅκριβαίσαν-

408 1755 485 1796 τες
512 1733 696 1802 ὥρισαν
722 1732 836 1801 μεθ’
864 1732 1099 1802 ὁμονοίας
1126 1737 1350 1804 γίνεσθαι
1380 1732 1507 1788 κατα
1532 1734 1586 1789 τὸ
1618 1737 1812 1807 πρέπον
1833 1742 1921 1804 τῆς
1946 1734 2129 1804 ψήφου
2154 1738 2240 1791 καὶ
2266 1742 2355 1805 τῆς

412 1818 737 1883 ἀκολουθίας.

528 2335 649 2395 ΔΕἰς
677 2340 821 2387 τοῦτο
862 2334 914 2386 δὲ
954 2336 1005 2387 οἱ
1030 2332 1172 2388 αὐτοὶ
1206 2331 1453 2387 Αύδιανοὶ
1484 2335 1831 2403 παραφέρουσι
1868 2333 1958 2403 τήν
1992 2340 2090 2388 τῶν
2119 2331 2352 2388 Ἀποστό-

406 2424 505 2471 λων
527 2416 790 2482 Διάταξιν,
844 2412 1000 2472 οὖσαν
1038 2420 1266 2487 μὲν·τοῖς
1302 2426 1500 2481 πολλοῖς
1532 2422 1584 2473 ἐν
1621 2420 1937 2494 ἆμφιλέκτςο,
1986 2418 2085 2473 ἄλλ’
2114 2419 2210 2474 οὐκ
2237 2417 2355 2473 οἶδό·

409 2524 579 2569 κιμον”
619 2509 752 2556 πᾶσα
779 2501 874 2574 γάρ
901 2506 952 2556 ἐν
983 2502 1109 2577 αὐτῇ
1144 2503 1381 2572 κανονικοὶ
1406 2503 1543 2567 τάξις
1573 2506 1861 2575 ἐμφέρεται,
1898 2507 1983 2558 καὶ
2016 2503 2163 2559 οὐδὲν
2195 2525 2351 2574 παρα-

406 2589 766 2657 κεχαραγμένον
803 2595 890 2656 τῆς
917 2593 1151 2655 πίστεως,
1200 2589 1353 2642 ῑούδὲ
1386 2595 1470 2656 τῆς
1504 2587 1790 2660 ὁμολογίας,
1845 2588 1961 2643 οὐδὲ
1989 2596 2076 2657 τῆς
2103 2592 2354 2655 ἐκκλησια-

408 2679 578 2738 στικῆς
618 2672 908 2741 διοικήσεως
947 2677 1032 2727 καὶ
1066 2675 1282 2736 κανόνος
1325 2675 1410 2726 καὶ
1441 2678 1664 2736 πίστεως.
1747 2674 1813 2728 To*
1855 2675 1907 2728 δὲ
1939 2674 2114 2742 ῤἠτὸν,
2169 2671 2256 2740 ἀφ’
2293 2665 2355 2726 οὗ

409 2756 741 2824 λαμβάνοντες
770 2761 882 2826 περὶ
910 2765 998 2812 τοῦ
1034 2759 1209 2828 Πάσχα
1235 2764 1403 2820 κακῶς
1430 2758 1885 2828 παρερμηνεύουσιν
1913 2762 1965 2812 οἱ
1989 2760 2353 2826 προειρημένοι,

408 2843 492 2894 καὶ
523 2840 812 2911 ἀγνοοῦντες
836 2846 1011 2912 ἑτέρως
1040 2842 1504 2913 ὑπολαμβάνουσιν·
1546 2841 1762 2909 ὁρίζουσι
1791 2843 1882 2914 γαρ
1917 2846 1969 2898 ἐν
1993 2851 2051 2917 τῇ
2078 2843 2206 2916 αὐτῇ
2236 2850 2356 2898 Δια-

409 2926 541 2990 τοὲξει
578 2931 629 2981 οἱ
677 2927 944 2982 ἀπόστολοι
983 2930 1085 2994 ὅτι,
1137 2929 1300 2997 Ὑμεῖς
1338 2926 1405 2995 μή
1444 2932 1720 2996 ψηφίζητε,
1771 2927 1891 2982 ἄλλα
1927 2936 2110 2982 ποιεῖτε
2148 2927 2269 2981 ὅταν
2309 2930 2362 2980 οἱ

411 3009 617 3076 οἷδελφοὶ
647 3011 784 3079 ὑμῶν
817 3017 868 3066 οἱ
902 3017 955 3067 ἐκ
994 3021 1287 3083 περιτομῆς,
1328 3011 1425 3081 μετ’
1464 3011 1627 3066 αὐτῶν
1665 3012 1766 3080 ἅμα
1808 3019 2043 3066 2ποιεῖτε.
2120 3014 2222 3064 Καὶ
2260 3011 2356 3066 οὔκ

410 3096 581 3161 εἶπαν,
606 3098 766 3151 ’Όταν
804 3102 856 3151 οἷ
888 3096 1095 3165 α’δελφοὶ
1130 3097 1272 3167 ὑμῶν
1300 3101 1353 3151 οἱ
1384 3101 1435 3152 ἒν
1468 3104 1728 3171 περιτομῇ,
1769 3096 1886 3150 ἄλλα
1913 3101 1965 3151 οἷ
1991 3100 2043 3151 ἐκ
2072 3102 2355 3166 περιτομῆς,

410 3186 492 3235 ἴνα
530 3188 720 3246 δείξωσι
757 3183 874 3246 τούς
925 3193 946 3223 3
966 3182 1066 3238 dud
1107 3192 1196 3252 τῆς
1223 3189 1494 3252 περιτομῆς
1523 3186 1592 3244 εἰς
1618 3181 1706 3249 τὴν
1732 3185 1992 3249 ἐκκλησίαν
2018 3181 2344 3248 μετελθόντας

412 3267 658 3335 ἆρχηγοῦς
685 3267 807 3322 εἶναι
833 3270 931 3336 μετ’
965 3272 1154 3322 ἐκεῖνον
1185 3268 1271 3321 τὸν
1296 3267 1500 3336 χρόνον,
1552 3268 1638 3320 καὶ
1666 3269 1735 3328 εἰς
1759 3266 1812 3319 τὸ
1848 3271 2219 3333 συμπείθεσθαι
2255 3274 2358 3328 τοῖς

412 3350 599 3415 ἄλλοις,
639 3356 707 3414 εἰς
731 3353 784 3406 τό
817 3378 884 3421 μη
919 3353 1064 3411 α’λλον
1091 3361 1254 3406 ποιεῖν
1295 3359 1320 3389 4
1340 3351 1494 3413 α’λλως
1523 3374 1608 3404 και
1641 3347 1787 3404 ἄλλον
1816 3350 1994 3403 α’λλοτε.
2080 3356 2238 3403 Τοῦτο
2261 3349 2356 3419 γὰρ

414 3434 467 3488 τὸ
506 3442 608 3488 πᾶν
645 3438 924 3508 συνήγαγον
973 3437 1252 3508 φρόντισμα
1291 3436 1374 3491 δια
1421 3435 1511 3504 τήν
1561 3438 1734 3490 ενωσιν
1771 3433 1861 3502 τὴν
1898 3439 2041 3502 μίαν,
2093 3437 2176 3487 ἵνα
2215 3433 2283 3503 μὴ
2323 3429 2356 3509 ᾖ

470 3636 509 3674 5.
526 3631 845 3689 Ἀλεξανδρείας
865 3652 941 3678 non
958 3642 1070 3679 habet
1097 3639 1168 3678 cod
1189 3639 1350 3687 Rhedz'9.
1469 3636 1508 3677 2.
1543 3638 1601 3686 Cf.
1632 3638 1758 3675 Grabe
1784 3637 1965 3685 Spicile9.
1984 3637 2015 3684 Ι,
2044 3647 2136 3685 ρας).
2156 3631 2210 3675 46
2223 3647 2303 3686 sqq.

472 3691 568 3729 CAP.
591 3692 644 3729 X.
689 3715 730 3720 -
795 3695 829 3732 l.
864 3697 985 3734 Verba
1015 3691 1114 3737 ουδὲ
1142 3696 1223 3747 τῆς
1253 3707 1354 3746 ομο-
1470 3694 1508 3735 3.
1541 3690 1589 3734 ἐκ
1617 3692 1850 3744 περιτομῆς
1878 3694 1962 3732 cod.
1997 3693 2156 3741 Rhediy.

411 3746 499 3800 λογ’
491 3761 553 3794 ας
580 3749 805 3790 exciderunt
842 3753 891 3788 ab
928 3753 1015 3791 edit.
1050 3753 1185 3793 Petav
1221 3752 1352 3790 Coton.
1469 3746 1509 3790 4.
1535 3743 1673 3794 ἄλλως
1698 3751 1836 3796 scripsi
1857 3760 1929 3798 pro
1954 3741 2117 3814 ἄλλους,
2143 3749 2246 3797 quod
2270 3748 2357 3787 libri

409 3808 524 3855 repet.
1413 3809 1563 3846 habent.
1621 3806 1805 3844 Petavius
1830 3806 1996 3855 putabat
2026 3778 2186 3846 ἄλλοτε.
