2508 4134
494 254 595 305 530
1198 260 1404 302 SANCTI
1432 261 1716 302 ΕΡῙΡΗΑΝΠ

493 363 732 429 κλαγγῆς,
768 363 858 426 τῆς
882 362 1125 427 κυριακῆς
1154 355 1549 424 έπιφωσκούσης.
1603 353 1935 426 ’Ἀγρυπνίαις
1962 357 2015 410 δὲ
2041 360 2309 413 διατελοῦσι
2337 358 2423 423 τοὶς

493 446 556 508 ἕξ.
635 443 797 496 Πάλιν
826 443 877 495 δὲ
905 441 1126 505 συνάξεις
1153 444 1425 495 ἐπιτελοῦσι
1455 441 1541 504 τάς
1569 441 1722 504 αὐτάς
1748 446 1831 506 ἓξ,
1883 443 1967 494 καὶ
1993 441 2111 510 ὅλην
2141 443 2231 512 τὴν
2255 462 2420 498 τεσσα-

492 528 734 600 ρακοστὴν
774 526 872 581 άπὸ
910 527 1085 595 ε’νάτης
1122 528 1216 589 ἕως
1256 528 1475 597 ἑσπέρας.
1536 525 1629 579 ’'Ev
1656 544 1752 580 τισι
1791 528 1843 580 δὲ
1869 525 2043 589 τόποις
2070 527 2160 596 τὴν
2191 528 2308 596 μετά
2333 529 2423 597 τὴν

491 615 720 682 πέμπτην
763 613 1128 683 ἀγρυπνοῦσιν,
1182 612 1569 679 ἕπιφώσκουσαν
1609 614 1676 674 εἰς
1705 610 1760 664 τὸ
1798 610 2168 681 προσάββατον,
2220 616 2302 667 καὶ
2333 613 2423 683 τὴν

491 697 734 770 κυριακὴν
759 698 926 766 μόνας.
960 695 1053 750 ’Ἑν
1082 716 1176 751 τισι
1209 698 1262 750 δὲ
1286 697 1459 760 τόποις
1491 703 1513 733 ⁵
1530 700 1723 766 λατρεία
1751 699 2036 764 οἰκονομίας
2060 700 2112 751 έν
2138 704 2198 772 τῇ
2225 700 2421 774 πέμπτῃ

490 788 671 855 γίνεται
700 783 807 857 ὥρᾳ
845 790 867 821 ⁶
885 783 1046 857 ἐνάτῃ.
1123 784 1224 835 Καὶ
1256 782 1414 845 οὕτως
1442 780 1647 835 άπολύει
1673 781 1919 848 μενόντων
1955 784 2005 835 ἐν
2031 789 2092 856 τῇ
2128 780 2253 857 αὐτῇ
2281 788 2422 855 ξηρο-

489 874 659 943 φαγίᾳ.
730 867 814 922 Ἐν
839 867 1003 932 ἄλλοις
1034 868 1087 921 δὲ
1116 866 1289 930 τόποις
1317 868 1377 920 οὐ
1409 871 1587 938 γίνεται
1615 870 1811 936 λατρεία
1839 874 1926 935 τῆς
1954 870 2241 936 οἰκονομίας
2268 868 2304 937 ἢ
2334 869 2422 938 μό-

490 977 575 1009 νον
606 955 987 1022 έπιφωσκούσης
1018 959 1105 1021 τῆς
1131 959 1396 1023 κυριακῆς,
1434 951 1514 1006 ὅτε
1541 949 1744 1005 άπολύει
1777 955 1890 1023 περὶ
1921 952 2010 1021 τὴν
2037 959 2135 1006 τῶν
2163 951 2421 1025 ἀλεκτρυό-

487 1063 589 1094 νων
612 1039 851 1111 κλαγγήν,
892 1042 945 1093 ἐν
973 1045 1031 1111 τῇ
1061 1036 1373 1111 άναστασίμῳ
1404 1035 1564 1109 ἡμέρᾳ
1591 1039 1674 1090 καὶ
1706 1037 1980 1109 πανηγύρει
2010 1038 2223 1110 μεγάλῃ,
2261 1037 2422 1113 ἡμέρᾳ

264 1153 348 1191 pag,
372 1143 468 1181 1106.
492 1132 581 1179 τοῦ
626 1125 829 1193 Πάσχα,
882 1122 949 1187 ὥς
989 1125 1350 1194 προςτέτακται,
1433 1121 1504 1175 Τά
1545 1120 1588 1175 δ’
1623 1121 1743 1176 ἅλλα
1783 1124 2027 1195 μυστήρια
2063 1126 2177 1196 περὶ
2211 1131 2422 1195 λουτροῦ

491 1213 580 1266 καὶ
608 1216 709 1264 τῶν
744 1212 954 1263 ἔνδοθεν
985 1212 1291 1278 μυστηρίων,
1345 1205 1413 1270 οἷς
1441 1210 1535 1275 ἔχει
1569 1206 1603 1276 ἡ
1640 1207 1916 1280 παράδοσις
1943 1214 2031 1263 τοῦ
2059 1231 2109 1263 τε
2141 1210 2423 1281 εὐαγγελίου

486 1298 574 1352 καὶ
609 1302 707 1350 ταῖν
743 1293 1059 1360 α’ποστόλων,
1098 1293 1258 1356 οῦτως
1296 1295 1593 1347 ἐπιτελεῖται.

258 1574 468 1633 Kame&
628 1549 741 1604 Ἐπὶ
775 1551 828 1603 δὲ
853 1557 951 1604 τῶν
978 1549 1388 1618 τελευτησάντων,
1443 1552 1492 1613 ἐξ
1520 1547 1763 1618 ὀνόματος
1790 1549 1877 1613 τοὶς
1908 1551 2104 1620 μνήμας
2138 1557 2417 1618 ποιοῦνται,

483 1635 756 1708 προςευχοὶς
802 1642 1114 1701 1τελοῦντες,
1161 1637 1245 1689 καὶ
1288 1639 1534 1705 λατρείας,
1586 1637 1671 1688 καὶ
1714 1638 2010 1704 οἰκονομίας.
2095 1634 2332 1690 Ἑωθινοί
2371 1658 2421 1690 τε

483 1722 631 1791 ῦμνοι
660 1724 712 1776 έν
739 1719 862 1795 αὐτῇ
889 1727 949 1794 τῇ
983 1718 1098 1793 άγίᾳ
1129 1724 1357 1794 ἐκκλησίᾳ
1387 1724 1627 1789 διηνεκεῖς
1651 1725 1892 1791 γίνονται,
1932 1724 2018 1776 καὶ
2045 1724 2307 1792 προςευχαὶ
2332 1723 2418 1776 ἕω-

482 1810 654 1874 θιναὶ,
705 1811 924 1876 λυχνικοί
953 1828 1002 1860 τε
1038 1805 1141 1875 ἅμα
1171 1808 1359 1875 ψαλμοὶ
1393 1809 1477 1860 καὶ
1518 1812 1792 1877 προςευχαί.
1874 1809 2011 1870 Τινὲς
2043 1809 2095 1861 δὲ
2133 1814 2231 1861 τῶν
2269 1829 2420 1876 μονα-

484 1892 666 1958 ζόντων
698 1891 849 1961 αὐτῆς
874 1898 1162 1957 κατοικοῦσι
1189 1891 1277 1954 τάς
1303 1892 1491 1956 πόλεις,
1531 1894 1655 1955 τινὲς
1682 1894 1735 1946 δὲ
1760 1895 1844 1946 καὶ
1874 1895 1925 1946 ἐν
1954 1896 2296 1964 μοναστηρίοις
2331 1915 2416 1946 κα-

484 1980 740 2045 θέζονται,
789 1980 873 2032 καὶ
907 1976 1007 2031 ἀπό
1048 1978 1270 2047 μήκοθεν
1312 1976 1665 2049 ἀναχωροῦσιν.
1725 1977 1900 2049 ’Ήρεσε
1937 1980 1992 2031 δέ
2019 1997 2115 2032 τισι
2143 1980 2228 2032 καὶ
2258 1978 2419 2046 κόμας

483 2067 608 2133 ἔχειν
635 2070 837 2135 τριχῶν,
876 2065 1036 2117 ἕνεκεν
1066 2067 1223 2132 δῆθεν
1250 2068 1519 2129 πολιτείας,
1559 2062 1641 2117 ἄπ’
1670 2067 1799 2117 ἰδίου
1829 2062 1973 2129 νοός,
2024 2064 2083 2117 οὐ
2109 2069 2197 2117 τοῦ
2223 2063 2418 2134 εὐαγγε-

482 2154 592 2203 λίου
624 2148 1002 2219 προςτάξαντος,
1042 2147 1103 2202 οὗ
1126 2156 1225 2202 τῶν
1256 2148 1548 2202 ἀποστόλων
1572 2151 1860 2217 δεξαμένων.
1932 2147 1986 2201 Ὁ
2010 2148 2103 2219 γάρ
2127 2148 2265 2219 ἅγιος
2296 2147 2418 2203 άπό-

483 2242 651 2298 στολος
686 2240 890 2296 Παῦλος
932 2233 1161 2301 ἀπέκοψε
1201 2241 1347 2287 τοῦτο
1389 2233 1443 2286 τό
1483 2240 1655 2301 σχῆμα.
1729 2237 1848 2286 Εἰσὶ
1883 2235 1934 2287 δὲ
1963 2241 2198 2296 πολιτεῖαι
2230 2240 2256 2270 ²
2282 2233 2418 2287 ἄλλαι

483 2323 719 2391 ἐξαίρετοι
762 2322 813 2374 ἐν
844 2326 905 2393 τῇ
937 2319 1061 2392 αὐτῇ
1087 2325 1336 2392 καθολικῇ
1380 2321 1610 2391 ἐκκλησίᾳ
1648 2318 2032 2387 φυλαττόμεναι,
2085 2321 2216 2387 φημὶ
2246 2320 2299 2373 δὲ
2327 2325 2417 2373 τοῦ

482 2405 753 2473 ἀπέχεσθαι
777 2411 936 2475 κρεῶν
961 2404 1175 2469 πάντων,
1214 2403 1527 2472 τετραπόδων
1553 2426 1602 2457 τε
1629 2407 1713 2457 καὶ
1740 2404 1927 2476 ὀρνέων
1955 2407 2038 2458 καὶ
2067 2405 2273 2473 ἰχθύων,
2313 2405 2419 2459 ὠοῦ

478 2512 529 2543 τε
555 2492 640 2543 καὶ
678 2496 856 2560 τυροῦ,
907 2491 994 2560 καὶ
1037 2492 1193 2559 ἕτεραι
1229 2489 1464 2560 διάφοροι
1505 2497 1766 2555 πολιτεῖαι,
1821 2490 1895 2544 ὅτι
1932 2493 2136 2553 ἕκαστος
2173 2489 2297 2545 κατά
2330 2489 2416 2545 τόν

480 2578 612 2628 ἴδιον
638 2573 861 2642 κάματον
885 2573 1070 2642 μισθόν
1097 2575 1319 2643 λήψεται.
1396 2577 1496 2627 Καὶ
1521 2579 1573 2628 οἷ
1591 2576 1678 2644 μὲν
1704 2575 1966 2644 άπέχονται
1989 2576 2189 2631 πάντων
2211 2575 2414 2642 τούτων,

482 2660 611 2713 οἶδὲ
639 2658 952 2730 τετραπόδων
984 2659 1173 2728 μόνων,
1225 2659 1528 2728 λαμβάνουσι
1569 2662 1622 2714 δὲ
1657 2659 1867 2732 ὀρνέων,
1918 2663 2004 2715 καὶ
2043 2660 2103 2715 τὀὶ
2146 2663 2410 2729 μετέπειτα.

463 2744 663 2816 4’Έτεροι
703 2746 757 2798 δὲ
794 2747 877 2798 καὶ
916 2742 1100 2813 ὀρνέων
1144 2742 1435 2814 άπέχονται,
1489 2746 1796 2815 λαμβάνουσι
1838 2748 1891 2800 δὲ
1941 2745 2053 2801 ‹5⁶31›
2090 2749 2171 2800 καὶ
2208 2746 2412 2816 ἰχθύων.

464 2829 660 2901 ‘'Et-5901
691 2831 744 2883 δὲ
781 2828 895 2884 οὐδὲ
928 2828 1040 2883 οἰῶν
1068 2831 1417 2902 λαμβάνουσιν.
1474 2830 1641 2887 ’Ἀλλοι
1668 2834 1722 2886 δὲ
1751 2834 1941 2901 ἰχθύων
1974 2832 2204 2901 3μόνων,
2260 2834 2414 2903 ἕτεροι

484 2917 570 2969 4δὲ
597 2917 680 2969 καὶ
709 2916 900 2983 ἰχθύων
925 2914 1206 2984 άπέχονται,
1229 2923 1381 2987 τυροῦ
1405 2918 1458 2971 δὲ
1481 2916 1839 2986 λαμβάνουσιν·
1862 2920 2014 2988 ἕτεροι
2039 2918 2091 2971 δὲ
2117 2917 2237 2972 οὐδὲ
2259 2922 2414 2989 τυροῦ

477 3000 828 3070 λαμβάνουσιν.
863 2999 994 3068 ’Ήδη
1024 3003 1075 3055 δὲ
1095 3004 1180 3055 καὶ
1209 3000 1341 3056 ἄλλοι
1367 3001 1519 3072 ἄρτου
1545 3004 1822 3072 ἀπέχονται.
1853 3003 2050 3074 ’Ἕτεροι
2073 3003 2126 3055 δὲ
2149 3004 2234 3055 καὶ
2265 3000 2410 3073 άκρο-

480 3085 648 3156 δρύων
689 3088 773 3140 καὶ
812 3085 1093 3154 ἑψημάτων.
1174 3090 1358 3141 Πολλοὶ
1396 3089 1448 3141 δὲ
1484 3091 1569 3141 καὶ
1614 3095 1950 3158 χαμευνοῦσιν.
2010 3085 2179 3141 ’Ἁλλοι
2214 3088 2268 3141 δὲ
2295 3085 2412 3141 οὐδὲ

479 3169 851 3225 ὖποδέννυνται.
912 3170 1078 3227 ’Ἀλλοι
1107 3175 1159 3227 δὲ
1199 3173 1385 3226 σάκκον
1408 3180 1621 3244 φοροῦσι
1648 3175 2010 3244 κεκρυμμένον,
2058 3175 2109 3226 οἷ
2131 3178 2292 3234 καλῶς
2319 3194 2411 3239 φο·

481 3262 683 3327 ροῦντες
701 3255 761 3310 δι’
783 3255 961 3329 ἀρετὴν
984 3261 1065 3312 καὶ
1090 3258 1372 3326 μετάνοιαν·
1400 3257 1618 3331 ἀπρεπὲς
1641 3259 1730 3330 γάρ
1755 3262 1884 3313 ἐστιν
1903 3261 1955 3312 έν
1976 3266 2227 3327 προφανεῖ
2243 3256 2410 3332 σάκκῳ

479 3344 729 3409 προϊέναι,
768 3342 838 3405 ὥς
866 3365 991 3406 τινες
1026 3344 1156 3398 οὕτω
1185 3343 1509 3414 πράττουσιν,
1549 3342 1762 3414 άπρεπὲς
1789 3344 1856 3411 δὲ,
1895 3341 1962 3405 ὥς
1994 3346 2205 3411 ἔφημεν,
2243 3345 2326 3397 καὶ
2353 3340 2408 3396 τό

480 3432 667 3489 κλοιοῖς
706 3430 955 3499 προϊέναι,
1009 3428 1076 3491 ἇίς
1114 3448 1237 3483 τισιν
1264 3431 1442 3493 ἔδοξεν.
1524 3433 1589 3482 Οἱ
1612 3433 1805 3491 πλείους
1833 3429 1886 3481 δὲ
1913 3432 2172 3496 βαλανείου
2206 3426 2409 3497 ἀπέχον·

479 3533 578 3565 ται·
629 3516 714 3566 καί
752 3535 879 3577 τινες
921 3513 1218 3578 άπετάξαντο
1266 3521 1335 3589 τῷ
1372 3519 1490 3588 βίῳ,
1544 3516 1713 3583 τέχνας
1749 3511 1926 3576 λεπτάς
1961 3516 2045 3567 καὶ
2083 3512 2410 3585 ἀπράγμονας

538 3628 576 3668 5.
610 3630 653 3668 V.
685 3631 839 3670 Petavii
865 3635 1009 3671 annott.
1533 3631 1573 3672 2.
1603 3632 1714 3671 Libri
1741 3632 1857 3680 vulqo
1886 3622 2013 3671 ἄλλοι.

535 3682 574 3723 6.
605 3683 757 3739 ἐνάτης
784 3688 895 3727 codd.
926 3700 1019 3728 mss.
1051 3692 1086 3728 et
1118 3689 1209 3728 edit.
1234 3690 1360 3738 princ.
1532 3686 1572 3728 3.
1596 3688 1719 3727 Verba
1743 3682 1894 3739 μόνων,
1928 3684 2059 3739 ἕτεροι
2081 3685 2130 3729 δὲ
2151 3685 2224 3729 καὶ
2249 3681 2405 3742 ἰχθύων

538 3739 635 3780 Cu.
650 3742 795 3782 XX11.
817 3766 867 3774 -
914 3745 948 3785 1.
980 3743 1190 3793 ποιοῦντες
1215 3746 1298 3785 cod.
1315 3745 1415 3784 Rhe·
1472 3744 1740 3784 desiderantur
1764 3745 1804 3782 in
1833 3743 1923 3783 edit.
1951 3745 2085 3783 Petav.
2113 3745 2242 3785 Colon.
2260 3746 2374 3794 repet.

482 3796 562 3846 dio·
1528 3799 1566 3840 4.
1596 3795 1644 3841 δὲ
1673 3800 1800 3839 omiss.
1830 3801 1872 3840 in
1902 3801 1984 3840 cod.
2015 3801 2178 3851 Rhediy.
