2508 4134
473 241 575 294 640
1047 216 1321 293 AD⁵DENDA
1351 251 1425 296 ET
1456 244 1831 296 conmemxzm.

471 353 579 401 tum)
608 349 843 404 θεοσημεία
882 347 1169 404 θαυμάζοντες
1206 356 1442 406 προςκυνεῖν
1469 350 1545 408 τήν
1574 348 1702 396 adro&
1728 366 1828 395 ποτε
1866 349 2009 396 εἰκόνα
2028 347 2403 408 ’ἄνατυπωσάμενοι

470 418 741 475 προςεκύνουν
771 420 1100 475 πεπλανημένοι,
1146 418 1193 465 ού
1222 423 1295 465 τοῦ
1340 423 1502 467 δικαίου
1545 423 1680 467 αἰτίου
1722 420 1866 471 αὐτοῖς
1893 422 2137 479 γενομένου,
2186 419 2293 468 άλλά
2319 423 2403 478 τῆς

471 488 632 546 πλάνης
656 486 795 534 αύτῶν
817 489 890 534 διὰ
916 492 990 534 τοῦ
1017 492 1180 536 δικαίου
1205 494 1309 534 Ven.
1344 518 1396 525 -
1443 494 1471 535 l.
1496 495 1562 537 21.
1594 495 1764 549 Repone
1788 501 2005 535 accentum
2018 493 2069 534 ‘in
2088 495 2236 536 vocula
2258 492 2329 537 rei.
2344 517 2401 525 ———

470 562 496 602 l.
527 559 596 602 24.
629 557 795 611 αὐτοῖς,
839 570 937 617 post
965 561 1237 617 πράγματος,
1280 578 1361 606 om.
1392 567 1497 607 Ven.
1527 588 1582 596 —
1619 564 1756 605 >Idem
1783 564 1888 604 liber
1913 563 2015 605 ibid.
2040 564 2163 619 ppulo
2193 573 2290 620 post
2314 565 2400 607 Σε-

473 631 640 689 βαστίᾳ.
671 657 725 664 —-
783 632 810 674 l.
837 632 903 673 25.
935 631 1002 675 ἐπὶ
1038 630 1195 688 ταύτην
1226 636 1329 676 Ven.
1391 635 1516 686 Quod
1557 635 1855 690 reponendum.
1891 658 1941 665 --
2000 634 2027 676 l.
2053 634 2121 677 26.
2152 634 2206 680 τοὶ
2254 634 2400 686 ἔνδοξα

470 702 545 746 καὶ
574 702 684 758 σοφὰ
714 704 817 744 Ven.
850 727 903 734 —
961 703 986 743 1-
1013 703 1079 748 27.
1115 704 1187 755 εἰς,
1218 714 1315 747 ante
1341 702 1582 761 ὑπέρογκον,
1615 720 1696 747 om.
1727 707 1831 745 Ven.
1868 729 1916 735 -
1975 704 2002 748 l.
2031 707 2056 747 5
2086 706 2237 748 ahinf.
2267 705 2400 750 ἐνδια-

471 773 619 823 θέτους
660 774 792 818 τοῦτο.
850 771 982 817 Εἶπον
1013 773 1063 818 δέ
1090 789 1196 824 τινες
1238 773 1498 830 Ἠρακλαάμ
1539 791 1630 819 τινα
1669 777 1762 818 καλ.
1796 773 1866 819 τὸν
1908 771 2037 819 αὐτοῦ
2066 790 2186 829 πατ.,
2220 790 2317 833 μητ.
2351 775 2401 821 δὲ

468 841 688 900 Ασθάρθ,
731 842 809 898 τήν
840 843 894 897 δὴ
926 843 1000 887 κα).
1028 841 1312 901 Ἀστοριανην.
1372 838 1510 895 Ουτος
1538 844 1586 890 δὲ
1617 845 1662 897 ἐξ
1692 844 1784 895 ἑνὸς
1813 846 1895 890 τῶν
1925 847 2027 890 υἱῶν
2057 847 2138 891 τῶν
2169 846 2276 905 ἐπιχ.
2306 844 2400 891 κατ’

469 914 531 958 ἐκ.
564 918 708 970 καιροῦ
735 915 818 958 τῶν
846 914 887 959 έν
916 915 1046 972 Σαβῃ
1076 918 1130 972 τῇ
1162 914 1332 961 πεδιάδι
1361 919 1451 959 κτλ.
1470 918 1576 960 Ven.
1611 941 1657 948 -—
1711 917 1740 957 l.
1769 917 1840 958 ult.
1867 915 1953 972 γὰρ
1984 916 2111 973 φασὶν
2137 914 2270 974 αύτην
2297 916 2400 963 εἶναι

468 984 544 1041 τήν
573 986 642 1030 νῦν
669 982 769 1042 Ιερ.
802 1002 842 1029 κ.
860 1019 870 1037 ,
901 1001 943 1030 π.
972 985 1021 1030 δὲ
1049 981 1213 1044 Ἰεβοὺς
1242 987 1499 1042 καλουμένην
1532 989 1635 1029 Ven.

582 1049 864 1115 Pag.132.
919 1057 948 1098 1.
976 1058 1015 1099 2.
1055 1057 1260 1113 Σηκίμων
1297 1053 1390 1102 κατ’
1419 1053 1588 1114 ἀντικρὺ
1618 1059 1698 1114 τῆς
1732 1059 1818 1103 νυνὶ
1844 1059 1899 1101 Ν.
1930 1074 2064 1110 ουτως
2092 1054 2185 1104 καλ
2211 1062 2315 1102 Ven.
2348 1086 2399 1094 -—

468 1128 496 1168 1.
525 1124 564 1170 4.
609 1124 900 1184 άφεστηκασιν
931 1130 1035 1169 Ven.
1064 1152 1121 1159 —
1192 1129 1220 1169 l.
1251 1127 1293 1170 9.
1333 1126 1403 1173 τὸν
1446 1127 1646 1186 Ἀβραὰμ
1691 1131 1768 1185 (ita
1809 1139 2073 1183 constanter,
2117 1131 2176 1172 uti
2207 1131 2399 1182 videtur)

466 1198 744 1254 προςενέγκας
774 1201 890 1250 Ven.‚
923 1199 992 1255 qui
1020 1214 1117 1241 mox
1142 1199 1215 1242 καὶ
1243 1199 1487 1255 particulam
1513 1209 1610 1241 ante
1640 1199 1784 1256 ἐπειδὴ
1820 1216 1903 1242 non
1933 1201 2134 1257 agnoscit.
2166 1220 2218 1234 ⁶-
2274 1202 2302 1244 l.
2333 1202 2397 1245 10.

470 1269 618 1325 ἔμελλε
647 1271 719 1313 τοῦ
749 1267 947 1327 Ἀβραὰμ
977 1269 1025 1314 ἐκ
1052 1271 1281 1326 περιτομῆς
1306 1270 1499 1326 γίνεσθαι
1525 1272 1601 1327 ἱερ.
1619 1306 1628 1323 ,
1677 1273 1829 1314 omisso
1853 1270 1898 1328 τῖ,
1929 1275 2032 1315 Ven.
2065 1297 2115 1304 —-
2174 1273 2202 1314 1.
2234 1273 2296 1315 11.
2325 1273 2399 1316 τοῦ

469 1341 569 1384 θεοῦ
597 1342 838 1398 ταπεινωθῇ
875 1339 979 1396 πρὸς
1005 1339 1051 1384 τό
1088 1339 1147 1396 μη
1178 1336 1389 1397 αύχοῦσαν
1427 1342 1575 1394 (verba
1604 1342 1676 1388 διὰ
1705 1346 1784 1398 τῆς
1810 1341 2012 1399 γνώσεως
2035 1345 2202 1399 καθαιρ.
2222 1343 2398 1398 desunt)

466 1425 503 1455 τ.
532 1427 573 1455 π.
605 1411 674 1456 ἐπὶ
700 1413 755 1469 τῇ
784 1409 993 1468 ἱερωσύνῃ
1029 1413 1083 1469 τῇ
1116 1409 1177 1466 μη
1205 1412 1556 1470 παρατηρουμένῃ
1598 1412 1758 1469 σαρκὸς
1786 1413 2014 1470 περιτομὴν
2043 1410 2074 1470 ἦ
2104 1411 2399 1472 ἀκροβυστίαν,

468 1482 643 1540 ἔχουσαν
670 1481 719 1528 δὲ
739 1481 815 1538 τήν
846 1483 1014 1538 μείζονα
1037 1483 1111 1526 καὶ
1135 1481 1400 1539 τελειοτάτην
1427 1482 1655 1541 περιτομήν
1682 1483 1729 1529 τὸ
1762 1483 1930 1540 λουτρὸν
1958 1486 2039 1540 τῆς
2065 1485 2397 1541 παλιγγενεσίας.

465 1554 524 1597 Εἰ
550 1552 630 1610 γάρ
657 1551 855 1611 Ἀβραὰμ
883 1557 971 1597 κτλ.
1030 1554 1058 1596 l.
1088 1553 1152 1597 16.
1182 1552 1342 1610 φάσκει
1366 1556 1420 1612 τῇ
1451 1556 1599 1612 γραφῇ
1626 1554 1698 1600 διὰ
1721 1571 1753 1599 τ.
1784 1557 1831 1599 Δ.
1858 1558 1959 1598 Ven.
1995 1582 2043 1588 -
2101 1557 2130 1599 1.
2159 1556 2221 1600 17.
2248 1555 2400 1613 γεννή-

470 1639 606 1680 σεως,
653 1624 758 1670 ἑπτὰ
798 1625 847 1670 δὲ
888 1622 971 1670 άπὸ
1000 1626 1081 1680 τῆς
1115 1622 1179 1668 Ἀ.
1208 1629 1316 1670 διαδ.
1348 1624 1389 1668 ἐν
1427 1627 1488 1683 τῷ
1514 1625 1783 1683 Μελχισεδὲκ
1817 1625 1896 1682 τήν
1923 1624 2156 1683 ἱερωσύνην
2182 1627 2398 1679 ἵστασθαι,

467 1695 598 1752 φύσει
626 1695 779 1748 ἔδειξεν
819 1693 895 1740 ούκ
938 1695 979 1740 ἐν
1006 1697 1061 1753 τῇ
1091 1696 1357 1755 παλαιᾷτῆς
1385 1698 1616 1752 περιτομῆς
1645 1695 1855 1755 ἱερωσύνῃ
1883 1695 1931 1742 τὸ
1961 1697 2168 1753 ἱερατικὸν
2198 1698 2402 1753 ἐπιμένειν

465 1768 622 1823 τάγμα.
679 1757 936 1811 Μετετίθετο
975 1766 1055 1823 γὰρ
1100 1767 1160 1816 εἰς
1200 1766 1277 1824 τήν
1320 1765 1398 1821 πρὸ
1445 1768 1516 1812 τοῦ
1557 1768 1667 1812 Λευὶ·
1705 1771 1812 1811 Ven.
1843 1795 1898 1802 —-
1954 1769 1982 1810 l.
2011 1771 2078 1812 20.
2119 1766 2233 1820 τάξιν
2262 1769 2400 1826 Μελχ.

467 1838 725 1895 ἱερωσύνην,
769 1840 895 1889 εἴτις
934 1838 1019 1883 νυνὶ
1047 1838 1087 1883 ἐν
1115 1839 1172 1896 τῇ
1202 1838 1316 1882 ἐκκλ.
1350 1853 1393 1882 π.
1425 1834 1506 1883 οἷπό
1542 1841 1623 1894 τῆς
1654 1841 1728 1885 τοῦ
1756 1840 1898 1896 κυρίου
1926 1837 2129 1895 ἐνσάρκου
2156 1839 2398 1896 παρουσίας,

467 1911 541 1955 καὶ
567 1912 690 1966 δεῦρο
717 1913 821 1952 Ven.
853 1936 905 1942 --
964 1911 991 1951 l.
1019 1910 1086 1954 26.
1116 1909 1378 1965 τελειότητος
1412 1910 1541 1952 habet
1577 1913 1682 1953 Ven.
1718 1936 1765 1943 -
1826 1912 1853 1952 l.
1878 1910 1903 1954 4
1931 1912 1982 1953 ab
2008 1911 2085 1952 inf.
2119 1910 2277 1960 πάσαις
2317 1908 2397 1966 γὰρ

469 1983 616 2038 ῥηταῖς
641 1981 736 2036 (καὶ
761 1982 902 2036 deest)
935 1983 1038 2024 Ven.
1099 1981 1212 2022 Idem
1242 1982 1347 2023 liber
1372 1981 1497 2036 paulo
1532 1991 1679 2037 postea
1707 1981 1886 2037 πατέρες
1911 1976 1942 2038 ἢ
1970 1983 2014 2026 αἱ
2039 1998 2081 2038 μ.
2128 1978 2228 2025 Ἵνα
2253 1980 2301 2027 δὲ
2325 1980 2399 2025 καὶ

469 2053 528 2109 μη
562 2051 632 2098 διὰ
661 2054 794 2097 τοῦτο.

581 2126 712 2183 Pag.
733 2124 863 2170 134.
918 2125 945 2166 l.
980 2128 1015 2167 1.
1046 2120 1262 2181 ηὕραμεν,
1294 2120 1347 2181 ἦν
1374 2140 1464 2169 τινα
1494 2123 1566 2168 καὶ
1596 2121 1693 2167 καθ’
1725 2121 1869 2179 εἱρμὸν
1898 2121 2026 2180 ιῖφηγ.
2086 2116 2223 2173 Οὗτος
2246 2120 2400 2172 Ἠλίας

467 2199 586 2247 Ven.‚
618 2197 686 2252 qui
710 2197 820 2237 idem
844 2196 968 2252 paulo
998 2205 1095 2251 post
1119 2192 1278 2246 Ἰωδὰς
1305 2196 1378 2239 τοῦ
1406 2197 1483 2251 ἱερ.
1506 2218 1560 2227 -—
1603 2195 1628 2237 l.
1647 2195 1687 2238 3.
1716 2192 1937 2252 Ἀχιναάμ,
1968 2191 2176 2252 Ἀχιναάμ
2199 2192 2248 2239 δὲ
2277 2197 2397 2244 Ven„

467 2269 536 2324 qui
570 2269 694 2324 paulo
732 2277 828 2324 post
855 2282 935 2309 om.
973 2267 1021 2311 δὲ
1055 2275 1153 2322 post
1188 2265 1367 2312 Σαδώκ.
1399 2292 1450 2300 -
1510 2267 1538 2308 l.
1569 2267 1608 2307 ὃ.
1637 2262 1841 2321 Ἀμορία,
1884 2262 2064 2321 Ἀμορία
2100 2266 2173 2309 τοῦ
2212 2263 2399 2318 Ῥαζαζά

467 2344 579 2392 (Bas.
615 2341 757 2392 ζαζᾶ),
788 2336 976 2390 Ῥαζαζά
1006 2339 1080 2382 τοῦ
1105 2333 1272 2389 Ἀαζία,
1302 2334 1454 2389 Ἀαζία
1481 2340 1554 2381 τοῦ
1582 2337 1638 2380 Φ.
1669 2339 1771 2379 Ven.
1803 2362 1855 2368 —
1912 2336 1941 2378 l.
1967 2335 2007 2379 6.
2036 2338 2140 2379 Voc.
2167 2335 2272 2386 υἱὸς,
2303 2344 2400 2378 ante

465 2414 539 2455 τοῦ
565 2408 754 2466 Ἀαρών,
786 2410 906 2451 deest
942 2410 983 2450 in
1011 2412 1114 2451 Ven.
1146 2434 1197 2440 -—
1257 2409 1284 2452 l.
1314 2409 1353 2452 7.
1385 2410 1510 2464 δῆλον
1539 2404 1578 2453 δ’
1618 2403 1684 2452 ’ὅτι
1720 2404 1884 2463 Ἀαρών
1911 2407 2001 2456 υἱὸς
2027 2410 2100 2451 τοῦ
2130 2406 2296 2463 Μαρμοὶ
2325 2408 2398 2451 τοῦ

465 2480 624 2532 Καάθ,
654 2479 787 2525 Καοὶθ
810 2482 882 2525 τοῦ
911 2479 1046 2535 Λευῖῆ
1064 2513 1076 2531 ,
1107 2480 1242 2536 τρίτος
1272 2477 1363 2529 υἱὸς
1390 2482 1461 2523 τοῦ
1486 2476 1647 2536 Ἰακώβ
1674 2475 1861 2535 άδελφός
1885 2477 1958 2534 μὲν
1982 2471 2035 2533 ἦν
2060 2474 2220 2530 Ἠσαῦ,
2249 2481 2401 2528 παῖδες

467 2552 516 2598 δὲ
546 2556 619 2597 τοῦ
656 2549 808 2596 Ἰσαάκ
839 2550 928 2601 υἱὸς
970 2548 1182 2608 Ἀβραάμ.
1212 2553 1316 2593 Veu.
1351 2576 1402 2583 --
1461 2551 1486 2592 1.
1517 2550 1557 2593 9.
1602 2551 1749 2606 ῥηταῖς
1789 2550 1945 2608 βίβλοις
1986 2550 2138 2606 σαφῶς
2170 2550 2214 2593 αἱ
2240 2546 2398 2593 τούτων

467 2621 514 2669 ού
541 2623 646 2668 πάνυ
677 2639 760 2679 γεν.
791 2624 893 2666 Ven.
925 2647 976 2654 -
1035 2622 1063 2662 l.
1082 2623 1144 2664 12.
1175 2616 1273 2665 οὔτε
1304 2621 1344 2666 ἐν
1375 2620 1672 2678 παραδόσεσιν,
1705 2616 1802 2666 οῦτε
1831 2620 1874 2666 ἐν
1904 2616 2160 2677 άποκρύφοις
2187 2619 2285 2670 τούς
2313 2635 2399 2664 πα·-

464 2696 589 2751 τέρας
617 2690 806 2751 ηὕραμεν
838 2696 941 2736 Ven.
1001 2694 1111 2735 Hinc
1151 2693 1404 2749 supplendus
1448 2703 1510 2734 est
1551 2694 1666 2734 locus
1696 2692 1737 2734 in
1769 2692 1867 2734 edit.
1898 2692 2007 2748 vulg.
2038 2717 2093 2724 —-
2150 2693 2177 2733 l.
2210 2691 2275 2735 14.
2304 2692 2399 2735 Σε-

466 2765 589 2823 δράχ,
620 2764 783 2818 Μισάκ,
813 2762 1057 2822 Ἀβδεναγώ
1083 2765 1183 2818 (εἰσ)
1213 2763 1491 2820 φαντάσουσιν
1520 2764 1651 2821 (λέγω
1680 2764 1818 2819 deest)
1847 2766 1952 2806 Ven.
1984 2789 2038 2795 —
2096 2763 2124 2804 l.
2153 2764 2217 2805 15.
2251 2761 2398 2818 μέτρον

467 2836 650 2893 ἑκάστην
683 2835 762 2881 ὑπὸ
795 2836 909 2881 θέσιν
941 2832 1255 2891 άπάτοραςκαὶ
1284 2833 1506 2893 άμητορας
1535 2832 1689 2885 αὖτοὺς
1719 2832 2012 2891 λογισάμενοι;
2069 2831 2199 2878 Ἀλλὰ
2229 2831 2290 2890 μη
2322 2833 2397 2889 γέ-

465 2924 583 2954 νοιτο.
629 2905 757 2964 ’Ὅροι
786 2907 865 2964 γὰρ
896 2907 1005 2952 ἐτέθ.
1036 2911 1139 2951 Ven.
1171 2933 1226 2940 ·—
1282 2908 1310 2949 1.
1339 2908 1403 2951 18.
1437 2912 1546 2952 διαδ.
1570 2906 1837 2952 διδασκάλων
1860 2905 1933 2950 καὶ
1959 2921 2131 2961 πανταχ.
2164 2904 2235 2960 (ἐκ
2258 2905 2396 2958 deest)

466 2982 568 3022 Ven.
604 3004 654 3012 --
712 2981 738 3021 l.
765 2981 832 3022 20.
873 2978 1127 3034 προκείμενα
1158 2980 1218 3028 εἰς
1246 2974 1351 3034 ἅπερ
1398 2973 1511 3023 οὗτοι
1549 2982 1655 3020 Ven.
1689 3004 1738 3010 —-
1798 2979 1825 3020 l.
1847 2980 1913 3021 21.
1957 2982 2085 3019 Sanat
2114 2977 2257 3019 vulnus
2289 2977 2395 3017 Ven.

452 3046 557 3095 ΓὈτι
598 3050 671 3107 μὲν
706 3048 785 3106 γὰρ
830 3045 947 3106 ἅγιος
977 3048 1000 3094 ὁ
1030 3050 1202 3101 δίκαιος.
1236 3076 1288 3084 —-
1360 3051 1388 3091 l.
1415 3052 1480 3093 22.
1527 3049 1689 3105 Σαλήμ
1732 3051 1884 3105 δῆλον,
1926 3046 2015 3093 ἀλλ’
2047 3045 2095 3093 ου’
2126 3049 2206 3103 τῆς
2235 3045 2277 3090 ἐν
2309 3044 2395 3102 ούρ.

465 3125 568 3164 Ven.
588 3146 645 3154 -
685 3122 712 3163 l.
736 3124 802 3164 25.
832 3122 965 3178 Μελχ.
993 3124 1206 3176 κρατοῦσα
1229 3124 1332 3164 Ven.
1352 3146 1408 3154 —
1447 3123 1475 3163 1.
1498 3121 1565 3165 26.
1597 3114 1810 3165 διδάσκων
1837 3122 1943 3162 Ven.
1967 3128 2021 3152 --'
2062 3120 2090 3161 1.
2109 3121 2178 3162 28.
2210 3117 2396 3159 Emenda

465 3209 514 3235 ex
544 3195 649 3236 Ven.
683 3195 840 3249 μετοχῇ
875 3191 1033 3248 σαρκὸς
1063 3194 1242 3250 διαδοχῇ
1272 3190 1337 3248 γῖν.
1369 3217 1425 3225 -
1482 3193 1511 3233 1.
1544 3193 1611 3235 30.
1647 3195 1757 3236 διαδ.
1789 3191 1933 3248 ἔσχεν,
1965 3186 2055 3234 ἀλλ’
2085 3191 2188 3230 Ven.
2227 3213 2275 3220 —
2318 3188 2349 3229 1.
2368 3189 2394 3230 5

464 3267 515 3307 ab
544 3265 622 3308 inf.
652 3260 778 3308 αὖτόν
809 3265 945 3306 firmat
973 3266 1075 3306 Ven.
1104 3287 1159 3296 ——
1216 3265 1244 3305 l.
1278 3263 1306 3306 4
1334 3265 1385 3305 ab
1413 3262 1488 3305 inf.
1519 3262 1662 3321 χρόνον
1691 3264 1772 3318 τῆς
1802 3259 1931 3306 αὐτοῦ
1963 3260 2194 3315 ὑπηρεσίας
2217 3256 2394 3315 ἱερωσύ-

378 3342 391 3356 “
463 3352 535 3392 νην
568 3338 670 3379 Ven.
702 3361 756 3370 --
814 3336 842 3377 1.
873 3337 912 3379 3.
943 3335 1019 3390 ἐκ,
1051 3345 1147 3376 ante
1174 3336 1300 3385 θεοῦ,
1333 3350 1413 3376 om.
1443 3337 1567 3385 Ven.‚
1596 3334 1697 3375 item
1727 3334 1850 3390 paulo
1878 3341 1976 3389 post
2005 3331 2128 3373 verba
2159 3329 2231 3374 καὶ
2259 3326 2395 3388 οἷχρό-

463 3423 558 3457 νως.
590 3432 642 3439 -
699 3408 727 3449 l.
758 3407 914 3463 penult.
947 3404 1168 3462 γενόμενος
1197 3404 1245 3451 δὲ
1276 3402 1330 3450 δι’
1357 3405 1476 3461 ημᾶς
1501 3408 1603 3447 Ven.

578 3481 710 3537 Pag.
738 3480 866 3524 136.
922 3477 948 3518 l.
979 3476 1018 3520 4.
1062 3476 1206 3522 ἑαυτὸν
1236 3475 1307 3522 διὰ
1344 3477 1419 3520 τοῦ
1452 3479 1631 3532 σταυροῦ
1673 3475 1971 3532 προςενέγκας,
2016 3472 2083 3517 ἵνα
2113 3472 2221 3529 λύσῃ
2251 3467 2392 3518 πᾶσαν

466 3549 614 3594 θυσίαν
643 3552 736 3593 παλ.
768 3551 894 3601 διαθ.,
925 3547 1002 3602 τήν
1033 3547 1321 3603 ἐντελεστέραν
1352 3546 1401 3592 δὲ
1429 3548 1502 3592 καὶ
1534 3549 1672 3600 ζῶσαν
1703 3545 1806 3602 ύπὲρ
1835 3543 1988 3593 παντὸς
2014 3543 2087 3586 τοῦ
2119 3542 2283 3598 κόσμου
2309 3545 2393 3585 Ve-

465 3630 599 3662 netus.
632 3646 681 3653 -
740 3621 769 3662 l.
803 3621 842 3664 6.
877 3620 994 3661 Corr.
1027 3620 1155 3674 θῦμα.
1189 3645 1243 3651 --
1299 3620 1328 3661 l.
1364 3621 1427 3662 11.
1459 3617 1569 3663 κατὰ
1611 3617 1664 3662 τοὶ
1697 3613 1958 3672 σπερματικά
1987 3614 2061 3657 καὶ
2088 3612 2165 3664 τοὶς
2195 3612 2393 3672 διαδοχὰς

465 3692 572 3732 Ven.
602 3717 659 3724 —
714 3693 741 3734 1.
770 3694 835 3736 13.
867 3688 1154 3743 Φαντάζονται
1196 3689 1244 3735 δὲ
1292 3690 1412 3734 πάλιν
1455 3685 1570 3734 ἄλλοι
1599 3691 1704 3731 Ven.
1762 3686 1884 3737 Quod
1914 3687 2199 3741 reponendum
2230 3695 2304 3728 est.
2338 3709 2389 3717 -

466 3760 493 3800 l.
525 3763 588 3802 15.
620 3762 659 3805 ἐν
688 3763 744 3819 τῇ
775 3760 884 3819 αὐτῇ
915 3763 1112 3819 ἐπιστολῇ
1143 3760 1248 3817 πρὸς
1275 3759 1502 3818 Ἑβραίους
1532 3761 1607 3816 (τῇ
1633 3758 1770 3812 deest)
1802 3758 1904 3799 Ven.
1938 3781 1989 3787 -
2049 3757 2076 3798 l.
2103 3758 2166 3801 16.
2197 3754 2392 3812 Ἱέρακας

469 3827 491 3876 ὁ
524 3830 746 3888 Αἰγύπτιος
776 3833 1051 3891 αἰρεσιάρχης
1077 3834 1234 3889 νομίζει
1270 3833 1414 3877 τοῦτον
1444 3830 1514 3876 τὸν
1554 3830 1686 3884 Μελχ.
1730 3828 1835 3871 Veu.
1871 3852 1922 3858 —-
1981 3827 2009 3868 1.
2042 3829 2103 3873 17.
2133 3825 2390 3885 'Aepopmzofis-
