2508 4134
547 304 770 344 PANAau
798 304 901 343 Lm.
924 304 995 343 ιιι.
1025 305 1158 344 ToM.
1184 306 1214 346 1.
1244 305 1406 346 HAER.
1428 304 1623 344 Lxxvt.
1931 291 2029 341 223

274 402 441 451 XLVl.
483 397 536 452 Si
577 400 822 468 ingenitus
863 409 913 451 et
940 401 1058 450 deus
1090 419 1176 468 pro
1207 420 1300 452 uno
1337 402 1600 469 eodemque
1630 409 1907 463 sumantur,
1959 400 2032 451 in-

136 485 327 553 genitus
364 484 630 552 ingenitum
668 484 852 552 genuit.
931 481 1017 535 Sin
1062 485 1304 534 diversum
1347 486 1564 552 quiddam
1610 485 1807 553 ingeniti
1855 502 1910 535 ac
1956 484 2030 535 dei

136 568 369 619 vocabula
406 568 680 630 declarant,
736 584 1031 634 nequaquam
1061 567 1316 617 absurdum
1351 578 1424 618 est
1464 570 1601 619 «lenm
1635 587 1661 619 a
1688 570 1778 619 deo
1821 569 2032 636 genitum

135 669 264 717 esse,
306 669 412 702 cum
441 661 643 720 uterque
674 650 732 701 ab
762 650 974 718 ingenita
1004 651 1269 701 substantia
1297 651 1529 717 originem
1569 653 1779 703 duxerit.

270 737 461 786 XLVll.
491 733 544 787 Si
575 743 685 786 ante
716 735 855 784 deum
889 734 1001 784 nihil
1031 733 1226 785 omnino
1261 734 1365 796 fuit,
1406 734 1473 784 uti
1506 752 1676 786 revera
1702 737 1813 787 nihil
1848 736 2028 799 extitit,

134 820 252 871 deus
278 828 328 870 et
355 819 616 886 ingenitum
657 819 778 868 idem
805 818 941 886 plane
983 818 1280 886 significant,
1339 835 1442 867 cum
1477 819 1637 885 genita
1671 820 1861 870 soboles
1899 821 2031 889 inge-

134 904 281 954 nitum
305 921 399 954 non
430 903 663 954 admittat.
707 900 844 954 Unde
875 920 978 952 eum
1012 903 1101 952 deo
1130 920 1185 952 ac
1215 910 1347 969 patre
1378 920 1465 951 suo
1496 902 1636 952 simul
1662 905 1888 971 appellari
1922 923 2030 956 sese

134 1005 228 1038 non
268 987 461 1056 patitur.

270 1069 404 1122 Deus
434 1071 539 1133 ille,
580 1070 658 1138 qui
685 1087 713 1121 a
746 1070 875 1120 nullo
907 1070 1000 1120 alio
1027 1069 1220 1138 genitus
1251 1078 1343 1133 est,
1386 1069 1560 1136 quique
1587 1069 1717 1121 solus
1747 1089 1888 1122 verus
1915 1074 2032 1124 deus

132 1154 190 1205 ab
217 1153 331 1205 lesu
358 1151 586 1218 Christo,
645 1155 722 1222 qui
760 1155 819 1204 ab
857 1171 916 1204 eo
953 1154 1127 1205 missus
1159 1163 1291 1217 erat,
1347 1154 1609 1222 appellatus
1653 1163 1755 1217 est,
1813 1153 2028 1219 Christe,

131 1239 351 1306 inquam,
405 1239 482 1305 qui
529 1255 703 1288 revera
742 1247 852 1288 ante
894 1238 1085 1289 saecula
1113 1238 1270 1289 omnia
1298 1239 1487 1301 extitit,
1542 1248 1708 1305 estque
1747 1239 1851 1289 sine
1890 1242 2031 1291 dubio

131 1323 292 1391 genita
336 1322 632 1385 substantia,
691 1339 836 1372 sanos
876 1340 964 1373 vos
1009 1339 1249 1390 sanasque
1295 1331 1343 1372 et
1386 1322 1651 1372 incolumes
1693 1322 1749 1372 ab
1789 1323 2031 1392 impietate

132 1407 369 1458 custodiat
395 1406 442 1456 in
465 1403 662 1457 Christo
687 1404 797 1456 lesu
824 1405 1016 1457 domino
1046 1415 1232 1469 nostro,
1275 1423 1360 1474 per
1386 1423 1523 1473 quem
1553 1405 1707 1457 omnis
1730 1407 1882 1474 gloria
1912 1409 2029 1476 patri

134 1499 181 1541 et
219 1507 343 1541 nunc
382 1499 430 1541 et
466 1508 658 1559 semper
695 1499 743 1540 et
782 1490 829 1540 in
869 1491 1062 1541 saecula
1101 1491 1401 1541 saeculorum
1424 1530 1436 1553 ‚
1483 1490 1657 1540 Amen.

653 1602 947 1643 HACTENUS
981 1603 1126 1643 AETII
1155 1602 1509 1642 OPUSGULUM.

269 1741 377 1792 Hoc
414 1742 560 1810 igitur
592 1742 1107 1810 perniciosissimarum
1140 1742 1272 1794 Aelii
1312 1745 1687 1808 sententiarum,
1740 1762 1938 1813 quarum
1972 1750 2028 1799 ad

131 1844 219 1877 nos
260 1825 522 1894 particulae
573 1828 802 1893 quaedam
855 1836 1208 1895 pervenerunt,
1268 1828 1550 1896 principium
1600 1839 1675 1880 est
1726 1840 1891 1882 nostra
1942 1833 2030 1884 hac

129 1910 447 1978 disputatione
486 1911 821 1962 refellendum.
897 1909 1083 1962 Ferunt
1120 1911 1246 1962 euim
1294 1920 1510 1963 trecenta
1548 1912 1605 1963 ab
1635 1913 1718 1964 illo
1757 1917 2030 1986 conscripta

129 1994 332 2061 capitula
369 1995 568 2046 istorum
600 1994 801 2059 similia,
855 2013 911 2045 ac
949 1996 1251 2046 contumeliis
1287 1996 1496 2047 divinum
1530 1997 1578 2047 in
1616 2016 1790 2049 numen
1827 2002 2023 2051 referta.

129 2076 223 2128 Hic
252 2087 411 2129 autem
442 2078 637 2147 perinde
665 2097 720 2129 ac
748 2079 787 2129 si
821 2080 926 2147 quis
955 2080 1158 2130 emortui
1187 2081 1428 2131 cuiusdam
1464 2098 1518 2131 ac
1549 2083 1802 2149 putrefacti
1831 2102 2029 2152 serpeu-

127 2162 190 2212 tis
218 2163 399 2230 peritus
425 2180 482 2213 ac
510 2163 752 2214 studiosus
780 2164 961 2214 artifex
992 2164 1217 2231 reliquias
1247 2173 1389 2232 atque
1420 2183 1529 2216 ossa
1560 2166 1750 2233 legerit,
1792 2168 1855 2218 ita
1883 2170 2028 2236 pesti-

130 2246 262 2297 ferae
291 2246 417 2297 iltius
458 2248 703 2298 doctrinae
737 2256 946 2315 partem,
1003 2266 1142 2315 quam
1170 2248 1227 2298 ad
1260 2248 1477 2300 homines
1508 2250 1814 2318 decipiendos
1848 2252 2026 2321 scripto

127 2329 209 2380 illo
239 2347 327 2380 suo
359 2331 415 2380 ad
445 2331 673 2398 quosdam
716 2332 825 2381 dato
869 2332 1134 2395 commisit,
1187 2350 1243 2382 ac
1274 2333 1332 2382 de
1366 2350 1425 2384 eo
1458 2343 1679 2402 tanquam
1713 2336 1909 2404 egregio
1941 2338 2026 2388 ali-

128 2432 221 2481 quo
259 2431 404 2482 opere
444 2414 704 2481 gloriatur,
763 2415 931 2477 huius,
985 2415 1208 2483 inquam,
1264 2425 1446 2485 partem
1493 2418 1901 2471 lucubratiuncula
1949 2422 2027 2472 illa

127 2498 369 2561 continet,
422 2498 558 2548 cuius
588 2498 772 2549 initium
805 2500 1166 2567 descripsimuS.
1245 2498 1432 2567 Quibus
1464 2503 1522 2552 de
1551 2504 1736 2555 caussis
1765 2514 1812 2555 et
1842 2523 1930 2556 nos
1961 2523 2025 2557 ex

126 2581 376 2649 scripturis
414 2581 567 2632 sacris
599 2582 758 2633 divina
788 2584 1018 2650 quaedam
1048 2593 1190 2651 atque
1217 2585 1543 2637 efficacissima
1570 2587 1780 2639 remedia
1806 2589 1863 2640 ab
1889 2589 2025 2640 initio

127 2666 186 2716 ad
219 2666 361 2716 finem
397 2683 546 2733 usque
578 2666 887 2732 collegimuS,
941 2683 1003 2717 ex
1043 2668 1213 2735 quibus
1243 2670 1506 2720 antidotum
1539 2673 1771 2738 quoddam
1817 2675 2025 2724 confeci-

126 2766 232 2800 mus
258 2749 307 2799 in
339 2767 503 2800 eorum
534 2749 735 2818 gratiam
765 2751 841 2817 qui
874 2750 932 2801 ab
962 2750 1088 2801 illius
1118 2770 1308 2804 veneno
1333 2772 1388 2805 ac
1418 2764 1551 2823 peste
1577 2757 1734 2806 curari
1759 2757 2018 2808 voluerint.

126 2832 202 2883 Ac
233 2834 530 2901 singulorum
562 2835 901 2902 propemodum
942 2835 1206 2909 verborum¹
1230 2855 1295 2888 ex
1331 2839 1642 2906 syllogisticis
1676 2841 1768 2892 illis
1805 2842 2021 2910 capitulis

126 2917 500 2968 confutationem
540 2918 807 2968 istiusmodi
846 2918 1155 2971 subiecimus.

679 3087 828 3127 ΑΕΤΠ
858 3085 1107 3126 ANOMOEI
1134 3088 1451 3131 PRAEFATIO.

265 3168 502 3237 Quoniam
535 3170 882 3238 persecutionis
914 3170 1039 3220 illius
1068 3179 1309 3240 tempore,
1352 3192 1490 3241 quam
1524 3184 1688 3225 contra
1719 3193 1806 3227 nos
1838 3185 2019 3247 tempo-

126 3253 238 3304 rarii
268 3255 454 3322 quidam
486 3254 701 3305 homiues
727 3254 1021 3317 excitarunt,
1064 3257 1278 3306 nonnulli
1319 3274 1383 3308 ex
1410 3259 1469 3308 iis
1498 3276 1617 3325 quos
1656 3259 1863 3311 diximus
1891 3262 2020 3313 inter

125 3337 217 3389 alia
245 3339 388 3389 multa
433 3340 709 3407 opusculum
756 3338 988 3405 quoddam
1019 3336 1237 3405 privatim
1269 3358 1296 3390 a
1334 3341 1471 3391 nobis
1504 3343 1829 3394 elucubratum
1860 3347 1916 3395 de
1944 3347 2016 3396 in-

124 3421 287 3488 genito
315 3422 404 3473 deo
433 3441 488 3474 ac
513 3423 677 3490 genito
703 3422 1047 3489 surripienteS‚
1088 3422 1326 3490 plerisque
1351 3425 1521 3476 additis
1548 3436 1631 3476 aut
1658 3427 1903 3493 detractis,
1943 3430 2019 3482 in-

180 3614 244 3658 99.
277 3610 449 3671 οἷληὲὤς
474 3618 578 3659 abest
605 3620 720 3670 infra.
1159 3619 1191 3659 1.
1234 3633 1327 3673 ,,γρ.
1370 3618 1593 3677 ἐπιβέλου“
1637 3626 1773 3674 leyitur
1808 3629 1850 3665 tn
1889 3640 2015 3681 mar9.

182 3672 270 3713 100.
303 3672 460 3727 σωτῆρι
487 3677 604 3725 infra.
1097 3677 1185 3715 edit.
1214 3679 1347 3716 Petav.

183 3729 272 3768 101.
303 3731 362 3783 τῷ
390 3730 476 3771 5εῶ
505 3730 576 3771 καὶ
602 3728 725 3782 πατρὶ
754 3731 867 3782 infra.
1150 3732 1188 3770 2.
1221 3731 1261 3773 ἐν
1291 3734 1423 3789 καιρῷ
1448 3733 1521 3781 τοῦ
1548 3733 1834 3791 ἐπενεχὲέντος
1864 3742 2013 3792 legeba-

183 3784 272 3824 102.
303 3784 375 3827 καὶ
403 3773 471 3827 ἀεὶ
498 3789 600 3827 abest
628 3789 745 3837 infra.
1092 3792 1154 3827 tur
1181 3800 1313 3837 supra.
