2508 4134
518 310 743 352 PANARH
770 310 872 351 Lm.
896 310 968 350 111.
999 310 1132 351 ToM.
1158 311 1185 350 1.
1215 310 1380 351 mna.
1403 310 1597 350 Lxxvi.
1929 293 2030 347 225

134 408 421 478 terpolatum
443 424 498 458 ac
519 407 829 476 depravatum
855 406 1125 470 ediderunt,
1162 407 1436 475 perturbata
1459 408 1656 476 insuper
1679 404 1860 457 ordinis
1883 404 2030 467 serie,

134 501 275 560 atque
298 491 410 542 illud
436 491 559 542 idem
589 499 756 560 postea
777 490 1024 540 literarum
1056 489 1244 557 quidam
1271 492 1327 541 ad
1354 508 1442 542 nos
1467 492 1711 565 studiosus
1735 488 1909 551 attulit,
1951 505 2035 538 ne-

134 592 272 626 cesse
298 574 469 639 habui,
528 582 691 643 utpote
723 573 850 625 illius
878 582 1075 637 auctor,
1128 575 1421 624 recensitum
1472 592 1525 624 ac
1572 582 1876 643 repurgatum
1916 588 2035 640 opus

133 659 258 710 istud
301 659 357 710 ad
394 675 482 710 vos
524 659 743 722 mittere,
798 656 1082 725 quicumque
1115 657 1305 725 pietatis
1347 658 1554 709 athletae
1594 659 1842 725 utriusque
1885 672 2037 708 sexus

135 742 286 807 estis,
328 751 379 793 ut
406 741 685 809 intelligatis
713 741 829 792 nihil
863 759 956 792 non
990 741 1038 791 in
1070 758 1128 792 eo
1158 758 1222 791 ex
1251 758 1496 791 sacrarum
1528 741 1771 792 literarum
1807 757 2036 809 germano

134 844 244 878 esse
268 843 416 876 sensu
445 826 698 894 prolatum.
777 822 929 876 Cuius
963 825 1149 893 quidem
1196 824 1436 893 praesidio
1477 841 1562 875 eos
1601 842 1767 875 omnes
1808 825 1886 892 qui
1923 841 2037 874 con-

135 910 372 961 tradicere
407 899 651 960 voluerint
679 909 843 977 paucis
872 909 1153 976 quibusdam
1187 908 1402 959 breviter
1432 907 1633 958 obiectis
1666 907 1919 976 prohibere
1955 925 2037 976 po-

134 995 322 1058 teritiS,
380 1010 440 1044 ne
482 994 539 1043 de
581 992 798 1061 ingenito
837 993 927 1044 deo
957 1011 1012 1044 ac
1043 993 1208 1061 genito
1250 1009 1526 1043 sermonem
1564 991 1865 1059 impudenter
1901 991 2039 1042 insti-

134 1086 288 1141 tuant,
323 1095 379 1128 ac
405 1077 722 1146 temporarios
750 1077 859 1127 illos
886 1077 1123 1146 inprimiS,
1157 1094 1277 1145 quos
1300 1077 1455 1144 attigi.
1497 1074 1653 1126 Porro
1684 1076 1801 1126 baec
1828 1076 2037 1143 disputa-

135 1161 279 1212 tionis
301 1160 455 1230 capita
478 1178 704 1212 versuum
734 1161 781 1211 in
810 1162 998 1212 modum
1030 1162 1097 1212 ita
1119 1160 1427 1228 digessimus,
1457 1168 1508 1211 ut
1529 1168 1578 1210 et
1598 1156 1898 1211 obiectiones
1919 1160 2037 1210 alias

136 1263 201 1296 ex
230 1244 337 1296 aliis
356 1284 369 1308 ‚
413 1254 462 1296 et
492 1245 827 1313 quaestionum
855 1244 1198 1297 dissolutiones
1231 1253 1565 1308 necteremUS,
1623 1261 1717 1311 quo
1747 1252 1795 1294 et
1822 1245 1877 1294 ad
1908 1261 2036 1294 com-

135 1329 523 1398 prehendendum
553 1329 768 1381 faciliora
793 1338 842 1381 et
868 1330 1082 1398 planiora
1099 1369 1113 1394 ,
1154 1329 1323 1397 quibus
1348 1329 1549 1394 utimur,
1592 1337 1874 1397 argumenta
1899 1326 2038 1378 vobis

138 1422 321 1465 essent.
398 1413 475 1464 Ab
513 1413 730 1480 ingenito
768 1432 888 1466 vero
929 1415 1018 1465 deo
1057 1414 1324 1482 disputandi
1363 1412 1548 1464 initium
1587 1413 1805 1464 fecimus.

276 1494 577 1548 Confutatio.
622 1496 661 1547 I.
699 1497 858 1550 Tuam
889 1499 1016 1549 illam
1047 1515 1110 1549 ex
1148 1498 1503 1548 dialecticorum
1547 1506 1594 1548 et
1624 1495 1894 1566 disputandi
1925 1495 2040 1547 arti-

137 1581 275 1631 ficum
308 1582 491 1633 officina
522 1584 784 1651 profectam
812 1601 1006 1647 vanam,
1038 1592 1085 1633 et
1114 1582 1399 1633 insolentem
1435 1582 1721 1645 orationem,
1755 1581 1825 1632 sic
1852 1581 1909 1631 ad
1932 1597 2041 1631 ver-

136 1665 245 1716 bum
272 1665 515 1730 refellam,
567 1666 739 1717 nullam
776 1676 829 1718 ut
857 1685 922 1718 ex
950 1668 1149 1718 infinitis
1182 1667 1274 1717 illis
1303 1666 1588 1717 dictionibus
1625 1666 1854 1716 maiorem
1890 1665 2043 1715 mino-

135 1765 300 1800 remve
331 1751 684 1818 praetereundo
712 1751 1026 1802 dissimulem.
1104 1751 1179 1802 Ac
1206 1751 1406 1820 primum
1441 1751 1562 1818 quod
1597 1751 1652 1801 ad
1686 1758 1795 1800 tuae
1824 1749 2044 1799 factionis

136 1833 340 1884 athletas
362 1833 496 1884 viros
513 1851 568 1884 ac
591 1835 826 1886 foeminas
845 1836 1037 1898 scribiS,
1061 1835 1381 1904 temporarios
1405 1835 1630 1902 quosdam
1655 1833 1872 1902 opusculi
1895 1833 2040 1896 illius,

138 1916 260 1985 quod
280 1934 395 1985 prae
418 1917 636 1971 manibus
669 1918 908 1983 habebas,
950 1927 998 1970 et
1028 1920 1076 1969 in
1110 1937 1203 1987 quo
1229 1936 1329 1970 rem
1366 1936 1552 1969 omnem
1586 1916 2044 1986 interrogationibus

137 2000 591 2069 comprehenderaS‚
634 2011 814 2072 partem
843 2004 1155 2072 surripuisse,
1189 2003 1265 2053 vel
1296 2020 1362 2053 ex
1393 2003 1480 2052 hoc
1499 2003 1601 2072 ipso
1619 2012 1701 2052 tuo
1724 2003 1904 2070 scripto
1930 2019 2045 2051 con-

140 2085 268 2136 vinci
295 2093 461 2153 poteS‚
514 2087 570 2138 ad
598 2087 800 2156 teipsum
827 2088 984 2156 potius
1013 2087 1364 2155 discipulosque
1392 2095 1526 2149 ωοε,
1581 2103 1640 2137 ne
1672 2086 1854 2136 erroris
1884 2085 2045 2136 socios

142 2169 395 2238 appellem,
431 2188 606 2222 nomen
633 2170 758 2222 istud
784 2171 1047 2240 pertinere.
1090 2170 1285 2222 Etenim
1311 2179 1621 2222 sacrosancta
1652 2171 1729 2221 dei
1750 2171 1865 2221 fides
1890 2188 1944 2221 ac
1969 2187 2046 2220 re-

141 2255 277 2324 ligio,
303 2274 410 2308 cum
437 2255 496 2306 ab
522 2255 660 2307 initio
690 2264 831 2324 atque
862 2256 919 2306 ab
945 2255 1108 2307 ultima
1138 2264 1381 2307 vetustate
1414 2255 1593 2318 extitit,
1636 2255 1749 2306 licet
1771 2273 1866 2305 non
1902 2255 2044 2304 obso-

142 2340 295 2392 lescat
315 2350 397 2392 aut
426 2340 727 2390 inveteretur
756 2357 982 2409 unquam,
1025 2349 1120 2391 tum
1146 2348 1377 2409 perpetuo
1401 2348 1514 2402 stat,
1556 2339 1847 2390 solidissimo
1879 2339 2045 2389 funda-

144 2433 306 2475 mento
328 2425 473 2489 nixa3
506 2424 640 2475 cuius
663 2424 881 2475 dominus
908 2433 1049 2475 extra
1069 2433 1257 2493 tempus
1282 2441 1423 2475 omne
1451 2424 1741 2475 constitutus
1763 2432 1855 2474 est.
1910 2420 2044 2489 Quo-

146 2508 272 2558 circa
297 2524 452 2576 neque
482 2507 580 2576 ipsa
615 2508 814 2576 tempori
849 2507 1087 2572 subiacet,
1124 2509 1206 2559 sed
1235 2526 1341 2559 cum
1365 2508 1549 2576 angelis
1575 2516 1802 2559 versatur
1831 2508 2043 2571 assidue,

146 2600 434 2660 sanctosque
460 2608 546 2660 per
566 2590 780 2659 singulas
801 2592 1142 2659 generationes
1167 2602 1394 2643 exornat.
1473 2591 1553 2643 Tu
1580 2609 1698 2643 vero
1726 2590 2045 2660 temporarius

147 2676 294 2727 multo
318 2676 470 2744 magis
501 2675 810 2744 appellandus
838 2693 920 2740 eS,
962 2675 1038 2744 qui
1069 2685 1115 2727 et
1141 2676 1189 2727 in
1222 2693 1438 2728 errorem
1472 2676 1703 2727 abductus
1733 2693 1806 2741 es,
1847 2684 1896 2726 et
1922 2677 2047 2726 fastu

146 2759 516 2828 arrogantiaque
560 2758 824 2822 distentuS‚
878 2768 924 2810 et
958 2760 1121 2827 gregis
1150 2761 1217 2811 tui
1252 2761 1458 2829 pecudes
1493 2760 1668 2828 passim
1698 2777 1784 2829 per
1813 2759 1965 2810 dumis
1992 2776 2048 2808 ac

149 2843 301 2912 spinis
326 2844 512 2895 consita
547 2860 722 2913 pascua
753 2844 1022 2912 propulisti.
1098 2843 1258 2895 Nemo
1285 2845 1408 2894 enim
1440 2844 1603 2894 eadem
1637 2852 1792 2895 tecum
1818 2860 1883 2893 ex
1911 2851 2047 2893 vete-

146 2927 280 2979 ribus
307 2927 488 2991 sensit,
530 2945 557 2978 o
592 2927 736 2989 Aeti,
785 2928 1103 2995 temporarios
1138 2928 1330 2997 seriptis
1365 2928 1456 2994 tuis
1483 2928 1756 2991 lacessens,
1812 2936 2049 2994 tempora-

147 3011 248 3063 rius
281 3029 339 3062 ac
365 3028 538 3063 recens
567 3011 688 3080 ipse.
768 3008 865 3062 Sed
908 3011 957 3061 in
983 3011 1087 3079 ipso
1113 3012 1271 3062 statim
1300 3011 1459 3081 operis
1491 3011 1646 3073 aditu,
1702 3028 1806 3061 cum
1840 3018 1887 3060 te
1918 3010 2050 3059 lucu-

148 3095 497 3147 bratiunculam
537 3096 594 3147 de
631 3094 847 3163 ingenito
887 3095 977 3145 deo
1016 3113 1070 3145 ac
1107 3096 1270 3164 genito
1302 3096 1555 3164 scripsisse
1588 3112 1785 3157 uarraS,
1843 3093 1962 3143 adeo
1994 3093 2050 3143 il—

149 3179 288 3230 lustri
333 3179 596 3248 principio,
659 3188 710 3230 ut
762 3188 856 3230 tam
904 3178 1134 3230 inusitata
1184 3198 1417 3230 novorum
1468 3178 1808 3230 vocabulorum
1857 3177 2051 3227 licentia

151 3265 568 3315 commemoranda
610 3273 738 3315 tuam
767 3280 957 3314 omnem
989 3262 1116 3313 illam
1143 3263 1509 3331 disputationem
1542 3261 1745 3312 ludibrio
1784 3262 2047 3324 traducam,

150 3365 383 3399 summam
422 3347 639 3399 homines
676 3349 724 3398 in
764 3346 1125 3398 admirationem
1164 3346 1426 3397 adduxisti.

291 3429 357 3484 ll.
381 3430 563 3499 Ecquis
588 3440 662 3482 est
688 3449 803 3483 vero
831 3428 1214 3483 Christianorum
1241 3431 1450 3480 omnium
1479 3430 1555 3496 qui
1581 3428 1839 3479 salutarem
1867 3429 1942 3479 dei
1968 3430 2050 3479 do-

152 3515 353 3567 ctrinam
377 3515 612 3579 obtinent,
645 3516 721 3583 qui
750 3516 837 3566 hac
863 3516 965 3584 ipsa
987 3512 1213 3564 derelicta
1238 3513 1458 3563 confictis
1483 3512 1576 3563 tuis
1600 3512 1770 3563 sabulis
1803 3530 1859 3563 ac
1891 3513 2050 3581 nugiS,

149 3618 234 3665 post
258 3612 433 3665 λέξεως,
476 3615 579 3664 quod
599 3616 714 3664 vulyo
737 3616 922 3664 reperitur
945 3615 1077 3661 deleto,
1134 3624 1255 3664 quum
1282 3609 1484 3664 producta
1509 3608 1563 3648 sit
1587 3609 1695 3663 apud
1728 3618 1771 3650 te
1798 3609 1940 3658 dictio,
1970 3610 2055 3649 uti-v

153 3682 240 3710 cum
264 3672 380 3710 verba
417 3667 704 3722 ἐρωτηθείσης
746 3671 824 3721 τῆς
861 3666 972 3720 παρὰ
1013 3667 1078 3709 σοὶ
1133 3680 1210 3719 qne
1230 3664 1455 3719 coarguerit
1474 3673 1517 3704 te
1536 3665 1661 3719 magis
1684 3665 1764 3706 hoc
1786 3681 1935 3706 nomen
1962 3679 2057 3720 pos-

153 3723 303 3774 λέξεως
330 3726 384 3765 ad
402 3730 615 3775 sequentem
643 3728 937 3765 enuntiationem
961 3727 1078 3774 perti·
1132 3721 1266 3761 sidere
1296 3728 1376 3762 cett.

155 3792 242 3820 nere
281 3782 463 3820 viderem.
536 3781 598 3820 Uti
641 3783 776 3829 vertit,
817 3783 899 3820 licet
935 3792 1077 3829 parum
1192 3779 1253 3819 10.
1286 3780 1470 3820 Petavius
1494 3781 1710 3828 suspicatus
1734 3783 1786 3820 est
1813 3779 1945 3822 τοῦτο.

154 3837 342 3886 eleganter
380 3839 413 3887 et
449 3839 654 3885 accurate,
707 3838 821 3875 etiam
867 3838 1078 3876 cornarius

241 3901 385 3949 Corpus
405 3899 630 3939 Haereseol.
652 3899 697 3935 11.
724 3902 756 3936 3.
1662 3896 1723 3945 15
