2508 4134
204 367 312 424 Κεφ.
333 366 409 424 λγ’.

213 1412 298 1449 p‘lg.
321 1403 398 1438 852.

199 2775 310 2830 Κεφ.
328 2772 405 2820 λδ’.

434 260 533 312 134
1139 272 1342 316 εΑΝοΤι
1372 273 1657 341 ΕῌΡΗΛΝΠ

571 366 756 438 Διόπερ
787 365 991 433 άφέντες
1015 370 1128 437 περὶ
1150 374 1249 422 τῶν
1273 369 1751 439 ἇμφιςβητουμένων
1778 378 2099 439 φιλονεικεῖν,
2127 376 2225 429 καὶ
2247 378 2363 447 περὶ

428 458 525 506 τῶν
552 450 676 521 ’ὑπὲρ
703 450 859 520 ἡμᾶς,
897 459 1175 523 κρατοῦμεν
1200 452 1231 506 ἃ
1265 454 1648 525 παρειλήφαμεν.
1731 461 1814 520 Τίς
1840 457 1932 528 γάρ
1962 460 2089 512 ἐστιν
2115 457 2146 513 ὅ
2167 467 2361 529 τολμῶν

428 535 684 607 ἐπιγνώσει
712 545 1049 606 φυσιωθῆναι,
1088 536 1237 593 ὁπότε
1265 538 1413 603 αὐτὸς
1438 539 1469 595 ὅ
1494 547 1594 595 τῶν
1622 541 1991 610 ἀποκαλύψεων
2004 548 2359 612 καταξιωθεὶς,

430 621 460 677 ὅ
483 625 552 685 εἰς
590 621 807 693 οῦρανὸν
838 626 1002 693 τρίτον
1043 623 1377 692 ἀναληφθεὶς,
1427 624 1457 680 ό
1489 623 1712 689 α’κούσας
1749 626 1937 698 ἅῤῥητα
1973 628 2195 699 ῥήματα,
2245 633 2363 686 ἐσω-
2406 679 2408 682 ,

430 711 682 777 φρονίσθη
724 705 806 761 διά
851 714 940 762 τοῦ
978 707 1103 762 κατά
1140 708 1229 778 τήν
1267 709 1426 781 σάρκα
1459 711 1704 775 σκόλοπος
1740 712 1808 781 μή
1844 711 2227 786 ύπεραίρεσθαις
2250 777 2255 782 ,
2278 718 2365 771 καὶ

430 791 579 857 αύτὸς
603 791 633 847 ό
660 792 922 865 προφήτης
949 791 978 848 ὁ
1004 794 1183 861 εἰπών,
1235 793 1546 862 Ἐπίστευσα,
1603 795 1680 851 διὸ
1709 797 1936 866 ἐλάλησα,
1968 799 2362 870 Ἐταπεινῶθην,

428 880 578 948 φησὶ,
633 879 722 948 οὐχ
762 877 955 945 άπλῶς,
1007 877 1126 934 άλλά
1172 880 1381 952 σφόδρα.
1463 881 1623 955 1“”Όσῳ
1668 881 1762 953 γάρ
1806 882 1870 937 ὄίν
1896 907 1969 948 τις
2006 887 2247 960 ἐγγυτέρῳ
2274 893 2364 955 τῆς

426 964 652 1035 γνώσεως
693 961 817 1018 εἶναι
856 968 1006 1039 δοκῇ,
1056 967 1276 1040 τοσούτῳ
1306 973 1486 1034 μᾶλλον
1518 965 1698 1034 ὀφείλει
1735 973 2012 1040 λογίζεσθαι
2038 970 2163 1042 πρὸς
2189 970 2363 1026 ἑαυτὸν

427 1048 502 1104 ὅτι
533 1048 804 1121 ἅνθρωπός
832 1051 946 1104 ἐστι.
1026 1053 1153 1119 Περὶ
1181 1050 1365 1105 τούτου
1397 1050 1546 1106 ὄὲκουε
1573 1057 1619 1106 τί
1646 1055 1797 1124 λέγει,
1848 1054 1971 1126 Ἐγώ
2002 1057 2055 1111 δὲ
2083 1054 2197 1110 εἶπα
2223 1059 2276 1112 ἐν
2299 1060 2361 1132 τῇ

427 1134 646 1189 ἐκστάσει
672 1158 798 1204 μου,
841 1141 953 1198 Πᾶς
983 1131 1256 1205 ἅνθρωπος
1280 1136 1512 1205 ψεύστης.
1573 1136 1799 1207 Ἔχοντες
1831 1134 1924 1194 οῦν
1949 1141 2038 1196 τὸν
2069 1142 2362 1197 διδάσκαλον

426 1226 513 1289 τῆς
552 1219 813 1289 άληθείας,
863 1223 1033 1290 μηκέτι
1071 1219 1413 1288 ἀνθρωπίνοις
1441 1223 1752 1288 διδασκάλοις
1782 1227 2210 1297 2προςχρτόμεθα,
2263 1227 2361 1282 ἀλλ’

427 1308 727 1370 ἐννοοῦντες.
819 1309 922 1360 Καὶ
970 1305 1090 1375 μήτε
1137 1306 1354 1377 τρόπους
1401 1308 1858 1379 περιεργαζῶμεθα,
1925 1311 2043 1380 μήτε
2085 1312 2252 1384 ἕτερόν
2301 1336 2360 1369 τι.

414 1391 604 1462 μ’.Ωςπερ
643 1391 735 1462 γάρ
759 1389 850 1460 τὴν
882 1394 1110 1463 γέννησιν
1141 1398 1230 1446 τοῦ
1259 1395 1374 1446 υἱοῦ
1399 1391 1491 1447 οῦκ
1514 1396 1645 1448 ἔστιν
1675 1397 1853 1461 εἰπεῖν,
1904 1396 2023 1450 οὐδὲ
2053 1396 2142 1452 τόν
2174 1398 2362 1469 τρόπον

425 1483 514 1545 τῆς
541 1477 812 1548 γεννήσεως
834 1484 924 1531 τοῦ
948 1476 1134 1549 πατρός
1155 1480 1284 1532 ἔστιν
1308 1478 1686 1547 ἀποφήνασθαι.
1758 1479 1898 1534 Ἀλλοὶ
1925 1481 2095 1553 ἀρκεῖν
2123 1489 2146 1521 3
2162 1481 2362 1555 ἡγεῖσθε

426 1562 554 1633 πρὸς
581 1566 895 1617 διδασκαλίαν
922 1570 1081 1628 τοῦτο,
1117 1562 1193 1617 ὅτι
1220 1561 1381 1617 πάντα
1407 1562 1467 1617 δι’
1496 1564 1651 1618 αὐτοῦ
1678 1567 1881 1636 ἐγένετο,
1918 1569 2002 1622 καὶ
2028 1571 2178 1640 χωρὶς
2208 1567 2362 1626 αὐτοῦ

426 1650 614 1718 ἐγένετο
638 1648 755 1701 οὐδὲ
786 1651 850 1702 ἕν.
926 1647 1047 1722 Δῴη
1074 1650 1126 1701 δὲ
1155 1647 1329 1719 κύριος
1364 1648 1490 1703 κατά
1520 1648 1607 1704 τόν
1635 1648 1858 1722 Ἀβραάμ
1890 1660 2202 1723 φρονοῦντας
2230 1652 2363 1725 ’ἡμᾶς

426 1732 514 1787 τὸν
539 1735 767 1804 λέγοντα,
809 1739 923 1788 Νῦν
948 1732 1176 1802 ἠρξάμην
1209 1741 1370 1788 λαλεῖν
1401 1741 1469 1808 τῷ
1498 1739 1654 1810 κυρίῳ
1688 1759 1812 1805 μου,
1864 1736 1958 1808 ἐγώ
1989 1740 2044 1792 δέ
2067 1741 2164 1807 εἰμι
2189 1746 2252 1810 γῆ
2277 1742 2361 1794 καὶ

427 1819 639 1883 σποδός,
692 1822 778 1872 καὶ
804 1818 872 1888 μὴ
905 1817 1327 1890 ύπεραιρομένους
1361 1819 1487 1874 κατά
1514 1820 1603 1884 τάς
1626 1823 1835 1893 κέδρους
1859 1829 1949 1877 τοῦ
1978 1823 2233 1893 Λιβάνου,
2285 1825 2361 1880 ὅτι

426 1903 494 1973 μὴ
523 1907 575 1958 ἐν
606 1908 856 1967 διδακτοῖς
883 1903 1208 1974 ἀνθρωπίνης
1234 1909 1416 1973 σοφίας
1439 1904 1631 1977 λόγοις,
1670 1906 1770 1961 ἀλλ’
1797 1910 1850 1962 ἐν
1873 1912 2125 1973 διδακτοῖς
2154 1914 2361 1976 πίστεως

426 1988 461 2058 ἦ
490 1987 647 2060 ὁμαλὴ
675 1992 759 2044 καὶ
786 1990 1008 2060 εἰρηνικὴ
1039 1997 1378 2062 κατορθοῦται
1406 1997 1585 2059 σοφία,
1637 1993 1757 2061 μήτε
1786 1998 2041 2066 διαπορεῖν
2067 1993 2225 2064 ἡμᾶς,
2264 1994 2360 2051 ἄλλ’

427 2073 597 2130 ὁτιοῦν
640 2083 900 2139 ποιοῦντες
942 2076 1340 2147 εὖαρεστήσωμεν
1379 2084 1448 2151 τῷ
1484 2084 1591 2151 θεῷ
1627 2081 1712 2132 καὶ
1736 2082 1915 2151 πατρὶ,
1966 2083 2051 2134 καὶ
2083 2081 2181 2149 μετ’
2205 2083 2361 2138 αὐτοῦ

426 2163 510 2215 καὶ
535 2160 626 2215 σῦν
655 2162 789 2235 αὐτῷ
819 2164 931 2235 4τῷ
958 2164 1070 2234 υἱῷ,
1111 2165 1162 2217 ἐν
1182 2159 1306 2235 άγίῳ
1328 2161 1570 2231 πνεύματι
1597 2161 1632 2231 ἦ
1661 2163 1806 2227 δόξα,
1844 2165 1897 2219 td
1925 2167 2127 2236 κράτος,
2164 2165 2199 2235 ἦ
2226 2167 2358 2236 τιμὴ,

427 2248 512 2301 καὶ
533 2244 567 2316 ἦ
589 2246 797 2315 δύναμις
832 2253 925 2300 νῦν
960 2249 1043 2300 καὶ
1082 2244 1158 2301 οἷεὶ
1195 2249 1280 2300 καὶ
1314 2250 1384 2311 εἰς
1420 2247 1537 2312 τοῦς
1574 2251 1758 2312 αἰῶνας
1793 2256 1891 2304 τῶν
1928 2250 2156 2318 αἰοόνων,
2191 2251 2358 2322 Ἀμήν.

723 2347 1135 2392 ΠΕΠΔΗΡΩΤΑῙ
1165 2348 1211 2392 Η
1239 2348 1360 2392 ΤΟΥ
1387 2349 1706 2395 ΜΕΔΕΤΙΟΥ
1737 2351 2060 2397 ΟΜΟΛΟΓΙΑ.

550 2753 726 2820 ’Ἑδοξε
779 2757 830 2810 δὲ
881 2757 1074 2820 τούτοις
1115 2759 1394 2829 μετενέγκαι
1441 2758 1596 2815 αὐτόν
1636 2758 1737 2816 άπὸ
1776 2769 1864 2833 τῆς
1907 2768 2156 2833 Ποντικῆς
2194 2764 2359 2837 χώρας

423 2839 540 2903 τοῦς
569 2846 767 2905 πλείους
794 2849 892 2896 τῶν
916 2841 1205 2912 Ἀρειανῶν,
1244 2843 1336 2898 οῦκ
1369 2847 1447 2899 ἐπὶ
1479 2852 1659 2916 χαρᾶς,
1697 2846 1813 2902 οὐδὲ
1845 2851 1914 2911 εἷς
1942 2847 2105 2902 αὐτῶν
2131 2849 2357 2905 ἀνάπαυ-

424 2945 528 2991 σιν,
567 2925 663 2980 άλλ’
686 2931 754 2990 εἰς
781 2927 1061 2996 ἐπάχθειαν.
1127 2929 1394 2984 Ἐντεῦθεν
1419 2938 1609 2986 κινοῦσι
1636 2931 1722 2987 τόν
1749 2936 1965 3002 βασιλέα,
2003 2936 2090 2988 καὶ
2117 2934 2356 2991 συσκευά-

424 3017 582 3076 ζονται
614 3011 701 3066 τὸν
734 3011 915 3083 ἄνδρα,
968 3011 1035 3075 ὥς
1074 3012 1157 3067 διά
1189 3013 1242 3068 τό
1274 3014 1342 3084 μὴ
1374 3013 1737 3088 ὡμολογηκέναι
1769 3023 1946 3088 κτίσμα
1978 3020 2158 3074 τέλειον
2186 3018 2352 3089 αύτὸν,

423 3099 505 3150 καὶ
553 3100 739 3162 ἐξεοῦσι
770 3105 858 3167 τῆς
899 3096 1054 3152 αὐτοῦ
1080 3102 1344 3170 καθέδρας.
1421 3105 1521 3156 Καὶ
1557 3102 1750 3174 νύκτωρ
1784 3104 2112 3175 φυγαδεύεται
2143 3103 2174 3158 o‘
2205 3104 2352 3177 άνήρ,

425 3185 517 3245 ἕως
544 3190 640 3237 τῶν
665 3183 854 3254 χρόνων
880 3183 1090 3238 τούτων·
1129 3184 1185 3248 ὃς
1211 3188 1294 3239 καὶ
1320 3189 1463 3258 δεῦρο
1489 3186 1693 3258 ὑπάρχει
1728 3191 1780 3242 ἐν
1808 3196 1869 3262 τῇ
1895 3193 1996 3262 ἰδίᾳ
2024 3193 2243 3261 πατρίδι,
2282 3196 2348 3245 τί·

425 3291 535 3336 μιος
562 3268 687 3338 ἀνὴρ
713 3272 796 3323 καὶ
825 3268 1146 3338 ἐπιπόθητος,
1187 3270 1389 3338 μάλιστα
1418 3271 1480 3326 δι’
1508 3268 1576 3327 ὧν
1602 3276 1713 3327 νυνὶ
1742 3276 2054 3342 ἐνηχούμεθα
2081 3285 2350 3347 κατωρθω-

424 3355 577 3418 κέναι,
616 3357 700 3408 καὶ
728 3353 813 3422 ἀφ’
835 3349 905 3409 ὧν
925 3357 1033 3408 νυνὶ
1062 3358 1114 3409 οἷ
1137 3353 1220 3409 ὑπ’
1252 3356 1406 3411 αὐτὸν
1430 3360 1481 3412 ἐν
1504 3359 1771 3431 Ἀντιοχείᾳ
1799 3357 2146 3429 ὁμολογοῦσιν,
2184 3361 2350 3417 οὐκέτι

426 3436 549 3500 ὅλως
565 3437 676 3493 οὔτε
698 3443 750 3494 ἐν
771 3444 1069 3515 παραδρομῇ
1090 3444 1387 3510 μεμνημένοι
1407 3448 1664 3512 κτίσματος
1683 3444 1943 3512 ὀνόματος,
1967 3443 2064 3498 ἀλλ’
2083 3443 2349 3514 ὅμοούσιον

426 3520 778 3594 ὁμολογοῦντες
804 3528 1016 3596 πατέρα,
1054 3528 1138 3581 καὶ
1166 3526 1301 3591 υἱόν,
1353 3531 1437 3582 καὶ
1465 3527 1606 3600 ἅγιον
1633 3536 1848 3597 πνεῦμα,
1885 3538 2014 3601 τρεῖς
2040 3528 2345 3598 ὑποστάσεις,

483 3695 579 3736 Cn.
599 3698 806 3740 XXXIII.
830 3723 883 3730 —
915 3698 951 3741 1.
982 3694 1357 3755 ὅσα--ἐγγυτέρα
1410 3705 1546 3754 petita.

428 3752 522 3807 (sic)
554 3755 637 3793 cod.
674 3756 828 3806 Rhediq.
1467 3758 1506 3800 3.
1537 3760 1644 3799 Libri
1673 3760 1811 3800 habent
1840 3755 2056 3814 ἡγεῖσθαι.

481 3811 521 3853 2.
549 3809 833 3866 προχρώμεξτα
869 3814 929 3853 ed.
961 3815 1094 3857 Petav.
1126 3816 1256 3857 Colon.
1293 3826 1353 3856 re·
1466 3811 1506 3857 4.
1540 3817 1662 3856 Verba
1687 3816 1747 3873 τῷ
1778 3815 1856 3874 υἱῷ
1883 3829 1960 3859 non
1984 3823 2206 3870 comparent
2228 3821 2271 3860 in
2293 3821 2343 3861 li-
