2508 4134
551 280 789 326 ῬΛΝΑιιιῐ
820 287 921 326 Lm.
946 287 1016 327 nt.
1044 288 1230 329 TOM.1.
1262 288 1422 330 mea.
1455 288 1651 329 Lxxw.
1965 278 2064 328 199

155 403 258 435 rum
284 388 445 445 deum,
487 394 536 433 et
561 401 689 448 quem
716 386 886 432 misisti
909 387 1059 432 Iesum
1092 388 1342 434 Christum.
1420 384 1548 437 Nam
1580 394 1627 436 et
1654 385 1909 437 nonnullos
1938 386 2066 435 rese-

154 477 318 518 rentes
349 466 619 519 audivimus
647 467 768 534 quod
798 467 854 516 ‹le
885 466 964 516 itto
992 484 1045 518 se
1073 467 1225 533 palam
1256 469 1446 520 audisse
1478 470 1869 520 testificarentur.
1939 465 2061 520 Cum

154 552 343 619 quidam
375 551 434 602 ob
460 559 672 620 stuprum
702 549 908 600 feminae
935 550 1114 600 illatum
1149 561 1521 615 accusarentur,
1573 562 1620 603 et
1651 554 1709 604 ab
1735 553 1841 604 aliis
1869 554 2064 603 damna-

153 643 348 697 rentur,
402 634 519 686 nibil
559 634 690 685 illum
733 642 1053 696 commotum,
1111 634 1194 685 sed
1244 635 1417 684 sactum
1458 635 1571 686 illud
1613 638 1714 687 risu
1760 655 1815 688 ae
1858 636 2062 687 ludibrio

154 728 530 787 prosequentem
576 717 794 780 dixisse,
855 717 1029 768 nullius
1073 717 1163 767 hoc
1205 734 1315 768 esse
1356 720 1614 782 momenti3
1674 720 1890 789 eorporis
1936 720 2063 771 enim

153 803 271 853 lianc
316 819 426 853 esse
466 802 804 852 necessitatem
850 819 905 852 ae
940 801 1263 863 functionem,
1321 803 1710 868 quemadmodum
1746 821 1910 854 aurem
1941 821 2061 855 non-

151 903 390 954 nunquam
419 885 675 954 scalpimus
705 887 1015 952 (quamquam
1047 901 1102 935 ea
1135 902 1393 935 recensere
1426 903 1519 935 non
1552 886 1657 936 sine
1685 887 1861 939 rubore
1891 905 2061 955 possu-

151 988 256 1022 mus
283 987 404 1038 quae
437 969 651 1037 impurus
682 969 760 1019 iile
796 969 1047 1034 iactabat).
1127 965 1223 1019 Sed
1256 978 1332 1030 ut,
1389 969 1662 1036 inquiebat,
1720 971 1940 1038 pinnula,
1983 971 2063 1022 vel

152 1056 334 1105 festuca
364 1070 527 1104 aurem
558 1053 848 1121 scalpimus,
890 1062 1031 1120 atque
1064 1052 1154 1103 boc
1186 1053 1325 1102 modo
1353 1052 1565 1121 pruritus
1593 1053 1793 1118 desinit,
1834 1055 1905 1105 sic
1939 1064 1986 1105 et
2014 1055 2061 1105 id

149 1137 433 1189 naturaliter
471 1137 609 1189 nobis
646 1137 839 1199 evenit,
883 1153 1038 1204 neque
1076 1137 1324 1203 quisquam
1365 1154 1421 1187 ea
1461 1154 1514 1187 re
1555 1136 1770 1188 facienda
1810 1147 1995 1205 peceat.

292 1221 422 1273 Haec
454 1231 503 1271 et
540 1222 632 1272 alia
677 1230 772 1272 tum
816 1220 1048 1272 eiusmodi
1090 1220 1344 1283 narrabat,
1399 1238 1456 1270 ae
1494 1221 1726 1271 dissolute
1762 1229 1810 1271 et
1842 1222 2063 1289 nequiter
2104 1234 2205 1290 Cap.
2234 1235 2285 1276 V.

148 1306 378 1368 docebat,
421 1315 472 1355 ut
493 1305 574 1355 >vel
612 1322 674 1355 ex
705 1305 823 1373 ipsis
855 1305 993 1354 sactis
1023 1303 1288 1355 cuiusmodi
1326 1305 1469 1354 fuerit
1501 1304 1580 1355 ille
1613 1314 1832 1368 constet,
1874 1323 2058 1373 nosque

149 1390 240 1457 ipsi
271 1388 447 1438 domini
484 1388 677 1452 verbis,
718 1389 850 1439 velut
882 1389 987 1438 luce
1016 1389 1247 1455 quadam,
1289 1389 1652 1450 collustremur,
1697 1389 1773 1456 qui
1801 1389 1870 1439 sic
1895 1390 2059 1439 admo-

148 1483 258 1525 net:
311 1476 554 1524 Attendite
585 1490 612 1522 α
643 1474 783 1538 falsis
818 1475 1088 1537 prophetis,
1149 1477 1234 1538 qui
1258 1477 1449 1522 veniunt
1477 1477 1540 1522 ad
1581 1492 1658 1522 vos
1688 1478 1735 1524 z'n
1773 1478 2054 1524 vestementis
2069 1485 2310 1530 Matthfms.

146 1562 323 1620 ovium,
366 1560 645 1606 intrinsecus
669 1567 819 1606 autem
848 1566 959 1605 sunt
984 1559 1086 1621 lupi
1107 1575 1330 1621 rapaces:
1387 1575 1416 1606 α
1430 1560 1677 1624 fructibus
1703 1576 1859 1606 eorum
1888 1576 2059 1623 cogno-

144 1645 284 1692 scetis
316 1659 420 1690 eos.-
478 1644 703 1706 numquid
736 1643 971 1704 eollzgunt
1006 1644 1062 1690 de
1099 1645 1245 1706 spinis
1283 1659 1423 1701 uvas,
1481 1652 1565 1690 aul
1595 1646 1651 1691 de
1677 1644 1863 1691 tribulis
1891 1645 2060 1708 fieus?

146 1723 232 1777 Sic
261 1725 409 1792 igitur
437 1723 743 1774 stolidissima
784 1724 910 1774 illius
942 1725 989 1774 in
1022 1725 1243 1775 omnibus
1275 1725 1471 1775 andacia
1503 1726 1611 1776 hinc
1649 1734 1696 1775 et
1725 1727 1854 1777 illine
1893 1728 2058 1777 redar-

143 1809 334 1877 guitur,
385 1816 549 1876 utpote
591 1808 669 1875 qni
708 1816 877 1858 contra
920 1808 1159 1859 dominum
1202 1810 1353 1876 ipsum
1406 1810 1688 1861 effrenatum
1731 1829 1785 1861 os
1834 1811 2057 1861 attollere

145 1911 241 1945 non
268 1891 528 1953 dubitavit,
570 1892 617 1942 in
647 1909 851 1959 eumque
883 1891 988 1942 sine
1019 1893 1113 1942 ullo
1145 1894 1323 1960 pudore
1355 1894 1605 1944 maledicta
1631 1895 1866 1959 coniecit,
1918 1904 1964 1945 ut
1994 1912 2060 1946 ex

145 1978 259 2046 ipsis
297 1976 586 2044 petulantiae
620 1993 677 2026 ae
707 1975 967 2026 dissolutae
1002 1976 1210 2026 libidinis
1252 1978 1483 2028 fructibus
1520 1979 1855 2044 prudentiores
1883 1978 2057 2046 quique

144 2061 405 2130 periculum
437 2060 562 2111 illius
592 2060 822 2111 facientes
851 2060 910 2110 ab
941 2061 1107 2111 iisdem
1144 2062 1235 2111 illis
1271 2062 1552 2129 colligendis
1585 2063 1878 2113 abstineant.
1953 2060 2058 2113 Ne-

143 2163 235 2214 que
262 2145 387 2195 enim
416 2161 441 2194 e
473 2144 622 2213 spinis
653 2162 746 2195 uva
778 2144 953 2195 demeti
989 2154 1173 2209 potest,
1231 2154 1282 2195 ιιι
1310 2163 1375 2196 ex
1404 2147 1661 2214 depravata
1701 2146 1915 2197 doctrina
1947 2164 2058 2196 san-

142 2229 281 2281 ctitas
324 2228 527 2280 oriatur.
605 2226 789 2279 Verum
836 2229 952 2278 baec
986 2229 1043 2279 de
1073 2229 1262 2279 homine
1303 2230 1382 2280 illo
1418 2230 1474 2281 ab
1511 2230 1617 2281 aliis
1657 2240 1854 2299 accepta
1890 2230 2056 2281 didici-

141 2330 266 2365 mus.
348 2311 399 2363 ln
432 2313 558 2364 illins
591 2330 734 2381 porro
767 2313 1068 2380 dogmatibus
1110 2331 1214 2364 cum
1260 2314 1405 2364 multa
1451 2316 1547 2365 sint
1576 2315 1786 2366 furiosae
1818 2316 2054 2365 adversus

141 2396 381 2447 domiuum
424 2397 527 2447 eius
568 2397 853 2447 insolentiae
898 2406 1254 2461 consentanea,
1317 2417 1466 2466 panca
1514 2399 1602 2448 boc
1644 2399 1750 2449 loeo
1795 2399 1852 2449 de
1895 2399 2054 2450 multis

142 2484 412 2551 proferam,
467 2498 651 2549 unaque
678 2482 733 2531 ad
764 2498 820 2531 eo
848 2484 1100 2532 refutanda
1126 2482 1276 2532 dicam
1304 2501 1426 2550 quae
1460 2484 1678 2534 dominns
1710 2483 1908 2533 dicenda
1942 2500 2055 2533 con-

141 2565 363 2617 cesserit.
442 2561 574 2615 Sane
614 2565 800 2631 quidem
846 2565 1081 2616 eiusmodi
1124 2575 1198 2616 est
1238 2568 1474 2617 Anomoei
1514 2568 1639 2618 illius
1679 2568 1726 2618 in
1766 2566 2052 2617 stabiliendo

142 2651 366 2716 dogmate
406 2648 675 2711 calumnia,
729 2649 841 2699 nihil
889 2658 939 2700 ut
977 2651 1101 2699 alind
1147 2659 1341 2719 praeter
1384 2652 1731 2702 sententiarum
1774 2651 1966 2701 tnnbras
1997 2668 2065 2729 ac⁴

142 2732 478 2785 similitudines
508 2742 841 2796 consectetur3
884 2751 1005 2800 quae
1038 2735 1224 2784 tametsi
1259 2753 1321 2785 ex
1348 2736 1599 2804 scripturis
1624 2736 1739 2804 ipsis
1766 2735 2049 2796 afferantur,

140 2820 282 2884 longe
314 2827 472 2867 tamen
505 2817 647 2867 alium
690 2834 882 2867 sensnm
921 2818 1196 2883 continent3
1249 2828 1297 2868 ιιι
1340 2837 1444 2868 cum
1476 2819 1614 2870 aliam
1650 2821 1844 2870 omnino
1878 2819 1970 2869 vim
2006 2826 2055 2868 et

141 2910 426 2971 potestatem
469 2901 701 2964 babeant,
759 2900 817 2950 ab
856 2901 935 2950 illo
982 2910 1138 2952 tamen
1193 2904 1482 2952 contrariam
1537 2905 1591 2953 ad
1632 2913 1839 2954 mentem
1892 2904 2050 2952 detor·

138 2996 392 3055 queantur.

279 3069 413 3136 Ergo
456 3069 520 3119 ita
554 3068 712 3120 statim
749 3068 884 3118 initio
917 3068 1151 3135 disputat:
1206 3069 1319 3120 Non
1365 3089 1505 3139 posse
1551 3071 1698 3137 geniti
1741 3071 1896 3120 simile
1937 3088 2045 3120 esse
2079 3086 2176 3138 Cap.
2205 3086 2274 3125 vr,

137 3155 260 3223 quod
291 3172 383 3204 non
415 3162 490 3204 est
516 3153 758 3221 genitum,
802 3170 905 3202 cnm
936 3153 1011 3201 vel
1039 3154 1354 3221 appellatione
1386 3157 1484 3223 ipsa
1517 3156 1797 3216 dissideant,
1840 3172 1897 3204 eo
1925 3156 2048 3222 qnod

139 3256 282 3289 unum
323 3237 587 3303 ingenitum
631 3247 730 3300 est,
791 3237 992 3286 alterum
1036 3237 1270 3303 genitum.
1361 3237 1542 3289 Verum
1585 3248 1732 3288 totum
1776 3239 1887 3288 illud
1929 3256 2048 3289 sane

137 3339 276 3390 quam
321 3321 531 3388 ineptum
579 3331 682 3383 est3
742 3322 880 3387 idque
928 3321 1079 3387 ipsum
1127 3321 1363 3372 bominem
1412 3325 1467 3372 ad
1512 3323 1744 3372 insaniam
1798 3322 2042 3391 compulit.

134 3405 263 3457 Nam
303 3405 343 3455 si
373 3405 416 3455 ei
447 3407 568 3472 quod
616 3405 876 3473 ingenitum
924 3412 996 3453 est
1037 3405 1301 3470 genitorem
1341 3425 1658 3473 quaeramus,
1716 3415 1763 3456 ιιι
1794 3423 1852 3456 ne
1884 3425 2043 3457 veram

137 3490 194 3541 de
218 3487 415 3540 Christo
443 3490 715 3557 opinionem
747 3490 1048 3550 amittamus,
1091 3506 1183 3537 non
1217 3508 1359 3538 unum
1391 3491 1590 3557 amplius
1621 3499 1801 3558 patrem
1832 3508 1940 3541 esse
1970 3509 2045 3541 re·

138 3574 409 3642 periemus,
467 3590 622 3641 neque
663 3572 811 3642 patris
850 3582 1061 3641 patrem,
1117 3573 1198 3621 sed
1236 3573 1402 3623 infiniti
1439 3592 1637 3624 numero
1670 3583 1853 3643 patrum
1886 3585 2045 3645 patres

136 3712 263 3765 ipsius
292 3712 504 3752 commissa
529 3713 655 3752 multa
683 3722 801 3760 sunt,
834 3726 953 3765 quum
983 3711 1063 3750 ela·
1122 3726 1199 3766 que
1229 3712 1277 3753 ad
1310 3712 1505 3755 insaniam
1536 3715 1779 3773 processerit
1805 3721 1885 3759 cett.

135 3769 195 3809 tio
218 3768 338 3808 animi
365 3768 448 3808 eins
475 3778 619 3809 contra
646 3768 854 3809 dominum
882 3783 976 3808 ausa
1000 3782 1064 3808 us·
