2508 4134
577 300 800 342 PANARII
830 300 933 340 Lm.
959 300 1030 340 ιιι.
1061 300 1194 341 ΤοΜ.
1220 301 1251 340 1.
1278 299 1444 340 HAER.
1468 298 1607 339 Lxx.
2001 288 2066 339 23

287 398 391 453 Res
421 399 520 466 ipsa
560 396 781 465 quidem,
841 405 892 446 ut
919 406 1347 447 commemoratum
1385 414 1410 446 a
1446 414 1521 446 me
1560 396 1753 465 saepius
1793 395 2064 463 exemplum
2088 409 2321 463 Cap.V111.

152 484 238 534 hoc
271 482 378 532 loco
410 490 653 550 repetam,
712 480 777 530 ita
798 480 913 529 vl'ere
945 496 1056 529 sese
1095 479 1256 529 habet.
1335 478 1750 545 Quemadmodum
1782 479 1822 528 si
1854 479 1932 546 qui
1959 496 2070 529 coc-

147 568 242 620 lum
271 582 358 633 per
398 573 652 632 angustum
689 564 902 613 foramen
943 562 1253 630 transpiciat,
1310 580 1365 612 ac
1398 564 1582 612 coelum
1629 563 1794 613 videre
1831 581 1886 613 se
1921 562 2067 626 dicat,

153 666 247 699 non
289 649 453 715 utique
498 647 789 709 mentiatur3
842 646 972 695 videt
1012 646 1139 696 enim
1185 662 1358 695 revera
1406 646 1611 695 coelum.
1701 644 1842 712 Quod
1884 646 1923 696 si
1963 646 2070 713 quis

150 734 411 801 prudenter
451 730 494 781 ei
541 731 696 793 dicat,
755 728 870 781 Non
912 728 1050 780 vides
1092 728 1310 791 coelum,
1370 745 1429 777 ne
1469 728 1509 777 is
1549 729 1738 795 quidem
1780 728 2067 793 mentietur3

149 824 321 866 neuter
349 815 540 882 inquam
574 814 838 876 mentitur,
892 829 1047 880 neque
1077 812 1154 879 qui
1190 811 1370 863 vidisse
1402 828 1456 861 se
1486 811 1628 873 dicit,
1684 829 1838 879 neque
1874 812 1952 880 qui
1988 830 2071 863 ne-

146 907 245 966 gat.
323 897 437 949 Non
481 896 607 948 euim
653 897 993 947 extensionem
1038 896 1160 945 coeli
1192 913 1247 944 ac
1277 895 1575 945 latitudinem
1614 896 1825 962 aspexit.
1905 893 2070 961 Quare

148 990 194 1033 et
221 981 302 1049 qui
333 981 449 1032 vidit
481 999 650 1032 verum
690 981 844 1043 dixit,
906 988 954 1029 et
984 979 1063 1047 qui
1094 987 1330 1046 repugnat
1363 979 1530 1028 falsum
1564 995 1656 1027 non
1692 978 1831 1027 dixit.
1912 977 2071 1047 Saepe

146 1064 270 1116 enim
304 1065 479 1116 aecidit
511 1072 563 1115 ut
595 1081 657 1115 ex
689 1065 785 1114 alto
813 1063 991 1114 montis
1021 1063 1204 1113 vertice
1235 1080 1366 1112 mare
1410 1061 1778 1129 prospiciamus.
1857 1060 1997 1128 Quod
2030 1062 2071 1112 si

146 1165 234 1199 nos
272 1147 385 1199 illud
429 1147 611 1199 vidisse
655 1148 900 1210 dicamus,
956 1164 1049 1196 non
1088 1146 1408 1208 mentiemnr;
1460 1162 1620 1212 neque
1652 1145 1691 1194 si
1722 1145 2073 1196 contradixerit

145 1231 347 1300 aliquis,
403 1249 458 1282 ac
488 1231 667 1283 vidisse
709 1249 797 1281 nos
828 1230 1111 1297 negaverit,
1167 1247 1261 1279 non
1294 1246 1462 1280 verum
1503 1228 1584 1278 ille
1621 1227 1764 1278 dixit.
1841 1227 2071 1297 Propter-

147 1332 201 1366 ea
236 1316 358 1383 quod
382 1352 395 1377 ,
452 1332 574 1382 quae
616 1323 692 1365 est
724 1315 930 1364 hominis
969 1313 1304 1375 imbecillitas,
1358 1330 1452 1380 qno
1483 1312 1611 1363 illius
1644 1311 1932 1380 amplitudo,
1990 1321 2072 1363 aut

145 1399 424 1466 longitudo,
482 1408 563 1449 aut
593 1398 897 1467 profunditas
930 1399 1200 1465 pertingat,
1261 1413 1495 1464 quamque
1528 1396 1608 1445 alti
1647 1395 1742 1446 sint
1771 1395 1899 1446 illius
1928 1413 2071 1446 vora-

143 1482 269 1549 ginis
301 1499 554 1546 recessus,
612 1483 694 1532 sed
727 1498 882 1549 neque
917 1482 1044 1531 illius
1076 1481 1245 1531 effecta
1275 1481 1530 1548 pervidere
1562 1488 1739 1547 potest.
1818 1477 1916 1529 lam
1949 1480 1988 1528 si
2023 1480 2070 1529 in

144 1565 381 1616 creaturis
404 1565 468 1616 ita
506 1583 615 1616 sese
646 1583 726 1616 res
761 1565 932 1626 habet,
987 1573 1167 1632 quanto
1199 1564 1352 1631 magis
1380 1564 1426 1613 in
1455 1563 1668 1631 gratuito
1701 1563 1779 1612 illo
1813 1563 2067 1626 beneficio,

144 1650 267 1717 quod
297 1651 413 1700 deus
446 1650 691 1718 prophetis
718 1649 1047 1716 apostolisque
1075 1647 1352 1698 concessit?
1426 1646 1561 1713 Ergo
1591 1646 1657 1695 illi
1686 1648 1824 1696 deum
1854 1647 2071 1696 existen-

144 1742 238 1784 tem
285 1750 458 1783 revcra
499 1733 698 1783 contuiti
740 1741 877 1797 sunt,
936 1741 983 1782 et
1023 1731 1163 1781 simul
1211 1749 1307 1781 non
1362 1740 1474 1781 sunt
1519 1730 1739 1780 contuiti.
1829 1728 2073 1781 Viderunt

143 1817 330 1884 quidem
363 1824 600 1883 qnatenus
631 1817 842 1884 ipsorum
876 1825 1048 1868 natura
1078 1815 1378 1878 sustinebat,
1434 1814 1576 1881 idque
1612 1814 1805 1865 virtutis
1833 1814 1959 1863 illius
1988 1814 2071 1863 be-

143 1900 315 1950 neficio
343 1917 432 1967 qua
465 1909 756 1968 praepotens
783 1899 861 1949 ille
891 1900 1010 1949 deus
1035 1916 1121 1967 pro
1149 1898 1383 1965 singulari
1411 1915 1500 1948 suo
1529 1915 1645 1964 erga
1673 1897 1913 1947 hominem
1940 1914 2071 1946 amo-

142 2001 224 2046 re,
280 1983 360 2050 qui
403 1983 493 2033 sibi
526 2001 588 2033 ex
623 1983 783 2034 animo
824 2000 880 2032 ac
924 1984 1118 2032 sincere
1161 1981 1437 2044 serviebat,
1497 1982 1687 2032 allicere
1723 1981 1852 2030 illum
1895 1980 2066 2030 voluit.

142 2065 241 2119 Sed
271 2067 309 2117 si
347 2084 547 2130 manus,
589 2075 671 2116 aut
703 2067 899 2129 oculos,
943 2076 1024 2116 aut
1053 2065 1147 2116 alia
1174 2065 1218 2114 id
1257 2083 1410 2131 genus
1438 2064 1652 2114 membra
1679 2064 1843 2114 inesse
1875 2063 1964 2112 deo
1992 2081 2072 2113 su-

147 2151 395 2218 spicentur
423 2150 533 2213 isti,
585 2151 706 2218 quod
738 2150 799 2200 'ad
840 2168 946 2201 eum
990 2151 1180 2200 modum
1222 2149 1467 2217 prophetis
1522 2148 1834 2215 etapostolis
1866 2164 2069 2215 conspe-

141 2243 245 2285 ctus
271 2229 367 2297 sit,
428 2234 555 2286 inani
599 2235 800 2302 quodam
834 2234 995 2283 studio
1040 2233 1368 2283 contentionis
1415 2231 1525 2281 elati
1563 2249 1594 2281 a.
1618 2231 1823 2280 veritate
1864 2230 1965 2298 ipsa
1994 2247 2069 2280 re-

143 2322 387 2372 felluntur.
466 2317 689 2369 Necesse
731 2318 920 2384 quidem
959 2327 1032 2367 est
1066 2317 1137 2366 his
1173 2312 1395 2366 omnibns
1429 2314 1655 2364 adhibere
1700 2314 1837 2363 fidem
1873 2314 2069 2381 quaein

141 2404 295 2455 sacris
323 2403 478 2454 literis
508 2411 820 2465 asseruntnr3
865 2401 1262 2468 quemadmodum
1299 2416 1416 2448 vero
1446 2415 1554 2448 sese
1587 2397 1754 2447 habeat
1776 2436 1788 2460 ,
1830 2399 1963 2447 solus
1990 2398 2070 2447 ille

142 2487 413 2556 cognoscit.
490 2484 797 2552 Proindeqne
829 2502 943 2534 vere
970 2485 1159 2551 quidem
1188 2483 1467 2551 apparuisse
1493 2490 1675 2532 certum
1706 2490 1809 2544 es13
1850 2481 2072 2548 apparuit

142 2582 301 2623 antem
331 2571 568 2638 quomodo
599 2568 768 2629 voluit,
824 2576 870 2617 et
896 2585 1197 2634 quocumque
1225 2568 1364 2616 modo
1394 2566 1609 2633 apparuit
1634 2604 1645 2626 ‚
1689 2582 1806 2614 vere
1834 2564 2068 2631 apparuit.

144 2653 318 2707 Omnia
346 2654 518 2721 quippe
548 2661 706 2721 potest
738 2653 886 2712 deus,
945 2668 1034 2701 nec
1061 2660 1131 2700 est
1163 2652 1444 2717 quicquam,
1489 2651 1611 2716 qnod
1646 2649 1750 2697 eins
1779 2657 2069 2715 potestatem

145 2739 358 2804 effugiat.
425 2735 551 2785 ldem
585 2753 703 2786 vero
734 2735 1073 2802 comprehendi
1103 2753 1196 2783 non
1228 2742 1405 2802 potest,
1448 2751 1554 2782 cnm
1584 2734 1640 2782 sit
1667 2731 1885 2799 spiritus,
1928 2749 2067 2798 quem

142 2821 460 2887 intelligentia
505 2820 630 2869 nulla
674 2821 864 2886 penitus
912 2818 1162 2886 percipere
1201 2827 1385 2885 potest,
1441 2817 1601 2884 itaque
1647 2825 1697 2864 nt
1725 2814 1882 2864 omnia
1916 2815 2070 2865 conti-

144 2914 257 2956 neat
280 2913 327 2955 et
354 2922 379 2954 a
407 2904 536 2953 nullo
565 2903 888 2953 contineatur.
969 2900 1200 2952 Ceterum
1232 2902 1384 2969 qualis
1413 2910 1487 2950 cst
1519 2910 1653 2966 pater
1682 2898 1788 2948 talis
1821 2908 1896 2948 est
1924 2900 2065 2960 lilius,

147 2990 254 3039 talis
293 2987 414 3037 etin
449 2987 698 3037 divinitate
741 2986 937 3054 spiritus
982 2996 1200 3035 sanctus.
1281 2984 1359 3034 Ex
1409 2985 1579 3052 quihus
1620 2984 1752 3033 solus
1792 2982 2069 3048 unigenitus

147 3073 268 3122 lilius
298 3088 442 3121 carne
475 3072 680 3120 vestitus
717 3079 819 3130 cst,
864 3087 954 3135 qna
987 3087 1090 3118 cnm
1123 3087 1148 3118 a
1182 3070 1383 3119 mortuis
1417 3069 1659 3118 excitatus
1688 3075 1786 3128 est,
1844 3067 2069 3116 eandem-

147 3176 239 3226 que
279 3157 419 3206 nnius
451 3155 496 3203 in
529 3153 915 3203 communionem
949 3152 1145 3220 spiritus
1176 3171 1280 3203 cum
1312 3153 1562 3202 divinitate
1595 3150 1877 3211 coniunxit,
1937 3157 1982 3197 et
2009 3152 2072 3197 ad
2091 3160 2251 3237 51:342&
2271 3162 2307 3237 ci

146 3246 382 3291 deoeleram
416 3242 595 3304 patrate,
657 3247 706 3287 ut
737 3237 964 3304 scriptum
1007 3244 1108 3298 est,
1166 3241 1212 3285 in
1237 3240 1397 3300 glor-ia
1433 3238 1657 3284 consedit.
1740 3230 2066 3297 Qnemudmo-
2199 3228 2206 3237 ⁶
2254 3229 2263 3244 '
2311 3228 2319 3237 ’

150 3328 256 3375 dum
298 3325 445 3389 igitur
482 3321 965 3389 comprehensionem
1006 3319 1473 3386 intelligentiamque
1513 3325 1736 3383 superat,
1798 3316 1867 3364 sic
1907 3316 2068 3366 omnia

150 3426 271 3476 quae
312 3409 369 3457 de
410 3407 489 3455 illo
529 3404 753 3454 dicuntur
805 3405 1060 3454 verissima
1113 3412 1241 3453 sunt.
1321 3402 1459 3453 Sicut
1511 3409 1670 3450 autem
1725 3399 2067 3467 comprehendi

152 3494 268 3541 deus
297 3508 389 3541 non
418 3498 604 3557 potest,
663 3490 728 3537 ita
760 3489 816 3537 de
847 3488 927 3537 illo
958 3486 1178 3553 quicquid
1220 3487 1457 3535 asseritur
1495 3484 1691 3551 perinde
1725 3485 2067 3551 comprehendi

153 3575 332 3642 nequit.
412 3571 596 3638 Nequit
649 3580 804 3621 autem
851 3581 1050 3620 catenus
1089 3570 1241 3619 solum
1294 3578 1530 3636 quatenus
1570 3569 1660 3637 deo
1699 3566 1957 3630 convenit,
2020 3575 2068 3617 et

207 3754 243 3795 (3.
274 3752 320 3796 τὸ
355 3767 427 3794 om.
460 3755 548 3794 edit.
580 3756 712 3793 Petav.
748 3754 926 3792 Coloniae
956 3756 1072 3802 repet.
1189 3751 1227 3793 7.
1259 3748 1331 3792 καὶ
1359 3746 1631 3803 οἷπερινόητος
1659 3750 1764 3789 editi.
