2508 4134
606 292 830 333 PANARII
858 292 959 332 LlB.
989 292 1059 331 111.
1090 293 1224 333 ToM.
1250 293 1280 333 Ι.
1309 292 1472 333 ΗΑΕΒ.
1495 290 1652 332 LXXI.
2034 278 2098 328 43

183 393 291 443 bum
321 389 495 442 reterri
523 399 750 459 oportere
781 389 1035 439 iudicaret.
1111 387 1239 439 Nam
1274 391 1345 440 bis
1375 389 1567 453 verbis,
1608 394 1854 440 Faciamus
1878 391 2101 438 hommem
2124 410 2220 446 Gen,
2246 412 2277 453 ι,
2300 409 2353 443 20,

182 480 246 526 ad
268 478 513 539 zinagz'nem
543 484 750 524 nostram
781 483 831 522 et
859 475 923 521 ad
954 475 1327 532 semilicudz‘nem,
1386 474 1587 524 verbum
1630 491 1768 525 suum
1806 482 1946 542 pater
1983 472 2102 522 ailo-

182 559 360 628 qnitur.
437 555 564 625 Quid
590 557 770 624 igitur?
843 554 992 617 Erat,
1037 555 1219 623 inquit,
1263 556 1307 605 in
1343 566 1478 624 patre
1507 557 1737 620 verbum,
1779 557 1862 607 sed
1891 555 2100 607 nondum

182 651 288 694 erat
317 641 459 692 fitius.
539 638 689 703 item,
746 642 879 689 Plaz‘c
902 643 1114 688 dominus
1139 657 1168 688 a
1194 642 1403 699 domino,
1461 641 1584 707 quod
1631 640 1678 690 in
1719 649 1853 709 patre
1894 639 2096 691 verbum

183 734 331 777 esset.
424 722 513 786 Et,
557 727 689 784 Vz‘dz‘,
746 723 930 791 inquit,
989 726 1334 773 descendentem
1366 741 1510 788 supra
1548 726 1717 783 nubes,
1771 728 1912 789 quasi
1932 725 2095 790 fillum
2117 717 2352 804 Ε’ξιῗζξῗνιξῆ·

181 812 403 868 hominis,
473 808 597 875 quod
639 808 773 858 velut
812 816 924 857 ante
962 807 1253 857 denuntians
1291 806 1441 869 dixit3
1496 824 1589 856 non
1610 808 1734 874 quod
1775 808 1928 858 adbuc
1975 806 2099 858 filius

182 895 446 955 existeret,
498 893 581 941 sed
611 891 766 960 ipsum
796 891 980 953 solum,
1037 890 1112 940 eui
1145 890 1224 940 filii
1258 908 1432 940 nomeu
1463 899 1569 940 erat
1601 889 1855 958 aliquando
1885 891 2099 941 tribuen-

183 978 325 1038 dum,
379 984 488 1044 post
527 973 732 1027 Mariam
779 975 1034 1038 videlicet,
1088 975 1309 1041 quodque
1340 991 1402 1024 ex
1445 991 1590 1024 carne
1632 975 1930 1042 proditurum
1971 983 2095 1037 erat,

185 1056 410 1111 Christus
455 1058 677 1110 nimirum
707 1060 766 1109 de
796 1058 967 1127 spiritu
1001 1067 1172 1108 sancto
1207 1056 1462 1126 Mariaque
1493 1058 1713 1125 genitus3
1765 1059 1813 1108 in
1857 1076 1996 1125 quem
2028 1058 2101 1109 sic

185 1152 405 1211 tanquam
459 1142 803 1211 anticipatione
845 1143 1046 1210 quadam
1098 1142 1330 1192 universa
1371 1143 1707 1192 conferuntur.
1798 1140 2101 1210 Quamquam

184 1227 391 1277 noudum
445 1226 579 1296 ipse,
621 1227 1032 1295 quemadmodum
1081 1235 1129 1276 et
1174 1226 1375 1278 verbum
1415 1226 1556 1288 illud,
1615 1226 1739 1293 quod
1789 1225 1838 1275 in
1880 1243 1954 1275 me
2004 1234 2097 1276 est.

185 1309 292 1361 Hoc
328 1319 488 1362 autem
535 1310 826 1380 pauioante
865 1310 1165 1373 monuimus,
1217 1307 1477 1360 Photinum
1523 1327 1588 1361 ex
1621 1307 1758 1360 Pauli
1792 1306 2101 1360 Samosateni

187 1394 394 1445 factione
437 1411 575 1458 esse,
631 1396 892 1462 eademque
937 1412 1044 1445 cum
1075 1395 1157 1444 ino
1191 1395 1482 1458 defendere3
1538 1393 1726 1444 tametsi
1779 1394 1908 1444 iilum
1945 1393 2100 1462 ipsum

187 1479 326 1529 novis
365 1478 615 1530 erroribus
654 1479 960 1547 inventisque
999 1479 1264 1548 superavit.

326 1561 508 1614 Verum
547 1562 856 1614 nihiiomious
896 1572 943 1613 et
974 1563 1074 1632 ipse
1111 1563 1384 1626 refelleturg
1439 1561 1517 1629 qui
1548 1561 1596 1612 in
1629 1570 1898 1612 extremam
1931 1560 2099 1630 impie·
2121 1567 2220 1623 Cap.
2252 1569 2322 1608 111.

187 1656 354 1711 tatem,
395 1663 450 1697 ac
478 1647 626 1697 divini
659 1647 868 1697 numinis
893 1647 1262 1714 abnegationem
1295 1647 1569 1716 prolapsuS‚
1612 1655 1660 1696 et
1688 1647 1843 1697 aliena
1875 1663 1901 1695 a
1928 1645 2105 1714 sempi-

187 1741 324 1782 terna
369 1731 467 1782 vita
507 1740 777 1781 commenta
821 1740 1017 1781 secutos
1060 1740 1152 1783 est.
1225 1729 1352 1782 Nam
1382 1731 1421 1781 si
1457 1748 1630 1781 recens
1668 1731 1790 1780 adeo
1820 1739 1924 1792 est,
1977 1730 2103 1798 quod

186 1816 243 1866 ad
275 1815 572 1866 divinitatem
617 1816 819 1877 attinet,
876 1816 951 1865 dei
983 1814 1134 1878 fitius,
1186 1832 1492 1882 consequens
1531 1824 1606 1865 est
1645 1832 1741 1865 non
1780 1815 1921 1864 modo
1955 1812 2104 1865 Davi-

187 1900 293 1950 dem
326 1899 408 1949 ino
435 1899 728 1949 anteriorem
763 1915 902 1960 esse,
944 1900 1027 1950 sed
1061 1908 1108 1948 et
1140 1898 1294 1949 eidem
1325 1898 1561 1949 conditori
1589 1916 1679 1949 suo
1708 1900 2099 1967 praeferendum.

186 1983 345 2051 Atque
392 1982 509 2034 haec
541 1982 730 2050 quidem
772 1982 1003 2033 baeretici
1034 1983 1159 2033 iilius
1196 1984 1356 2051 opinio
1387 1984 1502 2046 fuit,
1545 1983 1622 2050 qui
1656 2000 1904 2033 sacrarum
1941 1983 2106 2032 litera-

183 2085 287 2118 rum
315 2066 614 2117 auctoritate
632 2074 907 2136 contempta
949 2067 1054 2117 eius
1104 2068 1382 2118 testimonio
1432 2085 1683 2135 perperam
1736 2067 1981 2116 intellecto
2032 2064 2104 2115 sic

183 2152 412 2203 abutitur.
508 2150 799 2219 Apostolus,
851 2150 1036 2219 inquit,
1090 2154 1152 2202 ita
1193 2152 1428 2219 loquitur:
1484 2155 1668 2200 Primus
1702 2155 1834 2200 homo
1876 2154 1931 2199 de
1966 2162 2352 2218 terra1,cor,13,47,

183 2246 422 2295 terrenus,
475 2238 705 2284 secundus
740 2238 797 2283 de
833 2238 977 2284 coelo.
1059 2236 1206 2303 Atqui
1245 2236 1405 2285 statim
1452 2236 1518 2285 illi
1564 2236 1787 2285 veritatis
1828 2237 2104 2302 refragatur

183 2319 367 2381 orati0,
422 2336 476 2369 ac
522 2318 875 2368 tenebricosam
911 2319 1038 2369 illius
1078 2329 1287 2369 mentem
1324 2320 1591 2387 redarguit.
1668 2319 1934 2387 Apostolus
1974 2318 2101 2369 enim

183 2403 382 2471 duplic-is
411 2403 616 2453 bominis
645 2403 939 2452 mentionem
969 2403 1094 2471 agit,
1151 2421 1353 2471 qnorum
1387 2405 1595 2472 priorem
1643 2408 1875 2453 Atlanmm
1913 2423 1939 2453 e
1974 2414 2103 2454 ter-ra

184 2497 443 2547 terrenum,
500 2487 704 2537 aiterum
734 2504 769 2536 ve
809 2487 948 2537 coelo
992 2488 1245 2537 deductum
1291 2488 1508 2537 affirmat.
1586 2488 1662 2537 Ac
1704 2487 1816 2537 licet
1862 2488 2101 2538 bominem

182 2572 414 2639 appellet,
472 2588 567 2621 non
613 2580 771 2621 tamen
808 2588 832 2621 e
865 2571 1001 2621 coeio
1038 2589 1153 2621 earo
1195 2571 1299 2639 ipsa
1341 2572 1619 2634 descendit,
1675 2572 1758 2621 sed
1801 2572 1878 2622 vel
1921 2574 2103 2623 fatente

182 2654 287 2723 ipso
315 2672 341 2703 e
367 2653 527 2705 Maria
563 2663 786 2721 suscepta
828 2664 919 2705 est.
1000 2653 1072 2705 De
1115 2656 1253 2705 coeio
1294 2673 1412 2706 vero
1453 2673 1546 2706 non
1579 2655 1730 2706 abusu
1767 2657 1970 2723 quodam
2000 2674 2105 2706 ser-

183 2739 340 2789 monis
371 2755 566 2788 carnem
598 2740 663 2788 ait
693 2755 802 2788 esse
832 2739 1095 2806 delapsam,
1137 2740 1219 2789 sed
1253 2740 1515 2790 secundum
1555 2740 1793 2790 hominem
1835 2741 2100 2804 duntaxat3

183 2839 246 2872 ex
274 2840 367 2889 quo
396 2823 596 2873 verbum
629 2839 654 2871 e
685 2823 823 2872 coelo
852 2823 1128 2886 descendit,
1179 2833 1227 2872 et
1253 2825 1482 2873 habitavit
1506 2828 1553 2873 in
1580 2827 1737 2883 nobis,
1794 2826 2103 2891 quemadmo-
2133 2838 2354 2883 1021nn.1,3.

183 2907 291 2956 dum
326 2907 555 2973 scriptum
585 2914 676 2956 est.
756 2904 1085 2973 Quamobrem
1109 2915 1158 2956 et
1186 2916 1298 2956 ante
1326 2907 1546 2958 dominus
1580 2908 1853 2970 existebat,
1906 2918 1954 2959 et
1991 2909 2104 2960 sub-

183 2989 294 3040 inde
322 2990 491 3051 adsuit,
537 2993 632 3053 Qecz‘
655 2994 831 3039 invenlt
857 3008 1030 3039 omnem
1059 2995 1177 3040 viam
1208 2995 1445 3040 scientiae.
1520 2990 1760 3042 Extitisse
1791 3010 1909 3043 vero
1938 2993 2098 3042 divina
2123 3007 2258 3041 Barna.

185 3074 423 3142 scriptura
453 3091 546 3124 non
577 3074 777 3124 dubitat.
856 3072 984 3124 Nam
1014 3092 1135 3140 quae
1166 3084 1434 3141 sequuntur
1459 3085 1572 3126 ante
1604 3077 1735 3126 iilum
1765 3077 1990 3127 extitisse
2020 3077 2103 3125 de-
2146 3050 2180 3093 3⁹
2202 3050 2255 3085 π

185 3157 390 3206 elarant.
468 3155 618 3208 Velut
653 3161 778 3222 quod
816 3176 988 3206 omnem
1018 3162 1134 3206 viam
1168 3163 1388 3207 scientiae
1415 3164 1643 3224 reperisse
1677 3161 1887 3222 dicatur,
1931 3161 2102 3209 deinde

185 3244 232 3290 in
268 3251 396 3290 ter-ra
428 3245 553 3290 visus
582 3260 706 3300 esse,
762 3258 884 3308 quae
919 3244 1123 3291 futuram
1159 3242 1572 3304 incarnationem,
1632 3245 1915 3310 quandoque
1954 3242 2103 3309 signi-

185 3324 410 3374 ficabant.
489 3323 588 3374 lam
622 3341 738 3374 vero
778 3325 901 3391 quod
942 3342 966 3373 e
1006 3325 1144 3374 coelo
1181 3342 1345 3375 seeum
1385 3326 1623 3376 hominem
1665 3327 1897 3376 detulisse
1936 3336 2105 3394 putant

187 3407 450 3469 baeretici,
505 3425 599 3457 uon
647 3408 736 3457 boc
775 3409 1023 3476 apostolus
1065 3408 1205 3470 dicit,
1261 3426 1428 3459 verum
1472 3410 1531 3459 ob
1578 3410 1829 3459 humanam
1884 3418 2102 3460 naturam

187 3508 293 3541 oum
333 3491 495 3540 divina
536 3491 858 3541 consociatam
891 3491 1131 3540 hominem
1159 3491 1290 3541 illum
1320 3493 1552 3560 appellat,
1609 3501 1752 3559 atque
1788 3494 1929 3543 etiam
1963 3494 2022 3544 ob
2047 3495 2103 3544 ἰΙ-

185 3574 263 3623 lud
303 3582 491 3642 tempos
532 3575 655 3641 quod
693 3577 930 3624 Adamum
977 3575 1105 3624 inter
1136 3583 1181 3624 et
1223 3575 1604 3625 incarnationem
1652 3577 1954 3627 interiectum
1994 3587 2097 3641 est3

188 3673 282 3706 non
316 3658 469 3723 quod,
512 3666 564 3707 ut
602 3658 681 3707 ille
707 3659 796 3708 sibi
829 3660 1114 3727 persuadet,
1169 3658 1366 3708 verbum
1397 3676 1422 3708 a
1461 3667 1593 3729 patre
1621 3660 1933 3729 processerit,
1975 3669 2023 3711 et
2053 3662 2100 3711 iu
