2508 4134
234 833 320 872 pag.
349 822 424 858 981,

450 273 550 326 308
1158 278 1363 320 εΑΝοΤι
1386 277 1671 320 ΕΡΙΡΗΑΝΠ

973 373 1055 392 un

449 379 625 444 ὅντων,
676 374 793 430 ἀλλά
823 378 877 430 ἐκ
907 397 996 430 του
1026 396 1194 440 οντος,
1245 372 1633 445 συμπρεπόντως
1673 372 1776 442 ὃίμα
1807 379 2092 443 θεωρεῖται,
2144 370 2256 425 οὔτε
2282 391 2374 425 πα-

451 463 798 536 ρατεινομένης
825 467 911 529 τῆς
942 461 1145 526 οὐσίας,
1184 457 1296 513 οῦτε
1323 461 1721 528 συστελλομένης,
1761 456 1880 511 ἀλλά
1912 463 2104 525 πνεῦμα
2134 454 2203 510 α’)’ν
2230 454 2260 510 o‘
2283 478 2376 510 πα-

447 547 537 619 τὴρ
563 554 754 615 πνεῦμα
797 545 1049 614 ἀληθινῶς
1082 543 1170 598 τὸν
1198 542 1310 598 υίόν
1342 546 1621 615 ἐγέννησεν,
1673 545 1756 597 καὶ
1786 545 1835 606 ἐξ
1864 543 2042 595 ἑαυτοῦ
2071 540 2292 612 ἐξήνεγκε
2319 539 2374 594 τὸ

445 639 641 701 πνεῦμα
664 630 720 685 τὸ
748 631 922 703 ἅγιον,
959 632 1044 684 καὶ
1076 628 1163 698 οὐχ
1190 628 1364 683 ἑαυτὸν
1391 630 1584 700 ἀγνοεῖ,
1636 627 1749 683 οῦτε
1772 626 1860 696 τὴν
1885 629 2065 681 ἑαυτοῦ
2095 625 2270 680 οὐσίαν
2297 642 2378 679 συ·

446 719 783 787 στελλομένην,
822 715 856 785 ἢ
885 716 1257 784 πλατυνομένην
1287 712 1449 780 οἶδεν,
1487 714 1521 783 ἢ
1546 713 1702 783 τομὴν
1727 711 2062 781 ὖφισταμένην
2085 717 2257 780 (ταῦτα
2284 708 2376 782 γὰρ

449 802 610 858 πάντα
636 804 750 874 περὶ
774 800 901 856 θεὸν
927 803 1105 855 εἰδέναι
1123 799 1467 871 ἀλογώτατον,
1521 799 1640 862 ὥςτε
1666 801 1749 853 καὶ
1776 800 1967 870 ἀγνοεῖν
1995 795 2119 850 αὐτὸ
2150 794 2206 850 τὸ
2239 803 2379 850 θεῖον
2429 791 2431 794 ’

449 889 569 960 ὅπερ
598 890 698 942 ἐστὶ
741 894 764 925 ⁸
781 885 835 941 τὸ
872 886 1014 958 ὃίγιον
1039 890 1282 954 πνεῦμα),
1320 887 1404 939 καὶ
1434 882 1547 939 οῦτε
1571 882 1599 938 ὅ
1627 883 1888 956 ἀγέννητος
1918 882 1978 938 οὐ
2005 883 2284 951 συμμετέχει
2310 887 2379 954 τῷ

447 972 706 1045 γεννήματι
733 971 787 1027 τό
817 969 1115 1041 ὅμοούσιον,
1168 969 1280 1025 οὔτε
1315 968 1344 1023 ὁ
1368 968 1596 1040 γεννητὸς
1632 970 1694 1023 οὐ
1723 970 2031 1040 συμπεριέχει
2054 974 2124 1042 τῷ
2151 969 2299 1038 πατρὶ
2323 965 2379 1021 τὸ

449 1060 615 1113 ἀΐδιον
641 1056 763 1127 (οἶδε
791 1056 883 1128 γάρ
918 1056 945 1111 ὁ
968 1055 1128 1127 πατὴρ
1156 1055 1242 1109 τόν
1269 1053 1410 1121 υἷὸν,
1448 1057 1532 1108 καὶ
1562 1053 1590 1109 o‘
1614 1053 1725 1117 υίὸς
1751 1052 1855 1108 οἶδε
1880 1053 1965 1108 τόν
1991 1055 2223 1125 πατέρα),
2274 1049 2379 1106 άτε-

446 1143 688 1213 λευτήτως
714 1141 792 1198 ἀεὶ
826 1149 912 1211 τῆς
942 1141 1141 1214 τριάδος
1170 1138 1405 1195 ἀκτίστου
1433 1140 1701 1208 μενούσης,
1751 1141 1838 1192 καὶ
1866 1137 2188 1207 ἀτελευτήτως
2223 1135 2380 1208 ῦπαρ-

446 1229 658 1299 χούσης,
695 1235 786 1282 τοῦ
817 1234 1116 1299 μονογενοῦς
1143 1227 1495 1297 γεγεννημένου
1525 1227 1580 1279 ἐκ
1608 1230 1697 1278 τοῦ
1728 1223 1804 1277 ἀεὶ
1833 1221 2012 1289 ὄντος,
2041 1222 2196 1297 ὅντως
2222 1222 2379 1288 ὄντος,

445 1317 532 1369 καὶ
565 1317 617 1369 έν
645 1317 746 1388 ἰδία
769 1317 920 1386 τελείᾳ
949 1311 1107 1379 φύσει.
1183 1309 1277 1365 Διὸ
1305 1309 1531 1383 γινώσκει
1558 1307 1764 1376 ἑαυτὸν,
1801 1311 1886 1363 καὶ
1911 1306 2005 1362 οὐκ
2037 1307 2231 1379 ἀγνοεῖ,
2270 1305 2381 1362 οῦτε

446 1398 476 1455 o‘
503 1398 614 1463 υἵὸς
645 1398 735 1468 τήν
763 1400 1033 1470 ἀγέννητον
1069 1395 1258 1468 πατρός
1298 1394 1496 1462 οὐσίαν,
1554 1394 1665 1450 οῦτε
1695 1392 1725 1449 ὅ
1753 1393 2013 1466 ἀγέννητος
2039 1391 2129 1462 τὴν
2152 1399 2243 1447 τοῦ
2269 1395 2383 1447 υἱοῦ

447 1489 497 1550 ἐξ
528 1486 685 1539 αὐτοῦ
722 1483 920 1550 οὐσίαν,
973 1484 1258 1547 ἀξιοπίστου
1302 1480 1445 1544 ὄντος
1480 1487 1569 1535 τοῦ
1606 1485 1906 1551 μονογενοῦς
1940 1485 2067 1533 θεοῦ
2097 1477 2248 1549 λόγου
2285 1479 2384 1547 φή-

445 1589 646 1637 σαντος,
692 1570 870 1633 Οὐδεὶς
907 1567 1012 1623 οἶδε
1047 1567 1134 1622 τὸν
1170 1569 1389 1639 πατέρα,
1429 1569 1473 1620 εἰ
1507 1564 1575 1636 μὴ
1601 1564 1630 1620 ὅ
1657 1564 1798 1632 υἷὸς,
1839 1567 1924 1619 καὶ
1952 1563 2036 1619 τόν
2062 1562 2203 1630 υἰὸν,
2240 1566 2286 1617 εἰ
2314 1561 2381 1633 μή

446 1654 476 1710 ὅ
513 1655 691 1727 πατήρ.

589 1739 684 1795 Διὸ
718 1739 1004 1815 ἀφῃρήσθω
1044 1739 1099 1794 τὸ
1131 1738 1311 1794 τούτου
1343 1745 1433 1792 τοῦ
1461 1736 1670 1809 γεννάδα
1695 1735 1883 1791 Ἀετίου
1923 1732 2269 1802 ἀποφαντικὸν
2302 1735 2381 1789 κέ·

444 1834 625 1896 λευσμα
652 1824 707 1880 τδ
743 1833 909 1896 φῆσαν
925 1869 940 1892 ,
985 1824 1060 1880 Οὐ
1081 1824 1175 1897 γάρ
1210 1822 1320 1879 οἷόν
1346 1846 1396 1877 τε
1431 1822 1583 1878 αὐτόν
1612 1824 1725 1893 περὶ
1764 1829 1786 1860 ⁹
1806 1823 2015 1887 ἑαυτοῦ,
2068 1823 2152 1875 καὶ
2181 1818 2383 1892 ἀγεννή-

445 1935 534 1966 του
561 1912 736 1974 οὐσίας
766 1918 947 1984 γνῶσιν
977 1914 1100 1980 ἔχειν
1136 1913 1219 1965 καὶ
1254 1909 1555 1981 ἀγεννησίας.
1633 1906 1899 1980 Προῦλαβε
1928 1906 2023 1979 γάρ
2054 1904 2083 1960 ὅ
2113 1903 2382 1978 μονογενής

444 1995 779 2069 παραγράψαι
812 1996 903 2067 τήν
937 1995 1220 2065 δικαστικήν
1261 1994 1416 2049 αὐτοῦ
1448 1991 1630 2063 ταύτην
1662 1992 1863 2062 φωνήν,
1915 1992 2080 2062 φήσας
2111 1991 2288 2046 ἑαυτὸν
2316 1994 2377 2045 εἶα

446 2084 584 2137 δέναι
621 2081 708 2137 τόν
744 2085 958 2154 πατέρα,
1010 2085 1097 2136 καὶ
1144 2080 1285 2135 ἀλλον
1335 2078 1544 2146 οὐδένα,
1599 2077 1977 2149 συμπεριλαβών
2024 2077 2126 2146 ἅμα
2171 2080 2256 2131 καὶ
2291 2083 2380 2132 τοῦ

445 2166 727 2236 πνεύματος
758 2167 911 2222 αὐτοῦ
953 2173 1043 2222 τοῦ
1070 2166 1215 2239 άγίου
1245 2165 1299 2220 τὸ
1338 2165 1653 2237 ἐνύπαρκτον.
1724 2163 1812 2228 Ὡς
1838 2166 1924 2218 καὶ
1963 2166 2016 2218 ἐν
2043 2161 2167 2237 ἀλλφ
2200 2161 2381 2230 φάσκει

446 2251 551 2319 ὅτι,
595 2258 654 2290 ¹⁰
678 2251 743 2306 Τὸ
771 2259 967 2322 πνεῦμα
993 2259 1084 2307 τοῦ
1116 2250 1302 2324 πατρὸς
1332 2251 1518 2315 διδάξει
1555 2249 1699 2319 ὑμᾶς.
1776 2252 1846 2303 Εἰ
1874 2250 1928 2303 δὲ
1952 2255 2042 2303 τοῦ
2070 2247 2257 2320 πατρός
2281 2250 2381 2302 ἐστι

444 2336 500 2392 τὸ
525 2343 745 2407 πνεῦμα,
795 2336 889 2392 οῦκ
930 2337 1098 2409 ἀγνοεῖ
1133 2340 1218 2392 καὶ
1256 2336 1378 2391 αὐτὸ
1418 2335 1504 2391 τόν
1544 2338 1745 2407 πατέρα.
1809 2336 1899 2388 Ἐν
1932 2335 1984 2388 δὲ
2015 2340 2083 2407 τῷ
2119 2335 2378 2406 εἰρηκέναι,

452 2422 635 2486 Οὐδεὶς
674 2421 778 2477 οἶδε
818 2422 904 2477 τδν
945 2425 1160 2494 πατέρα,
1211 2421 1348 2491 εἰμὴ
1380 2420 1409 2476 ὁ
1435 2421 1568 2487 υἷὸς,
1615 2425 1697 2475 ἵνα
1739 2420 1916 2475 ἕαυτὸν
1956 2421 2040 2473 καὶ
2077 2418 2165 2473 τὸν
2196 2421 2382 2491 πατέρα

443 2510 528 2561 καὶ
568 2507 694 2562 11τὸ
726 2514 921 2577 πνεῦμα
957 2507 1011 2562 τὸ
1047 2507 1188 2579 ἅγιον
1221 2506 1564 2579 ὑπερβεβηκὸς
1604 2505 1797 2580 σημάνῃ
1842 2512 1942 2560 τῶν
1977 2503 2132 2559 ἀλλων
2175 2510 2275 2558 τῶν
2314 2502 2380 2573 μή

444 2592 619 2656 ἀϊδίως
647 2591 997 2665 ὑπαρξάντων,
1048 2595 1324 2664 γενομένων
1354 2595 1421 2647 δέ.
1495 2596 1568 2646 Εἰ
1590 2593 1642 2646 δὲ
1673 2590 1951 2663 προῦλαβεν
1990 2589 2065 2645 άεὶ
2093 2591 2270 2644 εἰδέναι
2296 2588 2383 2643 τὸν

910 2677 925 2696 P
963 2687 985 2696 cu
1036 2677 1049 2698 2

443 2680 657 2751 πατέρα,
707 2679 863 2748 μάτην
889 2702 1010 2748 ημιν
1039 2682 1219 2742 Αέτιος
1249 2685 1545 2733 κενολεκτῶν
1571 2676 1876 2744 ὖπειςδύνει,
1929 2682 2102 2744 σαφῶς
2132 2681 2287 2730 πᾶσιν
2313 2673 2383 2728 ὢν

446 2767 594 2833 δῆλος
621 2764 698 2819 ὅτι
729 2763 796 2827 ώς
827 2763 1099 2836 ἅνθρωπος
1123 2769 1381 2836 λογίζεται,
1435 2771 1683 2837 σαρκικῶς
1713 2761 2121 2832 ἀνακρινόμενος,
2170 2762 2254 2815 καὶ
2282 2775 2382 2829 ψυ-

446 2848 584 2919 χικός
611 2847 847 2922 ὑπάρχων
873 2850 955 2904 διά
979 2850 1067 2905 τὸν
1092 2850 1269 2905 ἑαυτὸν
1297 2852 1380 2905 καὶ
1405 2849 1492 2904 τόν
1517 2852 1703 2921 πατέρα
1729 2847 2032 2920 γινώσκοντα
2053 2848 2137 2900 καὶ
2160 2844 2214 2900 vd
2241 2845 2384 2917 ἅγιον

447 2935 605 2990 αὐτοῦ
643 2942 851 3004 πνεῦμα.
915 2935 1180 3010 Ἐξῄρηται
1220 2930 1310 2991 οῦν
1339 2935 1500 3004 πάσης
1530 2938 1687 2998 αἰτίας
1714 2933 1744 2988 ὅ
1771 2932 1893 2997 θεὸς
1919 2933 1980 2987 οὗ
2021 2931 2176 3001 μόνον
2202 2929 2383 3001 πατὴρ,

448 3018 565 3074 ἀλλά
595 3023 681 3075 καὶ
708 3021 845 3088 υἷός,
897 3023 982 3075 καὶ
1014 3021 1156 3092 ἅγιον
1193 3027 1411 3090 πνεῦμα,
1460 3027 1548 3090 τῆς
1574 3020 1813 3088 θεότητος
1837 3017 2023 3089 πατρὸς
2050 3019 2133 3071 καὶ
2159 3019 2276 3071 υἱοῦ
2298 3017 2383 3070 καὶ

449 3103 593 3177 άγίου
632 3106 913 3176 πνεύματος
950 3104 1349 3178 ὄμολογουμένης
1383 3110 1663 3179 κρείττονος
1700 3103 1863 3174 πάσης
1900 3106 2071 3165 αἰτίας.
2142 3111 2145 3115 ’

581 3348 775 3402 Ἀετίου
799 3347 968 3416 κεφάλ.
994 3347 1076 3419 λγ’.
1152 3351 1223 3401 Εἰ
1250 3347 1304 3403 τὸ
1338 3348 1606 3420 ἀγέννητον
1635 3345 1795 3413 πάσης
1825 3347 1982 3408 αἰτίας
2012 3345 2267 3419 ἐξῄρηται,
2307 3345 2381 3412 εἴη

451 3434 505 3487 δὲ
530 3433 684 3487 πολλοὶ
711 3434 977 3504 ἀγέννητα,
1016 3430 1392 3504 ἀπαράλλακτον
1422 3435 1586 3498 ἕξουσι
1613 3430 1702 3500 τήν
1741 3429 1906 3497 φύσιν.
1989 3430 2063 3483 Οὐ
2092 3429 2183 3502 γάρ
2217 3429 2284 3484 ἀν
2313 3427 2382 3499 μή

452 3517 793 3590 ἀποκληρώσει
813 3518 1011 3586 φύσεώς
1033 3541 1166 3582 τινος
1193 3525 1368 3574 κοινοῦ
1390 3521 1473 3573 καὶ
1504 3521 1634 3572 ἰδίου
1657 3522 1971 3585 μετειληφυῖα
2001 3521 2022 3553 1
2037 3513 2073 3584 ή
2095 3516 2184 3584 μὲν
2209 3517 2381 3581 ἐποίει,

452 3599 487 3669 ή
523 3604 575 3656 δὲ
614 3607 809 3674 ἐγίνετο.

509 3703 547 3745 8.
583 3707 705 3745 Verba
731 3706 864 3748 ταῦτα
889 3703 969 3760 γὰρ
999 3729 1054 3737 -—-
1081 3700 1197 3761 ἅγιον
1222 3706 1387 3760 πνεῦμα
1445 3702 1561 3754 υἱός,
1609 3701 1695 3746 καὶ.
1770 3704 1875 3744 Nihil
1917 3704 2104 3744 desidero.
2172 3703 2385 3743 Gor-narius

453 3763 495 3800 in
517 3764 735 3809 parenthesi
769 3766 895 3812 posui.
957 3764 1092 3804 Petav.
1136 3768 1223 3804 ante
1259 3760 1307 3805 τὸ
1334 3758 1391 3804 ἅ-
1447 3762 1618 3803 reddidit
1668 3758 1773 3799 sicut
1827 3758 1951 3799 etiam
2006 3759 2195 3814 ignorare
2250 3758 2384 3813 ipsum

453 3828 540 3871 γιον
583 3830 645 3859 πν.
680 3819 806 3859 deesse
843 3821 1063 3869 suspicatur
1103 3816 1271 3874 πατὴρ,
1317 3817 1390 3861 καὶ
1448 3818 1594 3868 deum,
1623 3816 1705 3857 hoc
1736 3822 1799 3856 est
1827 3814 2017 3870 spiritum
2045 3823 2245 3858 sanctum.
