2508 4134
218 527 331 584 Κεφ.
362 529 418 586 η’,

227 1497 310 1534 pag.
333 1489 408 1527 921.

450 244 551 298 204
1159 259 1364 302 εΑΝοΤι
1389 261 1675 303 EPIPHANII

447 354 507 406 τοὶ
532 355 709 419 τέλεια,
749 353 825 408 ὅτι
849 351 878 408 o‘
903 353 1014 418 υἱός
1046 357 1101 410 ἐκ
1126 354 1338 427 πατρὸς,
1377 359 1553 422 τέλειος
1584 361 1639 413 ἐκ
1667 361 1874 423 τελείου,
1925 360 2106 415 τέλειον
2132 362 2187 416 δὲ
2215 364 2298 418 καὶ
2323 362 2379 419 τδ

447 437 590 508 ἅγιον
625 446 833 508 πνεῦμα.

582 523 711 578 'And
740 530 857 593 μιᾶς
894 527 978 579 καὶ
1016 528 1246 597 δευτέρας
1273 530 1356 581 καὶ
1396 532 1560 599 τρίτης
1587 532 1854 600 μαρτυρίας
1882 523 2021 584 οὗτοι
2049 531 2383 602 φωραθήσον-

447 632 539 663 ται.
614 613 685 663 Εἰ
705 609 797 681 γάρ
827 610 953 673 ὅλως
978 610 1283 684 ὁμολογεῖται
1311 611 1392 667 ὑπ’
1425 612 1578 668 αὐτοῦ
1607 616 1976 686 γεγεννημένος,
2016 613 2383 688 όμολογηθήσε-

444 718 523 749 ται
551 693 675 750 εἶναι
703 697 976 767 ἐπάναγκες
1004 696 1178 766 ὅμοιος
1204 703 1272 772 τῷ
1297 698 1617 769 γεγεννηκότι.
1691 707 1859 769 Δῆλον
1889 700 1943 753 δὲ
1969 698 2043 755 ὅτι
2067 703 2120 755 ἐν
2143 701 2270 777 λόγῳ
2293 705 2382 772 μὲν

444 782 567 851 λέγει
590 780 645 835 vd
675 783 917 852 γέννημα,
953 787 1131 851 κτίσμα
1161 785 1214 837 δὲ
1245 791 1419 850 σαφῶς
1447 787 1542 853 ἔχει
1568 807 1619 838 τε
1642 788 1726 839 καὶ
1757 789 2057 840 πεπίστευκε.
2134 789 2276 842 Kato}
2295 788 2377 859 χᾶ-

445 888 523 936 ριν
549 868 602 920 δὲ
627 874 882 921 καλεῖσθαι
910 868 1065 923 αὐτὸν
1094 867 1231 935 υἷὸν,
1272 868 1340 933 ῶς
1368 873 1653 938 ἐδοκίμασεν
1679 869 1709 925 ὅ
1741 878 1762 909 1
1781 869 2072 942 ὄριγνοόμων
2101 880 2200 927 τῶν
2230 877 2377 929 ἕπου·

442 955 652 1022 ρανίων,
690 955 775 1006 καὶ
800 953 1028 1024 μεριστῆς
1051 961 1150 1008 τῶν
1174 953 1487 1025 ἀδιαιρέτων,
1525 958 1609 1009 καὶ
1635 959 1913 1027 γεωμέτρης
1938 965 2027 1026 τῆς
2048 956 2286 1030 ἡμετέρας
2312 962 2382 1023 είς

447 1037 666 1107 Χριστόν
688 1043 941 1109 σωτηρίας.
1017 1044 1282 1094 Διαπίπτει
1313 1042 1365 1094 δὲ
1390 1038 1419 1094 ὅ
1445 1039 1646 1095 πάντων
1673 1041 1863 1095 τούτων
1886 1041 2030 1113 λόγος
2055 1050 2153 1098 τῶν
2179 1043 2381 1115 κτισμά-

441 1146 539 1177 των
581 1121 734 1178 αύτὸν
774 1124 1229 1196 παρειςφερόντων,
1284 1125 1351 1189 ὥς
1390 1128 1471 1179 καὶ
1511 1124 1541 1179 ό
1577 1124 1758 1180 τούτου
1805 1135 2031 1182 πεσεῖται.
2106 1129 2379 1201 Λέξωνγᾶρ

440 1208 567 1278 πρὸς
610 1208 765 1263 αὐτὸν
801 1209 1114 1276 δικαιότατα,
1153 1213 1282 1282 Λέγε
1316 1233 1426 1280 μοι,
1479 1205 1519 1265 ὦ
1557 1205 1730 1277 οὗτος,
1785 1216 1831 1265 τί
1860 1211 1922 1265 ἂν
1955 1215 2112 1284 λέγοις
2147 1218 2258 1287 περὶ
2291 1221 2381 1270 τοῦ

441 1297 557 1348 υίοῦ
586 1301 678 1348 τοῦ
699 1303 824 1350 θεοῦ
835 1320 850 1361 ,·
888 1300 1066 1364 κτίσμα
1092 1295 1241 1350 αὐτόν
1275 1297 1508 1362 φάσκεις,
1546 1295 1580 1365 ἢ
1605 1299 1821 1367 γέννημα
1832 1321 1846 1362 3
1897 1300 1942 1351 εἰ
1969 1299 2058 1366 μὲν
2081 1300 2174 1372 γοῖρ
2205 1305 2380 1369 κτίσμα

443 1378 594 1434 αὐτόν
618 1382 770 1452 λέγεις
806 1379 956 1447 εἷναι,
1010 1384 1181 1450 μηκέτι
1212 1388 1444 1445 πιθανῶς
1474 1381 1795 1453 παράκρυπτε
1825 1382 1912 1451 τὴν
1936 1382 2121 1452 λύμην,
2173 1382 2380 1453 ὀνόματι

441 1467 657 1537 γέννημα
686 1466 838 1520 αὐτόν
870 1473 1036 1521 καλῶν
1068 1475 1155 1521 τοῦ
1187 1468 1387 1538 πατρός.
1465 1474 1580 1521 Πᾶν
1616 1467 1708 1539 γοὶρ
1737 1468 1790 1523 τό
1814 1468 2008 1523 κτιστὸν
2036 1470 2098 1524 οὐ
2126 1470 2377 1541 γεννητόν·

438 1554 522 1605 καὶ
552 1555 598 1605 εί
622 1550 878 1622 γεννητόν,
930 1551 990 1607 οὐ
1018 1552 1229 1607 κτιστόν.
1290 1553 1481 1608 ’Έασον
1510 1558 1678 1608 τοίνυν
1708 1553 1762 1608 τὸ
1795 1554 1917 1623 μήτε
1941 1554 2071 1630 λόγῳ
2094 1557 2247 1627 λέγειν
2275 1577 2378 1628 γεν-

437 1636 609 1705 νητόν·
664 1638 723 1691 οὐ
753 1636 844 1708 γάρ
873 1640 1049 1709 πρέπει
1086 1656 1162 1692 σοι
1196 1638 1321 1702 ὅλως
1350 1637 1446 1694 κᾶν
1478 1641 1548 1693 ἑνὶ
1586 1639 1715 1714 λόγῳ
1746 1642 1916 1711 φέρειν
1946 1647 2032 1710 τῆς
2061 1640 2296 1710 ἅληθείας
2319 1641 2380 1696 τοὶ

438 1722 634 1792 ῥήματα
664 1725 746 1777 ἐπὶ
776 1725 982 1792 χειλέων.
1054 1723 1193 1777 Ἀλλοὶ
1230 1727 1335 1795 λέγε
1372 1743 1462 1779 σου
1492 1723 1546 1779 τό
1575 1731 1676 1779 πᾶν
1709 1732 1796 1793 τῆς
1830 1729 2125 1795 ἐπιβουλῆς,
2174 1730 2255 1781 Ιἵνα
2285 1727 2377 1796 μά-

441 1818 612 1878 θωμεν
635 1813 707 1872 τίς
734 1807 803 1875 εἷ,
841 1811 923 1863 καὶ
956 1809 1116 1872 οὕτως
1144 1809 1481 1882 ἀποφύγωμεν
1506 1809 1605 1865 vind
1633 1817 1722 1880 τῆς
1754 1814 2021 1880 ἐπιβουλῆς
2051 1831 2167 1878 σου,
2206 1811 2378 1884 ἄγρευ-

436 1894 494 1949 τοὶ
520 1901 618 1949 τῶν
648 1901 852 1964 ψυχῶν,
889 1897 973 1948 καὶ
1005 1898 1232 1964 ἐπίβουλε
1258 1903 1358 1951 τῶν
1385 1915 1463 1950 σοι
1490 1898 1872 1965 πεποθημένων.
1949 1903 2256 1966 Προςκυνεῖς
2278 1903 2373 1953 τοί·

435 2004 527 2035 νυν
553 1980 639 2035 τὸν
668 1980 780 2034 υἷόν
801 1988 892 2035 τοῦ
917 1988 1071 2047 θεοῦ,
1107 1981 1141 2049 ἢ
1169 1982 1230 2036 οὐ
1262 1991 1577 2053 προςκυνεῖς;
1653 1985 1773 2048 Ναὶ,
1803 1985 1952 2052 φησὶ,
1990 1991 2256 2051 προςκυνῶ
2285 1984 2368 2038 αὖ·

433 2066 532 2121 τόν.
611 2066 737 2120 Θεὸν
770 2076 1085 2138 προςκυνεῖς,
1123 2066 1157 2135 ἢ
1182 2066 1314 2136 οὐχί,
1355 2070 1484 2133 Ναὶ,
1523 2070 1675 2137 φησὶ,
1713 2067 1837 2123 θεὸν
1863 2076 2140 2140 προςκυνῶ.
2217 2076 2377 2134 Ποῖος

434 2147 527 2207 οὖν
563 2151 684 2217 θεὸς
722 2155 854 2207 ἔσται
892 2152 1085 2215 κτιστός
1120 2152 1256 2224 παρά
1294 2172 1374 2207 σοι
1407 2153 1667 2224 λεγόμενος
1703 2157 1787 2208 καὶ
1824 2155 2279 2225 προςκυνούμενος,
2332 2158 2379 2210 εί

434 2241 522 2308 μὲν
559 2238 650 2310 γάρ
688 2237 777 2293 τόν
814 2241 900 2293 ἕνα
937 2241 1121 2293 ἔκτισεν
1154 2236 1183 2292 ό
1209 2238 1551 2309 προςκυνητὸς
1591 2238 1741 2306 θεὸς,
1793 2243 1878 2294 καὶ
1919 2247 2096 2295 τοῦτον
2137 2238 2374 2310 εὖδόκησε

432 2333 846 2394 προςκυνεῖσθαι,
897 2323 956 2378 τοὶ
981 2323 1022 2378 δ’
1051 2324 1168 2378 ἅλλα
1201 2324 1363 2378 πάντα
1391 2324 1542 2388 αὐτός
1571 2323 1600 2379 ὁ
1625 2330 1792 2388 κτίσας
1820 2326 1881 2380 οὐ
1913 2327 2139 2395 βούλεται
2160 2349 2370 2398 προςκυ·

431 2418 654 2476 νεῖσθαι,
693 2409 814 2467 ἄλλα
840 2413 920 2464 καὶ
952 2413 1165 2464 αἰτιᾶται
1192 2409 1308 2473 τούς
1335 2417 1735 2479 προςκυνοῦντας
1770 2411 1860 2480 τὴν
1886 2416 2067 2477 κτίσιν,
2106 2410 2190 2465 διὰ
2211 2410 2372 2481 νόμου

434 2496 709 2561 διδάσκων,
754 2496 829 2549 Οὐ
858 2496 1082 2564 ποιήσεις
1109 2502 1295 2569 σεαυτῷ
1316 2502 1418 2549 πᾶν
1445 2494 1690 2565 ὁμοίωμα,
1727 2501 1814 2552 καὶ
1837 2497 2194 2566 προςκυνήσεις
2218 2497 2371 2573 αὐτῷ,

432 2580 551 2650 μήτε
577 2585 628 2636 ἐν
668 2589 734 2655 τῷ
772 2582 972 2654 οὐρανῷ
983 2625 995 2646 ,
1049 2581 1167 2650 μήτε
1198 2584 1280 2635 ἐπὶ
1316 2589 1403 2651 τῆς
1432 2589 1548 2653 γῆς,
1598 2583 1716 2651 μήτε
1757 2585 1808 2636 ἐν
1835 2591 1939 2646 τοῖς
1976 2582 2137 2638 ῦδασι.
2213 2586 2316 2639 Καὶ
2343 2585 2375 2639 ὅ

432 2666 705 2730 οἷπόστολός
735 2687 884 2735 φησι,
934 2666 1258 2737 Ἐλάτρευσαν
1284 2674 1344 2742 τῇ
1373 2672 1525 2722 κτίσει
1550 2667 1684 2738 παρά
1711 2667 1797 2722 τὸν
1833 2673 2088 2734 κτίσαντα,
2133 2671 2218 2724 καὶ
2247 2672 2371 2739 ἐμω-

432 2753 704 2824 ράνθησαν.
801 2758 923 2815 Πῶς
977 2757 1146 2806 τοίνυν
1194 2756 1307 2823 περὶ
1358 2753 1554 2808 πάντων
1604 2754 1783 2807 κελεύει
1837 2754 1903 2822 μὴ
1955 2762 2368 2824 προςκυνεῖσθαις

434 2834 591 2910 ΞῖΑρα
631 2833 722 2892 οὗν
758 2842 1155 2909 προςωποληψία
1186 2840 1285 2892 ἐστὶ
1323 2838 1459 2908 παρὰ
1485 2846 1614 2912 θεῷ,
1674 2838 1771 2908 Μὴ
1797 2841 1998 2909 γένοιτο.
2064 2840 2155 2893 Ἐν
2182 2847 2252 2914 τῷ
2277 2840 2370 2911 γὰρ

428 2924 515 2979 τὸν
544 2927 627 2980 ἕνα
658 2932 1044 2994 προςκυνεῖσθαι
1070 2926 1217 2988 ἔδειξε
1248 2925 1560 2979 παντάπασιν
1598 2924 1743 2979 ἄλλον
1771 2924 1889 2979 ὅντα
1918 2924 2054 2991 παροέ
2089 2924 2180 2994 τὴν
2215 2930 2372 2980 κτίσιν

428 3010 515 3065 τόν
544 3008 1000 3081 προςκυνούμενον,
1050 3011 1133 3063 καὶ
1165 3007 1312 3077 ἄλλην
1353 3009 1444 3079 τὴν
1469 3013 1907 3080 προςκυνουμένην
1932 3014 2090 3064 κτίσιν
2125 3010 2261 3082 παρὰ
2284 3010 2371 3066 τόν

431 3095 771 3166 προςκυνητὸν
806 3094 1005 3166 κύριον,
1062 3094 1174 3148 υἷὸν
1217 3102 1305 3148 τοῦ
1345 3102 1471 3150 θεοῦ
1510 3099 1563 3151 ἐκ
1602 3095 1790 3167 πατρὸς
1831 3097 2194 3166 γεγεννημένον.
2269 3095 2370 3151 Διοὶ

430 3182 521 3252 γὰρ
550 3180 604 3235 τό
635 3184 684 3245 ἐξ
711 3179 866 3235 αὐτοῦ
905 3186 1225 3251 γεγεννῆσθαι
1267 3180 1444 3249 ὅμοιον
1486 3180 1620 3255 αὐτῷ
1657 3184 1742 3236 καὶ
1780 3179 1883 3234 κατ’
1916 3180 2069 3234 αὐτὸν
2093 3181 2204 3235 υἱόν
2217 3225 2230 3247 ,
2286 3182 2371 3237 διὰ

429 3273 576 3321 τοῦτο
612 3265 704 3338 γάρ
734 3269 817 3320 καὶ
843 3265 1184 3337 προςκυνητὸν
1219 3266 1355 3336 παρὰ
1382 3274 1517 3321 πᾶσι.
1593 3266 1670 3321 Δι’
1699 3265 1855 3320 αὐτοῦ
1883 3268 2080 3334 ἐποίησε
2101 3265 2161 3321 τοὶ
2189 3266 2367 3334 πάντα,

430 3355 512 3406 καὶ
555 3355 704 3422 χωρὶς
742 3353 899 3406 αὐτοῦ
939 3354 1124 3423 ἐγένετο
1165 3350 1281 3405 οὐδὲ
1321 3354 1387 3406 ἕν.
1470 3351 1554 3405 Ἐν
1597 3350 1726 3424 αὐτῷ
1763 3349 1880 3421 γὰρ,
1939 3357 2006 3422 τῷ
2046 3350 2166 3426 ἁγίῳ
2210 3354 2368 3407 αὐτοῦ

431 3437 669 3505 πνεύματι
691 3445 759 3510 τῷ
785 3441 833 3501 ἐξ
859 3438 1014 3491 αὐτοῦ
1041 3439 1408 3507 ε’κπορευθέντι,
1447 3440 1533 3492 καὶ
1557 3444 1646 3491 τοῦ
1670 3439 1786 3489 υἱοῦ
1809 3430 2130 3504 λαμβάνοντι,
2170 3441 2368 3507 ἐποίησε

429 3521 489 3573 τοὶ
517 3521 677 3576 πάντα
705 3525 789 3575 καὶ
817 3525 1084 3592 ἐστερέωσε.
1166 3529 1246 3595 Τῷ
1274 3522 1366 3594 γὰρ
1390 3523 1518 3597 λόγῳ
1546 3526 1722 3592 κυρίου
1754 3523 1807 3574 οἱ
1830 3520 2036 3590 οὐρανοὶ
2068 3522 2367 3593 ἐστερεώθη-

431 3624 547 3672 σαν,
604 3610 779 3682 καὶτῷ
809 3608 1051 3677 πνεύματι
1088 3614 1175 3662 τοῦ
1213 3609 1449 3677 στόματος
1481 3610 1636 3662 αὐτοῦ
1668 3613 1801 3660 πᾶσα
1830 3604 1865 3674 ἦ
1890 3606 2098 3676 δύναμις
2143 3616 2164 3647 3
2183 3610 2364 3663 αὐτῶν.

492 3751 586 3790 CAP.
613 3752 723 3790 Vm.
759 3777 810 3785 -
870 3755 899 3793 I.
946 3749 1191 3807 ὅριγνώμων
1236 3756 1376 3794 habent
1489 3752 1530 3793 2.
1562 3743 1645 3804 ἄρα
1672 3754 1807 3802 scripti
1837 3754 1938 3792 libri.
1998 3747 2081 3807 ἄρα
2109 3755 2215 3794 editi.

429 3810 528 3850 libri.
562 3810 773 3849 Cornarius
803 3809 993 3863 cognitor
1021 3813 1143 3851 vertit.
1485 3808 1524 3851 3.
1559 3804 1696 3851 αὐτῶν
1735 3810 1847 3849 codd.
1882 3821 1972 3851 mss.
2012 3815 2196 3862 uterque„
2233 3812 2364 3851 Etiam
