2508 4134
520 243 623 298 450
1232 253 1436 298 SANCT1
1467 255 1747 299 EPIPHANJI

524 359 550 390 4
569 355 781 416 Χελκίας
803 373 854 405 τε
879 354 963 405 καὶ
987 354 1188 418 Βουζεὶ,
1238 351 1348 422 άχρι
1372 350 1537 422 Ἰησοῦ
1561 360 1650 407 τοῦ
1677 355 1845 425 ἱερέως
1867 362 1957 409 τοῦ
1983 354 2195 425 μεγάλου
2210 398 2224 421 ,
2265 355 2453 427 Ἐσδρά

517 458 568 491 τε
596 444 686 492 τοῦ
724 439 914 508 ἱερέως,
953 439 1037 491 καὶ
1071 444 1171 491 τῶν
1208 435 1377 492 ἄλλων.
1454 441 1557 492 Καὶ
1594 437 1818 506 οὐδαμοῦ
1854 439 1981 510 γυνὴ
2019 439 2306 511 ἱεράτευσεν.

303 540 489 598 Κεφ,γ’,
655 521 943 591 Ἐλεύσομαι
981 523 1033 575 δὲ
1062 525 1147 576 καὶ
1186 526 1256 587 είς
1283 523 1373 592 τὴν
1405 523 1582 593 καινὴν
1624 524 1891 593 διαθήκην.
1968 529 2039 578 Εἰ
2065 526 2326 597 ἱερατεύειν
2366 550 2452 598 γυ-

518 615 687 671 ναῖκες
723 614 830 681 θεῷ
876 605 1291 674 προςετάσσοντο,
1343 608 1377 676 ἢ
1401 608 1669 663 κανονικόν
1703 632 1750 663 τι
1788 608 2081 680 ἐργάζεσθαι
2118 613 2170 665 ἐν
2198 613 2451 684 ἐκκλησίᾳ,

519 696 617 748 ἔδει
641 700 820 762 μᾶλλον
851 691 1006 761 αὐτὴν
1035 692 1125 762 τήν
1155 698 1364 764 Μαρίαν
1392 698 1630 764 ἱερατείαν
1656 696 1923 748 ἐπιτελέσαι
1954 697 2005 748 ἐν
2034 703 2180 769 καινῇ
2210 696 2450 771 διαθήκῃ,

516 779 607 848 τήν
645 782 1039 843 καταξιωθεῖσαν
1086 782 1138 833 ἐν
1185 779 1390 842 κόλποις
1436 783 1582 841 ἰδίοις
1627 776 1969 843 ’ὑποδέξασθαι
2013 779 2102 833 τὸν
2141 783 2453 850 παμβασιλέα

516 863 641 919 θεόν
669 863 989 937 ἐπουράνιον,
1027 864 1141 918 υἱόν
1167 871 1257 918 τοῦ
1289 871 1440 929 θεοῦ,
1490 858 1553 932 ἧς
1583 862 1611 931 ἦ
1637 863 1797 935 μήτρα
1826 864 1946 927 ναός
1976 866 2214 936 γενομένη
2241 867 2326 919 καὶ
2358 888 2449 920 κα·

514 951 830 1020 τοικητήριον
859 954 928 1014 εἰς
964 949 1053 1019 τὴν
1080 957 1170 1004 τοῦ
1199 954 1377 1020 κυρίου
1407 952 1643 1019 ἔνσαρκον
1683 951 1973 1018 οἰκονομίαν
2008 948 2134 1004 κατὰ
2163 958 2451 1021 φιλανθρω-

516 1040 636 1090 πίαν
664 1042 791 1090 θεοῦ
816 1039 901 1090 καὶ
929 1039 1198 1104 ἔκπληκτον
1225 1034 1493 1105 μυστήριον
1516 1032 1814 1103 ήτοιμάσθη.
1880 1033 2008 1088 Ἀλλ’
2039 1034 2132 1090 ofin
2165 1036 2449 1106 εὐδόκησεν.

293 1150 379 1186 pag.
398 1140 493 1177 106⁰.
510 1120 637 1175 Ἀλλ’
661 1122 778 1176 οὐδὲ
801 1121 1056 1190 βάπτισμα
1079 1119 1275 1174 διδόναι
1298 1124 1637 1174 πεπίστευται·
1668 1122 1774 1174 ἐπεὶ
1801 1120 2022 1188 ἠδύνατο
2048 1119 2078 1175 ὅ
2101 1121 2314 1191 Χριστὸς
2335 1129 2450 1191 μᾶλ-

515 1214 602 1261 λον
634 1205 750 1278 παρ’
796 1215 812 1245 ¹
834 1207 1003 1270 αὐτοῖς
1026 1211 1395 1275 βαπτισθῆναι,
1445 1202 1571 1276 ἥπερ
1603 1204 1741 1275 παρά
1762 1205 2027 1260 Ἰωάννου·
2081 1205 2201 1260 ἀλλά
2225 1205 2453 1276 Ἰωάννης

517 1294 603 1362 μὲν
629 1301 747 1357 παῖς
778 1296 1026 1363 Ζαχαρίου
1052 1295 1102 1345 ἐν
1128 1298 1187 1366 τῇ
1213 1290 1381 1364 ἐρήμῳ
1411 1292 1642 1345 διετέλεσε
1668 1290 1922 1360 βάπτισμα
1950 1291 2174 1359 ἀφέσεως
2198 1290 2451 1364 άμαρτιῶν

516 1380 924 1447 πεπιστευμένος,
977 1375 1006 1431 ό
1046 1378 1099 1431 δὲ
1134 1377 1317 1431 τούτου
1354 1374 1517 1447 πατὴρ
1550 1382 1654 1450 θεῷ
1687 1374 1960 1447 ἱεράτευσε,
2017 1380 2102 1432 καὶ
2131 1385 2191 1453 τῇ
2222 1379 2328 1452 ὥρᾳ
2362 1385 2451 1433 τοῦ

514 1464 835 1533 θυμιάματος
875 1464 1118 1517 ὀπτασίαν
1158 1460 1270 1516 εἶδε.
1350 1463 1542 1533 Πέτρος
1577 1483 1628 1515 τε
1668 1463 1754 1516 καὶ
1787 1462 2050 1533 Ἀνδρέας,
2096 1462 2331 1533 Ἰάκωβος
2365 1466 2452 1519 καὶ

509 1547 769 1617 Ἰωάννης,
813 1554 1062 1610 Φίλιππος
1094 1550 1177 1602 καὶ
1212 1553 1622 1617 Βαρθολομαῖος,
1665 1551 1876 1616 Θωμᾶς,
1932 1551 2207 1615 Θαδδαῖος,
2244 1552 2331 1605 καὶ
2358 1547 2451 1604 Ἰά-

512 1639 677 1704 κωβος
704 1634 964 1702 Ἁλφαίου,
1003 1636 1088 1688 καὶ
1109 1633 1305 1696 Ἰούδας
1325 1632 1599 1702 Ἰακώβου,
1638 1636 1724 1687 καὶ
1750 1637 1925 1702 Σίμων
1949 1631 1979 1688 ό
2011 1640 2318 1701 Καναναῖος,
2365 1637 2452 1689 καὶ

514 1726 759 1784 Ματθίας
788 1718 817 1775 ὅ
845 1724 914 1783 εἰς
943 1719 1195 1790 πλήρωσιν
1220 1726 1317 1773 τῶν
1344 1718 1538 1772 δώδεκα
1564 1720 1926 1790 ἐκλελεγμένος,
1980 1713 2117 1774 οὗτοι
2143 1722 2324 1783 πάντες
2351 1722 2446 1785 ἐξε·

511 1808 718 1877 λέγησαν
745 1805 1012 1860 ἀπόστολοι
1023 1848 1037 1871 ,
1082 1804 1245 1859 2κατά
1277 1803 1367 1873 τὴν
1395 1811 1487 1876 γῆν
1520 1807 1889 1875 ἱερουργοῦντες
1910 1803 1966 1858 τό
1999 1805 2305 1876 εὐαγγέλιον,
2343 1803 2450 1873 ἅμα

518 1891 704 1966 Παύλῳ
735 1893 818 1945 καὶ
852 1890 1092 1964 Βαρνάβᾳ
1117 1892 1200 1944 καὶ
1225 1898 1443 1954 λοιποῖς,
1495 1892 1579 1944 καὶ
1604 1894 1886 1960 μυστηρίων
1913 1889 2197 1961 ἀρχηγέται,
2245 1889 2336 1945 σύν
2361 1889 2450 1944 Ἰα-

514 1978 665 2051 κῶβςο
690 1984 759 2051 τῷ
785 1976 981 2050 άδελφῷ
1011 1983 1100 2030 τοῦ
1127 1980 1306 2048 κυρίου
1334 1978 1417 2029 καὶ
1447 1974 1627 2081 πρώτῳ
1657 1974 1912 2049 ἐπισκόπςο
1937 1974 2299 2046 Ἱεροσολύμων.
2369 1974 2449 2039 Ἐξ

513 2057 665 2134 οὗπερ
695 2062 972 2117 ἐπισκόπου
1000 2064 1084 2116 καὶ
1113 2068 1210 2115 τῶν
1236 2063 1604 2133 προειρημένων
1631 2060 1919 2115 ἀποστόλων
1946 2061 2319 2129 κατεστάθησαν
2343 2064 2449 2115 δια-

514 2150 656 2217 δοχαὶ
685 2147 971 2203 ἐπισκόπων
995 2150 1076 2202 καὶ
1106 2149 1504 2219 πρεσβυτέρων’
1483 2169 1535 2200 εν
1567 2149 1689 2219 οι’κῳ
1717 2153 1856 2200 θεοῦ.
1934 2150 2038 2200 Καὶ
2065 2146 2294 2215 ουδαμοῦ
2322 2169 2446 2217 γυνη

516 2236 568 2288 ἐν
598 2233 791 2297 τούτοις
814 2232 1109 2301 κατεστάθη.
1176 2227 1330 2286 Ἦσαν
1366 2234 1434 2295 δὲ,
1478 2234 1619 2300 φησὶ,
1656 2234 1881 2302 τέσσαρες
1910 2234 2180 2303 θυγατέρες
2212 2235 2446 2306 Φιλίππῳ

512 2325 581 2393 τῷ
610 2318 923 2394 εὐαγγελιστῇ
949 2317 1378 2389 προφητεύουσαι,
1430 2316 1491 2371 οὗ
1524 2339 1622 2385 μην
1653 2320 2007 2388 ἱερουργοῦσαι.
2085 2319 2187 2370 Καὶ
2215 2339 2279 2386 ην
2291 2315 2448 2371 ’Ἅννα

513 2412 759 2476 προφῆτις
781 2404 1010 2476 θυγάτηρ
1042 2402 1306 2471 Φανουήλ,
1362 2400 1459 2456 ἀλλ’
1490 2401 1578 2471 οὐχ
1611 2406 1850 2473 ἱερατείαν
1877 2404 2249 2472 πεπιστευμένη.
2309 2401 2450 2457 ’Έδει

513 2489 606 2561 γάρ
632 2497 948 2562 πληροῦσθαι
974 2488 1055 2554 τό,
1099 2487 1541 2559 Προφητεύσουσιν
1569 2491 1621 2542 οἱ
1641 2490 1743 2542 υἱοὶ
1773 2487 1941 2556 ὑμῶν,
1979 2490 2064 2542 καὶ
2097 2492 2152 2542 αἱ
2177 2491 2449 2560 θυγατέρες

513 2573 656 2643 ὑμῶν
693 2578 943 2637 ἐνυπνίοις
991 2581 1013 2611 3
1036 2573 1544 2642 ἐνυπνιασθήσονται,
1596 2576 1678 2627 καὶ
1728 2577 1779 2627 οἱ
1803 2578 2047 2628 νεανίσκοι
2081 2572 2220 2642 ὑμῶν
2254 2573 2448 2646 ὁράσεις

515 2658 745 2728 ὄψονται.
824 2662 924 2713 Καὶ
967 2660 1044 2714 ὅτι
1090 2661 1177 2728 μὲν
1207 2663 1532 2714 διακονισσῶν
1573 2658 1734 2730 τάγμα
1773 2661 1904 2713 ἐστὶν
1942 2662 2013 2722 εἰς
2045 2658 2136 2728 τήν
2171 2662 2444 2729 ἐκκλησίαν,

514 2743 611 2799 ἀλλ’
640 2746 750 2815 οὐχὶ
781 2749 850 2809 εἰς
892 2745 946 2800 τό
981 2746 1267 2817 ἱερατεύειν,
1321 2743 1440 2799 οὐδέ
1478 2768 1523 2798 τι
1557 2746 1812 2815 ἐπιχειρεῖν
1849 2747 2145 2814 ἐπιτρέπειν,
2199 2747 2360 2800 ἕνεκεν
2393 2746 2447 2799 δὲ

514 2832 807 2901 σεμνότητος
834 2839 922 2886 τοῦ
949 2836 1232 2903 γυναικείου
1261 2833 1458 2902 γένους,
1498 2829 1532 2899 ἢ
1556 2829 1614 2884 δι’
1650 2830 1783 2900 ὥραν
1807 2835 2044 2901 λουτροῦ,
2081 2828 2115 2898 ἢ
2138 2832 2446 2899 ἐπισκέψεως

513 2916 742 2984 πάθους,
796 2916 1039 2986 ἦπόνου,
1095 2919 1180 2970 καὶ
1219 2917 1300 2970 ὅτε
1335 2920 1620 2987 γυμνωθείη
1658 2922 1800 2983 σῶμα
1839 2919 2067 2986 γυναίου,
2116 2918 2200 2968 ἵνα
2241 2916 2311 2985 μή
2343 2914 2442 2970 find

514 2999 712 3072 άνδρῶν
740 3003 1128 3072 ἱερουργούντων
1159 3005 1398 3069 θεαθείη,
1437 2999 1535 3053 ἀλλ’
1564 2998 1662 3054 find
1693 3007 1780 3069 τῆς
1810 2999 2153 3069 διακονούσης,
2185 3003 2212 3038 4
2232 3000 2265 3054 ἃ
2297 3007 2320 3038 ⁵
2341 3004 2445 3056 ἐπι-

512 3086 741 3142 τάσσεται
781 3095 803 3126 ⁶
821 3086 920 3141 άπὸ
956 3095 1045 3141 τοῦ
1083 3089 1252 3156 ἱερέως
1283 3090 1620 3155 ἐπιμελεῖσθαι
1643 3085 1770 3157 πρός
1799 3084 1888 3153 τὴν
1920 3085 2054 3156 ὤραν
2083 3093 2171 3154 τῆς
2196 3089 2445 3156 ἐπιδεομέ-

515 3195 604 3241 νης
641 3171 876 3244 γυναικός
909 3175 959 3226 ἐν
995 3179 1055 3246 τῇ
1097 3172 1202 3245 ὥρα
1242 3178 1328 3241 τῆς
1366 3177 1457 3225 τοῦ
1489 3171 1715 3240 σώματος
1755 3169 1907 3238 αὐτῆς
1942 3171 2260 3241 γυμνώσεως,
2313 3177 2444 3226 7τοῦ

514 3257 758 3329 τάγματος
780 3264 868 3326 τῆς
893 3257 1113 3321 εὐταξίας
1135 3260 1221 3311 καὶ
1246 3260 1645 3326 ἐκκλησιαστικῆς
1671 3254 1898 3324 εὐνομίας
1921 3256 2257 3325 ἐπιστημόνως
2277 3259 2332 3312 ἐν
2358 3259 2438 3326 μέ-

571 3398 611 3443 4.
642 3401 830 3458 χελίκίας
858 3404 942 3444 cod.
973 3405 1134 3454 Rhediy.
1504 3403 1594 3442 edit.
1624 3402 1789 3442 Petavii.

577 3417 673 3501 Cu.
701 3461 773 3500 111.
807 3483 853 3490 —-
915 3461 951 3500 1.
978 3462 1278 3500 Rescribendum
1298 3464 1352 3500 est
1374 3474 1449 3501 αυ-
1559 3457 1599 3499 3
1629 3453 1984 3524 υμνιασῦήσονται
2009 3462 2094 3500 cod.
2125 3461 2286 3512 Rhediq.

515 3514 609 3580 τῆς.
620 3528 694 3566 pro
731 3511 881 3564 αυτοῖς.
941 3518 1072 3556 Etiam
1098 3518 1310 3558 Cornarius
1339 3519 1451 3556 vertit
1562 3512 1602 3555 4.
1632 3507 1664 3566 η’
1694 3508 1722 3555 ἃ
1750 3517 1899 3563 placuit
1928 3518 2101 3557 Petavio.

517 3570 568 3611 ab
598 3572 686 3625 ipsa
721 3572 935 3625 baptizari.
1562 3572 1602 3611 5.
1630 3567 1911 3639 ἐπιτάσσηται
1940 3575 2029 3612 edit.
2059 3575 2193 3613 Petav.

573 3628 612 3669 2.
632 3625 741 3671 κατὰ
767 3631 873 3669 abest
896 3641 921 3668 a
945 3630 1057 3669 codd.
1077 3641 1167 3669 mss
1193 3634 1227 3669 et
1251 3631 1309 3669 ed.
1323 3631 1447 3679 princ.
1561 3625 1601 3668 6.
1635 3621 1713 3670 υπὸ
1742 3629 1830 3667 edit.
1864 3630 2000 3670 Petav.
2032 3631 2166 3669 Calon.
2193 3633 2308 3679 repet.

517 3686 734 3725 Carnarius
772 3688 883 3725 vertit
927 3685 970 3725 hi
1011 3699 1153 3725 omnes
1194 3684 1315 3725 electi
1354 3692 1450 3724 sunt
1561 3681 1598 3725 7.
1631 3684 1887 3725 Scribendum
1913 3689 2007 3735 puto
2037 3690 2106 3726 aut
2133 3683 2213 3733 ἕως
2239 3685 2314 3727 τοῦ
2338 3682 2440 3739 τάγ-

517 3740 696 3792 apostoli
725 3740 1000 3780 sacrificantes
1030 3756 1105 3794 per
1141 3750 1291 3781 terram
1319 3754 1449 3780 evan-
1508 3752 1650 3793 ματος,
1680 3739 1759 3793 τῆς
1783 3736 1977 3791 ευταξίας
2001 3764 2026 3771 -·
2053 3764 2075 3770 -
2098 3736 2436 3809 η’σφαλισμένης,

520 3795 667 3848 gelium
703 3802 786 3838 cett
846 3798 920 3840 καὶ
959 3795 1067 3841 κατὰ
1105 3811 1180 3851 την
1221 3799 1301 3851 γῆν
1337 3799 1452 3838 habet
1504 3799 1563 3837 vel
1601 3798 1718 3837 etiam
1758 3797 1830 3839 τοῦ
1872 3796 2086 3852 τάγματος
2124 3797 2204 3851 τῆς
2245 3793 2439 3849 εὐταξίας
