2508 4134
468 248 570 299 654
1040 259 1310 300 ADDENDA
1342 261 1414 302 ET
1446 262 1820 337 CQRRJGENDA.

467 355 615 396 lemma
643 356 701 397 ita
728 364 965 411 excerptum
993 357 1166 412 legitur:
1198 357 1321 403 Μετὰ
1345 358 1395 403 δὲ
1420 361 1553 404 ταῦτα
1583 360 1793 418 συντυχών
1819 359 2027 419 Αβροσίῳ
2052 364 2132 408 τινὶ
2153 365 2392 420 Μαρκιωνί-

469 440 570 480 στῃ,
603 441 632 480 η
665 442 725 474 ως
757 427 852 471 ἔνιοι
880 426 1067 481 λέγουσι,
1114 428 1415 488 Σαβελλιανῷ,
1449 431 1612 476 ἔπεισεν
1640 428 1767 476 αύτόν
1798 429 2104 488 οἷναὲςεματίσαι
2130 434 2206 490 τήν
2235 435 2392 489 αἵρεσιν

467 495 540 538 καὶ
567 496 765 551 γενέσθαι
800 501 881 554 τῆς
908 499 1141 553 καὲῖολικῆς
1182 498 1425 555 ἐκκλησίας.
1483 499 1612 546 ’ῒΕκε
1595 519 1676 552 ινος
1704 502 1752 548 δὲ
1781 507 2003 554 σπουδαῖος
2029 499 2086 549 ὧν
2115 505 2211 562 περὶ
2237 503 2313 560 την
2337 503 2392 550 οἷ-

465 564 669 622 νάγνωσιν
695 570 778 612 τῶν
810 570 935 612 Ξείων
964 570 1136 624 γραφῶν
1170 566 1333 625 ηξίωσε
1367 572 1438 617 τὸν
1464 570 1688 629 Ὠριγένην
1725 574 1979 629 ἑρμηνεῦσαι
2014 575 2182 626 ταύτας.
2228 571 2317 625 ζῸς
2343 575 2393 621 δὲ

465 640 633 693 πληρῶν
657 638 734 694 τήν
758 636 929 691 ἀξίωσιν
953 639 994 682 ἐν
1021 637 1151 696 Τύρῳ
1179 643 1259 697 τῆς
1282 643 1507 698 Φοινίκης,
1545 640 1606 693 ὥς
1631 659 1779 699 φασιν,
1811 644 1879 689 ἐπὶ
1906 647 2037 690 εἴκοσι
2060 647 2133 690 καὶ
2154 645 2269 692 ὀκτώ
2295 643 2393 704 χρό-

464 722 556 754 νους
579 709 789 767 ἐσχόλασε
816 716 910 760 ταῖς
936 710 1199 766 ἑρμηνείαις,
1230 715 1303 757 τοῦ
1333 715 1407 769 μὲν
1433 713 1652 772 Ἃβροσίου
1675 714 1837 770 τροφοὶς
1864 712 1981 773 αύτῷ
2003 716 2075 760 καὶ
2098 723 2184 768 τοῖς
2209 714 2393 773 ὅξυγροὶ-

466 793 560 834 φοις
585 781 657 824 καὶ
686 787 774 831 τοῖς
791 776 930 830 ἄλλως
957 777 1214 836 υπηρετοῦσι
1240 785 1503 842 παρέχοντος
1540 785 1600 830 ἔτι
1624 785 1671 830 δὲ
1698 786 1771 830 καὶ
1793 803 1891 837 τους
1915 785 2074 844 χάρτας
2099 786 2243 832 καὶτὰ
2271 785 2392 832 λοιποὶ

465 847 748 907 οἷναλώματα,
796 847 925 895 αύτοῦ
968 851 1017 897 δὲ
1054 856 1126 896 τοῦ
1169 848 1415 909 Ὠριγένους
1448 857 1671 915 ἐγκρατείᾳ
1716 858 1789 901 καὶ
1829 854 2074 914 αγρυπνίοιις
2104 859 2177 902 καὶ
2210 856 2391 915 καμάτῳ

463 924 603 980 πολλῷ
646 938 693 966 το
735 922 850 978 ἔργον
891 920 1109 973 οἷνύοντος,
1153 923 1535 979 φιλοτιμησαμένου
1573 921 1621 967 δὲ
1651 922 1727 978 πρὸ
1758 924 1898 980 ἑτέρου
1924 926 2080 977 παντὸς
2102 928 2163 978 εἰς
2189 927 2242 974 τὰ
2267 927 2389 985 λεγό-

466 1009 571 1049 μενα
583 991 798 1046 Εξαπλᾶ.
859 994 1008 1043 Τιὲεὶς
1033 993 1112 1049 γὰρ
1147 992 1223 1048 τὴν
1246 992 1483 1051 Εβραϊκῆν
1508 993 1613 1045 λέξιν
1638 994 1678 1038 ἐν
1705 998 1780 1052 μιᾷ
1812 995 2206 1053 σελίδιγροὶμμασιν
2231 997 2392 1055 Ελλη-

463 1070 604 1115 νικοῖς,
634 1065 708 1108 καὶ
737 1065 892 1115 ταύτας
916 1064 994 1115 τὰς
1020 1067 1095 1109 δύο
1120 1066 1288 1114 σελίδας
1315 1061 1406 1108 οἰντὶ
1435 1067 1536 1119 μιᾶς
1562 1065 1839 1121 λογιζόμενος,
1871 1066 1931 1116 οἷς
1958 1068 2232 1125 ἰσοδυνάμους
2258 1069 2393 1126 ἐπῆγε

465 1134 574 1179 κατοὶ
602 1136 768 1191 τρίτην,
800 1139 952 1191 μᾶλλον
981 1134 1029 1180 δὲ
1055 1135 1277 1190 δευτέραν,
1311 1136 1456 1179 σελίδα
1480 1135 1559 1191 τήν
1583 1136 1803 1192 ἑρμηνείαν
1833 1139 1915 1182 τῶν
1945 1136 2271 1196 Ἑβδομηκοντα
2299 1138 2389 1191 δύο,

465 1203 558 1255 εἶτα
585 1205 662 1261 την
695 1209 768 1251 τοῦ
799 1204 985 1256 Ἀκύλα,
1034 1206 1175 1250 ἔπειτα
1201 1206 1280 1261 τήν
1310 1207 1382 1250 τοῦ
1412 1205 1678 1293 Συμμάχου,
1721 1209 1945 1263 μετέπειτα
1980 1208 2058 1265 τήν
2096 1211 2390 1266 Θεοδοτίωνος,

464 1270 555 1320 eii?
574 1274 686 1322 οὕτω
714 1277 791 1334 τὴν
815 1279 1006 1333 πέμπτην
1024 1273 1255 1331 ”Εκδοσιν,
1286 1277 1359 1321 καὶ
1386 1279 1530 1322 τοῦτον
1557 1277 1627 1323 τὸν
1657 1278 1804 1333 τρόπον
1831 1282 1970 1325 πᾶσαν
1996 1297 2073 1336 την
2095 1281 2274 1326 παλαιὰν
2301 1286 2392 1326 δια-

465 1346 605 1404 ἓτηκην
647 1349 887 1393 συν-τέθεικε
925 1347 996 1394 διὰ
1033 1350 1115 1392 τῶν
1156 1346 1390 1400 Ἑξαπλῶν.
1450 1346 1560 1394 Ἀλλ’
1592 1367 1612 1395 ο
1649 1366 1721 1405 μεν
1752 1351 1848 1406 περὶ
1886 1349 1963 1401 τὰς
2000 1351 2229 1408 ἐξηγησεις
2263 1351 2393 1418 κόπος

465 1420 529 1472 (in
558 1436 684 1475 marg.
714 1421 803 1462 cod.
838 1420 1112 1475 κνημίκοπος)
1141 1415 1251 1463 ούτω
1280 1419 1435 1471 πολυς,
1480 1437 1508 1475 η
1539 1420 1588 1465 δὲ
1612 1423 1696 1466 τῶν
1734 1425 1922 1478 πονηρῶν
1949 1422 2134 1478 ἐπιμιξία
2170 1414 2391 1479 δογμάτων

463 1487 723 1546 ημαύρωσεν
756 1489 883 1535 αὐτοῦ
916 1506 1014 1540 τους
1035 1488 1206 1541 πόνοὴς
1254 1491 1680 1548 ἐγκαταλελειμμένον
1718 1491 1830 1551 τοὶχα
1853 1491 1966 1549 παροὶ
1992 1495 2092 1538 θεοῦ
2123 1492 2193 1539 διὰ
2221 1497 2391 1549 φιλοδο·

465 1562 554 1614 ξίαν
576 1559 652 1618 ἀφ’
680 1578 737 1617 ης
766 1561 839 1605 καὶ
867 1562 922 1619 τῇ
965 1562 1051 1619 ἰδίᾳ
1095 1565 1184 1619 ζωῇ
1225 1561 1424 1618 πρότερον
1465 1563 1780 1622 ἐπεβούλευσεν.
1841 1564 1915 1620 Μή
1947 1563 2193 1623 βουλόμενος
2220 1563 2300 1621 γὰρ
2329 1580 2392 1609 κι-

463 1637 627 1676 νεῖσζται
655 1639 917 1688 σωματικαῖς
940 1631 1155 1687 κινήσεσιν
1183 1632 1402 1690 ἐξετμηὲη
1428 1633 1482 1678 τοὶ
1507 1635 1736 1691 παιδογόνα
1764 1635 1918 1691 μόρια,
1963 1632 2055 1680 κατ’
2083 1635 2214 1692 ἐνίους
2242 1635 2316 1692 μὲν
2338 1632 2392 1681 δι’

465 1703 636 1755 ἑαυτοῦ,
668 1701 765 1748 zoni?
793 1704 958 1758 ἑτέρους
989 1703 1037 1748 δὲ
1065 1702 1134 1748 διὰ
1161 1701 1310 1748 Ἠλίου
1347 1703 1458 1755 τινὸς
1501 1706 1641 1762 ἰατροῦ
1672 1708 1754 1751 τῶν
1783 1708 2000 1763 γνωρίμων
2027 1705 2143 1757 ἑνός·
2179 1709 2216 1752 οἱ
2245 1707 2295 1752 δὲ
2321 1707 2392 1751 λέμ

462 1791 602 1832 γουσιν
632 1770 700 1819 ὅτι
724 1773 770 1819 τὸ
801 1776 940 1830 νεῦρον
969 1773 1088 1830 μόνον
1116 1775 1240 1831 ἔτεμε
1258 1779 1341 1820 τῶν
1367 1775 1571 1832 διδύμων,
1600 1777 1732 1833 ἕτεροι
1756 1777 1804 1823 δὲ
1830 1774 1897 1823 ὅτι
1921 1776 2141 1834 φάρμακον
2166 1777 2394 1834 ἐπινοήσας

463 1844 605 1896 αύτοῖς
640 1846 871 1890 ἐπιτέῧεικε
898 1846 971 1889 καὶ
1009 1842 1387 1902 οἷπεξηροὶνὲησαν,
1433 1847 1527 1892 ἔνιοι
1556 1847 1603 1893 δὲ
1633 1845 1701 1893 ὅτι
1728 1848 1903 1907 βοτάνην
1938 1848 2030 1894 τινὰ
2070 1847 2258 1904 ἰατρικὴν
2295 1841 2392 1905 εὗρε

462 1917 568 1973 πρὸς
610 1933 686 1972 την
724 1918 924 1972 νέκρωσιν
966 1916 1105 1961 αύτῶν
1146 1917 1399 1974 ἐπιτηδείαν.
1431 1946 1486 1953 -
1543 1921 1569 1963 1
1593 1921 1750 1975 penult.
1793 1918 1968 1977 φύσασα
2006 1921 2086 1976 αἱρ-
2119 1923 2281 1975 πρῶτον
2318 1917 2393 2015 μὲν

465 2006 534 2034 ουν
565 1992 618 2047 τῇ
652 1990 733 2033 τῶν
769 1989 859 2044 Αἰγ.
895 1991 995 2030 Ven.
1033 2014 1086 2020 —
1145 1990 1172 2029 l.
1193 1990 1267 2031 ult.
1297 1989 1351 2034 τα
1378 2007 1471 2044 νυν,
1502 1989 1599 2046 παρ’
1630 1987 1771 2040 αύτοις
1801 1991 1850 2036 δὲ
1877 1997 1964 2041 τοῖς
1993 1993 2093 2033 Ven.

576 2060 940 2119 Pag.234.'1
968 2063 1005 2103 1
1049 2058 1330 2118 οἷναδεδέχῇαι
1365 2059 1458 2116 παρ’
1497 2058 1640 2111 αυτοῖς
1663 2061 1793 2118 φύσει
1821 2062 1894 2105 καὶ
1920 2078 2029 2106 κατα
2054 2064 2156 2103 ven.
2188 2087 2242 2094 -
2300 2063 2326 2103 l.
2352 2063 2390 2105 2

465 2136 513 2177 δε
517 2148 582 2187 ινη
612 2130 672 2183 δε,
704 2132 817 2187 quod
845 2147 894 2172 ex
920 2132 1156 2173 coniectura
1183 2133 1373 2188 rescripsi
1401 2149 1508 2175 nunc
1533 2134 1668 2175 firmat
1690 2134 1839 2174 Veneti
1863 2132 2098 2175 auctoritas.
2158 2135 2219 2174 Ex
2245 2133 2392 2176 eodem

465 2204 573 2245 libro
603 2204 630 2244 l.
651 2205 689 2246 3.
724 2203 894 2244 omnino
938 2203 1226 2258 corrigendum
1255 2213 1318 2245 est
1347 2204 1383 2247 εἰ
1410 2204 1483 2247 καὶ
1523 2202 1596 2247 σὺν
1641 2203 1824 2253 ἐκείνοις.
1857 2229 1911 2236 -—
1969 2204 1998 2245 l.
2020 2202 2058 2246 4.
2105 2199 2198 2248 Κᾶν
2224 2219 2271 2248 τε
2311 2204 2392 2261 γὰρ

466 2277 568 2316 Ven.
601 2300 655 2307 -—
714 2275 741 2316 l.
758 2276 797 2316 ὃ.
829 2270 916 2318 ἀλλ’
941 2265 1010 2317 οὖν
1039 2289 1087 2329 γε
1115 2274 1343 2328 δεινοτέραν
1371 2272 1647 2331 αἰσχρότητος
1669 2277 1774 2317 Ven.
1803 2299 1853 2307 —
1912 2275 1940 2315 l.
1956 2274 1997 2317 6.
2030 2271 2068 2326 ὁ,
2098 2284 2194 2316 ante
2209 2271 2392 2331 ”Αρειος,

466 2361 545 2388 om.
579 2348 678 2387 Van.
737 2347 850 2386 Idem
878 2346 903 2385 l.
924 2345 960 2388 7.
996 2346 1032 2389 οἱ
1063 2344 1163 2400 ἑξῆς
1187 2342 1398 2400 ’Δνόμοιοί
1425 2361 1472 2389 τε
1498 2349 1570 2389 καὶ
1598 2347 1635 2390 οἱ
1662 2342 1779 2390 ἄλλοι
1807 2349 1909 2387 Ven.
1943 2371 1992 2377 —-
2052 2346 2079 2386 l.
2101 2347 2141 2389 9.
2181 2342 2270 2390 ἀλλ’
2294 2341 2394 2391 οὔτε

464 2420 568 2458 Ven.
632 2417 743 2458 ldem
768 2417 797 2457 l.
822 2417 882 2458 11.
914 2431 994 2457 om.
1018 2413 1047 2472 ἠ
1074 2425 1171 2457 ante
1197 2418 1380 2467 πτῶσις,
1414 2426 1455 2457 et
1482 2418 1620 2473 pergit
1643 2414 1727 2460 Ἐκ
1755 2416 1835 2473 γὰρ
1861 2418 1944 2472 τῆς
1967 2413 2115 2467 ούσίας
2135 2418 2208 2461 τοῦ
2236 2415 2394 2473 πατρὸς

464 2485 512 2532 ού
541 2489 653 2531 ἓῑέλει
679 2485 785 2531 εἶναι
804 2485 875 2531 τὸν
900 2485 987 2531 υἱὸν
1005 2520 1015 2538 ,
1045 2482 1152 2531 οἷλλά
1175 2486 1432 2531 παντάπασιν
1455 2486 1665 2543 ἀλλότριον
1689 2488 1846 2544 πατρὸς
1869 2490 2012 2532 τοῦτον
2037 2489 2276 2544 εἰςηγεῖται,
2306 2502 2393 2544 κτι-

466 2557 562 2603 στόν
591 2574 637 2602 τε
662 2554 753 2612 ἅμα
782 2563 867 2601 κτλ.
931 2562 992 2598 lta
1031 2567 1074 2599 et
1106 2558 1333 2614 integritati
1363 2568 1405 2600 et
1432 2559 1598 2601 sanitati
1625 2575 1722 2601 suae
1748 2568 1812 2600 est
1837 2560 1905 2601 hic
1939 2560 2054 2601 locus
2082 2560 2307 2603 restitutus.
2337 2585 2392 2592 -

463 2631 490 2671 l.
512 2630 576 2672 12.
609 2627 695 2680 ὥς,
726 2638 823 2671 ante
850 2627 958 2674 κατὰ
987 2628 1128 2686 χάριν,
1159 2645 1237 2671 om.
1268 2632 1383 2685 Ven.,
1415 2640 1456 2672 et
1496 2631 1632 2686 pergit
1655 2631 1806 2672 deinde
1830 2629 1878 2675 τὸ
1908 2631 2006 2686 (sic)
2033 2629 2120 2674 υἱὸν
2146 2627 2272 2675 αύτόν
2299 2633 2390 2674 καλ.

464 2700 710 2757 λέγειν.καὶ
740 2696 860 2744 ἄλλαι
892 2695 1018 2743 ouh-013
1055 2699 1239 2750 πτώσεις
1269 2701 1439 2757 (desunt
1477 2702 1603 2756 igitur
1644 2701 1726 2746 εἰσὶ
1756 2700 1837 2754 δὲ).
1874 2727 1926 2733 -
1985 2703 2012 2743 l.
2039 2703 2099 2744 15.
2145 2699 2194 2746 δὲ
2219 2698 2392 2750 τούτους

465 2769 569 2816 εἶναι
596 2774 698 2813 Ven.
758 2772 872 2812 Idem
899 2771 998 2812 ibid.
1024 2767 1351 2827 οἰναπλακήσας,
1389 2772 1473 2816 καὶ.
1507 2798 1560 2805 -
1618 2773 1643 2813 l.
1672 2773 1733 2816 16.
1762 2772 2004 2828 πέμπεσθαι
2033 2771 2081 2817 δὲ
2111 2768 2192 2816 ἀπὸ
2220 2773 2260 2817 3.
2286 2771 2393 2827 πρὸς

462 2843 663 2899 τιμωρίαν
693 2845 797 2886 Ven.
830 2866 882 2873 —-
941 2843 968 2883 l.
994 2843 1056 2885 17.
1103 2844 1274 2898 Repone
1315 2840 1595 2895 ὑποδέξωνται
1625 2860 1673 2885 ex
1706 2847 1809 2885 Ven.
1854 2853 1895 2885 et
1933 2847 2019 2887 Bas.
2051 2869 2102 2875 -
2162 2844 2190 2885 l.
2206 2844 2275 2887 18.
2320 2841 2391 2888 διά

462 2913 508 2959 τὸ
540 2914 741 2971 δέχεσθαι
765 2911 843 2968 την
868 2915 913 2965 ψ.
937 2912 978 2956 ἐν
1004 2915 1064 2969 τῷ
1093 2911 1282 2969 σώματι·
1312 2913 1389 2969 τήν
1416 2912 1544 2959 πάλαι
1567 2912 1683 2958 Ἑλλ.
1712 2917 1812 2956 ven.
1836 2939 1888 2946 -—
1946 2915 2057 2957 1.20.
2093 2915 2262 2969 Corrige
2284 2911 2389 2967 ἐψύ-

467 2987 569 3042 χῧαι
599 3001 647 3026 ex
679 2987 851 3026 Veneto.
913 2984 1080 3025 ldeml.
1108 2986 1175 3026 21.
1216 2984 1527 3031 ἐπιπλάσσεται.
1559 3010 1612 3017 -—
1670 2987 1696 3027 1.
1716 2987 1783 3028 22.
1827 2982 1961 3035 ούτως
1983 2985 2266 3041 ἐκδεδομένας
2286 2987 2387 3026 Ven.

464 3081 518 3088 —-
551 3058 577 3097 l.
595 3058 662 3099 25.
697 3055 842 3112 φησὶν,
872 3065 969 3096 ante
990 3052 1289 3110 Ἐπίστρεῴον,
1322 3071 1401 3099 om.
1426 3059 1531 3098 Ven.
1576 3057 1692 3098 Idem
1718 3057 1869 3111 ibid..)
1860 3054 2016 3117 ψυχή
2042 3072 2134 3111 μου
2165 3080 2218 3089 -
2274 3055 2301 3099 l.
2318 3056 2387 3100 30.

465 3208 507 3239 et
535 3201 622 3240 Bas.
652 3194 748 3252 παρ’
778 3195 905 3241 αύτου
933 3159 1112 3252 legitur.
1116 3198 1158 3239 in
1185 3198 1248 3239 ed.
1276 3200 1416 3240 Petav.
1447 3208 1629 3255 utraque.
1664 3225 1716 3231 -—
1775 3200 1801 3241 l.
1820 3201 1859 3241 5.
1908 3196 2020 3254 λόγῳ
2052 3197 2254 3240 συνιστῶν
2281 3195 2388 3241 ταύ-

463 3285 563 3324 την,
592 3268 649 3325 πῆ
683 3268 731 3314 δὲ
761 3268 892 3324 ἐξαρν.
921 3266 1162 3313 τελειότατα
1190 3270 1294 3310 ven.
1325 3294 1377 3301 —
1436 3270 1461 3310 l.
1483 3270 1523 3313 3.
1552 3271 1603 3311 ab
1631 3271 1707 3312 inf.
1739 3268 1874 3314 λοιπὸν
1904 3264 2008 3323 ἅπερ
2039 3269 2140 3308 Ven-

575 3342 708 3399 Pag.
736 3343 862 3386 236.
917 3341 945 3381 1.
964 3340 1002 3382 3.
1035 3336 1125 3383 κατ’
1151 3336 1276 3383 αύτόν
1302 3355 1412 3381 nunc
1436 3341 1571 3382 firmat
1596 3343 1715 3391 ven„
1748 3341 1816 3396 qui
1846 3340 1980 3396 pergit
2005 3337 2163 3392 αἱρέσει
2187 3338 2282 3393 περὶ
2305 3342 2386 3395 τῆς

465 3406 593 3455 αύτοῢ
626 3412 762 3460 αἰτίας
799 3426 846 3454 τε
874 3411 946 3454 καὶ
983 3409 1237 3460 ύποὸέσεως.
1298 3413 1391 3452 Hoc
1420 3413 1663 3466 protulerim
1691 3413 1879 3466 vulgatae
1907 3409 2148 3463 scripturae.
2176 3434 2232 3441 -—
2287 3410 2316 3451 l.
2343 3409 2384 3453 6.

463 3484 637 3539 Repone
665 3482 724 3532 εἰς
750 3478 934 3536 ὕστερον.
969 3506 1021 3513 -
1079 3483 1106 3522 1.
1132 3483 1170 3526 7.
1205 3485 1413 3539 βεβηκυῖα
1441 3483 1509 3524 ed.
1536 3486 1676 3525 Petav.
1708 3485 1936 3539 βεβηκυῖας
1964 3479 2062 3534 (sic)
2094 3482 2180 3520 Bas.
2227 3483 2385 3538 βεβλη-

465 3560 587 3604 κυῖας
631 3554 728 3609 (sic)
757 3556 861 3596 Ven.
892 3577 947 3585 —
1004 3554 1029 3593 1.
1049 3554 1087 3595 8.
1132 3553 1278 3596 πασῶν
1320 3553 1403 3596 τῶν
1430 3552 1508 3607 πρὸ
1555 3550 1682 3597 αύτοῦ
1721 3552 1850 3606 λέγειν
1897 3553 1998 3590 Ven.
2029 3574 2084 3581 —
2141 3551 2166 3592 l.
2191 3553 2255 3593 10.
2298 3543 2382 3602 οὖν,

464 3634 561 3680 post
590 3623 685 3680 μὲν,
718 3639 796 3666 om.
832 3627 936 3666 Ven.
966 3647 1021 3655 —
1077 3623 1105 3664 l.
1129 3624 1192 3665 12.
1222 3621 1335 3677 παρὰ
1361 3626 1443 3678 τῆς
1472 3621 1596 3680 ἡμῶν
1621 3626 1724 3666 Ven.
1757 3624 1876 3663 Bene..
1905 3643 1962 3651 —-
2017 3621 2044 3660 l.
2068 3620 2129 3664 16.
2159 3620 2254 3677 γὰρ,
2286 3630 2383 3664 ante

464 3694 649 3751 γραφὴν,
679 3696 900 3737 delendum
927 3704 988 3736 est
1017 3710 1065 3734 ex
1092 3693 1340 3735 auctoritate
1365 3695 1525 3736 Veneti.
1553 3718 1609 3726 —-
1666 3694 1781 3735 Idem
1807 3691 1905 3731 ibid.
1937 3690 2062 3734 εἰπεῖν
2088 3687 2224 3742 οὕτως
2251 3692 2380 3744 ἔδοξε.

466 3766 593 3806 Paulo
621 3775 717 3821 post
741 3767 782 3808 in
808 3766 955 3808 eodem
979 3766 1087 3806 libro
1118 3764 1373 3805 desideratur
1397 3765 1464 3819 ἐν,
1495 3774 1590 3806 ante
1620 3761 1909 3818 προςομιλίαις.
1941 3786 1995 3792 --
2053 3763 2077 3802 l.
2106 3764 2165 3805 1&
2193 3766 2277 3807 τῶν
2303 3759 2379 3806 ἅλ-

468 3837 547 3882 λων
572 3835 667 3892 παρ’
697 3833 823 3890 αύτοῦ
862 3838 1021 3891 εἴρηται
1047 3838 1152 3878 ven.
1212 3834 1327 3877 Idem
1352 3836 1380 3878 l.
1402 3836 1464 3879 19.
1496 3833 1693 3882 πολλάκις
1724 3831 1977 3889 χαριέστατα
2005 3836 2116 3887 διηγ.
2147 3857 2202 3865 --
2259 3835 2285 3875 1.
2310 3835 2378 3877 20.
