2508 4134
231 684 317 721 pag.
332 674 413 710 817.

220 2881 332 2938 Κεφ.
359 2882 408 2934 ζ’.

227 3227 313 3264 pag.
333 3218 408 3253 818.

448 212 512 265 18
1166 217 1370 259 SANCTI
1402 219 1684 259 EPIPHANII

445 318 810 385 ἀποβλέπουσι,
860 315 945 367 καὶ
972 310 1033 365 τά
1062 306 1163 365 ὦτα
1192 312 1351 367 αὐτοῦ
1378 316 1447 375 εἰς
1472 315 1638 381 δέησιν
1672 311 1859 365 αὐτῶν·
1898 315 2011 377 καὶ,
2055 314 2179 383 Χεὶρ
2204 316 2391 382 ’κυρίου

446 405 644 470 ἐποίησε
678 406 831 453 ταῦτα
873 396 1057 450 πάντα·
1112 399 1223 463 καὶ,
1286 396 1411 466 Οῦχὶ
1444 396 1478 465 ἦ
1507 401 1606 467 χείρ
1645 419 1742 465 μου
1780 399 1978 464 ἐποίησε
2017 403 2175 450 ταῦτα»
2210 395 2389 462 πάντα,

445 483 881 555 σκληροτράχηλοι,·
920 484 1032 548 καὶ,
1069 480 1125 535 Ὁ
1156 480 1369 552 οὐρανός
1398 505 1480 550 μοι
1502 481 1715 549 θρόνος,
1755 478 1788 549 ἦ
1819 482 1872 534 δὲ
1896 486 1959 551 γῆ
1984 478 2271 536 ’ὑποπόδιον
2291 487 2392 535 τῶν

446 574 619 624 ποδῶν
645 590 773 636 μου,
827 569 912 620 καὶ
940 566 1032 621 ὅσα
1069 572 1274 621 τοιαῦτα
1311 569 1424 633 περὶ
1460 573 1588 620 θεοῦ
1621 568 1920 636 γέγραπται,
1967 566 2051 618 καὶ
2078 564 2181 631 ὅτι,
2233 563 2391 619 Εἶδον

444 653 532 708 τόν
569 652 743 722 κύριον
770 650 1002 720 Σαβαοὶθ
1042 652 1332 721 καθήμενον
1374 653 1455 706 ἐπὶ
1485 650 1684 721 θρόνου
1719 649 1922 718 ὑψηλοῦ
1962 651 2046 702 καὶ
2088 652 2390 724 ἐπῃρμένου,

446 740 530 793 καὶ
559 732 625 806 ἦν
653 735 687 805 ἦ
713 736 904 805 κεφαλὴ
945 737 1102 790 αὐτοῦ
1131 735 1245 799 ὦςεὶ
1279 740 1413 807 ἔριον
1444 734 1644 802 λευκὸν,
1697 737 1781 789 καὶ
1810 734 1864 788 τὸ
1890 733 2204 803 περιβόλαιον
2233 733 2392 789 αὐτοῦ

445 821 556 885 ὦςεὶ
595 821 729 891 χιών.
806 824 910 875 Καὶ
940 819 1092 896 ὁρᾷς,
1147 824 1298 891 φησὶ,
1348 827 1458 883 πῶς
1492 823 1593 874 ἐστι
1626 819 1680 873 τό
1723 826 1865 888 σῶμα
1898 818 2004 873 κατ’
2028 818 2197 873 εἰκόνα
2233 824 2391 884 θεοῦ,·

442 911 529 962 καί
557 909 648 960 εἰσι
677 906 771 961 κᾶν
797 906 956 980 τούτῳ
987 907 1359 968 ἀντιπίπτοντες
1383 908 1468 959 καὶ
1492 904 1776 974 βιαζόμενοι
1798 902 1923 975 ὑπὲρ
1953 903 2167 973 δύναμιν
2192 903 2392 974 ἀνθρω-

443 997 613 1057 πείαν,
661 998 678 1029 ¹
699 989 796 1047 κάν
823 998 929 1065 τῷ,
956 990 1144 1059 ’Ώφθη
1174 990 1350 1061 κύριος
1376 999 1480 1053 τοῖς
1510 989 1808 1060 προφήταις.
1885 991 1985 1043 Καὶ
2013 987 2171 1057 α’)’φθη
2200 990 2291 1056 μέν
2316 1009 2392 1042 τοι

444 1075 513 1141 οἷς
543 1078 784 1146 ἠθέλησε,
828 1075 1049 1149 ιδυνατός
1091 1075 1160 1130 ὦν
1186 1078 1239 1130 ἐν
1270 1075 1450 1141 ἅπασι,
1507 1077 1592 1129 καὶ
1624 1075 1720 1129 οὐκ
1752 1073 2044 1144 ἀρνούμεθα
2081 1073 2159 1128 ὅτι
2185 1071 2320 1127 εἶδον
2345 1076 2397 1127 οἱ

442 1169 700 1233 προφῆται
741 1162 898 1227 θεόν,
952 1160 1014 1215 οὗ
1053 1160 1207 1230 μόνον
1244 1161 1298 1214 δὲ
1333 1164 1386 1215 οἷ
1414 1167 1699 1229 προφῆται,
1751 1159 1871 1213 ἀλλά
1908 1161 1992 1213 καὶ
2031 1161 2083 1213 οἱ
2112 1156 2390 1212 ἀπόστολοι.

447 1250 580 1316 Φησὶ
606 1246 698 1318 γάρ
726 1245 756 1300 ὁ
784 1246 923 1318 ἅγιος
951 1248 1212 1313 Στέφανος
1241 1243 1270 1299 ὅ
1298 1245 1682 1315 πρωτόμαρτυς,
1718 1242 1875 1309 Ἰδοῦ,
1927 1241 2031 1313 6ρῶ
2061 1241 2147 1297 τόν
2174 1240 2393 1310 οὖρανὸν

442 1330 780 1405 ἀνεῳγμένον,
831 1334 914 1386 καὶ
945 1331 1032 1386 τὸν
1060 1330 1171 1385 υίόν
1201 1336 1292 1384 τοῦ
1323 1330 1607 1401 ἀνθρώπου
1648 1332 1701 1384 ἐκ
1731 1333 1905 1392 δεξιῶν
1935 1330 2118 1382 ἑστῶτα
2147 1333 2238 1381 τοῦ
2265 1332 2392 1381 θεοῦ

439 1419 525 1471 καὶ
567 1415 768 1486 πατρός.
835 1416 982 1469 Ἀλλά
1019 1422 1078 1490 τῇ
1124 1419 1228 1488 ἰδίᾳ
1267 1415 1475 1483 δυνάμει
1514 1413 1636 1476 θεὸς
1675 1413 1705 1468 ό
1743 1412 2052 1484 ἳπανάγιος,
2108 1419 2392 1483 φιλανθρω-

440 1501 715 1569 πευόμενος
749 1501 804 1554 τὸ
837 1505 965 1556 ἰ’διον
994 1501 1217 1569 πλάσμα,
1278 1504 1399 1554 3ἴνα
1438 1499 1506 1569 μή
1536 1521 1661 1562 τινες
1687 1505 1786 1552 τῶν
1813 1497 2038 1553 ἀπίστων
2073 1503 2310 1567 νομίσωσι
2332 1496 2393 1554 τᾶ

440 1589 553 1657 περὶ
581 1593 707 1640 θεοῦ
732 1589 887 1657 λέγειν
923 1584 1046 1640 εἶναι
1078 1584 1244 1647 ἅπλῶς
1279 1585 1435 1658 λόγῳ,
1489 1587 1574 1639 καὶ
1602 1583 1695 1639 οὐκ
1726 1581 1966 1658 ἀληθείᾳ,
2005 1585 2090 1638 καὶ
2118 1585 2212 1647 ἕως
2237 1583 2390 1655 λόγου

439 1674 679 1725 ἵστασθαι
711 1669 764 1725 τό
793 1670 918 1726 κατά
949 1670 1103 1736 θεὸν,
1153 1673 1235 1724 καὶ
1277 1669 1343 1739 μὴ
1372 1676 1594 1739 πληροῦν
1626 1668 1680 1724 τό
1710 1667 1845 1736 παρά
1871 1677 1940 1743 τῷ
1975 1668 2233 1742 ἀποστόλῳ
2264 1671 2390 1739 εἰρη-

439 1758 616 1824 μένον,
656 1755 732 1810 ὅτι
756 1760 834 1809 δεῖ
854 1755 942 1809 τόν
967 1755 1357 1824 προςερχόμενον
1386 1762 1490 1829 θεῷ
1519 1754 1766 1809 πιστεύειν
1796 1753 1872 1808 ὅτι
1900 1757 2000 1808 ἔστι
2026 1756 2111 1808 καὶ
2140 1761 2245 1816 τοῖς
2274 1751 2390 1824 ἀγα-

438 1847 601 1895 πῶσιν
633 1839 786 1894 αῦτὸν
826 1840 1206 1909 μισθαποδότης
1241 1845 1434 1911 γίνεται.
1492 1839 1604 1894 Ἵνα
1647 1834 1740 1894 οὖν
1778 1838 2145 1914 παραθαρσύνῃ
2182 1838 2270 1893 τᾶν
2306 1836 2391 1909 ὑπ’

439 1926 598 1979 αὐτοῦ
632 1928 974 1993 πεπλασμένον
1013 1924 1316 1994 ἄνθρωπον,
1368 1933 1472 1988 τοῖς
1515 1923 1674 1995 άγίοις
1715 1923 1870 1978 αὐτοῦ
1907 1926 1994 1978 καὶ
2021 1922 2177 1989 ἀξίοις
2211 1923 2390 1979 ἑαυτὸν

438 2007 775 2064 ἀποκαλύπτει
813 2009 959 2075 θεὸς,
1011 2014 1091 2064 ἵνα
1121 2014 1261 2064 ἴδωσι
1292 2010 1438 2077 φύσει
1471 2008 1620 2074 θεὸν,
1674 2011 1759 2062 καὶ
1787 2015 2134 2077 θεμελιωθῶσι
2162 2007 2254 2077 τήν
2280 2007 2388 2063 διά-

435 2117 602 2159 νοιαν,
639 2097 725 2148 καὶ
755 2098 1016 2149 ἐλπίσωσιν
1047 2098 1098 2148 ἐν
1124 2093 1359 2168 ἀληθείᾳ,
1414 2097 1498 2148 καὶ
1529 2094 1810 2164 κηρύξωσιν
1840 2094 1993 2148 αὐτόν
2024 2095 2254 2163 ἀληθῶς,
2303 2095 2389 2148 καὶ

435 2178 824 2247 πιστοποιήσωσι
852 2178 938 2232 τὸν
965 2178 1140 2233 πιστόν
1166 2179 1459 2251 ἄνθρωπον·
1514 2178 1581 2241 ὥς
1614 2180 1779 2246 ἀμέλει
1809 2182 1894 2233 καὶ
1930 2182 1982 2232 οἷ
2005 2177 2245 2248 Ἑλλήνων
2275 2186 2389 2232 παῖ-

439 2267 520 2325 δες
550 2266 713 2331 ἔχουσι
756 2265 869 2332 περὶ
897 2271 1026 2317 θεοῦ
1068 2266 1161 2327 ἕως
1183 2264 1334 2335 λόγου
1367 2286 1416 2318 τε
1445 2266 1530 2317 καὶ
1559 2271 1847 2330 φαντασίας.
1920 2261 2085 2331 Ἡμεῖς
2110 2265 2162 2317 δὲ
2186 2262 2390 2332 άληθῶς

435 2346 566 2401 θεον
617 2347 928 2415 ἐπιστάμεθα
974 2349 1174 2416 ἀληθῆ,
1243 2352 1329 2403 καὶ
1373 2347 1493 2403 ὄντα
1541 2347 1744 2416 άληθῶς
1790 2348 2124 2403 ἐνυπόστατον
2172 2351 2390 2418 βασιλέα,

436 2430 816 2499 ἀκατάληπτον,
868 2431 1080 2501 ποιητὴν
1108 2440 1204 2487 τῶν
1234 2434 1397 2499 ὅλων,
1445 2436 1532 2487 ἕνα
1559 2433 1710 2499 θεὸν,
1758 2436 1843 2487 καὶ
1871 2436 1920 2498 ἐξ
1948 2432 2102 2487 αὐτοῦ
2125 2433 2213 2489 τόν
2244 2456 2391 2503 μονο-

436 2522 554 2586 γενῆ
592 2515 744 2582 θεόν,
797 2520 847 2571 ἐν
878 2518 1046 2571 οὐδενὶ
1085 2519 1430 2573 διαλλάττοντα
1470 2525 1560 2572 τοῦ
1598 2517 1812 2589 πατρός,
1867 2520 1950 2572 καὶ
1978 2517 2032 2573 τό
2062 2518 2206 2590 ὃίγιον
2233 2518 2388 2574 αὐτοῦ

437 2609 657 2669 πνεῦμα,
710 2603 864 2670 μηδὲν
904 2601 1004 2656 ἀπὸ
1038 2603 1224 2674 πατρός
1255 2608 1342 2657 καὶ
1381 2606 1509 2656 υἷοῦέ
1539 2609 1565 2640 4
1587 2603 1896 2657 διαλλάττον·
1950 2601 2019 2666 ὥς
2057 2606 2143 2657 καὶ
2171 2606 2224 2658 ἐν
2250 2603 2386 2678 πάσῃ

439 2689 619 2756 αἱρέσει
668 2688 781 2757 περὶ
816 2693 907 2756 τῆς
943 2687 1068 2741 κατά
1106 2688 1230 2742 θεὸν
1280 2693 1490 2750 πίστεως
1546 2688 1628 2741 διά
1685 2695 1868 2743 πολλοῦ
1918 2689 2263 2758 ἐποιησάμεθα
2298 2688 2387 2743 τὰν

437 2771 597 2842 λόγον.

582 2858 684 2908 Καὶ
722 2855 796 2910 ὅτι
833 2858 921 2924 μὲν
955 2855 1111 2924 α’)’φ-θη
1142 2854 1264 2918 θεὸς
1293 2853 1587 2925 ἀνθρώποις
1622 2858 1856 2920 πολλάκις
1896 2861 2124 2927 εἴπομεν,
2177 2860 2262 2912 καὶ
2290 2860 2385 2912 οὐκ

436 2940 739 3010 ἀρνούμεθα.
809 2940 926 2994 Ἐάν
958 2940 1050 3012 γάρ
1097 2940 1433 3010 ἀρνησώμεθα
1460 2942 1546 3004 τάς
1591 2947 1732 3006 θείας
1768 2942 1994 3013 γραφάς,
2047 2941 2253 3011 ἀληθεῖς
2291 2941 2386 2997 οῦκ

439 3029 611 3093 ἐσμεν,
664 3028 748 3079 καὶ
791 3025 1124 3094 εὑρισκόμεθα
1171 3028 1486 3090 ἐκπίπτοντες
1530 3035 1617 3095 τῆς
1652 3027 1913 3096 ἀληθείας,
1963 3027 1996 3095 ἢ
2036 3027 2126 3095 τὴν
2168 3026 2385 3082 παλαιάν

438 3110 691 3177 διαθήκην
727 3111 1043 3178 ἐκβάλλοντες
1080 3108 1245 3163 οὐκέτι
1287 3112 1428 3178 ἐσμὲν
1460 3119 1544 3179 τῆς
1574 3119 1850 3181 καθολικῆς
1882 3115 2152 3180 ἐκκλησίας.
2235 3112 2300 3166 Τό
2332 3112 2386 3165 δὲ

438 3192 718 3263 εὐαγγέλιον
760 3197 885 3263 ἔφη,
941 3193 1067 3248 Θεὸν
1110 3195 1277 3257 οὐδεὶς
1326 3195 1527 3250 πώποτε
1572 3197 1813 3267 ἑώρακεν,
1866 3195 1895 3250 ὅ
1935 3196 2209 3266 μονογενής
2263 3196 2386 3259 θεὸς

440 3277 588 3339 αὐτὸς
625 3279 905 3348 ἐξηγήσατο.
983 3281 1084 3331 Καὶ
1113 3279 1259 3332 πάλιν
1288 3278 1320 3348 ἦ
1349 3278 1475 3349 αὕτή
1508 3285 1624 3335 θεία
1652 3279 1822 3351 γραφὴ
1849 3280 1950 3344 ὅτι,
1990 3279 2175 3348 ’Ώφθη
2203 3279 2234 3334 o‘
2260 3279 2385 3344 θεός

438 3367 506 3432 τῷ
539 3359 760 3432 Ἀβραάμ
799 3364 905 3419 ὄντι
932 3367 982 3418 ἐν
1015 3371 1075 3437 τῇ
1107 3370 1486 3438 Μεσοποταμία.
1563 3368 1664 3418 Καὶ
1692 3364 1843 3427 αὐτὸς
1876 3363 1906 3418 ὅ
1931 3363 2105 3433 κύριος
2131 3366 2184 3417 ἐν
2210 3370 2276 3437 τῷ
2305 3363 2381 3418 ε-ὗ·

440 3452 642 3517 αγγελίῳ
684 3447 786 3514 ὅτι,
846 3453 911 3503 Oi
938 3447 1129 3519 ἄγγελοι
1156 3449 1343 3503 τούτων
1371 3447 1521 3520 ὁρῶσι
1558 3448 1614 3504 τὸ
1641 3450 1911 3519 πρόςωπον
1949 3454 2037 3502 τοῦ
2071 3447 2258 3519 πατρός
2285 3472 2382 3517 μου

499 3559 596 3599 CAP.
617 3561 685 3599 Vr.
718 3581 769 3588 —
804 3558 838 3599 1.
871 3553 948 3602 κᾶν
976 3563 1038 3619 τῷ
1063 3566 1200 3615 scripsi
1214 3577 1290 3616 pro
1310 3563 1383 3607 καὶ
1497 3565 1537 3607 3.
1585 3563 1652 3607 ἵνα
1693 3565 1837 3605 excidit
1873 3566 1923 3604 ab
1964 3564 2024 3604 ed.
2063 3565 2199 3606 Petav.
2250 3566 2381 3607 Colon.

440 3612 516 3668 τὸ,
546 3618 650 3666 quod
683 3618 799 3666 vulyo
828 3624 944 3658 extat.
1437 3625 1555 3673 repet.

440 3676 535 3767 eda-{i
563 3668 780 3767 ιῖὲαγάγιος
829 3678 941 3716 codd.
986 3688 1078 3717 mss.
1139 3674 1382 3732 πανάγαὲος
1494 3677 1537 3719 4.
1568 3671 1825 3721 διαλλάττων
1855 3668 1916 3717 εά.
1948 3677 2083 3717 Petav.

579 3741 590 3767 ι
617 3740 663 3768 rt.
