<?xml version="1.0" encoding="UTF-8"?>
<!DOCTYPE html PUBLIC "-//W3C//DTD XHTML 1.0 Transitional//EN"
    "http://www.w3.org/TR/xhtml1/DTD/xhtml1-transitional.dtd">
<html xmlns="http://www.w3.org/1999/xhtml" xml:lang="en" lang="en">
 <head>
  <title>
</title>
<meta http-equiv="Content-Type" content="text/html;charset=utf-8" />
  <meta name='ocr-system' content='tesseract 3.04.00' />
  <meta name='ocr-capabilities' content='ocr_page ocr_carea ocr_par ocr_line ocrx_word'/>
</head>
<body>
  <div class='ocr_page' id='page_1' title='image "./pt3corporishaere02epipuoft_0160.png"; bbox 0 0 2508 4134; ppageno 0'>
   <div class='ocr_carea' id='block_1_1' title="bbox 462 240 1697 291">
    <p class='ocr_par' dir='ltr' id='par_1_1' title="bbox 462 240 1697 291">
     <span class='ocr_line' id='line_1_1' title="bbox 462 240 1697 291; baseline 0 0"><span class='ocrx_word' id='word_1_1' title='bbox 462 240 562 291; x_wconf 87' lang='lat'><em>150</em></span> <span class='ocrx_word' id='word_1_2' title='bbox 1169 246 1375 290; x_wconf 75' lang='lat' dir='ltr'>sANCTl</span> <span class='ocrx_word' id='word_1_3' title='bbox 1405 248 1697 291; x_wconf 78' lang='lat' dir='ltr'><strong>EPIPHANII</strong></span> 
     </span>
    </p>
   </div>
   <div class='ocr_carea' id='block_1_2' title="bbox 260 343 2400 1444">
    <p class='ocr_par' dir='ltr' id='par_1_2' title="bbox 260 343 2400 1444">
     <span class='ocr_line' id='line_1_2' title="bbox 462 343 2396 416; baseline 0.002 -17"><span class='ocrx_word' id='word_1_4' title='bbox 462 346 643 400; x_wconf 89' lang='grc' dir='ltr'><em>τούτου</em></span> <span class='ocrx_word' id='word_1_5' title='bbox 669 343 900 412; x_wconf 83' lang='grc' dir='ltr'><strong><em>λαβόντες</em></strong></span> <span class='ocrx_word' id='word_1_6' title='bbox 926 345 1204 411; x_wconf 81' lang='grc' dir='ltr'><em>μετέδωκαν</em></span> <span class='ocrx_word' id='word_1_7' title='bbox 1230 347 1284 399; x_wconf 82' lang='grc' dir='ltr'><em>οἱ</em></span> <span class='ocrx_word' id='word_1_8' title='bbox 1303 345 1407 399; x_wconf 83' lang='grc' dir='ltr'><strong><em>νέοι</em></strong></span> <span class='ocrx_word' id='word_1_9' title='bbox 1431 348 1637 416; x_wconf 85' lang='grc' dir='ltr'><em>γεωργοὶ</em></span> <span class='ocrx_word' id='word_1_10' title='bbox 1667 349 1734 408; x_wconf 84' lang='grc' dir='ltr'><em>εἰς</em></span> <span class='ocrx_word' id='word_1_11' title='bbox 1757 344 1844 400; x_wconf 79' lang='grc' dir='ltr'><em>τὸν</em></span> <span class='ocrx_word' id='word_1_12' title='bbox 1866 344 2080 414; x_wconf 82' lang='grc' dir='ltr'><em>κόσμον,</em></span> <span class='ocrx_word' id='word_1_13' title='bbox 2119 349 2320 402; x_wconf 82' lang='grc' dir='ltr'><em>παλαιοῖ</em></span> <span class='ocrx_word' id='word_1_14' title='bbox 2342 347 2396 402; x_wconf 80' lang='grc' dir='ltr'><em>δὲ</em></span> 
     </span>
     <span class='ocr_line' id='line_1_3' title="bbox 463 430 2394 503; baseline 0.002 -19"><span class='ocrx_word' id='word_1_15' title='bbox 463 432 669 503; x_wconf 87' lang='grc' dir='ltr'><em>γεωργοὶ</em></span> <span class='ocrx_word' id='word_1_16' title='bbox 701 432 980 503; x_wconf 63' lang='grc' dir='ltr'><em>2δέξῇραν,</em></span> <span class='ocrx_word' id='word_1_17' title='bbox 1032 432 1116 483; x_wconf 87' lang='grc' dir='ltr'><em>καὶ</em></span> <span class='ocrx_word' id='word_1_18' title='bbox 1149 431 1392 502; x_wconf 78' lang='grc' dir='ltr'><em>ἔφθειραν</em></span> <span class='ocrx_word' id='word_1_19' title='bbox 1433 430 1517 484; x_wconf 73' lang='grc' dir='ltr'><em>διοὶ</em></span> <span class='ocrx_word' id='word_1_20' title='bbox 1554 431 1796 484; x_wconf 78' lang='grc' dir='ltr'><em>ἀπιστίαν.</em></span> <span class='ocrx_word' id='word_1_21' title='bbox 1869 434 2059 499; x_wconf 78' lang='grc' dir='ltr'><em>Αἴματι</em></span> <span class='ocrx_word' id='word_1_22' title='bbox 2090 433 2178 501; x_wconf 75' lang='grc' dir='ltr'><em>μὲν</em></span> <span class='ocrx_word' id='word_1_23' title='bbox 2211 435 2394 487; x_wconf 46' lang='lat' dir='ltr'><em>‘figav-</em></span> 
     </span>
     <span class='ocr_line' id='line_1_4' title="bbox 457 512 2394 590; baseline 0.001 -21"><span class='ocrx_word' id='word_1_24' title='bbox 457 522 547 570; x_wconf 91' lang='grc' dir='ltr'><em>τοῦ</em></span> <span class='ocrx_word' id='word_1_25' title='bbox 577 512 761 586; x_wconf 72' lang='grc' dir='ltr'><em>ἁγιάζει</em></span> <span class='ocrx_word' id='word_1_26' title='bbox 790 512 851 567; x_wconf 72' lang='grc' dir='ltr'><em>τοὶ</em></span> <span class='ocrx_word' id='word_1_27' title='bbox 878 516 1029 582; x_wconf 74' lang='grc' dir='ltr'><em>ἔθνη,</em></span> <span class='ocrx_word' id='word_1_28' title='bbox 1081 513 1320 583; x_wconf 88' lang='grc' dir='ltr'><em>πνεύματι</em></span> <span class='ocrx_word' id='word_1_29' title='bbox 1356 517 1408 569; x_wconf 83' lang='grc' dir='ltr'><em>δὲ</em></span> <span class='ocrx_word' id='word_1_30' title='bbox 1437 522 1497 554; x_wconf 76' lang='lat'><em>2⁸</em></span> <span class='ocrx_word' id='word_1_31' title='bbox 1517 513 1665 590; x_wconf 76' lang='grc' dir='ltr'><em>ἀϊδίῳ</em></span> <span class='ocrx_word' id='word_1_32' title='bbox 1696 514 1805 586; x_wconf 70' lang='grc' dir='ltr'><em>ἄγει</em></span> <span class='ocrx_word' id='word_1_33' title='bbox 1829 515 2189 586; x_wconf 77' lang='grc' dir='ltr'><em>τοῦςκλητοῦς</em></span> <span class='ocrx_word' id='word_1_34' title='bbox 2217 520 2286 581; x_wconf 80' lang='grc' dir='ltr'><em>εἰς</em></span> <span class='ocrx_word' id='word_1_35' title='bbox 2309 517 2394 572; x_wconf 78' lang='grc' dir='ltr'><em>οὗ·</em></span> 
     </span>
     <span class='ocr_line' id='line_1_5' title="bbox 462 599 2398 676; baseline 0.003 -24"><span class='ocrx_word' id='word_1_36' title='bbox 462 599 661 671; x_wconf 85' lang='grc' dir='ltr'><em>ρανούς.</em></span> <span class='ocrx_word' id='word_1_37' title='bbox 718 599 866 653; x_wconf 78' lang='grc' dir='ltr'><em>“’Ὀσοι</em></span> <span class='ocrx_word' id='word_1_38' title='bbox 894 605 1088 670; x_wconf 72' lang='grc' dir='ltr'><em>29γοῦν</em></span> <span class='ocrx_word' id='word_1_39' title='bbox 1116 600 1356 669; x_wconf 85' lang='grc' dir='ltr'><em>πνεύματι</em></span> <span class='ocrx_word' id='word_1_40' title='bbox 1382 602 1539 671; x_wconf 81' lang='grc' dir='ltr'><em>αὐτοῦ</em></span> <span class='ocrx_word' id='word_1_41' title='bbox 1564 600 1790 672; x_wconf 67' lang='grc' dir='ltr'><em>ἄγονται,</em></span> <span class='ocrx_word' id='word_1_42' title='bbox 1828 600 1969 655; x_wconf 72' lang='grc' dir='ltr'><em>αὐτοὶ</em></span> <span class='ocrx_word' id='word_1_43' title='bbox 1989 607 2105 667; x_wconf 80' lang='grc' dir='ltr'><em>ζῶσι</em></span> <span class='ocrx_word' id='word_1_44' title='bbox 2129 607 2251 676; x_wconf 77' lang='grc' dir='ltr'><em>θεῷ,</em></span> <span class='ocrx_word' id='word_1_45' title='bbox 2288 602 2398 658; x_wconf 77' lang='grc' dir='ltr'><em>ὅσοι</em></span> 
     </span>
     <span class='ocr_line' id='line_1_6' title="bbox 462 681 2396 759; baseline 0.002 -20"><span class='ocrx_word' id='word_1_46' title='bbox 462 687 516 739; x_wconf 83' lang='grc' dir='ltr'><em>δὲ</em></span> <span class='ocrx_word' id='word_1_47' title='bbox 549 690 609 722; x_wconf 75' lang='lat'><em>³⁰</em></span> <span class='ocrx_word' id='word_1_48' title='bbox 627 682 722 752; x_wconf 79' lang='grc' dir='ltr'><em>μὴ,</em></span> <span class='ocrx_word' id='word_1_49' title='bbox 763 686 834 738; x_wconf 74' lang='grc' dir='ltr'><em>ἔτι</em></span> <span class='ocrx_word' id='word_1_50' title='bbox 858 684 1063 758; x_wconf 75' lang='grc' dir='ltr'><em>θανάτῳ</em></span> <span class='ocrx_word' id='word_1_51' title='bbox 1089 688 1412 757; x_wconf 80' lang='grc' dir='ltr'><em>λελογισμένοι</em></span> <span class='ocrx_word' id='word_1_52' title='bbox 1438 688 1552 740; x_wconf 87' lang='grc' dir='ltr'><em>εἰσὶ·</em></span> <span class='ocrx_word' id='word_1_53' title='bbox 1590 689 1824 756; x_wconf 83' lang='grc' dir='ltr'><em>ψυχικοὶ,</em></span> <span class='ocrx_word' id='word_1_54' title='bbox 1862 685 1973 756; x_wconf 78' lang='grc' dir='ltr'><em>ἤτοι</em></span> <span class='ocrx_word' id='word_1_55' title='bbox 1998 690 2225 759; x_wconf 84' lang='grc' dir='ltr'><em>σαρκικοὶ</em></span> <span class='ocrx_word' id='word_1_56' title='bbox 2258 681 2396 743; x_wconf 73' lang='grc' dir='ltr'><em>οὗτοι</em></span> 
     </span>
     <span class='ocr_line' id='line_1_7' title="bbox 461 770 2398 844; baseline 0.002 -19"><span class='ocrx_word' id='word_1_57' title='bbox 461 777 741 825; x_wconf 86' lang='grc' dir='ltr'><em>καλοῦνται.</em></span> <span class='ocrx_word' id='word_1_58' title='bbox 823 774 1001 823; x_wconf 85' lang='grc' dir='ltr'><em>Τοίνυν</em></span> <span class='ocrx_word' id='word_1_59' title='bbox 1045 770 1292 824; x_wconf 69' lang='grc' dir='ltr'><em>8Ιάθειεεῖ</em></span> <span class='ocrx_word' id='word_1_60' title='bbox 1324 770 1384 824; x_wconf 77' lang='grc' dir='ltr'><em>τοὶ</em></span> <span class='ocrx_word' id='word_1_61' title='bbox 1430 774 1549 842; x_wconf 77' lang='grc' dir='ltr'><em>ἔργα</em></span> <span class='ocrx_word' id='word_1_62' title='bbox 1579 778 1668 840; x_wconf 83' lang='grc' dir='ltr'><em>τῆς</em></span> <span class='ocrx_word' id='word_1_63' title='bbox 1705 771 1909 843; x_wconf 79' lang='grc' dir='ltr'><em>σαρκός,</em></span> <span class='ocrx_word' id='word_1_64' title='bbox 1966 773 2276 844; x_wconf 67' lang='grc' dir='ltr'><em>32ὀχύρωμα</em></span> <span class='ocrx_word' id='word_1_65' title='bbox 2311 771 2398 828; x_wconf 72' lang='grc' dir='ltr'><em>οῦ-</em></span> 
     </span>
     <span class='ocr_line' id='line_1_8' title="bbox 461 854 2396 928; baseline 0.002 -18"><span class='ocrx_word' id='word_1_66' title='bbox 461 874 551 925; x_wconf 87' lang='grc' dir='ltr'><em>σης</em></span> <span class='ocrx_word' id='word_1_67' title='bbox 582 854 849 925; x_wconf 67' lang='grc' dir='ltr'><em>ἁμαρτίας,</em></span> <span class='ocrx_word' id='word_1_68' title='bbox 892 863 1059 926; x_wconf 84' lang='grc' dir='ltr'><em>νεκροῖ</em></span> <span class='ocrx_word' id='word_1_69' title='bbox 1086 857 1139 910; x_wconf 83' lang='grc' dir='ltr'><em>δὲ</em></span> <span class='ocrx_word' id='word_1_70' title='bbox 1165 856 1223 910; x_wconf 78' lang='grc' dir='ltr'><em>τοὶ</em></span> <span class='ocrx_word' id='word_1_71' title='bbox 1252 858 1369 925; x_wconf 88' lang='grc' dir='ltr'><em>μέλη</em></span> <span class='ocrx_word' id='word_1_72' title='bbox 1400 864 1492 910; x_wconf 91' lang='grc' dir='ltr'><em>τοῦ</em></span> <span class='ocrx_word' id='word_1_73' title='bbox 1517 856 1744 911; x_wconf 81' lang='grc' dir='ltr'><em>θανάτου</em></span> <span class='ocrx_word' id='word_1_74' title='bbox 1774 857 1857 911; x_wconf 67' lang='grc' dir='ltr'><em>διὰ</em></span> <span class='ocrx_word' id='word_1_75' title='bbox 1882 865 1969 927; x_wconf 83' lang='grc' dir='ltr'><em>τῆς</em></span> <span class='ocrx_word' id='word_1_76' title='bbox 2001 857 2197 928; x_wconf 78' lang='grc' dir='ltr'><em>χάριτος</em></span> <span class='ocrx_word' id='word_1_77' title='bbox 2225 859 2396 914; x_wconf 79' lang='grc' dir='ltr'><em>αὐτοῦ.</em></span> 
     </span>
     <span class='ocr_line' id='line_1_9' title="bbox 461 939 2399 1013; baseline 0.002 -18"><span class='ocrx_word' id='word_1_78' title='bbox 461 946 655 1011; x_wconf 84' lang='grc' dir='ltr'><em>Λαβεῖν</em></span> <span class='ocrx_word' id='word_1_79' title='bbox 683 942 736 994; x_wconf 80' lang='grc' dir='ltr'><em>δὲ</em></span> <span class='ocrx_word' id='word_1_80' title='bbox 764 947 959 1010; x_wconf 88' lang='grc' dir='ltr'><em>πνεῦμα</em></span> <span class='ocrx_word' id='word_1_81' title='bbox 997 939 1168 1011; x_wconf 74' lang='grc' dir='ltr'><em>ἅγιον,</em></span> <span class='ocrx_word' id='word_1_82' title='bbox 1221 941 1250 995; x_wconf 78' lang='grc' dir='ltr'>ὃ</span> <span class='ocrx_word' id='word_1_83' title='bbox 1278 941 1373 996; x_wconf 76' lang='grc' dir='ltr'><em>οὐκ</em></span> <span class='ocrx_word' id='word_1_84' title='bbox 1401 946 1621 1011; x_wconf 77' lang='grc' dir='ltr'><em>εἴχομεν,</em></span> <span class='ocrx_word' id='word_1_85' title='bbox 1670 943 1985 1013; x_wconf 80' lang='grc' dir='ltr'><em>προςτάσσει,</em></span> <span class='ocrx_word' id='word_1_86' title='bbox 2036 943 2091 998; x_wconf 74' lang='grc' dir='ltr'><em>τό</em></span> <span class='ocrx_word' id='word_1_87' title='bbox 2124 951 2399 1009; x_wconf 83' lang='grc' dir='ltr'><em>ζωοποιοῦν</em></span> 
     </span>
     <span class='ocr_line' id='line_1_10' title="bbox 462 1025 2395 1101; baseline 0.001 -18"><span class='ocrx_word' id='word_1_88' title='bbox 462 1029 544 1097; x_wconf 76' lang='grc' dir='ltr'><em>ἐμὲ</em></span> <span class='ocrx_word' id='word_1_89' title='bbox 571 1026 625 1081; x_wconf 76' lang='grc' dir='ltr'><em>τό</em></span> <span class='ocrx_word' id='word_1_90' title='bbox 654 1025 805 1080; x_wconf 76' lang='grc' dir='ltr'><em>πάλαι</em></span> <span class='ocrx_word' id='word_1_91' title='bbox 825 1027 1126 1095; x_wconf 87' lang='grc' dir='ltr'><em>τεθνηκότα,</em></span> <span class='ocrx_word' id='word_1_92' title='bbox 1164 1027 1287 1098; x_wconf 78' lang='grc' dir='ltr'><em>ὅπερ</em></span> <span class='ocrx_word' id='word_1_93' title='bbox 1315 1026 1382 1096; x_wconf 79' lang='grc' dir='ltr'><em>μὴ</em></span> <span class='ocrx_word' id='word_1_94' title='bbox 1409 1027 1572 1096; x_wconf 74' lang='grc' dir='ltr'><em>λαβών</em></span> <span class='ocrx_word' id='word_1_95' title='bbox 1594 1029 1907 1097; x_wconf 83' lang='grc' dir='ltr'><em>τεθνήξομαι.</em></span> <span class='ocrx_word' id='word_1_96' title='bbox 1982 1033 2108 1099; x_wconf 84' lang='grc' dir='ltr'><em>Λίχα</em></span> <span class='ocrx_word' id='word_1_97' title='bbox 2132 1028 2225 1101; x_wconf 69' lang='grc' dir='ltr'><em>γάρ</em></span> <span class='ocrx_word' id='word_1_98' title='bbox 2251 1030 2395 1085; x_wconf 84' lang='grc' dir='ltr'><em>πνεύ-</em></span> 
     </span>
     <span class='ocr_line' id='line_1_11' title="bbox 461 1111 2400 1184; baseline 0.002 -18"><span class='ocrx_word' id='word_1_99' title='bbox 461 1136 614 1182; x_wconf 87' lang='grc' dir='ltr'><em>ματος</em></span> <span class='ocrx_word' id='word_1_100' title='bbox 655 1112 814 1165; x_wconf 82' lang='grc' dir='ltr'><em>αὐτοῦ</em></span> <span class='ocrx_word' id='word_1_101' title='bbox 849 1118 948 1174; x_wconf 80' lang='grc' dir='ltr'><em>πᾶς</em></span> <span class='ocrx_word' id='word_1_102' title='bbox 979 1111 1167 1183; x_wconf 85' lang='grc' dir='ltr'><em>νεκρός.</em></span> <span class='ocrx_word' id='word_1_103' title='bbox 1243 1115 1314 1165; x_wconf 85' lang='grc' dir='ltr'><em>Εἰ</em></span> <span class='ocrx_word' id='word_1_104' title='bbox 1348 1116 1517 1166; x_wconf 90' lang='grc' dir='ltr'><em>τοίνυν</em></span> <span class='ocrx_word' id='word_1_105' title='bbox 1552 1112 1607 1167; x_wconf 85' lang='grc' dir='ltr'>τὸ</span> <span class='ocrx_word' id='word_1_106' title='bbox 1649 1119 1842 1182; x_wconf 91' lang='grc' dir='ltr'><em>πνεῦμα</em></span> <span class='ocrx_word' id='word_1_107' title='bbox 1883 1113 2039 1168; x_wconf 72' lang='grc' dir='ltr'><em>αὐτοῦ</em></span> <span class='ocrx_word' id='word_1_108' title='bbox 2083 1117 2136 1169; x_wconf 83' lang='grc' dir='ltr'><em>έν</em></span> <span class='ocrx_word' id='word_1_109' title='bbox 2172 1114 2315 1184; x_wconf 78' lang='grc' dir='ltr'><em>ἡμῖν,</em></span> <span class='ocrx_word' id='word_1_110' title='bbox 2368 1113 2400 1170; x_wconf 76' lang='grc' dir='ltr'><em>δ’</em></span> 
     </span>
     <span class='ocr_line' id='line_1_12' title="bbox 462 1196 2399 1270; baseline 0 -16"><span class='ocrx_word' id='word_1_111' title='bbox 462 1202 651 1270; x_wconf 77' lang='grc' dir='ltr'><em>ἐγείρας</em></span> <span class='ocrx_word' id='word_1_112' title='bbox 674 1196 827 1253; x_wconf 85' lang='grc' dir='ltr'><em>αύτόν</em></span> <span class='ocrx_word' id='word_1_113' title='bbox 850 1201 904 1252; x_wconf 78' lang='grc' dir='ltr'><em>ἐκ</em></span> <span class='ocrx_word' id='word_1_114' title='bbox 934 1204 1120 1268; x_wconf 78' lang='grc' dir='ltr'><em>νεκρῶν</em></span> <span class='ocrx_word' id='word_1_115' title='bbox 1151 1196 1444 1266; x_wconf 80' lang='grc' dir='ltr'><em>ζωοποιήσει</em></span> <span class='ocrx_word' id='word_1_116' title='bbox 1466 1197 1526 1250; x_wconf 79' lang='grc' dir='ltr'><em>τοὶ</em></span> <span class='ocrx_word' id='word_1_117' title='bbox 1557 1197 1721 1266; x_wconf 67' lang='grc' dir='ltr'><em>θνητοὶ</em></span> <span class='ocrx_word' id='word_1_118' title='bbox 1745 1198 1945 1267; x_wconf 78' lang='grc' dir='ltr'><em>σώματα</em></span> <span class='ocrx_word' id='word_1_119' title='bbox 1972 1198 2142 1268; x_wconf 75' lang='grc' dir='ltr'><em>ἡμῶν,</em></span> <span class='ocrx_word' id='word_1_120' title='bbox 2192 1199 2277 1256; x_wconf 76' lang='grc' dir='ltr'><em>διοὶ</em></span> <span class='ocrx_word' id='word_1_121' title='bbox 2308 1206 2399 1255; x_wconf 87' lang='grc' dir='ltr'><em>τοῦ</em></span> 
     </span>
     <span class='ocr_line' id='line_1_13' title="bbox 463 1281 2395 1356; baseline 0.001 -17"><span class='ocrx_word' id='word_1_122' title='bbox 463 1288 773 1347; x_wconf 82' lang='grc' dir='ltr'><em>ἐνοικοῦντος</em></span> <span class='ocrx_word' id='word_1_123' title='bbox 799 1283 1077 1351; x_wconf 87' lang='grc' dir='ltr'><em>πνεύματος</em></span> <span class='ocrx_word' id='word_1_124' title='bbox 1110 1290 1166 1320; x_wconf 83' lang='lat'><em>3³</em></span> <span class='ocrx_word' id='word_1_125' title='bbox 1186 1283 1342 1337; x_wconf 80' lang='grc' dir='ltr'><em>αὐτοῦ</em></span> <span class='ocrx_word' id='word_1_126' title='bbox 1366 1286 1416 1337; x_wconf 77' lang='grc' dir='ltr'><em>ἐν</em></span> <span class='ocrx_word' id='word_1_127' title='bbox 1439 1281 1572 1352; x_wconf 75' lang='grc' dir='ltr'><em>ἡμῖν.</em></span> <span class='ocrx_word' id='word_1_128' title='bbox 1637 1282 1763 1337; x_wconf 85' lang='grc' dir='ltr'><em>Ἀλλ’</em></span> <span class='ocrx_word' id='word_1_129' title='bbox 1785 1282 1927 1352; x_wconf 87' lang='grc' dir='ltr'><em>οἶμαι</em></span> <span class='ocrx_word' id='word_1_130' title='bbox 1954 1283 2209 1356; x_wconf 84' lang='grc' dir='ltr'><em>ἀμφότερα</em></span> <span class='ocrx_word' id='word_1_131' title='bbox 2234 1307 2395 1340; x_wconf 80' lang='grc' dir='ltr'><em>κατοι·</em></span> 
     </span>
     <span class='ocr_line' id='line_1_14' title="bbox 260 1366 1945 1444; baseline 0.001 -23"><span class='ocrx_word' id='word_1_132' title='bbox 260 1397 345 1433; x_wconf 78' lang='lat' dir='ltr'>pag.</span> <span class='ocrx_word' id='word_1_133' title='bbox 370 1386 446 1422; x_wconf 76' lang='lat'><em>891.</em></span> <span class='ocrx_word' id='word_1_134' title='bbox 466 1379 546 1425; x_wconf 89' lang='grc' dir='ltr'><em>κεῖ</em></span> <span class='ocrx_word' id='word_1_135' title='bbox 578 1373 631 1425; x_wconf 82' lang='grc' dir='ltr'><em>ἐν</em></span> <span class='ocrx_word' id='word_1_136' title='bbox 665 1376 733 1444; x_wconf 76' lang='grc' dir='ltr'><em>τῷ</em></span> <span class='ocrx_word' id='word_1_137' title='bbox 770 1372 974 1442; x_wconf 80' lang='grc' dir='ltr'><em>δικαίῳ,</em></span> <span class='ocrx_word' id='word_1_138' title='bbox 1014 1366 1043 1422; x_wconf 82' lang='grc' dir='ltr'><em>ὅ</em></span> <span class='ocrx_word' id='word_1_139' title='bbox 1082 1368 1296 1440; x_wconf 76' lang='grc' dir='ltr'><em>Χριστός</em></span> <span class='ocrx_word' id='word_1_140' title='bbox 1330 1370 1415 1423; x_wconf 89' lang='grc' dir='ltr'><em>καὶ</em></span> <span class='ocrx_word' id='word_1_141' title='bbox 1450 1367 1506 1423; x_wconf 84' lang='grc' dir='ltr'><strong><em>τό</em></strong></span> <span class='ocrx_word' id='word_1_142' title='bbox 1544 1375 1738 1438; x_wconf 89' lang='grc' dir='ltr'><em>πνεῦμα</em></span> <span class='ocrx_word' id='word_1_143' title='bbox 1775 1368 1945 1424; x_wconf 77' lang='grc' dir='ltr'><em>αὐτοῦ.</em></span> 
     </span>
    </p>
   </div>
   <div class='ocr_carea' id='block_1_3' title="bbox 236 1537 2404 2982">
    <p class='ocr_par' dir='ltr' id='par_1_3' title="bbox 236 1537 2404 2982">
     <span class='ocr_line' id='line_1_15' title="bbox 236 1537 2399 1612; baseline 0.001 -17"><span class='ocrx_word' id='word_1_144' title='bbox 236 1554 347 1607; x_wconf 81' lang='grc' dir='ltr'><em>Κεφ.</em></span> <span class='ocrx_word' id='word_1_145' title='bbox 381 1550 432 1597; x_wconf 87' lang='grc' dir='ltr'><em>δ’.</em></span> <span class='ocrx_word' id='word_1_146' title='bbox 605 1544 677 1594; x_wconf 84' lang='grc' dir='ltr'><em>Εἰ</em></span> <span class='ocrx_word' id='word_1_147' title='bbox 703 1541 756 1593; x_wconf 82' lang='grc' dir='ltr'><em>δὲ</em></span> <span class='ocrx_word' id='word_1_148' title='bbox 787 1537 1000 1610; x_wconf 74' lang='grc' dir='ltr'><em>Χριστός</em></span> <span class='ocrx_word' id='word_1_149' title='bbox 1030 1541 1082 1593; x_wconf 80' lang='grc' dir='ltr'><em>ἐκ</em></span> <span class='ocrx_word' id='word_1_150' title='bbox 1109 1546 1199 1594; x_wconf 92' lang='grc' dir='ltr'><em>τοῦ</em></span> <span class='ocrx_word' id='word_1_151' title='bbox 1235 1539 1424 1612; x_wconf 79' lang='grc' dir='ltr'><em>πατρὸς</em></span> <span class='ocrx_word' id='word_1_152' title='bbox 1463 1539 1739 1594; x_wconf 82' lang='grc' dir='ltr'><em>πιστεύεται</em></span> <span class='ocrx_word' id='word_1_153' title='bbox 1779 1539 1903 1604; x_wconf 76' lang='grc' dir='ltr'><em>θεὸς</em></span> <span class='ocrx_word' id='word_1_154' title='bbox 1941 1543 1995 1596; x_wconf 78' lang='grc' dir='ltr'><em>ἐκ</em></span> <span class='ocrx_word' id='word_1_155' title='bbox 2021 1547 2179 1607; x_wconf 83' lang='grc' dir='ltr'><em>θεοῦ,</em></span> <span class='ocrx_word' id='word_1_156' title='bbox 2233 1542 2315 1596; x_wconf 75' lang='grc' dir='ltr'><em>καὶ</em></span> <span class='ocrx_word' id='word_1_157' title='bbox 2342 1540 2399 1597; x_wconf 77' lang='grc' dir='ltr'><em>τὸ</em></span> 
     </span>
     <span class='ocr_line' id='line_1_16' title="bbox 461 1623 2400 1699; baseline 0.001 -19"><span class='ocrx_word' id='word_1_158' title='bbox 461 1634 656 1695; x_wconf 89' lang='grc' dir='ltr'><em>πνεῦμα</em></span> <span class='ocrx_word' id='word_1_159' title='bbox 691 1633 710 1664; x_wconf 86' lang='lat'>1</span> <span class='ocrx_word' id='word_1_160' title='bbox 728 1626 885 1679; x_wconf 77' lang='grc' dir='ltr'><em>αὐτοῦ</em></span> <span class='ocrx_word' id='word_1_161' title='bbox 915 1627 968 1679; x_wconf 82' lang='grc' dir='ltr'><em>ἐκ</em></span> <span class='ocrx_word' id='word_1_162' title='bbox 997 1631 1085 1678; x_wconf 88' lang='grc' dir='ltr'><em>τοῦ</em></span> <span class='ocrx_word' id='word_1_163' title='bbox 1120 1631 1366 1696; x_wconf 84' lang='grc' dir='ltr'><em>Χριστοῦ,</em></span> <span class='ocrx_word' id='word_1_164' title='bbox 1408 1633 1434 1664; x_wconf 80' lang='lat'><em>‘2</em></span> <span class='ocrx_word' id='word_1_165' title='bbox 1451 1625 1485 1695; x_wconf 79' lang='grc' dir='ltr'><em>ἢ</em></span> <span class='ocrx_word' id='word_1_166' title='bbox 1508 1623 1623 1697; x_wconf 87' lang='grc' dir='ltr'><em>παρ’</em></span> <span class='ocrx_word' id='word_1_167' title='bbox 1649 1625 1943 1698; x_wconf 79' lang='grc' dir='ltr'><em>ἀμφοτέρων</em></span> <span class='ocrx_word' id='word_1_168' title='bbox 1964 1626 2052 1694; x_wconf 72' lang='grc' dir='ltr'><em>(ὥς</em></span> <span class='ocrx_word' id='word_1_169' title='bbox 2077 1644 2202 1695; x_wconf 92' lang='grc' dir='ltr'><em>φησι</em></span> <span class='ocrx_word' id='word_1_170' title='bbox 2223 1624 2251 1681; x_wconf 83' lang='lat' dir='ltr'><em>o‘</em></span> <span class='ocrx_word' id='word_1_171' title='bbox 2281 1633 2400 1699; x_wconf 85' lang='grc' dir='ltr'><em>Χρι-</em></span> 
     </span>
     <span class='ocr_line' id='line_1_17' title="bbox 464 1706 2402 1783; baseline 0 -17"><span class='ocrx_word' id='word_1_172' title='bbox 464 1711 602 1779; x_wconf 78' lang='grc' dir='ltr'><em>στός,</em></span> <span class='ocrx_word' id='word_1_173' title='bbox 627 1711 695 1764; x_wconf 73' lang='lat' dir='ltr'><em>“O</em></span> <span class='ocrx_word' id='word_1_174' title='bbox 721 1709 857 1781; x_wconf 80' lang='grc' dir='ltr'><em>παρά</em></span> <span class='ocrx_word' id='word_1_175' title='bbox 885 1716 976 1765; x_wconf 91' lang='grc' dir='ltr'><em>τοῦ</em></span> <span class='ocrx_word' id='word_1_176' title='bbox 1000 1711 1188 1783; x_wconf 77' lang='grc' dir='ltr'><em>πατρὸς</em></span> <span class='ocrx_word' id='word_1_177' title='bbox 1222 1710 1564 1782; x_wconf 82' lang='grc' dir='ltr'><em>ἐκπορεύεται,</em></span> <span class='ocrx_word' id='word_1_178' title='bbox 1619 1714 1703 1765; x_wconf 87' lang='grc' dir='ltr'><em>καὶ</em></span> <span class='ocrx_word' id='word_1_179' title='bbox 1732 1706 1879 1775; x_wconf 76' lang='grc' dir='ltr'><em>οὗτος</em></span> <span class='ocrx_word' id='word_1_180' title='bbox 1905 1714 1959 1766; x_wconf 79' lang='grc' dir='ltr'><em>ἐκ</em></span> <span class='ocrx_word' id='word_1_181' title='bbox 1987 1718 2078 1766; x_wconf 85' lang='grc' dir='ltr'><em>τοῦ</em></span> <span class='ocrx_word' id='word_1_182' title='bbox 2103 1715 2225 1781; x_wconf 79' lang='grc' dir='ltr'><em>ἐμοῦ</em></span> <span class='ocrx_word' id='word_1_183' title='bbox 2250 1712 2402 1781; x_wconf 80' lang='grc' dir='ltr'><em>λήψε-</em></span> 
     </span>
     <span class='ocr_line' id='line_1_18' title="bbox 462 1795 2401 1872; baseline 0.002 -21"><span class='ocrx_word' id='word_1_184' title='bbox 462 1809 588 1864; x_wconf 89' lang='grc' dir='ltr'><em>ται),</em></span> <span class='ocrx_word' id='word_1_185' title='bbox 627 1795 657 1851; x_wconf 80' lang='grc' dir='ltr'><em>ὅ</em></span> <span class='ocrx_word' id='word_1_186' title='bbox 687 1798 740 1850; x_wconf 82' lang='grc' dir='ltr'><em>δὲ</em></span> <span class='ocrx_word' id='word_1_187' title='bbox 770 1795 984 1867; x_wconf 80' lang='grc' dir='ltr'><em>Χριστός</em></span> <span class='ocrx_word' id='word_1_188' title='bbox 1014 1799 1068 1850; x_wconf 79' lang='grc' dir='ltr'><em>ἐκ</em></span> <span class='ocrx_word' id='word_1_189' title='bbox 1098 1796 1378 1865; x_wconf 86' lang='grc' dir='ltr'><em>πνεύματος</em></span> <span class='ocrx_word' id='word_1_190' title='bbox 1408 1795 1550 1868; x_wconf 73' lang='grc' dir='ltr'><em>ἆγίου</em></span> <span class='ocrx_word' id='word_1_191' title='bbox 1575 1804 1622 1865; x_wconf 75' lang='lat'><em>(³</em></span> <span class='ocrx_word' id='word_1_192' title='bbox 1649 1795 1714 1852; x_wconf 85' lang='grc' dir='ltr'>Τὸ</span> <span class='ocrx_word' id='word_1_193' title='bbox 1746 1796 1838 1868; x_wconf 76' lang='grc' dir='ltr'><em>γάρ</em></span> <span class='ocrx_word' id='word_1_194' title='bbox 1870 1799 1923 1852; x_wconf 84' lang='grc' dir='ltr'><em>έν</em></span> <span class='ocrx_word' id='word_1_195' title='bbox 1949 1795 2099 1872; x_wconf 72' lang='grc' dir='ltr'><em>αὐτῇ,</em></span> <span class='ocrx_word' id='word_1_196' title='bbox 2149 1800 2295 1866; x_wconf 85' lang='grc' dir='ltr'><em>φησὶ,</em></span> <span class='ocrx_word' id='word_1_197' title='bbox 2346 1801 2401 1854; x_wconf 77' lang='grc' dir='ltr'><em>ἐκ</em></span> 
     </span>
     <span class='ocr_line' id='line_1_19' title="bbox 463 1881 2402 1954; baseline 0.001 -17"><span class='ocrx_word' id='word_1_198' title='bbox 463 1881 744 1952; x_wconf 87' lang='grc' dir='ltr'><em>πνεύματος</em></span> <span class='ocrx_word' id='word_1_199' title='bbox 770 1881 940 1953; x_wconf 79' lang='grc' dir='ltr'><em>ἇγίου,</em></span> <span class='ocrx_word' id='word_1_200' title='bbox 991 1881 1198 1953; x_wconf 75' lang='grc' dir='ltr'><em>ἀγγέλου</em></span> <span class='ocrx_word' id='word_1_201' title='bbox 1226 1881 1390 1951; x_wconf 74' lang='grc' dir='ltr'><em>φωνὴ)</em></span> <span class='ocrx_word' id='word_1_202' title='bbox 1406 1927 1419 1949; x_wconf 90' lang='grc'><em>,</em></span> <span class='ocrx_word' id='word_1_203' title='bbox 1475 1887 1667 1936; x_wconf 78' lang='grc' dir='ltr'><em>4συνίω</em></span> <span class='ocrx_word' id='word_1_204' title='bbox 1693 1882 1748 1937; x_wconf 85' lang='grc' dir='ltr'>τὸ</span> <span class='ocrx_word' id='word_1_205' title='bbox 1778 1882 2110 1953; x_wconf 85' lang='grc' dir='ltr'><em>λυτρούμενόν</em></span> <span class='ocrx_word' id='word_1_206' title='bbox 2133 1905 2191 1952; x_wconf 89' lang='grc' dir='ltr'><em>με</em></span> <span class='ocrx_word' id='word_1_207' title='bbox 2221 1885 2402 1954; x_wconf 83' lang='grc' dir='ltr'><em>μυστή-</em></span> 
     </span>
     <span class='ocr_line' id='line_1_20' title="bbox 465 1967 2399 2043; baseline 0.001 -20"><span class='ocrx_word' id='word_1_208' title='bbox 465 1991 599 2040; x_wconf 89' lang='grc' dir='ltr'><em>ριον,</em></span> <span class='ocrx_word' id='word_1_209' title='bbox 651 1973 836 2034; x_wconf 90' lang='grc' dir='ltr'><em>πίστει,</em></span> <span class='ocrx_word' id='word_1_210' title='bbox 887 1967 1023 2042; x_wconf 78' lang='grc' dir='ltr'><em>ἀκοῇ</em></span> <span class='ocrx_word' id='word_1_211' title='bbox 1064 1967 1221 2042; x_wconf 81' lang='grc' dir='ltr'><em>μόνη,</em></span> <span class='ocrx_word' id='word_1_212' title='bbox 1274 1973 1413 2041; x_wconf 75' lang='grc' dir='ltr'><em>φιλίᾳ</em></span> <span class='ocrx_word' id='word_1_213' title='bbox 1447 1974 1547 2043; x_wconf 78' lang='grc' dir='ltr'><em>6τῇ</em></span> <span class='ocrx_word' id='word_1_214' title='bbox 1574 1968 1702 2039; x_wconf 73' lang='grc' dir='ltr'><em>πρός</em></span> <span class='ocrx_word' id='word_1_215' title='bbox 1738 1967 1824 2022; x_wconf 78' lang='grc' dir='ltr'><em>τὸν</em></span> <span class='ocrx_word' id='word_1_216' title='bbox 1853 1968 2062 2024; x_wconf 81' lang='grc' dir='ltr'><em>ἐλθόντα</em></span> <span class='ocrx_word' id='word_1_217' title='bbox 2086 1967 2214 2041; x_wconf 77' lang='grc' dir='ltr'><em>πρός</em></span> <span class='ocrx_word' id='word_1_218' title='bbox 2256 1971 2399 2039; x_wconf 62' lang='grc' dir='ltr'><em>θέμὲ*</em></span> 
     </span>
     <span class='ocr_line' id='line_1_21' title="bbox 464 2052 2400 2125; baseline 0 -15"><span class='ocrx_word' id='word_1_219' title='bbox 464 2054 641 2110; x_wconf 81' lang='grc' dir='ltr'><em>ἓαυτὸν</em></span> <span class='ocrx_word' id='word_1_220' title='bbox 677 2052 772 2125; x_wconf 76' lang='grc' dir='ltr'><em>γάρ</em></span> <span class='ocrx_word' id='word_1_221' title='bbox 814 2052 843 2107; x_wconf 77' lang='grc' dir='ltr'><em>ὅ</em></span> <span class='ocrx_word' id='word_1_222' title='bbox 879 2052 1001 2116; x_wconf 74' lang='grc' dir='ltr'><em>θεὸς</em></span> <span class='ocrx_word' id='word_1_223' title='bbox 1044 2054 1297 2125; x_wconf 77' lang='grc' dir='ltr'><em>γινώσκει,</em></span> <span class='ocrx_word' id='word_1_224' title='bbox 1353 2053 1530 2108; x_wconf 78' lang='grc' dir='ltr'><em>ἑαυτόν</em></span> <span class='ocrx_word' id='word_1_225' title='bbox 1572 2053 1831 2125; x_wconf 78' lang='grc' dir='ltr'><em>7Χριστὸς</em></span> <span class='ocrx_word' id='word_1_226' title='bbox 1869 2053 2119 2125; x_wconf 80' lang='grc' dir='ltr'><em>κηρύττει,</em></span> <span class='ocrx_word' id='word_1_227' title='bbox 2169 2055 2314 2111; x_wconf 80' lang='grc' dir='ltr'><em>ἕαυτὸ</em></span> <span class='ocrx_word' id='word_1_228' title='bbox 2345 2055 2400 2110; x_wconf 75' lang='lat' dir='ltr'><em>vd</em></span> 
     </span>
     <span class='ocr_line' id='line_1_22' title="bbox 464 2138 2403 2213; baseline 0.001 -19"><span class='ocrx_word' id='word_1_229' title='bbox 464 2147 659 2209; x_wconf 89' lang='grc' dir='ltr'><em>πνεῦμα</em></span> <span class='ocrx_word' id='word_1_230' title='bbox 697 2139 751 2194; x_wconf 84' lang='grc' dir='ltr'>τὸ</span> <span class='ocrx_word' id='word_1_231' title='bbox 783 2139 925 2210; x_wconf 76' lang='grc' dir='ltr'><em>ἅγιον</em></span> <span class='ocrx_word' id='word_1_232' title='bbox 964 2143 1111 2208; x_wconf 85' lang='grc' dir='ltr'><em>δηλοῖ</em></span> <span class='ocrx_word' id='word_1_233' title='bbox 1135 2148 1240 2202; x_wconf 88' lang='grc' dir='ltr'><em>τοῖς</em></span> <span class='ocrx_word' id='word_1_234' title='bbox 1287 2138 1500 2203; x_wconf 65' lang='grc' dir='ltr'><em>θάξίοις.</em></span> <span class='ocrx_word' id='word_1_235' title='bbox 1579 2138 1698 2193; x_wconf 79' lang='grc' dir='ltr'><em>9Ἐν</em></span> <span class='ocrx_word' id='word_1_236' title='bbox 1730 2149 1947 2211; x_wconf 84' lang='grc' dir='ltr'><em>γραφαῖς</em></span> <span class='ocrx_word' id='word_1_237' title='bbox 1981 2141 2034 2193; x_wconf 81' lang='grc' dir='ltr'><em>δὲ</em></span> <span class='ocrx_word' id='word_1_238' title='bbox 2072 2138 2234 2211; x_wconf 79' lang='grc' dir='ltr'><em>ἆγίαις</em></span> <span class='ocrx_word' id='word_1_239' title='bbox 2265 2140 2403 2213; x_wconf 79' lang='grc' dir='ltr'><em>τριοὶς</em></span> 
     </span>
     <span class='ocr_line' id='line_1_23' title="bbox 464 2223 2398 2296; baseline 0 -16"><span class='ocrx_word' id='word_1_240' title='bbox 464 2225 584 2295; x_wconf 74' lang='grc' dir='ltr'><em>ἡμῖν</em></span> <span class='ocrx_word' id='word_1_241' title='bbox 614 2227 979 2296; x_wconf 83' lang='grc' dir='ltr'><em>καταγγέλλεται</em></span> <span class='ocrx_word' id='word_1_242' title='bbox 1014 2226 1099 2278; x_wconf 86' lang='grc' dir='ltr'><em>καὶ</em></span> <span class='ocrx_word' id='word_1_243' title='bbox 1126 2223 1403 2279; x_wconf 80' lang='grc' dir='ltr'><em>πιστεύεται</em></span> <span class='ocrx_word' id='word_1_244' title='bbox 1439 2223 1841 2296; x_wconf 72' lang='grc' dir='ltr'><em>10ἀπεριέργως,</em></span> <span class='ocrx_word' id='word_1_245' title='bbox 1879 2226 2233 2293; x_wconf 86' lang='grc' dir='ltr'><em>ἀφιλονείκως,</em></span> <span class='ocrx_word' id='word_1_246' title='bbox 2286 2245 2398 2280; x_wconf 85' lang='grc' dir='ltr'><em>συν-</em></span> 
     </span>
     <span class='ocr_line' id='line_1_24' title="bbox 464 2309 2400 2382; baseline 0 -17"><span class='ocrx_word' id='word_1_247' title='bbox 464 2314 710 2381; x_wconf 80' lang='grc' dir='ltr'><em>θημοίτων</em></span> <span class='ocrx_word' id='word_1_248' title='bbox 744 2318 760 2348; x_wconf 85' lang='lat'>¹</span> <span class='ocrx_word' id='word_1_249' title='bbox 779 2317 799 2348; x_wconf 85' lang='lat'>1</span> <span class='ocrx_word' id='word_1_250' title='bbox 818 2309 1004 2373; x_wconf 82' lang='grc' dir='ltr'><em>ἀκοαῖς.</em></span> <span class='ocrx_word' id='word_1_251' title='bbox 1069 2310 1161 2363; x_wconf 86' lang='grc' dir='ltr'><em>Ἐκ</em></span> <span class='ocrx_word' id='word_1_252' title='bbox 1202 2313 1409 2373; x_wconf 89' lang='grc' dir='ltr'><em>πίστεως</em></span> <span class='ocrx_word' id='word_1_253' title='bbox 1440 2318 1457 2349; x_wconf 92' lang='lat'>¹</span> <span class='ocrx_word' id='word_1_254' title='bbox 1474 2318 1497 2347; x_wconf 83' lang='lat'><strong>2</strong></span> <span class='ocrx_word' id='word_1_255' title='bbox 1517 2312 1569 2364; x_wconf 83' lang='grc' dir='ltr'><em>δὲ</em></span> <span class='ocrx_word' id='word_1_256' title='bbox 1600 2311 1754 2379; x_wconf 75' lang='grc' dir='ltr'><em>αὐτῆς</em></span> <span class='ocrx_word' id='word_1_257' title='bbox 1775 2309 1810 2380; x_wconf 81' lang='grc' dir='ltr'><em>ἦ</em></span> <span class='ocrx_word' id='word_1_258' title='bbox 1837 2315 2052 2380; x_wconf 90' lang='grc' dir='ltr'><em>σωτηρία</em></span> <span class='ocrx_word' id='word_1_259' title='bbox 2075 2317 2163 2380; x_wconf 84' lang='grc' dir='ltr'><em>τῆς</em></span> <span class='ocrx_word' id='word_1_260' title='bbox 2186 2309 2400 2382; x_wconf 77' lang='grc' dir='ltr'><em>χάριτος,</em></span> 
     </span>
     <span class='ocr_line' id='line_1_25' title="bbox 465 2394 2402 2468; baseline -0.001 -16"><span class='ocrx_word' id='word_1_261' title='bbox 465 2401 518 2452; x_wconf 78' lang='grc' dir='ltr'><em>ἐκ</em></span> <span class='ocrx_word' id='word_1_262' title='bbox 544 2402 751 2460; x_wconf 89' lang='grc' dir='ltr'><em>πίστεως</em></span> <span class='ocrx_word' id='word_1_263' title='bbox 777 2394 811 2465; x_wconf 75' lang='grc' dir='ltr'><em>η’</em></span> <span class='ocrx_word' id='word_1_264' title='bbox 839 2395 1128 2464; x_wconf 84' lang='grc' dir='ltr'><em>δικαιοσύνη</em></span> <span class='ocrx_word' id='word_1_265' title='bbox 1165 2399 1315 2465; x_wconf 88' lang='grc' dir='ltr'><em>χωρὶς</em></span> <span class='ocrx_word' id='word_1_266' title='bbox 1360 2401 1413 2432; x_wconf 77' lang='lat'><em>13</em></span> <span class='ocrx_word' id='word_1_267' title='bbox 1433 2398 1589 2467; x_wconf 74' lang='grc' dir='ltr'><em>ἔργων</em></span> <span class='ocrx_word' id='word_1_268' title='bbox 1627 2396 1787 2465; x_wconf 89' lang='grc' dir='ltr'><em>νόμου</em></span> <span class='ocrx_word' id='word_1_269' title='bbox 1823 2398 2118 2468; x_wconf 87' lang='grc' dir='ltr'><em>γέγραπται,</em></span> <span class='ocrx_word' id='word_1_270' title='bbox 2171 2399 2220 2461; x_wconf 78' lang='grc' dir='ltr'><em>ἐξ</em></span> <span class='ocrx_word' id='word_1_271' title='bbox 2247 2395 2402 2466; x_wconf 80' lang='grc' dir='ltr'><em>ἀκοῆς</em></span> 
     </span>
     <span class='ocr_line' id='line_1_26' title="bbox 464 2480 2401 2552; baseline 0 -16"><span class='ocrx_word' id='word_1_272' title='bbox 464 2487 670 2546; x_wconf 88' lang='grc' dir='ltr'><em>πίστεως</em></span> <span class='ocrx_word' id='word_1_273' title='bbox 694 2480 748 2536; x_wconf 81' lang='grc' dir='ltr'>τὸ</span> <span class='ocrx_word' id='word_1_274' title='bbox 774 2487 967 2549; x_wconf 84' lang='grc' dir='ltr'><em>πνεῦμα</em></span> <span class='ocrx_word' id='word_1_275' title='bbox 1000 2487 1090 2535; x_wconf 90' lang='grc' dir='ltr'><em>τοῦ</em></span> <span class='ocrx_word' id='word_1_276' title='bbox 1123 2486 1341 2552; x_wconf 84' lang='grc' dir='ltr'><em>Χριστοῦ</em></span> <span class='ocrx_word' id='word_1_277' title='bbox 1372 2487 1427 2518; x_wconf 81' lang='lat'><em>¹4</em></span> <span class='ocrx_word' id='word_1_278' title='bbox 1447 2485 1680 2536; x_wconf 84' lang='grc' dir='ltr'><em>δίδοσθαι</em></span> <span class='ocrx_word' id='word_1_279' title='bbox 1707 2490 1810 2545; x_wconf 89' lang='grc' dir='ltr'><em>τοῖς</em></span> <span class='ocrx_word' id='word_1_280' title='bbox 1839 2484 2145 2551; x_wconf 80' lang='grc' dir='ltr'><em>σωζομένοις.</em></span> <span class='ocrx_word' id='word_1_281' title='bbox 2228 2489 2282 2521; x_wconf 78' lang='lat'><em>1³</em></span> <span class='ocrx_word' id='word_1_282' title='bbox 2305 2488 2401 2537; x_wconf 88' lang='grc' dir='ltr'><em>Πί-</em></span> 
     </span>
     <span class='ocr_line' id='line_1_27' title="bbox 463 2565 2402 2639; baseline 0.001 -18"><span class='ocrx_word' id='word_1_283' title='bbox 463 2586 566 2630; x_wconf 90' lang='grc' dir='ltr'><em>στις</em></span> <span class='ocrx_word' id='word_1_284' title='bbox 595 2569 648 2621; x_wconf 85' lang='grc' dir='ltr'><em>δὲ</em></span> <span class='ocrx_word' id='word_1_285' title='bbox 671 2566 705 2635; x_wconf 78' lang='grc' dir='ltr'><em>ἦ</em></span> <span class='ocrx_word' id='word_1_286' title='bbox 734 2568 957 2622; x_wconf 89' lang='grc' dir='ltr'><em>καθόλου</em></span> <span class='ocrx_word' id='word_1_287' title='bbox 983 2566 1216 2637; x_wconf 87' lang='grc' dir='ltr'><em>κηρύκων</em></span> <span class='ocrx_word' id='word_1_288' title='bbox 1260 2572 1525 2634; x_wconf 77' lang='grc' dir='ltr'><em>16φωναῖς</em></span> <span class='ocrx_word' id='word_1_289' title='bbox 1556 2566 1679 2636; x_wconf 78' lang='grc' dir='ltr'><em>αῦτη</em></span> <span class='ocrx_word' id='word_1_290' title='bbox 1716 2571 2025 2636; x_wconf 88' lang='grc' dir='ltr'><em>σημαίνεται,</em></span> <span class='ocrx_word' id='word_1_291' title='bbox 2076 2565 2144 2630; x_wconf 68' lang='grc' dir='ltr'><em>αἷς</em></span> <span class='ocrx_word' id='word_1_292' title='bbox 2177 2570 2402 2639; x_wconf 74' lang='grc' dir='ltr'><em>17ἔγωγε</em></span> 
     </span>
     <span class='ocr_line' id='line_1_28' title="bbox 465 2651 2403 2724; baseline -0.001 -16"><span class='ocrx_word' id='word_1_293' title='bbox 465 2651 606 2722; x_wconf 81' lang='grc' dir='ltr'><em>οἶμαι</em></span> <span class='ocrx_word' id='word_1_294' title='bbox 629 2651 991 2722; x_wconf 84' lang='grc' dir='ltr'><em>κατηχούμενος</em></span> <span class='ocrx_word' id='word_1_295' title='bbox 1018 2655 1072 2706; x_wconf 85' lang='grc' dir='ltr'><em>έκ</em></span> <span class='ocrx_word' id='word_1_296' title='bbox 1095 2658 1326 2724; x_wconf 78' lang='grc' dir='ltr'><em>γραφῶν,</em></span> <span class='ocrx_word' id='word_1_297' title='bbox 1364 2656 1474 2723; x_wconf 87' lang='grc' dir='ltr'><em>τρία</em></span> <span class='ocrx_word' id='word_1_298' title='bbox 1496 2652 1628 2724; x_wconf 74' lang='grc' dir='ltr'><em>ἅγια,</em></span> <span class='ocrx_word' id='word_1_299' title='bbox 1669 2657 1779 2723; x_wconf 91' lang='grc' dir='ltr'><em>τρία</em></span> <span class='ocrx_word' id='word_1_300' title='bbox 1804 2652 2039 2724; x_wconf 82' lang='grc' dir='ltr'><em>συνάγια,</em></span> <span class='ocrx_word' id='word_1_301' title='bbox 2078 2657 2187 2724; x_wconf 92' lang='grc' dir='ltr'><em>τρία</em></span> <span class='ocrx_word' id='word_1_302' title='bbox 2223 2660 2239 2691; x_wconf 86' lang='lat'>¹</span> <span class='ocrx_word' id='word_1_303' title='bbox 2255 2660 2279 2692; x_wconf 78' lang='lat'><strong>⁸</strong></span> <span class='ocrx_word' id='word_1_304' title='bbox 2297 2652 2403 2707; x_wconf 78' lang='grc' dir='ltr'><em>ἐνύ-</em></span> 
     </span>
     <span class='ocr_line' id='line_1_29' title="bbox 464 2737 2401 2811; baseline -0.001 -18"><span class='ocrx_word' id='word_1_305' title='bbox 464 2762 684 2811; x_wconf 89' lang='grc' dir='ltr'><em>παρκτα,</em></span> <span class='ocrx_word' id='word_1_306' title='bbox 721 2742 831 2809; x_wconf 91' lang='grc' dir='ltr'><em>τρία</em></span> <span class='ocrx_word' id='word_1_307' title='bbox 854 2737 1201 2808; x_wconf 88' lang='grc' dir='ltr'><em>συνύπαρκτα,</em></span> <span class='ocrx_word' id='word_1_308' title='bbox 1239 2741 1349 2808; x_wconf 91' lang='grc' dir='ltr'><em>τρία</em></span> <span class='ocrx_word' id='word_1_309' title='bbox 1375 2740 1636 2810; x_wconf 78' lang='grc' dir='ltr'><em>ἔμμορφα,</em></span> <span class='ocrx_word' id='word_1_310' title='bbox 1676 2743 1787 2811; x_wconf 91' lang='grc' dir='ltr'><em>τρία</em></span> <span class='ocrx_word' id='word_1_311' title='bbox 1813 2739 2101 2808; x_wconf 88' lang='grc' dir='ltr'><em>σύμμορφα,</em></span> <span class='ocrx_word' id='word_1_312' title='bbox 2138 2741 2248 2809; x_wconf 88' lang='grc' dir='ltr'><em>τρία</em></span> <span class='ocrx_word' id='word_1_313' title='bbox 2272 2741 2401 2809; x_wconf 80' lang='grc' dir='ltr'><em>ἐνερ-</em></span> 
     </span>
     <span class='ocr_line' id='line_1_30' title="bbox 461 2822 2404 2896; baseline 0 -18"><span class='ocrx_word' id='word_1_314' title='bbox 461 2824 551 2896; x_wconf 80' lang='grc' dir='ltr'><em>γά,</em></span> <span class='ocrx_word' id='word_1_315' title='bbox 601 2828 712 2894; x_wconf 87' lang='grc' dir='ltr'><em>τρία</em></span> <span class='ocrx_word' id='word_1_316' title='bbox 752 2823 986 2894; x_wconf 78' lang='grc' dir='ltr'><em>συνεργοὶ,</em></span> <span class='ocrx_word' id='word_1_317' title='bbox 1044 2827 1154 2894; x_wconf 90' lang='grc' dir='ltr'><em>τρία</em></span> <span class='ocrx_word' id='word_1_318' title='bbox 1194 2823 1522 2890; x_wconf 84' lang='grc' dir='ltr'><em>ἐνυπόστατα,</em></span> <span class='ocrx_word' id='word_1_319' title='bbox 1584 2831 1636 2863; x_wconf 81' lang='lat'><em>¹⁹</em></span> <span class='ocrx_word' id='word_1_320' title='bbox 1656 2829 1763 2896; x_wconf 90' lang='grc' dir='ltr'><em>τρία</em></span> <span class='ocrx_word' id='word_1_321' title='bbox 1800 2822 2141 2878; x_wconf 89' lang='grc' dir='ltr'><em>συνυπόστατα</em></span> <span class='ocrx_word' id='word_1_322' title='bbox 2177 2822 2404 2892; x_wconf 83' lang='grc' dir='ltr'><em>ἀλλήλοις</em></span> 
     </span>
     <span class='ocr_line' id='line_1_31' title="bbox 464 2906 2401 2982; baseline -0.001 -19"><span class='ocrx_word' id='word_1_323' title='bbox 464 2909 688 2965; x_wconf 89' lang='grc' dir='ltr'><em>συνόντα.</em></span> <span class='ocrx_word' id='word_1_324' title='bbox 772 2908 920 2980; x_wconf 77' lang='grc' dir='ltr'><em>Τριοὶς</em></span> <span class='ocrx_word' id='word_1_325' title='bbox 964 2908 1087 2977; x_wconf 77' lang='grc' dir='ltr'><em>αῦτη</em></span> <span class='ocrx_word' id='word_1_326' title='bbox 1124 2906 1315 2979; x_wconf 71' lang='grc' dir='ltr'><em>20ὀῖγία</em></span> <span class='ocrx_word' id='word_1_327' title='bbox 1349 2916 1592 2976; x_wconf 90' lang='grc' dir='ltr'><em>καλεῖται,</em></span> <span class='ocrx_word' id='word_1_328' title='bbox 1650 2915 1759 2982; x_wconf 88' lang='grc' dir='ltr'><em>τρία</em></span> <span class='ocrx_word' id='word_1_329' title='bbox 1796 2908 1946 2975; x_wconf 79' lang='grc' dir='ltr'><em>ὅντα,</em></span> <span class='ocrx_word' id='word_1_330' title='bbox 1997 2912 2083 2978; x_wconf 90' lang='grc' dir='ltr'><em>μία</em></span> <span class='ocrx_word' id='word_1_331' title='bbox 2120 2912 2401 2977; x_wconf 87' lang='grc' dir='ltr'><em>συμφωνία,</em></span> 
     </span>
    </p>
   </div>
   <div class='ocr_carea' id='block_1_4' title="bbox 519 3046 2403 3108">
    <p class='ocr_par' dir='ltr' id='par_1_4' title="bbox 519 3046 2403 3108">
     <span class='ocr_line' id='line_1_32' title="bbox 519 3046 2403 3108; baseline 0 -12"><span class='ocrx_word' id='word_1_332' title='bbox 519 3053 586 3096; x_wconf 83' lang='lat'><em>26.</em></span> <span class='ocrx_word' id='word_1_333' title='bbox 618 3051 818 3108; x_wconf 70' lang='grc' dir='ltr'><em>ἐξήραναν</em></span> <span class='ocrx_word' id='word_1_334' title='bbox 850 3057 986 3096; x_wconf 81' lang='lat' dir='ltr'><strong><em>Ancor.</em></strong></span> <span class='ocrx_word' id='word_1_335' title='bbox 1017 3053 1269 3095; x_wconf 86' lang='lat' dir='ltr'><strong>resiccarunt</strong></span> <span class='ocrx_word' id='word_1_336' title='bbox 1294 3057 1406 3096; x_wconf 74' lang='lat' dir='ltr'><strong><em>vertit</em></strong></span> <span class='ocrx_word' id='word_1_337' title='bbox 1462 3054 1499 3098; x_wconf 86' lang='grc' dir='ltr'><em>εἰ</em></span> <span class='ocrx_word' id='word_1_338' title='bbox 1522 3059 1625 3107; x_wconf 84' lang='lat' dir='ltr'><strong><em>quod</em></strong></span> <span class='ocrx_word' id='word_1_339' title='bbox 1651 3058 1769 3108; x_wconf 84' lang='lat' dir='ltr'><strong><em>vu190</em></strong></span> <span class='ocrx_word' id='word_1_340' title='bbox 1799 3058 1937 3107; x_wconf 73' lang='lat' dir='ltr'><strong><em>leyitur</em></strong></span> <span class='ocrx_word' id='word_1_341' title='bbox 1970 3056 2118 3096; x_wconf 81' lang='lat' dir='ltr'><strong><em>restitui</em></strong></span> <span class='ocrx_word' id='word_1_342' title='bbox 2145 3046 2176 3107; x_wconf 65' lang='grc' dir='ltr'>ἦ</span> <span class='ocrx_word' id='word_1_343' title='bbox 2207 3066 2255 3094; x_wconf 78' lang='lat' dir='ltr'><em>ex</em></span> <span class='ocrx_word' id='word_1_344' title='bbox 2279 3055 2403 3096; x_wconf 78' lang='lat' dir='ltr'><strong><em>Anco-</em></strong></span> 
     </span>
    </p>
   </div>
   <div class='ocr_carea' id='block_1_5' title="bbox 462 3111 2403 3778">
    <p class='ocr_par' dir='ltr' id='par_1_5' title="bbox 462 3111 2403 3778">
     <span class='ocr_line' id='line_1_33' title="bbox 462 3111 2403 3154; baseline -0.001 0"><span class='ocrx_word' id='word_1_345' title='bbox 462 3116 579 3154; x_wconf 77' lang='lat' dir='ltr'><strong><em>etiam</em></strong></span> <span class='ocrx_word' id='word_1_346' title='bbox 611 3114 834 3153; x_wconf 76' lang='lat' dir='ltr'><strong><em>Carnarius.</em></strong></span> <span class='ocrx_word' id='word_1_347' title='bbox 1459 3117 1559 3153; x_wconf 84' lang='lat' dir='ltr'><strong><em>rato.</em></strong></span> <span class='ocrx_word' id='word_1_348' title='bbox 1616 3116 1749 3154; x_wconf 84' lang='lat' dir='ltr'><strong><em>Etiam</em></strong></span> <span class='ocrx_word' id='word_1_349' title='bbox 1790 3114 2023 3154; x_wconf 79' lang='lat' dir='ltr'><strong><em>Gomarium</em></strong></span> <span class='ocrx_word' id='word_1_350' title='bbox 2054 3111 2166 3151; x_wconf 81' lang='lat' dir='ltr'><strong><em>video</em></strong></span> <span class='ocrx_word' id='word_1_351' title='bbox 2205 3117 2276 3151; x_wconf 85' lang='lat' dir='ltr'><em>aut</em></span> <span class='ocrx_word' id='word_1_352' title='bbox 2313 3123 2403 3152; x_wconf 81' lang='lat' dir='ltr'><em>con-</em></span> 
     </span>
     <span class='ocr_line' id='line_1_34' title="bbox 517 3164 1628 3221; baseline -0.001 -11"><span class='ocrx_word' id='word_1_353' title='bbox 517 3168 584 3211; x_wconf 83' lang='lat'><em>27.</em></span> <span class='ocrx_word' id='word_1_354' title='bbox 617 3164 746 3211; x_wconf 69' lang='grc' dir='ltr'><em>αὐτοῦ</em></span> <span class='ocrx_word' id='word_1_355' title='bbox 774 3164 993 3221; x_wconf 69' lang='grc' dir='ltr'><em>ἁγιάζεται</em></span> <span class='ocrx_word' id='word_1_356' title='bbox 1021 3170 1158 3209; x_wconf 83' lang='lat' dir='ltr'><strong><em>Ancor.</em></strong></span> <span class='ocrx_word' id='word_1_357' title='bbox 1461 3173 1628 3211; x_wconf 85' lang='lat' dir='ltr'><strong><em>vertisse.</em></strong></span> 
     </span>
     <span class='ocr_line' id='line_1_35' title="bbox 517 3218 2403 3279; baseline 0.001 -14"><span class='ocrx_word' id='word_1_358' title='bbox 517 3225 584 3266; x_wconf 64' lang='lat'><em>28.</em></span> <span class='ocrx_word' id='word_1_359' title='bbox 630 3220 760 3267; x_wconf 64' lang='grc' dir='ltr'><em>αὐτοῦ</em></span> <span class='ocrx_word' id='word_1_360' title='bbox 802 3223 894 3279; x_wconf 87' lang='grc' dir='ltr'><em>ἰδίῳ</em></span> <span class='ocrx_word' id='word_1_361' title='bbox 934 3221 1079 3279; x_wconf 78' lang='grc' dir='ltr'><em>ἀνάγει</em></span> <span class='ocrx_word' id='word_1_362' title='bbox 1119 3226 1256 3265; x_wconf 81' lang='grc' dir='ltr'><em>Αηοον.</em></span> <span class='ocrx_word' id='word_1_363' title='bbox 1328 3228 1405 3267; x_wconf 87' lang='lat' dir='ltr'><em>Pro</em></span> <span class='ocrx_word' id='word_1_364' title='bbox 1519 3225 1558 3268; x_wconf 85' lang='lat'><em>3.</em></span> <span class='ocrx_word' id='word_1_365' title='bbox 1593 3229 1715 3268; x_wconf 82' lang='lat' dir='ltr'><strong><em>Verba</em></strong></span> <span class='ocrx_word' id='word_1_366' title='bbox 1738 3223 1786 3269; x_wconf 77' lang='grc' dir='ltr'><em>τὸ</em></span> <span class='ocrx_word' id='word_1_367' title='bbox 1816 3222 1898 3279; x_wconf 80' lang='grc' dir='ltr'><em>γὰρ</em></span> <span class='ocrx_word' id='word_1_368' title='bbox 1927 3222 1968 3266; x_wconf 79' lang='grc' dir='ltr'><em>ἐν</em></span> <span class='ocrx_word' id='word_1_369' title='bbox 1997 3218 2134 3279; x_wconf 62' lang='grc' dir='ltr'><em>αὐτῇ,</em></span> <span class='ocrx_word' id='word_1_370' title='bbox 2177 3221 2313 3278; x_wconf 76' lang='grc' dir='ltr'><em>φησὶ,</em></span> <span class='ocrx_word' id='word_1_371' title='bbox 2354 3221 2403 3266; x_wconf 80' lang='grc' dir='ltr'><em>ἐκ</em></span> 
     </span>
     <span class='ocr_line' id='line_1_36' title="bbox 462 3277 2089 3337; baseline -0.004 -11"><span class='ocrx_word' id='word_1_372' title='bbox 462 3277 588 3337; x_wconf 78' lang='grc' dir='ltr'><em>ἀϊδίῳ</em></span> <span class='ocrx_word' id='word_1_373' title='bbox 617 3284 802 3322; x_wconf 84' lang='lat' dir='ltr'><strong><em>Petavius</em></strong></span> <span class='ocrx_word' id='word_1_374' title='bbox 828 3284 1049 3332; x_wconf 80' lang='lat' dir='ltr'><strong><em>suspicatus</em></strong></span> <span class='ocrx_word' id='word_1_375' title='bbox 1076 3286 1130 3322; x_wconf 83' lang='lat' dir='ltr'><em>est</em></span> <span class='ocrx_word' id='word_1_376' title='bbox 1158 3277 1281 3336; x_wconf 84' lang='grc' dir='ltr'><em>οἱγίῳ.</em></span> <span class='ocrx_word' id='word_1_377' title='bbox 1462 3297 1524 3325; x_wconf 81' lang='grc' dir='ltr'><em>πν.</em></span> <span class='ocrx_word' id='word_1_378' title='bbox 1555 3278 1676 3337; x_wconf 83' lang='grc' dir='ltr'><em>οἱγίου</em></span> <span class='ocrx_word' id='word_1_379' title='bbox 1705 3285 1845 3322; x_wconf 75' lang='lat' dir='ltr'><strong><em>absunt</em></strong></span> <span class='ocrx_word' id='word_1_380' title='bbox 1872 3284 1922 3321; x_wconf 89' lang='lat' dir='ltr'><em>ab</em></span> <span class='ocrx_word' id='word_1_381' title='bbox 1951 3284 2089 3321; x_wconf 80' lang='lat' dir='ltr'><strong><em>Ancor.</em></strong></span> 
     </span>
     <span class='ocr_line' id='line_1_37' title="bbox 519 3329 2402 3395; baseline 0 -16"><span class='ocrx_word' id='word_1_382' title='bbox 519 3339 586 3380; x_wconf 84' lang='lat'><em>29.</em></span> <span class='ocrx_word' id='word_1_383' title='bbox 618 3329 688 3381; x_wconf 71' lang='grc' dir='ltr'><em>οὖν</em></span> <span class='ocrx_word' id='word_1_384' title='bbox 720 3342 859 3378; x_wconf 84' lang='lat' dir='ltr'><strong><em>Ancor.</em></strong></span> <span class='ocrx_word' id='word_1_385' title='bbox 1519 3340 1560 3380; x_wconf 76' lang='lat'><em>4.</em></span> <span class='ocrx_word' id='word_1_386' title='bbox 1593 3341 1740 3382; x_wconf 79' lang='grc' dir='ltr'><em>συνιῶν</em></span> <span class='ocrx_word' id='word_1_387' title='bbox 1770 3338 1831 3395; x_wconf 78' lang='grc' dir='ltr'><em>τῷ</em></span> <span class='ocrx_word' id='word_1_388' title='bbox 1859 3336 2119 3394; x_wconf 81' lang='grc' dir='ltr'><em>λυτρουμένῳ</em></span> <span class='ocrx_word' id='word_1_389' title='bbox 2156 3350 2210 3391; x_wconf 83' lang='grc' dir='ltr'><em>με</em></span> <span class='ocrx_word' id='word_1_390' title='bbox 2237 3349 2402 3391; x_wconf 85' lang='grc' dir='ltr'><em>μυστη-</em></span> 
     </span>
     <span class='ocr_line' id='line_1_38' title="bbox 522 3391 1710 3452; baseline 0 -17"><span class='ocrx_word' id='word_1_391' title='bbox 522 3394 585 3436; x_wconf 63' lang='lat'><em>30.</em></span> <span class='ocrx_word' id='word_1_392' title='bbox 617 3391 677 3449; x_wconf 71' lang='grc' dir='ltr'><em>μὴ</em></span> <span class='ocrx_word' id='word_1_393' title='bbox 707 3407 785 3435; x_wconf 81' lang='lat' dir='ltr'><em>non</em></span> <span class='ocrx_word' id='word_1_394' title='bbox 814 3397 989 3446; x_wconf 72' lang='lat' dir='ltr'><strong><em>aynoscit</em></strong></span> <span class='ocrx_word' id='word_1_395' title='bbox 1017 3396 1156 3436; x_wconf 81' lang='lat' dir='ltr'><strong><em>Ancor.</em></strong></span> <span class='ocrx_word' id='word_1_396' title='bbox 1466 3395 1542 3452; x_wconf 82' lang='grc' dir='ltr'><em>ρίῳ</em></span> <span class='ocrx_word' id='word_1_397' title='bbox 1573 3402 1710 3437; x_wconf 81' lang='lat' dir='ltr'><strong><em>Ancor.</em></strong></span> 
     </span>
     <span class='ocr_line' id='line_1_39' title="bbox 527 3446 2051 3507; baseline -0.001 -15"><span class='ocrx_word' id='word_1_398' title='bbox 527 3451 588 3492; x_wconf 76' lang='lat'><em>51.</em></span> <span class='ocrx_word' id='word_1_399' title='bbox 618 3446 783 3493; x_wconf 57' lang='grc' dir='ltr'><em>ἀθετεῖν</em></span> <span class='ocrx_word' id='word_1_400' title='bbox 813 3455 950 3492; x_wconf 81' lang='lat' dir='ltr'><strong><em>Ancor.</em></strong></span> <span class='ocrx_word' id='word_1_401' title='bbox 1521 3453 1560 3494; x_wconf 84' lang='lat'><em>5.</em></span> <span class='ocrx_word' id='word_1_402' title='bbox 1589 3453 1644 3507; x_wconf 82' lang='grc' dir='ltr'><em>τῇ</em></span> <span class='ocrx_word' id='word_1_403' title='bbox 1669 3464 1746 3492; x_wconf 81' lang='lat' dir='ltr'><em>non</em></span> <span class='ocrx_word' id='word_1_404' title='bbox 1774 3453 1887 3492; x_wconf 78' lang='lat' dir='ltr'><strong><em>habet</em></strong></span> <span class='ocrx_word' id='word_1_405' title='bbox 1914 3452 2051 3492; x_wconf 84' lang='lat' dir='ltr'><strong><em>Ancor.</em></strong></span> 
     </span>
     <span class='ocr_line' id='line_1_40' title="bbox 519 3501 1813 3563; baseline 0 -16"><span class='ocrx_word' id='word_1_406' title='bbox 519 3507 584 3547; x_wconf 80' lang='lat'><em>32.</em></span> <span class='ocrx_word' id='word_1_407' title='bbox 630 3502 889 3563; x_wconf 74' lang='grc' dir='ltr'><em>ὀχυρώματα</em></span> <span class='ocrx_word' id='word_1_408' title='bbox 930 3501 1031 3550; x_wconf 75' lang='grc' dir='ltr'><em>ὅντα</em></span> <span class='ocrx_word' id='word_1_409' title='bbox 1071 3507 1151 3561; x_wconf 81' lang='grc' dir='ltr'><em>τῆς</em></span> <span class='ocrx_word' id='word_1_410' title='bbox 1190 3504 1290 3563; x_wconf 83' lang='grc' dir='ltr'><em>οἱμ.,</em></span> <span class='ocrx_word' id='word_1_411' title='bbox 1342 3523 1406 3552; x_wconf 79' lang='grc' dir='ltr'><em>νε-</em></span> <span class='ocrx_word' id='word_1_412' title='bbox 1519 3508 1559 3550; x_wconf 88' lang='grc'><em>6.</em></span> <span class='ocrx_word' id='word_1_413' title='bbox 1593 3522 1646 3562; x_wconf 87' lang='grc' dir='ltr'><em>με</em></span> <span class='ocrx_word' id='word_1_414' title='bbox 1675 3510 1813 3548; x_wconf 83' lang='lat' dir='ltr'><strong><em>Ancor.</em></strong></span> 
     </span>
     <span class='ocr_line' id='line_1_41' title="bbox 465 3561 1945 3617; baseline -0.003 -9"><span class='ocrx_word' id='word_1_415' title='bbox 465 3563 587 3617; x_wconf 75' lang='grc' dir='ltr'><em>κροῦν</em></span> <span class='ocrx_word' id='word_1_416' title='bbox 620 3561 668 3606; x_wconf 77' lang='grc' dir='ltr'><em>δὲ</em></span> <span class='ocrx_word' id='word_1_417' title='bbox 698 3567 834 3604; x_wconf 78' lang='lat' dir='ltr'><strong><em>Ancor·</em></strong></span> <span class='ocrx_word' id='word_1_418' title='bbox 1519 3565 1557 3608; x_wconf 88' lang='lat'><em>7.</em></span> <span class='ocrx_word' id='word_1_419' title='bbox 1589 3562 1775 3617; x_wconf 80' lang='grc' dir='ltr'><em>Χριστὸν</em></span> <span class='ocrx_word' id='word_1_420' title='bbox 1807 3567 1945 3605; x_wconf 80' lang='lat' dir='ltr'><strong><em>Ancor.</em></strong></span> 
     </span>
     <span class='ocr_line' id='line_1_42' title="bbox 520 3615 1883 3675; baseline 0.001 -17"><span class='ocrx_word' id='word_1_421' title='bbox 520 3618 589 3659; x_wconf 77' lang='lat'><em>33.</em></span> <span class='ocrx_word' id='word_1_422' title='bbox 622 3615 749 3662; x_wconf 69' lang='grc' dir='ltr'><em>αὐτοῦ</em></span> <span class='ocrx_word' id='word_1_423' title='bbox 778 3620 853 3661; x_wconf 71' lang='grc' dir='ltr'><em>οτη.</em></span> <span class='ocrx_word' id='word_1_424' title='bbox 883 3624 1021 3661; x_wconf 81' lang='lat' dir='ltr'><em>Ancor.</em></span> <span class='ocrx_word' id='word_1_425' title='bbox 1518 3623 1558 3665; x_wconf 84' lang='lat'><em>8.</em></span> <span class='ocrx_word' id='word_1_426' title='bbox 1587 3617 1719 3675; x_wconf 81' lang='grc' dir='ltr'><em>οἷγίοις</em></span> <span class='ocrx_word' id='word_1_427' title='bbox 1748 3623 1883 3661; x_wconf 83' lang='lat' dir='ltr'><strong><em>Ancor.</em></strong></span> 
     </span>
     <span class='ocr_line' id='line_1_43' title="bbox 521 3672 2145 3731; baseline 0.004 -18"><span class='ocrx_word' id='word_1_428' title='bbox 521 3675 618 3716; x_wconf 74' lang='lat' dir='ltr'>CAP.</span> <span class='ocrx_word' id='word_1_429' title='bbox 650 3677 718 3715; x_wconf 91' lang='lat' dir='ltr'><em>IV.</em></span> <span class='ocrx_word' id='word_1_430' title='bbox 745 3698 799 3706; x_wconf 87' lang='lat'><em>-—-</em></span> <span class='ocrx_word' id='word_1_431' title='bbox 844 3680 880 3717; x_wconf 84' lang='lat'><em>1.</em></span> <span class='ocrx_word' id='word_1_432' title='bbox 914 3672 1043 3719; x_wconf 68' lang='grc' dir='ltr'><em>αὐτοῦ</em></span> <span class='ocrx_word' id='word_1_433' title='bbox 1072 3691 1150 3719; x_wconf 82' lang='lat' dir='ltr'><em>non</em></span> <span class='ocrx_word' id='word_1_434' title='bbox 1177 3683 1230 3719; x_wconf 83' lang='lat' dir='ltr'><em>est</em></span> <span class='ocrx_word' id='word_1_435' title='bbox 1254 3681 1296 3720; x_wconf 78' lang='lat' dir='ltr'><em>in</em></span> <span class='ocrx_word' id='word_1_436' title='bbox 1325 3682 1404 3721; x_wconf 83' lang='lat' dir='ltr'><em>An·</em></span> <span class='ocrx_word' id='word_1_437' title='bbox 1518 3679 1557 3721; x_wconf 84' lang='lat'><em>9.</em></span> <span class='ocrx_word' id='word_1_438' title='bbox 1590 3676 1632 3721; x_wconf 79' lang='grc' dir='ltr'><em>ἐν</em></span> <span class='ocrx_word' id='word_1_439' title='bbox 1662 3674 1710 3719; x_wconf 84' lang='grc' dir='ltr'><em>δὲ</em></span> <span class='ocrx_word' id='word_1_440' title='bbox 1745 3691 1809 3731; x_wconf 89' lang='grc' dir='ltr'><em>γρ.</em></span> <span class='ocrx_word' id='word_1_441' title='bbox 1839 3673 1981 3731; x_wconf 78' lang='grc' dir='ltr'><em>οἱγίαις</em></span> <span class='ocrx_word' id='word_1_442' title='bbox 2008 3680 2145 3721; x_wconf 82' lang='lat' dir='ltr'><strong><em>Ancor.</em></strong></span> 
     </span>
     <span class='ocr_line' id='line_1_44' title="bbox 465 3735 2400 3778; baseline 0 -3"><span class='ocrx_word' id='word_1_443' title='bbox 465 3746 543 3775; x_wconf 83' lang='lat' dir='ltr'><strong><em>cor.</em></strong></span> <span class='ocrx_word' id='word_1_444' title='bbox 1522 3735 1583 3776; x_wconf 88' lang='lat'><em>10.</em></span> <span class='ocrx_word' id='word_1_445' title='bbox 1627 3735 1687 3775; x_wconf 87' lang='lat' dir='ltr'><em>Ita</em></span> <span class='ocrx_word' id='word_1_446' title='bbox 1724 3736 1888 3775; x_wconf 77' lang='lat' dir='ltr'><strong><em>restituit</em></strong></span> <span class='ocrx_word' id='word_1_447' title='bbox 1926 3737 2061 3776; x_wconf 87' lang='lat' dir='ltr'><strong><em>Petav.</em></strong></span> <span class='ocrx_word' id='word_1_448' title='bbox 2106 3748 2157 3777; x_wconf 76' lang='lat' dir='ltr'><em>ex</em></span> <span class='ocrx_word' id='word_1_449' title='bbox 2197 3737 2400 3778; x_wconf 80' lang='lat' dir='ltr'><strong><em>Ancorato.</em></strong></span> 
     </span>
    </p>
   </div>
   <div class='ocr_carea' id='block_1_6' title="bbox 519 3783 1409 3845">
    <p class='ocr_par' dir='ltr' id='par_1_6' title="bbox 519 3783 1409 3845">
     <span class='ocr_line' id='line_1_45' title="bbox 519 3783 1409 3845; baseline 0.002 -14"><span class='ocrx_word' id='word_1_450' title='bbox 519 3789 560 3831; x_wconf 84' lang='lat'><em>2.</em></span> <span class='ocrx_word' id='word_1_451' title='bbox 582 3787 628 3831; x_wconf 69' lang='grc' dir='ltr'><em>,εἰ</em></span> <span class='ocrx_word' id='word_1_452' title='bbox 651 3783 943 3845; x_wconf 80' lang='grc' dir='ltr'><em>πόἷμφοτέρων</em></span> <span class='ocrx_word' id='word_1_453' title='bbox 986 3793 1069 3832; x_wconf 82' lang='lat' dir='ltr'><em>cod.</em></span> <span class='ocrx_word' id='word_1_454' title='bbox 1108 3793 1270 3845; x_wconf 73' lang='lat' dir='ltr'><strong><em>Rhediy.</em></strong></span> <span class='ocrx_word' id='word_1_455' title='bbox 1330 3795 1409 3835; x_wconf 89' lang='lat' dir='ltr'><em>Pro</em></span> 
     </span>
    </p>
   </div>
  </div>
 </body>
</html>
