<?xml version="1.0" encoding="UTF-8"?>
<!DOCTYPE html PUBLIC "-//W3C//DTD XHTML 1.0 Transitional//EN"
    "http://www.w3.org/TR/xhtml1/DTD/xhtml1-transitional.dtd">
<html xmlns="http://www.w3.org/1999/xhtml" xml:lang="en" lang="en">
 <head>
  <title>
</title>
<meta http-equiv="Content-Type" content="text/html;charset=utf-8" />
  <meta name='ocr-system' content='tesseract 3.04.00' />
  <meta name='ocr-capabilities' content='ocr_page ocr_carea ocr_par ocr_line ocrx_word'/>
</head>
<body>
  <div class='ocr_page' id='page_1' title='image "./pt3corporishaere02epipuoft/pt3corporishaere02epipuoft_0525.png"; bbox 0 0 2508 4134; ppageno 0'>
   <div class='ocr_carea' id='block_1_1' title="bbox 388 335 1997 402">
    <p class='ocr_par' dir='ltr' id='par_1_1' title="bbox 388 335 1997 402">
     <span class='ocr_line' id='line_1_1' title="bbox 388 335 1997 402; baseline -0.006 -9"><span class='ocrx_word' id='word_1_1' title='bbox 388 349 611 393; x_wconf 76' lang='lat' dir='ltr'><strong>PANARn</strong></span> <span class='ocrx_word' id='word_1_2' title='bbox 641 347 746 390; x_wconf 80' lang='lat' dir='ltr'><strong>Lm.</strong></span> <span class='ocrx_word' id='word_1_3' title='bbox 769 348 842 389; x_wconf 90' lang='lat'><strong>111.</strong></span> <span class='ocrx_word' id='word_1_4' title='bbox 873 348 1008 390; x_wconf 85' lang='lat' dir='ltr'><strong>ToM.</strong></span> <span class='ocrx_word' id='word_1_5' title='bbox 1035 349 1085 387; x_wconf 87' lang='lat'><strong>11.</strong></span> <span class='ocrx_word' id='word_1_6' title='bbox 1115 347 1304 388; x_wconf 64' lang='lat' dir='ltr'><strong>expos,</strong></span> <span class='ocrx_word' id='word_1_7' title='bbox 1335 348 1439 388; x_wconf 71' lang='grc' dir='ltr'>ΕΠ).</span> <span class='ocrx_word' id='word_1_8' title='bbox 1476 347 1710 402; x_wconf 66' lang='grc' dir='ltr'><strong>οΑΤῌοι.</strong></span> <span class='ocrx_word' id='word_1_9' title='bbox 1899 335 1997 384; x_wconf 87' lang='grc'><strong>515</strong></span> 
     </span>
    </p>
   </div>
   <div class='ocr_carea' id='block_1_2' title="bbox 105 442 2287 3541">
    <p class='ocr_par' dir='ltr' id='par_1_2' title="bbox 106 442 2001 518">
     <span class='ocr_line' id='line_1_2' title="bbox 106 442 2001 518; baseline -0.004 -18"><span class='ocrx_word' id='word_1_10' title='bbox 106 459 155 501; x_wconf 93' lang='lat' dir='ltr'><strong>et</strong></span> <span class='ocrx_word' id='word_1_11' title='bbox 182 448 398 518; x_wconf 89' lang='lat' dir='ltr'><strong>spiritum</strong></span> <span class='ocrx_word' id='word_1_12' title='bbox 446 457 660 499; x_wconf 88' lang='lat' dir='ltr'><strong>sanctum</strong></span> <span class='ocrx_word' id='word_1_13' title='bbox 693 464 718 497; x_wconf 91' lang='lat' dir='ltr'><strong>a</strong></span> <span class='ocrx_word' id='word_1_14' title='bbox 755 454 888 515; x_wconf 89' lang='lat' dir='ltr'><strong>patre</strong></span> <span class='ocrx_word' id='word_1_15' title='bbox 932 445 1123 513; x_wconf 86' lang='lat' dir='ltr'><strong>filioque</strong></span> <span class='ocrx_word' id='word_1_16' title='bbox 1164 463 1258 495; x_wconf 92' lang='lat' dir='ltr'><strong>non</strong></span> <span class='ocrx_word' id='word_1_17' title='bbox 1293 446 1529 509; x_wconf 87' lang='lat' dir='ltr'><strong>alienum,</strong></span> <span class='ocrx_word' id='word_1_18' title='bbox 1587 443 1876 506; x_wconf 73' lang='lat' dir='ltr'><strong>trinitatem,</strong></span> <span class='ocrx_word' id='word_1_19' title='bbox 1927 442 2001 492; x_wconf 88' lang='lat' dir='ltr'><strong>in-</strong></span> 
     </span>
    </p>

    <p class='ocr_par' dir='ltr' id='par_1_3' title="bbox 106 527 2002 602">
     <span class='ocr_line' id='line_1_3' title="bbox 106 527 2002 602; baseline -0.004 -18"><span class='ocrx_word' id='word_1_20' title='bbox 106 550 242 602; x_wconf 90' lang='lat' dir='ltr'><strong>quam</strong></span> <span class='ocrx_word' id='word_1_21' title='bbox 257 541 277 597; x_wconf 76' lang='lat'><strong>‘‚</strong></span> <span class='ocrx_word' id='word_1_22' title='bbox 317 548 437 601; x_wconf 90' lang='lat' dir='ltr'><strong>quae</strong></span> <span class='ocrx_word' id='word_1_23' title='bbox 466 549 656 601; x_wconf 79' lang='lat' dir='ltr'><strong>semper</strong></span> <span class='ocrx_word' id='word_1_24' title='bbox 682 530 775 594; x_wconf 91' lang='lat' dir='ltr'><strong>sit,</strong></span> <span class='ocrx_word' id='word_1_25' title='bbox 817 547 972 597; x_wconf 90' lang='lat' dir='ltr'><strong>neque</strong></span> <span class='ocrx_word' id='word_1_26' title='bbox 997 529 1136 580; x_wconf 86' lang='lat' dir='ltr'><strong>ullius</strong></span> <span class='ocrx_word' id='word_1_27' title='bbox 1161 530 1456 579; x_wconf 83' lang='lat' dir='ltr'><strong>accessionis</strong></span> <span class='ocrx_word' id='word_1_28' title='bbox 1486 537 1645 596; x_wconf 88' lang='lat' dir='ltr'><strong>egeat,</strong></span> <span class='ocrx_word' id='word_1_29' title='bbox 1689 544 1843 594; x_wconf 89' lang='lat' dir='ltr'><strong>neque</strong></span> <span class='ocrx_word' id='word_1_30' title='bbox 1870 527 2002 594; x_wconf 86' lang='lat' dir='ltr'><strong>quic-</strong></span> 
     </span>
    </p>

    <p class='ocr_par' dir='ltr' id='par_1_4' title="bbox 105 612 1999 769">
     <span class='ocr_line' id='line_1_4' title="bbox 106 612 1997 684; baseline -0.004 -17"><span class='ocrx_word' id='word_1_31' title='bbox 106 634 245 684; x_wconf 90' lang='lat' dir='ltr'><strong>quam</strong></span> <span class='ocrx_word' id='word_1_32' title='bbox 297 616 345 666; x_wconf 90' lang='lat' dir='ltr'><strong>in</strong></span> <span class='ocrx_word' id='word_1_33' title='bbox 390 632 501 667; x_wconf 88' lang='lat' dir='ltr'><strong>sese</strong></span> <span class='ocrx_word' id='word_1_34' title='bbox 553 615 754 666; x_wconf 84' lang='lat' dir='ltr'><strong>inferius</strong></span> <span class='ocrx_word' id='word_1_35' title='bbox 795 614 996 676; x_wconf 86' lang='lat' dir='ltr'><strong>habeat,</strong></span> <span class='ocrx_word' id='word_1_36' title='bbox 1055 630 1272 681; x_wconf 89' lang='lat' dir='ltr'><strong>quaeque</strong></span> <span class='ocrx_word' id='word_1_37' title='bbox 1317 614 1372 663; x_wconf 82' lang='lat' dir='ltr'><strong>ad</strong></span> <span class='ocrx_word' id='word_1_38' title='bbox 1411 612 1703 679; x_wconf 79' lang='lat' dir='ltr'><strong>singularem</strong></span> <span class='ocrx_word' id='word_1_39' title='bbox 1747 612 1997 674; x_wconf 87' lang='lat' dir='ltr'><strong>unitatem,</strong></span> 
     </span>
     <span class='ocr_line' id='line_1_5' title="bbox 105 696 1999 769; baseline -0.004 -17"><span class='ocrx_word' id='word_1_40' title='bbox 105 702 391 769; x_wconf 88' lang='lat' dir='ltr'><strong>unicumque</strong></span> <span class='ocrx_word' id='word_1_41' title='bbox 418 700 491 750; x_wconf 89' lang='lat' dir='ltr'><strong>dei</strong></span> <span class='ocrx_word' id='word_1_42' title='bbox 519 717 573 750; x_wconf 89' lang='lat' dir='ltr'><strong>ac</strong></span> <span class='ocrx_word' id='word_1_43' title='bbox 605 699 752 767; x_wconf 89' lang='lat' dir='ltr'><strong>patris</strong></span> <span class='ocrx_word' id='word_1_44' title='bbox 794 696 1075 766; x_wconf 88' lang='lat' dir='ltr'><strong>principium</strong></span> <span class='ocrx_word' id='word_1_45' title='bbox 1119 698 1377 747; x_wconf 81' lang='lat' dir='ltr'><strong>referatur.</strong></span> <span class='ocrx_word' id='word_1_46' title='bbox 1455 696 1532 745; x_wconf 85' lang='lat' dir='ltr'><strong>Ab</strong></span> <span class='ocrx_word' id='word_1_47' title='bbox 1566 696 1731 746; x_wconf 85' lang='lat' dir='ltr'><strong>eadem</strong></span> <span class='ocrx_word' id='word_1_48' title='bbox 1768 696 1999 758; x_wconf 86' lang='lat' dir='ltr'><strong>trinitate,</strong></span> 
     </span>
    </p>

    <p class='ocr_par' dir='ltr' id='par_1_5' title="bbox 107 778 2001 854">
     <span class='ocr_line' id='line_1_6' title="bbox 107 778 2001 854; baseline -0.004 -19"><span class='ocrx_word' id='word_1_49' title='bbox 107 794 268 854; x_wconf 88' lang='lat' dir='ltr'><strong>patre,</strong></span> <span class='ocrx_word' id='word_1_50' title='bbox 324 784 420 834; x_wconf 88' lang='lat' dir='ltr'><strong>filio</strong></span> <span class='ocrx_word' id='word_1_51' title='bbox 466 791 515 834; x_wconf 92' lang='lat' dir='ltr'><strong>et</strong></span> <span class='ocrx_word' id='word_1_52' title='bbox 558 783 726 851; x_wconf 88' lang='lat' dir='ltr'><strong>spiritu</strong></span> <span class='ocrx_word' id='word_1_53' title='bbox 764 790 931 833; x_wconf 86' lang='lat' dir='ltr'><strong>sancto</strong></span> <span class='ocrx_word' id='word_1_54' title='bbox 976 789 1286 831; x_wconf 68' lang='lat' dir='ltr'><strong>creata&#39;esse</strong></span> <span class='ocrx_word' id='word_1_55' title='bbox 1331 789 1529 842; x_wconf 86' lang='lat' dir='ltr'><strong>cuncta,</strong></span> <span class='ocrx_word' id='word_1_56' title='bbox 1583 797 1703 846; x_wconf 89' lang='lat' dir='ltr'><strong>quae</strong></span> <span class='ocrx_word' id='word_1_57' title='bbox 1749 778 2001 846; x_wconf 87' lang='lat' dir='ltr'><strong>aliqnando</strong></span> 
     </span>
    </p>

    <p class='ocr_par' dir='ltr' id='par_1_6' title="bbox 109 863 2005 934">
     <span class='ocr_line' id='line_1_7' title="bbox 109 863 2005 934; baseline -0.004 -15"><span class='ocrx_word' id='word_1_58' title='bbox 109 886 203 919; x_wconf 89' lang='lat' dir='ltr'><strong>non</strong></span> <span class='ocrx_word' id='word_1_59' title='bbox 232 868 523 930; x_wconf 80' lang='lat' dir='ltr'><strong>extiterant,</strong></span> <span class='ocrx_word' id='word_1_60' title='bbox 580 883 733 934; x_wconf 89' lang='lat' dir='ltr'><strong>neque</strong></span> <span class='ocrx_word' id='word_1_61' title='bbox 763 883 870 916; x_wconf 90' lang='lat' dir='ltr'><strong>cum</strong></span> <span class='ocrx_word' id='word_1_62' title='bbox 911 865 999 916; x_wconf 90' lang='lat' dir='ltr'><strong>deo</strong></span> <span class='ocrx_word' id='word_1_63' title='bbox 1030 874 1169 927; x_wconf 88' lang='lat' dir='ltr'><strong>sunt,</strong></span> <span class='ocrx_word' id='word_1_64' title='bbox 1226 881 1315 914; x_wconf 91' lang='lat' dir='ltr'><strong>nec</strong></span> <span class='ocrx_word' id='word_1_65' title='bbox 1346 873 1456 914; x_wconf 90' lang='lat' dir='ltr'><strong>ante</strong></span> <span class='ocrx_word' id='word_1_66' title='bbox 1488 865 1704 926; x_wconf 82' lang='lat' dir='ltr'><strong>fuerant,</strong></span> <span class='ocrx_word' id='word_1_67' title='bbox 1758 863 1841 912; x_wconf 87' lang='lat' dir='ltr'><strong>sed</strong></span> <span class='ocrx_word' id='word_1_68' title='bbox 1875 880 1900 912; x_wconf 91' lang='lat' dir='ltr'><strong>e</strong></span> <span class='ocrx_word' id='word_1_69' title='bbox 1934 863 2005 912; x_wconf 91' lang='lat' dir='ltr'><strong>ni-</strong></span> 
     </span>
    </p>

    <p class='ocr_par' dir='ltr' id='par_1_7' title="bbox 108 947 2006 1020">
     <span class='ocr_line' id='line_1_8' title="bbox 108 947 2006 1020; baseline -0.004 -17"><span class='ocrx_word' id='word_1_70' title='bbox 108 952 205 1003; x_wconf 90' lang='lat' dir='ltr'><strong>hilo</strong></span> <span class='ocrx_word' id='word_1_71' title='bbox 233 950 406 1019; x_wconf 90' lang='lat' dir='ltr'><strong>aliquid</strong></span> <span class='ocrx_word' id='word_1_72' title='bbox 439 968 549 1001; x_wconf 90' lang='lat' dir='ltr'><strong>esse</strong></span> <span class='ocrx_word' id='word_1_73' title='bbox 580 958 868 1020; x_wconf 87' lang='lat' dir='ltr'><strong>coeperunt,</strong></span> <span class='ocrx_word' id='word_1_74' title='bbox 925 966 950 999; x_wconf 89' lang='lat' dir='ltr'><strong>a</strong></span> <span class='ocrx_word' id='word_1_75' title='bbox 978 957 1143 1017; x_wconf 85' lang='lat' dir='ltr'><strong>patre,</strong></span> <span class='ocrx_word' id='word_1_76' title='bbox 1189 948 1286 998; x_wconf 83' lang='lat' dir='ltr'><strong>filio</strong></span> <span class='ocrx_word' id='word_1_77' title='bbox 1329 957 1590 1014; x_wconf 88' lang='lat' dir='ltr'><strong>sanctoque</strong></span> <span class='ocrx_word' id='word_1_78' title='bbox 1630 947 1798 1014; x_wconf 88' lang='lat' dir='ltr'><strong>spiritu</strong></span> <span class='ocrx_word' id='word_1_79' title='bbox 1832 947 2006 1014; x_wconf 84' lang='lat' dir='ltr'><strong>produ·</strong></span> 
     </span>
    </p>

    <p class='ocr_par' dir='ltr' id='par_1_8' title="bbox 109 1029 2008 1103">
     <span class='ocr_line' id='line_1_9' title="bbox 109 1029 2008 1103; baseline -0.004 -17"><span class='ocrx_word' id='word_1_80' title='bbox 109 1044 204 1087; x_wconf 84' lang='lat' dir='ltr'><strong>cta.</strong></span> <span class='ocrx_word' id='word_1_81' title='bbox 282 1034 422 1085; x_wconf 89' lang='lat' dir='ltr'><strong>Hunc</strong></span> <span class='ocrx_word' id='word_1_82' title='bbox 446 1035 600 1103; x_wconf 89' lang='lat' dir='ltr'><strong>ipsum</strong></span> <span class='ocrx_word' id='word_1_83' title='bbox 629 1043 809 1103; x_wconf 91' lang='lat' dir='ltr'><strong>patrem</strong></span> <span class='ocrx_word' id='word_1_84' title='bbox 840 1043 887 1083; x_wconf 90' lang='lat' dir='ltr'><strong>et</strong></span> <span class='ocrx_word' id='word_1_85' title='bbox 916 1033 1058 1083; x_wconf 85' lang='lat' dir='ltr'><strong>filium</strong></span> <span class='ocrx_word' id='word_1_86' title='bbox 1088 1041 1136 1082; x_wconf 92' lang='lat' dir='ltr'><strong>et</strong></span> <span class='ocrx_word' id='word_1_87' title='bbox 1164 1031 1380 1099; x_wconf 89' lang='lat' dir='ltr'><strong>spiritum</strong></span> <span class='ocrx_word' id='word_1_88' title='bbox 1411 1039 1627 1081; x_wconf 89' lang='lat' dir='ltr'><strong>sanctum</strong></span> <span class='ocrx_word' id='word_1_89' title='bbox 1657 1030 1715 1079; x_wconf 91' lang='lat' dir='ltr'><strong>ab</strong></span> <span class='ocrx_word' id='word_1_90' title='bbox 1748 1029 1863 1079; x_wconf 91' lang='lat' dir='ltr'><strong>orbe</strong></span> <span class='ocrx_word' id='word_1_91' title='bbox 1893 1047 2008 1080; x_wconf 86' lang='lat' dir='ltr'><strong>con-</strong></span> 
     </span>
    </p>

    <p class='ocr_par' dir='ltr' id='par_1_9' title="bbox 110 1115 2006 1187">
     <span class='ocr_line' id='line_1_10' title="bbox 110 1115 2006 1187; baseline -0.003 -17"><span class='ocrx_word' id='word_1_92' title='bbox 110 1120 208 1170; x_wconf 90' lang='lat' dir='ltr'><strong>dito</strong></span> <span class='ocrx_word' id='word_1_93' title='bbox 244 1118 425 1170; x_wconf 90' lang='lat' dir='ltr'><strong>sanctis</strong></span> <span class='ocrx_word' id='word_1_94' title='bbox 456 1119 555 1170; x_wconf 90' lang='lat' dir='ltr'><strong>suis</strong></span> <span class='ocrx_word' id='word_1_95' title='bbox 588 1135 674 1187; x_wconf 90' lang='lat' dir='ltr'><strong>per</strong></span> <span class='ocrx_word' id='word_1_96' title='bbox 699 1118 853 1169; x_wconf 88' lang='lat' dir='ltr'><strong>visum</strong></span> <span class='ocrx_word' id='word_1_97' title='bbox 880 1117 1190 1186; x_wconf 85' lang='lat' dir='ltr'><strong>apparuisse,</strong></span> <span class='ocrx_word' id='word_1_98' title='bbox 1232 1124 1457 1183; x_wconf 88' lang='lat' dir='ltr'><strong>quantum</strong></span> <span class='ocrx_word' id='word_1_99' title='bbox 1491 1131 1664 1183; x_wconf 87' lang='lat' dir='ltr'><strong>capere</strong></span> <span class='ocrx_word' id='word_1_100' title='bbox 1695 1115 1895 1182; x_wconf 89' lang='lat' dir='ltr'><strong>quisque</strong></span> <span class='ocrx_word' id='word_1_101' title='bbox 1926 1133 2006 1182; x_wconf 89' lang='lat' dir='ltr'><strong>po-</strong></span> 
     </span>
    </p>

    <p class='ocr_par' dir='ltr' id='par_1_10' title="bbox 110 1199 2007 1271">
     <span class='ocr_line' id='line_1_11' title="bbox 110 1199 2007 1271; baseline -0.003 -18"><span class='ocrx_word' id='word_1_102' title='bbox 110 1212 260 1267; x_wconf 84' lang='lat' dir='ltr'><strong>terat,</strong></span> <span class='ocrx_word' id='word_1_103' title='bbox 314 1220 371 1254; x_wconf 91' lang='lat' dir='ltr'><strong>ac</strong></span> <span class='ocrx_word' id='word_1_104' title='bbox 400 1220 483 1271; x_wconf 87' lang='lat' dir='ltr'><strong>pro</strong></span> <span class='ocrx_word' id='word_1_105' title='bbox 516 1220 575 1253; x_wconf 92' lang='lat' dir='ltr'><strong>eo</strong></span> <span class='ocrx_word' id='word_1_106' title='bbox 603 1220 659 1253; x_wconf 90' lang='lat' dir='ltr'><strong>ac</strong></span> <span class='ocrx_word' id='word_1_107' title='bbox 691 1202 884 1252; x_wconf 88' lang='lat' dir='ltr'><strong>cuilibet</strong></span> <span class='ocrx_word' id='word_1_108' title='bbox 912 1202 1260 1252; x_wconf 85' lang='lat' dir='ltr'><strong>communicata</strong></span> <span class='ocrx_word' id='word_1_109' title='bbox 1290 1218 1375 1268; x_wconf 90' lang='lat' dir='ltr'><strong>per</strong></span> <span class='ocrx_word' id='word_1_110' title='bbox 1404 1199 1700 1250; x_wconf 83' lang='lat' dir='ltr'><strong>divinitatem</strong></span> <span class='ocrx_word' id='word_1_111' title='bbox 1729 1199 1885 1265; x_wconf 86' lang='lat' dir='ltr'><strong>gratia</strong></span> <span class='ocrx_word' id='word_1_112' title='bbox 1914 1208 2007 1261; x_wconf 84' lang='lat' dir='ltr'><strong>est,</strong></span> 
     </span>
    </p>

    <p class='ocr_par' dir='ltr' id='par_1_11' title="bbox 109 1282 2016 1440">
     <span class='ocr_line' id='line_1_12' title="bbox 109 1282 2010 1356; baseline -0.003 -18"><span class='ocrx_word' id='word_1_113' title='bbox 109 1305 248 1356; x_wconf 90' lang='lat' dir='ltr'><strong>quam</strong></span> <span class='ocrx_word' id='word_1_114' title='bbox 292 1287 352 1339; x_wconf 86' lang='lat' dir='ltr'><strong>iis</strong></span> <span class='ocrx_word' id='word_1_115' title='bbox 399 1287 618 1338; x_wconf 89' lang='lat' dir='ltr'><strong>omnibus</strong></span> <span class='ocrx_word' id='word_1_116' title='bbox 667 1287 744 1354; x_wconf 92' lang='lat' dir='ltr'><strong>qui</strong></span> <span class='ocrx_word' id='word_1_117' title='bbox 791 1285 1100 1336; x_wconf 89' lang='lat' dir='ltr'><strong>merebantur</strong></span> <span class='ocrx_word' id='word_1_118' title='bbox 1144 1284 1391 1353; x_wconf 86' lang='lat' dir='ltr'><strong>impertiit.</strong></span> <span class='ocrx_word' id='word_1_119' title='bbox 1485 1282 1558 1334; x_wconf 89' lang='lat' dir='ltr'><strong>lta</strong></span> <span class='ocrx_word' id='word_1_120' title='bbox 1602 1284 1749 1352; x_wconf 89' lang='lat' dir='ltr'><strong>patris</strong></span> <span class='ocrx_word' id='word_1_121' title='bbox 1790 1292 2010 1352; x_wconf 90' lang='lat' dir='ltr'><strong>aspectus</strong></span> 
     </span>
     <span class='ocr_line' id='line_1_13' title="bbox 112 1368 2016 1440; baseline -0.002 -18"><span class='ocrx_word' id='word_1_122' title='bbox 112 1371 369 1439; x_wconf 91' lang='lat' dir='ltr'><strong>unicuique</strong></span> <span class='ocrx_word' id='word_1_123' title='bbox 398 1371 663 1440; x_wconf 90' lang='lat' dir='ltr'><strong>permissus</strong></span> <span class='ocrx_word' id='word_1_124' title='bbox 691 1378 792 1433; x_wconf 90' lang='lat' dir='ltr'><strong>est,</strong></span> <span class='ocrx_word' id='word_1_125' title='bbox 849 1379 1076 1438; x_wconf 87' lang='lat' dir='ltr'><strong>quantum</strong></span> <span class='ocrx_word' id='word_1_126' title='bbox 1102 1387 1270 1419; x_wconf 88' lang='lat' dir='ltr'><strong>vocem</strong></span> <span class='ocrx_word' id='word_1_127' title='bbox 1298 1369 1423 1419; x_wconf 92' lang='lat' dir='ltr'><strong>illius</strong></span> <span class='ocrx_word' id='word_1_128' title='bbox 1454 1368 1646 1428; x_wconf 88' lang='lat' dir='ltr'><strong>audire,</strong></span> <span class='ocrx_word' id='word_1_129' title='bbox 1688 1386 1744 1417; x_wconf 79' lang='lat' dir='ltr'><strong>ac</strong></span> <span class='ocrx_word' id='word_1_130' title='bbox 1771 1376 1909 1435; x_wconf 86' lang='lat' dir='ltr'><strong>prout</strong></span> <span class='ocrx_word' id='word_1_131' title='bbox 1938 1384 2016 1418; x_wconf 85' lang='lat' dir='ltr'><strong>ca-</strong></span> 
     </span>
    </p>

    <p class='ocr_par' dir='ltr' id='par_1_12' title="bbox 111 1453 2265 1690">
     <span class='ocr_line' id='line_1_14' title="bbox 112 1453 2265 1524; baseline -0.005 -18"><span class='ocrx_word' id='word_1_132' title='bbox 112 1472 225 1524; x_wconf 90' lang='lat' dir='ltr'><strong>pere</strong></span> <span class='ocrx_word' id='word_1_133' title='bbox 256 1464 462 1524; x_wconf 89' lang='lat' dir='ltr'><strong>poterat.</strong></span> <span class='ocrx_word' id='word_1_134' title='bbox 539 1453 602 1506; x_wconf 91' lang='lat' dir='ltr'><strong>Ut</strong></span> <span class='ocrx_word' id='word_1_135' title='bbox 632 1471 736 1504; x_wconf 91' lang='lat' dir='ltr'><strong>cum</strong></span> <span class='ocrx_word' id='word_1_136' title='bbox 772 1471 858 1523; x_wconf 88' lang='lat' dir='ltr'><strong>per</strong></span> <span class='ocrx_word' id='word_1_137' title='bbox 893 1453 1067 1504; x_wconf 84' lang='lat' dir='ltr'><strong>lsaiam</strong></span> <span class='ocrx_word' id='word_1_138' title='bbox 1105 1453 1171 1504; x_wconf 86' lang='lat' dir='ltr'><strong>ita</strong></span> <span class='ocrx_word' id='word_1_139' title='bbox 1199 1453 1435 1520; x_wconf 89' lang='lat' dir='ltr'><strong>loquitur,</strong></span> <span class='ocrx_word' id='word_1_140' title='bbox 1485 1456 1609 1501; x_wconf 82' lang='lat' dir='ltr'><strong>Ecce</strong></span> <span class='ocrx_word' id='word_1_141' title='bbox 1639 1454 1872 1515; x_wconf 79' lang='lat' dir='ltr'><strong>intelliget</strong></span> <span class='ocrx_word' id='word_1_142' title='bbox 1889 1470 2009 1516; x_wconf 78' lang='lat' dir='ltr'><strong>puer</strong></span> <span class='ocrx_word' id='word_1_143' title='bbox 2029 1463 2265 1506; x_wconf 74' lang='lat' dir='ltr'><strong>Esai.52‚13.</strong></span> 
     </span>
     <span class='ocr_line' id='line_1_15' title="bbox 111 1534 2245 1606; baseline -0.005 -17"><span class='ocrx_word' id='word_1_144' title='bbox 111 1557 236 1589; x_wconf 83' lang='lat' dir='ltr'><strong>meus</strong></span> <span class='ocrx_word' id='word_1_145' title='bbox 261 1543 475 1589; x_wconf 82' lang='lat' dir='ltr'><strong>dilectus.</strong></span> <span class='ocrx_word' id='word_1_146' title='bbox 555 1537 693 1605; x_wconf 85' lang='lat' dir='ltr'><strong>Quae</strong></span> <span class='ocrx_word' id='word_1_147' title='bbox 721 1539 867 1606; x_wconf 85' lang='lat' dir='ltr'><strong>patris</strong></span> <span class='ocrx_word' id='word_1_148' title='bbox 892 1538 1041 1606; x_wconf 90' lang='lat' dir='ltr'><strong>ipsius</strong></span> <span class='ocrx_word' id='word_1_149' title='bbox 1072 1537 1221 1589; x_wconf 91' lang='lat' dir='ltr'><strong>verba</strong></span> <span class='ocrx_word' id='word_1_150' title='bbox 1250 1546 1379 1587; x_wconf 90' lang='lat' dir='ltr'><strong>sunt.</strong></span> <span class='ocrx_word' id='word_1_151' title='bbox 1460 1534 1544 1587; x_wconf 88' lang='lat' dir='ltr'><strong>Sic</strong></span> <span class='ocrx_word' id='word_1_152' title='bbox 1571 1535 1747 1587; x_wconf 88' lang='lat' dir='ltr'><strong>Daniel</strong></span> <span class='ocrx_word' id='word_1_153' title='bbox 1770 1535 2015 1602; x_wconf 86' lang='lat' dir='ltr'><strong>antiquum</strong></span> <span class='ocrx_word' id='word_1_154' title='bbox 2057 1545 2146 1582; x_wconf 82' lang='lat' dir='ltr'><strong>Dan.</strong></span> <span class='ocrx_word' id='word_1_155' title='bbox 2165 1547 2245 1591; x_wconf 53' lang='grc' dir='ltr'><strong>ιο.</strong></span> 
     </span>
     <span class='ocr_line' id='line_1_16' title="bbox 112 1618 2016 1690; baseline -0.003 -16"><span class='ocrx_word' id='word_1_156' title='bbox 112 1623 242 1674; x_wconf 91' lang='lat' dir='ltr'><strong>illum</strong></span> <span class='ocrx_word' id='word_1_157' title='bbox 283 1623 465 1674; x_wconf 89' lang='lat' dir='ltr'><strong>dierum</strong></span> <span class='ocrx_word' id='word_1_158' title='bbox 513 1623 658 1687; x_wconf 81' lang='lat' dir='ltr'><strong>vidit3</strong></span> <span class='ocrx_word' id='word_1_159' title='bbox 718 1623 842 1690; x_wconf 92' lang='lat' dir='ltr'><strong>quod</strong></span> <span class='ocrx_word' id='word_1_160' title='bbox 883 1622 1038 1673; x_wconf 91' lang='lat' dir='ltr'><strong>visum</strong></span> <span class='ocrx_word' id='word_1_161' title='bbox 1083 1622 1229 1690; x_wconf 91' lang='lat' dir='ltr'><strong>patris</strong></span> <span class='ocrx_word' id='word_1_162' title='bbox 1268 1622 1509 1689; x_wconf 88' lang='lat' dir='ltr'><strong>proprium</strong></span> <span class='ocrx_word' id='word_1_163' title='bbox 1555 1622 1660 1671; x_wconf 85' lang='lat' dir='ltr'><strong>fnit.</strong></span> <span class='ocrx_word' id='word_1_164' title='bbox 1738 1618 2016 1687; x_wconf 84' lang='lat' dir='ltr'><strong>Quinetiam</strong></span> 
     </span>
    </p>

    <p class='ocr_par' dir='ltr' id='par_1_13' title="bbox 114 1706 2271 2197">
     <span class='ocr_line' id='line_1_17' title="bbox 115 1706 2267 1776; baseline -0.004 -18"><span class='ocrx_word' id='word_1_165' title='bbox 115 1709 237 1776; x_wconf 89' lang='lat' dir='ltr'><strong>apud</strong></span> <span class='ocrx_word' id='word_1_166' title='bbox 270 1709 414 1759; x_wconf 90' lang='lat' dir='ltr'><strong>alium</strong></span> <span class='ocrx_word' id='word_1_167' title='bbox 443 1706 750 1776; x_wconf 87' lang='lat' dir='ltr'><strong>prophetam,</strong></span> <span class='ocrx_word' id='word_1_168' title='bbox 792 1710 922 1771; x_wconf 86' lang='lat' dir='ltr'><strong>Ego,</strong></span> <span class='ocrx_word' id='word_1_169' title='bbox 964 1706 1144 1774; x_wconf 89' lang='lat' dir='ltr'><strong>inquit,</strong></span> <span class='ocrx_word' id='word_1_170' title='bbox 1186 1710 1382 1755; x_wconf 79' lang='lat' dir='ltr'><strong>visiones</strong></span> <span class='ocrx_word' id='word_1_171' title='bbox 1406 1708 1734 1770; x_wconf 61' lang='lat' dir='ltr'><strong>multiplicavi,</strong></span> <span class='ocrx_word' id='word_1_172' title='bbox 1777 1709 1892 1754; x_wconf 81' lang='lat' dir='ltr'><strong>etin</strong></span> <span class='ocrx_word' id='word_1_173' title='bbox 1917 1717 2193 1760; x_wconf 81' lang='lat' dir='ltr'><strong>ma-Ose.12‚</strong></span> <span class='ocrx_word' id='word_1_174' title='bbox 2216 1716 2267 1750; x_wconf 75' lang='lat'><strong>10.</strong></span> 
     </span>
     <span class='ocr_line' id='line_1_18' title="bbox 114 1788 2018 1857; baseline -0.002 -15"><span class='ocrx_word' id='word_1_175' title='bbox 114 1794 249 1842; x_wconf 79' lang='lat' dir='ltr'><strong>nibus</strong></span> <span class='ocrx_word' id='word_1_176' title='bbox 271 1796 600 1857; x_wconf 77' lang='lat' dir='ltr'><strong>prophetarum</strong></span> <span class='ocrx_word' id='word_1_177' title='bbox 640 1794 923 1840; x_wconf 80' lang='lat' dir='ltr'><strong>assimilatus</strong></span> <span class='ocrx_word' id='word_1_178' title='bbox 955 1810 1072 1840; x_wconf 83' lang='lat' dir='ltr'><strong>sum.</strong></span> <span class='ocrx_word' id='word_1_179' title='bbox 1151 1789 1221 1840; x_wconf 92' lang='lat' dir='ltr'><strong>Ea</strong></span> <span class='ocrx_word' id='word_1_180' title='bbox 1251 1808 1350 1841; x_wconf 84' lang='lat' dir='ltr'><strong>vox</strong></span> <span class='ocrx_word' id='word_1_181' title='bbox 1379 1798 1452 1840; x_wconf 91' lang='lat' dir='ltr'><strong>est</strong></span> <span class='ocrx_word' id='word_1_182' title='bbox 1482 1789 1560 1839; x_wconf 90' lang='lat' dir='ltr'><strong>lilii</strong></span> <span class='ocrx_word' id='word_1_183' title='bbox 1590 1788 1800 1857; x_wconf 89' lang='lat' dir='ltr'><strong>propria.</strong></span> <span class='ocrx_word' id='word_1_184' title='bbox 1877 1789 2018 1857; x_wconf 86' lang='lat' dir='ltr'><strong>Apud</strong></span> 
     </span>
     <span class='ocr_line' id='line_1_19' title="bbox 117 1873 2271 1943; baseline -0.003 -17"><span class='ocrx_word' id='word_1_185' title='bbox 117 1874 429 1926; x_wconf 84' lang='lat' dir='ltr'><strong>Ezechielem</strong></span> <span class='ocrx_word' id='word_1_186' title='bbox 473 1891 617 1938; x_wconf 90' lang='lat' dir='ltr'><strong>vero,</strong></span> <span class='ocrx_word' id='word_1_187' title='bbox 671 1878 735 1924; x_wconf 83' lang='lat' dir='ltr'><strong>Et</strong></span> <span class='ocrx_word' id='word_1_188' title='bbox 772 1879 1042 1940; x_wconf 76' lang='lat' dir='ltr'><strong>assumpsit,</strong></span> <span class='ocrx_word' id='word_1_189' title='bbox 1097 1873 1280 1942; x_wconf 87' lang='lat' dir='ltr'><strong>inquit,</strong></span> <span class='ocrx_word' id='word_1_190' title='bbox 1333 1878 1528 1939; x_wconf 79' lang='lat' dir='ltr'><strong>spiritus</strong></span> <span class='ocrx_word' id='word_1_191' title='bbox 1560 1877 1659 1933; x_wconf 82' lang='lat' dir='ltr'><strong>dei,</strong></span> <span class='ocrx_word' id='word_1_192' title='bbox 1716 1883 1762 1922; x_wconf 82' lang='lat' dir='ltr'><strong>ec</strong></span> <span class='ocrx_word' id='word_1_193' title='bbox 1787 1878 1922 1922; x_wconf 77' lang='lat' dir='ltr'><strong>eiecit</strong></span> <span class='ocrx_word' id='word_1_194' title='bbox 1946 1885 2271 1943; x_wconf 52' lang='lat' dir='ltr'><strong>meEzeclffenz.</strong></span> 
     </span>
     <span class='ocr_line' id='line_1_20' title="bbox 116 1928 2185 2027; baseline -0 -18"><span class='ocrx_word' id='word_1_195' title='bbox 116 1964 164 2010; x_wconf 87' lang='lat' dir='ltr'><strong>in</strong></span> <span class='ocrx_word' id='word_1_196' title='bbox 205 1978 428 2025; x_wconf 81' lang='lat' dir='ltr'><strong>campum.</strong></span> <span class='ocrx_word' id='word_1_197' title='bbox 507 1957 646 2026; x_wconf 87' lang='lat' dir='ltr'><strong>Quod</strong></span> <span class='ocrx_word' id='word_1_198' title='bbox 691 1959 749 2008; x_wconf 89' lang='lat' dir='ltr'><strong>ad</strong></span> <span class='ocrx_word' id='word_1_199' title='bbox 790 1959 1008 2027; x_wconf 87' lang='lat' dir='ltr'><strong>spiritum</strong></span> <span class='ocrx_word' id='word_1_200' title='bbox 1051 1967 1268 2008; x_wconf 83' lang='lat' dir='ltr'><strong>sanctum</strong></span> <span class='ocrx_word' id='word_1_201' title='bbox 1313 1959 1537 2026; x_wconf 81' lang='lat' dir='ltr'><strong>pertinet.</strong></span> <span class='ocrx_word' id='word_1_202' title='bbox 1629 1956 1879 2009; x_wconf 88' lang='lat' dir='ltr'><strong>Eiusmodi</strong></span> <span class='ocrx_word' id='word_1_203' title='bbox 1926 1959 2015 2008; x_wconf 87' lang='lat' dir='ltr'><strong>alia</strong></span> <span class='ocrx_word' id='word_1_204' title='bbox 2074 1934 2112 1963; x_wconf 82' lang='lat' dir='ltr'><strong>et</strong></span> <span class='ocrx_word' id='word_1_205' title='bbox 2133 1928 2185 1962; x_wconf 49' lang='grc' dir='ltr'><strong>η’</strong></span> 
     </span>
     <span class='ocr_line' id='line_1_21' title="bbox 118 2042 2022 2113; baseline -0.001 -19"><span class='ocrx_word' id='word_1_206' title='bbox 118 2044 320 2113; x_wconf 88' lang='lat' dir='ltr'><strong>proferri</strong></span> <span class='ocrx_word' id='word_1_207' title='bbox 353 2061 490 2111; x_wconf 88' lang='lat' dir='ltr'><strong>quam</strong></span> <span class='ocrx_word' id='word_1_208' title='bbox 522 2043 722 2112; x_wconf 88' lang='lat' dir='ltr'><strong>plurima</strong></span> <span class='ocrx_word' id='word_1_209' title='bbox 756 2051 983 2111; x_wconf 66' lang='lat' dir='ltr'><strong>possunt,</strong></span> <span class='ocrx_word' id='word_1_210' title='bbox 1025 2060 1050 2092; x_wconf 92' lang='lat' dir='ltr'><strong>e</strong></span> <span class='ocrx_word' id='word_1_211' title='bbox 1082 2043 1252 2110; x_wconf 89' lang='lat' dir='ltr'><strong>quibus</strong></span> <span class='ocrx_word' id='word_1_212' title='bbox 1285 2060 1435 2110; x_wconf 90' lang='lat' dir='ltr'><strong>pauca</strong></span> <span class='ocrx_word' id='word_1_213' title='bbox 1466 2043 1695 2110; x_wconf 90' lang='lat' dir='ltr'><strong>quaedam</strong></span> <span class='ocrx_word' id='word_1_214' title='bbox 1728 2042 1884 2093; x_wconf 90' lang='lat' dir='ltr'><strong>obiter</strong></span> <span class='ocrx_word' id='word_1_215' title='bbox 1913 2060 2022 2110; x_wconf 89' lang='lat' dir='ltr'><strong>pro-</strong></span> 
     </span>
     <span class='ocr_line' id='line_1_22' title="bbox 118 2127 2023 2197; baseline -0.002 -18"><span class='ocrx_word' id='word_1_216' title='bbox 118 2130 383 2197; x_wconf 88' lang='lat' dir='ltr'><strong>posuimus.</strong></span> <span class='ocrx_word' id='word_1_217' title='bbox 459 2130 621 2194; x_wconf 90' lang='lat' dir='ltr'><strong>Atque</strong></span> <span class='ocrx_word' id='word_1_218' title='bbox 659 2135 710 2177; x_wconf 93' lang='lat' dir='ltr'><strong>ut</strong></span> <span class='ocrx_word' id='word_1_219' title='bbox 740 2128 978 2195; x_wconf 89' lang='lat' dir='ltr'><strong>propriam</strong></span> <span class='ocrx_word' id='word_1_220' title='bbox 1014 2127 1250 2177; x_wconf 88' lang='lat' dir='ltr'><strong>ecclesiae</strong></span> <span class='ocrx_word' id='word_1_221' title='bbox 1292 2128 1491 2177; x_wconf 86' lang='lat' dir='ltr'><strong>formam</strong></span> <span class='ocrx_word' id='word_1_222' title='bbox 1532 2145 1587 2177; x_wconf 90' lang='lat' dir='ltr'><strong>ac</strong></span> <span class='ocrx_word' id='word_1_223' title='bbox 1624 2136 1761 2177; x_wconf 90' lang='lat' dir='ltr'><strong>notas</strong></span> <span class='ocrx_word' id='word_1_224' title='bbox 1798 2128 2023 2177; x_wconf 87' lang='lat' dir='ltr'><strong>osteude-</strong></span> 
     </span>
    </p>

    <p class='ocr_par' dir='ltr' id='par_1_14' title="bbox 120 2210 2021 2276">
     <span class='ocr_line' id='line_1_23' title="bbox 120 2210 2021 2276; baseline -0.001 -14"><span class='ocrx_word' id='word_1_225' title='bbox 120 2229 312 2276; x_wconf 90' lang='lat' dir='ltr'><strong>remus,</strong></span> <span class='ocrx_word' id='word_1_226' title='bbox 367 2212 459 2262; x_wconf 94' lang='lat' dir='ltr'><strong>duo</strong></span> <span class='ocrx_word' id='word_1_227' title='bbox 498 2212 651 2262; x_wconf 86' lang='lat' dir='ltr'><strong>triave</strong></span> <span class='ocrx_word' id='word_1_228' title='bbox 694 2211 840 2263; x_wconf 87' lang='lat' dir='ltr'><strong>verba</strong></span> <span class='ocrx_word' id='word_1_229' title='bbox 884 2211 930 2260; x_wconf 91' lang='lat' dir='ltr'><strong>in</strong></span> <span class='ocrx_word' id='word_1_230' title='bbox 970 2211 1174 2261; x_wconf 89' lang='lat' dir='ltr'><strong>medium</strong></span> <span class='ocrx_word' id='word_1_231' title='bbox 1220 2212 1493 2271; x_wconf 87' lang='lat' dir='ltr'><strong>attulimus,</strong></span> <span class='ocrx_word' id='word_1_232' title='bbox 1551 2228 1613 2262; x_wconf 88' lang='lat' dir='ltr'><strong>ex</strong></span> <span class='ocrx_word' id='word_1_233' title='bbox 1651 2211 1849 2261; x_wconf 85' lang='lat' dir='ltr'><strong>infinitis</strong></span> <span class='ocrx_word' id='word_1_234' title='bbox 1882 2210 2021 2274; x_wconf 75' lang='lat' dir='ltr'><strong>lociS,</strong></span> 
     </span>
    </p>

    <p class='ocr_par' dir='ltr' id='par_1_15' title="bbox 121 2295 2025 2364">
     <span class='ocr_line' id='line_1_24' title="bbox 121 2295 2025 2364; baseline -0.002 -17"><span class='ocrx_word' id='word_1_235' title='bbox 121 2314 241 2364; x_wconf 89' lang='lat' dir='ltr'><strong>quae</strong></span> <span class='ocrx_word' id='word_1_236' title='bbox 269 2296 460 2347; x_wconf 89' lang='lat' dir='ltr'><strong>illorum</strong></span> <span class='ocrx_word' id='word_1_237' title='bbox 491 2295 662 2346; x_wconf 88' lang='lat' dir='ltr'><strong>similia</strong></span> <span class='ocrx_word' id='word_1_238' title='bbox 699 2295 747 2346; x_wconf 91' lang='lat' dir='ltr'><strong>in</strong></span> <span class='ocrx_word' id='word_1_239' title='bbox 776 2295 1058 2363; x_wconf 86' lang='lat' dir='ltr'><strong>scripturis,</strong></span> <span class='ocrx_word' id='word_1_240' title='bbox 1116 2313 1172 2345; x_wconf 90' lang='lat' dir='ltr'><strong>ac</strong></span> <span class='ocrx_word' id='word_1_241' title='bbox 1201 2304 1295 2346; x_wconf 87' lang='lat' dir='ltr'><strong>tam</strong></span> <span class='ocrx_word' id='word_1_242' title='bbox 1324 2304 1492 2346; x_wconf 87' lang='lat' dir='ltr'><strong>vetere</strong></span> <span class='ocrx_word' id='word_1_243' title='bbox 1534 2313 1673 2362; x_wconf 91' lang='lat' dir='ltr'><strong>quam</strong></span> <span class='ocrx_word' id='word_1_244' title='bbox 1721 2313 1848 2347; x_wconf 84' lang='lat' dir='ltr'><strong>novo</strong></span> <span class='ocrx_word' id='word_1_245' title='bbox 1879 2305 2025 2346; x_wconf 87' lang='lat' dir='ltr'><strong>testa-</strong></span> 
     </span>
    </p>

    <p class='ocr_par' dir='ltr' id='par_1_16' title="bbox 123 2378 2024 2448">
     <span class='ocr_line' id='line_1_25' title="bbox 123 2378 2024 2448; baseline 0.001 -19"><span class='ocrx_word' id='word_1_246' title='bbox 123 2389 284 2431; x_wconf 87' lang='lat' dir='ltr'><strong>mento</strong></span> <span class='ocrx_word' id='word_1_247' title='bbox 331 2381 573 2446; x_wconf 84' lang='lat' dir='ltr'><strong>leguntur.</strong></span> <span class='ocrx_word' id='word_1_248' title='bbox 652 2378 772 2429; x_wconf 92' lang='lat' dir='ltr'><strong>lllud</strong></span> <span class='ocrx_word' id='word_1_249' title='bbox 813 2397 930 2430; x_wconf 81' lang='lat' dir='ltr'><strong>vero</strong></span> <span class='ocrx_word' id='word_1_250' title='bbox 962 2380 1159 2448; x_wconf 89' lang='lat' dir='ltr'><strong>insuper</strong></span> <span class='ocrx_word' id='word_1_251' title='bbox 1201 2379 1406 2430; x_wconf 89' lang='lat' dir='ltr'><strong>eeclesia</strong></span> <span class='ocrx_word' id='word_1_252' title='bbox 1448 2381 1728 2448; x_wconf 82' lang='lat' dir='ltr'><strong>profitetur,</strong></span> <span class='ocrx_word' id='word_1_253' title='bbox 1783 2381 2024 2431; x_wconf 91' lang='lat' dir='ltr'><strong>dominum</strong></span> 
     </span>
    </p>

    <p class='ocr_par' dir='ltr' id='par_1_17' title="bbox 121 2463 2234 2618">
     <span class='ocr_line' id='line_1_26' title="bbox 121 2463 2234 2532; baseline -0 -18"><span class='ocrx_word' id='word_1_254' title='bbox 121 2464 275 2532; x_wconf 88' lang='lat' dir='ltr'><strong>ipsum</strong></span> <span class='ocrx_word' id='word_1_255' title='bbox 323 2481 496 2532; x_wconf 86' lang='lat' dir='ltr'><strong>corpus</strong></span> <span class='ocrx_word' id='word_1_256' title='bbox 546 2463 735 2514; x_wconf 87' lang='lat' dir='ltr'><strong>Adamo</strong></span> <span class='ocrx_word' id='word_1_257' title='bbox 776 2464 1071 2528; x_wconf 84' lang='lat' dir='ltr'><strong>fabricasse,</strong></span> <span class='ocrx_word' id='word_1_258' title='bbox 1129 2473 1178 2515; x_wconf 85' lang='lat' dir='ltr'><strong>et</strong></span> <span class='ocrx_word' id='word_1_259' title='bbox 1215 2468 1467 2530; x_wconf 75' lang='lat' dir='ltr'><strong>inspirasse</strong></span> <span class='ocrx_word' id='word_1_260' title='bbox 1508 2468 1586 2513; x_wconf 85' lang='lat' dir='ltr'><strong>illi</strong></span> <span class='ocrx_word' id='word_1_261' title='bbox 1617 2469 1830 2529; x_wconf 79' lang='lat' dir='ltr'><strong>spiritum</strong></span> <span class='ocrx_word' id='word_1_262' title='bbox 1877 2469 2014 2525; x_wconf 82' lang='lat' dir='ltr'><strong>vitae,</strong></span> <span class='ocrx_word' id='word_1_263' title='bbox 2085 2484 2178 2519; x_wconf 84' lang='lat' dir='ltr'><strong>Gen.</strong></span> <span class='ocrx_word' id='word_1_264' title='bbox 2202 2483 2234 2518; x_wconf 86' lang='lat'><strong>2.</strong></span> 
     </span>
     <span class='ocr_line' id='line_1_27' title="bbox 124 2547 2021 2618; baseline 0.001 -20"><span class='ocrx_word' id='word_1_265' title='bbox 124 2564 231 2598; x_wconf 87' lang='lat' dir='ltr'><strong>cum</strong></span> <span class='ocrx_word' id='word_1_266' title='bbox 262 2547 504 2599; x_wconf 88' lang='lat' dir='ltr'><strong>viventem</strong></span> <span class='ocrx_word' id='word_1_267' title='bbox 535 2547 577 2598; x_wconf 89' lang='lat' dir='ltr'><strong>ei</strong></span> <span class='ocrx_word' id='word_1_268' title='bbox 608 2558 885 2615; x_wconf 88' lang='lat' dir='ltr'><strong>procrearet</strong></span> <span class='ocrx_word' id='word_1_269' title='bbox 913 2550 1137 2599; x_wconf 82' lang='lat' dir='ltr'><strong>animam.</strong></span> <span class='ocrx_word' id='word_1_270' title='bbox 1217 2548 1343 2599; x_wconf 89' lang='lat' dir='ltr'><strong>Tum</strong></span> <span class='ocrx_word' id='word_1_271' title='bbox 1377 2547 1540 2618; x_wconf 85' lang='lat' dir='ltr'><strong>Moysi</strong></span> <span class='ocrx_word' id='word_1_272' title='bbox 1579 2549 1733 2615; x_wconf 85' lang='lat' dir='ltr'><strong>legem</strong></span> <span class='ocrx_word' id='word_1_273' title='bbox 1764 2549 2021 2600; x_wconf 84' lang='lat' dir='ltr'><strong>tradidisse</strong></span> 
     </span>
    </p>

    <p class='ocr_par' dir='ltr' id='par_1_18' title="bbox 125 2631 2023 2701">
     <span class='ocr_line' id='line_1_28' title="bbox 125 2631 2023 2701; baseline 0.001 -18"><span class='ocrx_word' id='word_1_274' title='bbox 125 2632 264 2683; x_wconf 90' lang='lat' dir='ltr'><strong>deum</strong></span> <span class='ocrx_word' id='word_1_275' title='bbox 293 2631 445 2700; x_wconf 88' lang='lat' dir='ltr'><strong>ipsum</strong></span> <span class='ocrx_word' id='word_1_276' title='bbox 472 2641 684 2700; x_wconf 84' lang='lat' dir='ltr'><strong>patrem,</strong></span> <span class='ocrx_word' id='word_1_277' title='bbox 726 2633 868 2682; x_wconf 86' lang='lat' dir='ltr'><strong>filium</strong></span> <span class='ocrx_word' id='word_1_278' title='bbox 905 2641 952 2682; x_wconf 92' lang='lat' dir='ltr'><strong>et</strong></span> <span class='ocrx_word' id='word_1_279' title='bbox 977 2632 1196 2701; x_wconf 89' lang='lat' dir='ltr'><strong>spiritum</strong></span> <span class='ocrx_word' id='word_1_280' title='bbox 1233 2643 1479 2697; x_wconf 86' lang='lat' dir='ltr'><strong>sanctum,</strong></span> <span class='ocrx_word' id='word_1_281' title='bbox 1523 2651 1644 2701; x_wconf 88' lang='lat' dir='ltr'><strong>quae</strong></span> <span class='ocrx_word' id='word_1_282' title='bbox 1673 2643 1746 2683; x_wconf 87' lang='lat' dir='ltr'><strong>est</strong></span> <span class='ocrx_word' id='word_1_283' title='bbox 1779 2652 1870 2684; x_wconf 90' lang='lat' dir='ltr'><strong>una</strong></span> <span class='ocrx_word' id='word_1_284' title='bbox 1902 2634 2023 2684; x_wconf 89' lang='lat' dir='ltr'><strong>divi-</strong></span> 
     </span>
    </p>

    <p class='ocr_par' dir='ltr' id='par_1_19' title="bbox 125 2714 2023 2786">
     <span class='ocr_line' id='line_1_29' title="bbox 125 2714 2023 2786; baseline 0.002 -21"><span class='ocrx_word' id='word_1_285' title='bbox 125 2716 269 2766; x_wconf 90' lang='lat' dir='ltr'><strong>nitas.</strong></span> <span class='ocrx_word' id='word_1_286' title='bbox 358 2714 547 2766; x_wconf 92' lang='lat' dir='ltr'><strong>Deinde</strong></span> <span class='ocrx_word' id='word_1_287' title='bbox 591 2715 649 2766; x_wconf 88' lang='lat' dir='ltr'><strong>ab</strong></span> <span class='ocrx_word' id='word_1_288' title='bbox 700 2717 864 2766; x_wconf 73' lang='lat' dir='ltr'><strong>eaden»</strong></span> <span class='ocrx_word' id='word_1_289' title='bbox 911 2717 1160 2767; x_wconf 89' lang='lat' dir='ltr'><strong>divinitate</strong></span> <span class='ocrx_word' id='word_1_290' title='bbox 1207 2718 1462 2786; x_wconf 89' lang='lat' dir='ltr'><strong>prophetas</strong></span> <span class='ocrx_word' id='word_1_291' title='bbox 1509 2735 1617 2769; x_wconf 86' lang='lat' dir='ltr'><strong>esse</strong></span> <span class='ocrx_word' id='word_1_292' title='bbox 1658 2718 1853 2768; x_wconf 56' lang='lat' dir='ltr'><strong>misso&amp;</strong></span> <span class='ocrx_word' id='word_1_293' title='bbox 1944 2718 2023 2768; x_wconf 89' lang='lat' dir='ltr'><strong>Ad</strong></span> 
     </span>
    </p>

    <p class='ocr_par' dir='ltr' id='par_1_20' title="bbox 125 2798 2027 2853">
     <span class='ocr_line' id='line_1_30' title="bbox 125 2798 2027 2853; baseline 0.001 -3"><span class='ocrx_word' id='word_1_294' title='bbox 125 2799 243 2850; x_wconf 88' lang='lat' dir='ltr'><strong>haec</strong></span> <span class='ocrx_word' id='word_1_295' title='bbox 271 2809 485 2851; x_wconf 88' lang='lat' dir='ltr'><strong>nostrum</strong></span> <span class='ocrx_word' id='word_1_296' title='bbox 516 2800 644 2851; x_wconf 90' lang='lat' dir='ltr'><strong>illum</strong></span> <span class='ocrx_word' id='word_1_297' title='bbox 679 2800 817 2850; x_wconf 90' lang='lat' dir='ltr'><strong>deum</strong></span> <span class='ocrx_word' id='word_1_298' title='bbox 847 2798 1134 2852; x_wconf 84' lang='lat' dir='ltr'><strong>ludaeorum</strong></span> <span class='ocrx_word' id='word_1_299' title='bbox 1170 2819 1225 2852; x_wconf 88' lang='lat' dir='ltr'><strong>ac</strong></span> <span class='ocrx_word' id='word_1_300' title='bbox 1254 2800 1642 2853; x_wconf 86' lang='lat' dir='ltr'><strong>Christianorum</strong></span> <span class='ocrx_word' id='word_1_301' title='bbox 1676 2819 1786 2852; x_wconf 88' lang='lat' dir='ltr'><strong>esse</strong></span> <span class='ocrx_word' id='word_1_302' title='bbox 1814 2820 2027 2852; x_wconf 88' lang='lat' dir='ltr'><strong>commu-</strong></span> 
     </span>
    </p>

    <p class='ocr_par' dir='ltr' id='par_1_21' title="bbox 126 2882 2026 2953">
     <span class='ocr_line' id='line_1_31' title="bbox 126 2882 2026 2953; baseline -0.001 -18"><span class='ocrx_word' id='word_1_303' title='bbox 126 2902 266 2947; x_wconf 84' lang='lat' dir='ltr'><strong>nem,</strong></span> <span class='ocrx_word' id='word_1_304' title='bbox 308 2886 386 2952; x_wconf 90' lang='lat' dir='ltr'><strong>qni</strong></span> <span class='ocrx_word' id='word_1_305' title='bbox 416 2882 621 2935; x_wconf 89' lang='lat' dir='ltr'><strong>ludaeos</strong></span> <span class='ocrx_word' id='word_1_306' title='bbox 652 2884 708 2935; x_wconf 89' lang='lat' dir='ltr'><strong>ad</strong></span> <span class='ocrx_word' id='word_1_307' title='bbox 742 2884 1127 2936; x_wconf 86' lang='lat' dir='ltr'><strong>iustificationem</strong></span> <span class='ocrx_word' id='word_1_308' title='bbox 1162 2903 1246 2937; x_wconf 90' lang='lat' dir='ltr'><strong>eos</strong></span> <span class='ocrx_word' id='word_1_309' title='bbox 1273 2887 1497 2950; x_wconf 87' lang='lat' dir='ltr'><strong>vocavit,</strong></span> <span class='ocrx_word' id='word_1_310' title='bbox 1539 2888 1616 2953; x_wconf 91' lang='lat' dir='ltr'><strong>qni</strong></span> <span class='ocrx_word' id='word_1_311' title='bbox 1645 2887 2026 2937; x_wconf 87' lang='lat' dir='ltr'><strong>incarnationem</strong></span> 
     </span>
    </p>

    <p class='ocr_par' dir='ltr' id='par_1_22' title="bbox 126 2966 2028 3038">
     <span class='ocr_line' id='line_1_32' title="bbox 126 2966 2028 3038; baseline 0.001 -20"><span class='ocrx_word' id='word_1_312' title='bbox 126 2969 278 3036; x_wconf 90' lang='lat' dir='ltr'><strong>ipsam</strong></span> <span class='ocrx_word' id='word_1_313' title='bbox 311 2968 488 3019; x_wconf 88' lang='lat' dir='ltr'><strong>domini</strong></span> <span class='ocrx_word' id='word_1_314' title='bbox 516 2968 666 3019; x_wconf 90' lang='lat' dir='ltr'><strong>nostri</strong></span> <span class='ocrx_word' id='word_1_315' title='bbox 702 2966 812 3018; x_wconf 87' lang='lat' dir='ltr'><strong>lesu</strong></span> <span class='ocrx_word' id='word_1_316' title='bbox 848 2966 1029 3020; x_wconf 87' lang='lat' dir='ltr'><strong>Christi</strong></span> <span class='ocrx_word' id='word_1_317' title='bbox 1063 2987 1359 3038; x_wconf 88' lang='lat' dir='ltr'><strong>nequaquam</strong></span> <span class='ocrx_word' id='word_1_318' title='bbox 1399 2970 1726 3038; x_wconf 82' lang='lat' dir='ltr'><strong>abnegarent,</strong></span> <span class='ocrx_word' id='word_1_319' title='bbox 1769 2972 1942 3037; x_wconf 91' lang='lat' dir='ltr'><strong>quique</strong></span> <span class='ocrx_word' id='word_1_320' title='bbox 1972 2968 2028 3019; x_wconf 92' lang='lat' dir='ltr'><strong>il-</strong></span> 
     </span>
    </p>

    <p class='ocr_par' dir='ltr' id='par_1_23' title="bbox 128 3051 2031 3122">
     <span class='ocr_line' id='line_1_33' title="bbox 128 3051 2031 3122; baseline 0 -20"><span class='ocrx_word' id='word_1_321' title='bbox 128 3051 199 3102; x_wconf 89' lang='lat' dir='ltr'><strong>los</strong></span> <span class='ocrx_word' id='word_1_322' title='bbox 231 3070 398 3103; x_wconf 89' lang='lat' dir='ltr'><strong>omnes</strong></span> <span class='ocrx_word' id='word_1_323' title='bbox 441 3061 604 3105; x_wconf 89' lang='lat' dir='ltr'><strong>servat</strong></span> <span class='ocrx_word' id='word_1_324' title='bbox 636 3052 711 3120; x_wconf 89' lang='lat' dir='ltr'><strong>qni</strong></span> <span class='ocrx_word' id='word_1_325' title='bbox 749 3069 811 3102; x_wconf 81' lang='lat' dir='ltr'><strong>ex</strong></span> <span class='ocrx_word' id='word_1_326' title='bbox 846 3070 992 3104; x_wconf 87' lang='lat' dir='ltr'><strong>verae</strong></span> <span class='ocrx_word' id='word_1_327' title='bbox 1032 3054 1183 3122; x_wconf 90' lang='lat' dir='ltr'><strong>ipsius</strong></span> <span class='ocrx_word' id='word_1_328' title='bbox 1226 3053 1335 3104; x_wconf 87' lang='lat' dir='ltr'><strong>fidei</strong></span> <span class='ocrx_word' id='word_1_329' title='bbox 1365 3055 1665 3122; x_wconf 86' lang='lat' dir='ltr'><strong>praescripto</strong></span> <span class='ocrx_word' id='word_1_330' title='bbox 1711 3054 1857 3105; x_wconf 89' lang='lat' dir='ltr'><strong>vitam</strong></span> <span class='ocrx_word' id='word_1_331' title='bbox 1895 3053 2031 3103; x_wconf 90' lang='lat' dir='ltr'><strong>insti-</strong></span> 
     </span>
    </p>

    <p class='ocr_par' dir='ltr' id='par_1_24' title="bbox 129 3137 2030 3206">
     <span class='ocr_line' id='line_1_34' title="bbox 129 3137 2030 3206; baseline 0 -20"><span class='ocrx_word' id='word_1_332' title='bbox 129 3144 294 3198; x_wconf 86' lang='lat' dir='ltr'><strong>tuunt,</strong></span> <span class='ocrx_word' id='word_1_333' title='bbox 355 3154 509 3204; x_wconf 91' lang='lat' dir='ltr'><strong>neque</strong></span> <span class='ocrx_word' id='word_1_334' title='bbox 551 3137 771 3187; x_wconf 86' lang='lat' dir='ltr'><strong>sincerae</strong></span> <span class='ocrx_word' id='word_1_335' title='bbox 812 3145 855 3186; x_wconf 90' lang='lat' dir='ltr'><strong>et</strong></span> <span class='ocrx_word' id='word_1_336' title='bbox 901 3138 1210 3205; x_wconf 85' lang='lat' dir='ltr'><strong>evangelicae</strong></span> <span class='ocrx_word' id='word_1_337' title='bbox 1250 3138 1377 3188; x_wconf 92' lang='lat' dir='ltr'><strong>illius</strong></span> <span class='ocrx_word' id='word_1_338' title='bbox 1416 3139 1664 3188; x_wconf 88' lang='lat' dir='ltr'><strong>doctrinae</strong></span> <span class='ocrx_word' id='word_1_339' title='bbox 1708 3138 2030 3206; x_wconf 87' lang='lat' dir='ltr'><strong>praedicatum</strong></span> 
     </span>
    </p>

    <p class='ocr_par' dir='ltr' id='par_1_25' title="bbox 129 3219 2036 3289">
     <span class='ocr_line' id='line_1_35' title="bbox 129 3219 2036 3289; baseline 0 -19"><span class='ocrx_word' id='word_1_340' title='bbox 129 3219 304 3287; x_wconf 88' lang='lat' dir='ltr'><strong>ubique</strong></span> <span class='ocrx_word' id='word_1_341' title='bbox 332 3221 504 3288; x_wconf 86' lang='lat' dir='ltr'><strong>dogma</strong></span> <span class='ocrx_word' id='word_1_342' title='bbox 533 3229 782 3289; x_wconf 89' lang='lat' dir='ltr'><strong>respuunt.</strong></span> <span class='ocrx_word' id='word_1_343' title='bbox 860 3219 1011 3270; x_wconf 88' lang='lat' dir='ltr'><strong>Venit</strong></span> <span class='ocrx_word' id='word_1_344' title='bbox 1039 3222 1193 3282; x_wconf 87' lang='lat' dir='ltr'><strong>enim,</strong></span> <span class='ocrx_word' id='word_1_345' title='bbox 1236 3223 1366 3272; x_wconf 89' lang='lat' dir='ltr'><strong>venit</strong></span> <span class='ocrx_word' id='word_1_346' title='bbox 1395 3222 1701 3289; x_wconf 80' lang='lat' dir='ltr'><strong>unigenitus,</strong></span> <span class='ocrx_word' id='word_1_347' title='bbox 1744 3221 1904 3288; x_wconf 86' lang='lat' dir='ltr'><strong>itaque</strong></span> <span class='ocrx_word' id='word_1_348' title='bbox 1935 3237 2036 3270; x_wconf 89' lang='lat' dir='ltr'><strong>ma-</strong></span> 
     </span>
    </p>

    <p class='ocr_par' dir='ltr' id='par_1_26' title="bbox 131 3302 2039 3373">
     <span class='ocr_line' id='line_1_36' title="bbox 131 3302 2039 3373; baseline 0 -19"><span class='ocrx_word' id='word_1_349' title='bbox 131 3312 205 3354; x_wconf 92' lang='lat' dir='ltr'><strong>ter</strong></span> <span class='ocrx_word' id='word_1_350' title='bbox 231 3304 436 3355; x_wconf 91' lang='lat' dir='ltr'><strong>ecclesia</strong></span> <span class='ocrx_word' id='word_1_351' title='bbox 468 3305 734 3372; x_wconf 83' lang='lat' dir='ltr'><strong>profitetur.</strong></span> <span class='ocrx_word' id='word_1_352' title='bbox 812 3302 951 3370; x_wconf 90' lang='lat' dir='ltr'><strong>Quae</strong></span> <span class='ocrx_word' id='word_1_353' title='bbox 984 3305 1267 3372; x_wconf 87' lang='lat' dir='ltr'><strong>tranquillus</strong></span> <span class='ocrx_word' id='word_1_354' title='bbox 1308 3305 1439 3372; x_wconf 88' lang='lat' dir='ltr'><strong>pacis</strong></span> <span class='ocrx_word' id='word_1_355' title='bbox 1485 3314 1651 3373; x_wconf 89' lang='lat' dir='ltr'><strong>portus</strong></span> <span class='ocrx_word' id='word_1_356' title='bbox 1695 3313 1795 3367; x_wconf 90' lang='lat' dir='ltr'><strong>est,</strong></span> <span class='ocrx_word' id='word_1_357' title='bbox 1851 3312 1897 3354; x_wconf 90' lang='lat' dir='ltr'><strong>et</strong></span> <span class='ocrx_word' id='word_1_358' title='bbox 1928 3320 2039 3354; x_wconf 88' lang='lat' dir='ltr'><strong>sua-</strong></span> 
     </span>
    </p>

    <p class='ocr_par' dir='ltr' id='par_1_27' title="bbox 132 3387 2287 3541">
     <span class='ocr_line' id='line_1_37' title="bbox 132 3387 2287 3455; baseline -0 -17"><span class='ocrx_word' id='word_1_359' title='bbox 132 3391 256 3439; x_wconf 89' lang='lat' dir='ltr'><strong>vitas</strong></span> <span class='ocrx_word' id='word_1_360' title='bbox 299 3390 530 3455; x_wconf 85' lang='lat' dir='ltr'><strong>quaedam</strong></span> <span class='ocrx_word' id='word_1_361' title='bbox 573 3389 684 3439; x_wconf 89' lang='lat' dir='ltr'><strong>vitis</strong></span> <span class='ocrx_word' id='word_1_362' title='bbox 726 3407 915 3453; x_wconf 78' lang='lat' dir='ltr'><strong>cyprum</strong></span> <span class='ocrx_word' id='word_1_363' title='bbox 955 3392 1193 3448; x_wconf 83' lang='lat' dir='ltr'><strong>redolens,</strong></span> <span class='ocrx_word' id='word_1_364' title='bbox 1248 3397 1296 3439; x_wconf 87' lang='lat' dir='ltr'><strong>et</strong></span> <span class='ocrx_word' id='word_1_365' title='bbox 1333 3393 1473 3438; x_wconf 74' lang='lat' dir='ltr'><strong>ote&#39;am</strong></span> <span class='ocrx_word' id='word_1_366' title='bbox 1512 3389 1651 3439; x_wconf 91' lang='lat' dir='ltr'><strong>nobis</strong></span> <span class='ocrx_word' id='word_1_367' title='bbox 1683 3387 2031 3439; x_wconf 90' lang='lat' dir='ltr'><strong>benedictionis</strong></span> <span class='ocrx_word' id='word_1_368' title='bbox 2057 3397 2162 3432; x_wconf 84' lang='lat' dir='ltr'><strong>Cant.</strong></span> <span class='ocrx_word' id='word_1_369' title='bbox 2187 3398 2219 3437; x_wconf 77' lang='lat'><strong>1,</strong></span> <span class='ocrx_word' id='word_1_370' title='bbox 2237 3396 2287 3429; x_wconf 63' lang='grc'>1-1-</span> 
     </span>
     <span class='ocr_line' id='line_1_38' title="bbox 134 3471 2040 3541; baseline -0.002 -17"><span class='ocrx_word' id='word_1_371' title='bbox 134 3475 419 3541; x_wconf 88' lang='lat' dir='ltr'><strong>proferens,</strong></span> <span class='ocrx_word' id='word_1_372' title='bbox 477 3489 565 3523; x_wconf 90' lang='lat' dir='ltr'><strong>nec</strong></span> <span class='ocrx_word' id='word_1_373' title='bbox 604 3491 698 3523; x_wconf 91' lang='lat' dir='ltr'><strong>non</strong></span> <span class='ocrx_word' id='word_1_374' title='bbox 741 3481 787 3523; x_wconf 91' lang='lat' dir='ltr'><strong>et</strong></span> <span class='ocrx_word' id='word_1_375' title='bbox 821 3472 1263 3541; x_wconf 86' lang='lat' dir='ltr'><strong>praesentissimum</strong></span> <span class='ocrx_word' id='word_1_376' title='bbox 1305 3471 1418 3522; x_wconf 88' lang='lat' dir='ltr'><strong>illud</strong></span> <span class='ocrx_word' id='word_1_377' title='bbox 1466 3472 1788 3538; x_wconf 84' lang='lat' dir='ltr'><strong>abstergendo</strong></span> <span class='ocrx_word' id='word_1_378' title='bbox 1829 3472 2040 3522; x_wconf 88' lang='lat' dir='ltr'><strong>moerori</strong></span> 
     </span>
    </p>
   </div>
   <div class='ocr_carea' id='block_1_3' title="bbox 135 3553 2043 3707">
    <p class='ocr_par' dir='ltr' id='par_1_28' title="bbox 135 3553 2043 3707">
     <span class='ocr_line' id='line_1_39' title="bbox 135 3553 2043 3625; baseline 0.001 -19"><span class='ocrx_word' id='word_1_379' title='bbox 135 3565 324 3625; x_wconf 89' lang='lat' dir='ltr'><strong>potum,</strong></span> <span class='ocrx_word' id='word_1_380' title='bbox 365 3573 547 3607; x_wconf 89' lang='lat' dir='ltr'><strong>merum</strong></span> <span class='ocrx_word' id='word_1_381' title='bbox 586 3557 800 3621; x_wconf 86' lang='lat' dir='ltr'><strong>scilicet,</strong></span> <span class='ocrx_word' id='word_1_382' title='bbox 854 3574 910 3606; x_wconf 90' lang='lat' dir='ltr'><strong>ac</strong></span> <span class='ocrx_word' id='word_1_383' title='bbox 950 3574 1116 3607; x_wconf 90' lang='lat' dir='ltr'><strong>verum</strong></span> <span class='ocrx_word' id='word_1_384' title='bbox 1157 3553 1338 3607; x_wconf 86' lang='lat' dir='ltr'><strong>Christi</strong></span> <span class='ocrx_word' id='word_1_385' title='bbox 1378 3557 1659 3624; x_wconf 85' lang='lat' dir='ltr'><strong>sanguinem</strong></span> <span class='ocrx_word' id='word_1_386' title='bbox 1699 3556 1909 3623; x_wconf 85' lang='lat' dir='ltr'><strong>quotidie</strong></span> <span class='ocrx_word' id='word_1_387' title='bbox 1949 3557 2043 3607; x_wconf 87' lang='lat' dir='ltr'><strong>lar-</strong></span> 
     </span>
     <span class='ocr_line' id='line_1_40' title="bbox 136 3658 293 3707; baseline 0.006 -17"><span class='ocrx_word' id='word_1_388' title='bbox 136 3658 293 3707; x_wconf 75' lang='lat' dir='ltr'><strong>gneus.</strong></span> 
     </span>
    </p>
   </div>
   <div class='ocr_carea' id='block_1_4' title="bbox 136 3776 2044 3886">
    <p class='ocr_par' dir='ltr' id='par_1_29' title="bbox 136 3776 2044 3886">
     <span class='ocr_line' id='line_1_41' title="bbox 192 3776 2044 3833; baseline -0.002 -13"><span class='ocrx_word' id='word_1_389' title='bbox 192 3780 229 3820; x_wconf 83' lang='lat'><strong>5.</strong></span> <span class='ocrx_word' id='word_1_390' title='bbox 261 3779 409 3832; x_wconf 78' lang='grc' dir='ltr'>κύπρον</span> <span class='ocrx_word' id='word_1_391' title='bbox 431 3783 646 3830; x_wconf 80' lang='lat' dir='ltr'><strong>suspicatus</strong></span> <span class='ocrx_word' id='word_1_392' title='bbox 665 3785 717 3821; x_wconf 87' lang='lat' dir='ltr'><strong>est</strong></span> <span class='ocrx_word' id='word_1_393' title='bbox 737 3783 932 3830; x_wconf 83' lang='lat' dir='ltr'><strong>Petavius,</strong></span> <span class='ocrx_word' id='word_1_394' title='bbox 962 3781 1062 3830; x_wconf 78' lang='lat' dir='ltr'><strong>quod</strong></span> <span class='ocrx_word' id='word_1_395' title='bbox 1173 3778 1212 3819; x_wconf 86' lang='grc'><strong>6.</strong></span> <span class='ocrx_word' id='word_1_396' title='bbox 1246 3776 1362 3832; x_wconf 81' lang='grc' dir='ltr'>πόμα</span> <span class='ocrx_word' id='word_1_397' title='bbox 1391 3781 1471 3819; x_wconf 88' lang='lat' dir='ltr'><strong>cod.</strong></span> <span class='ocrx_word' id='word_1_398' title='bbox 1501 3782 1574 3819; x_wconf 80' lang='lat' dir='ltr'><strong>len.</strong></span> <span class='ocrx_word' id='word_1_399' title='bbox 1606 3784 1639 3818; x_wconf 81' lang='lat' dir='ltr'><strong>et</strong></span> <span class='ocrx_word' id='word_1_400' title='bbox 1663 3781 1764 3819; x_wconf 82' lang='lat' dir='ltr'><strong>editi.</strong></span> <span class='ocrx_word' id='word_1_401' title='bbox 1810 3781 1938 3833; x_wconf 75' lang='grc' dir='ltr'>πῶμα</span> <span class='ocrx_word' id='word_1_402' title='bbox 1962 3782 2044 3821; x_wconf 84' lang='lat' dir='ltr'><strong>cod.</strong></span> 
     </span>
     <span class='ocr_line' id='line_1_42' title="bbox 136 3838 1278 3886; baseline -0.002 -10"><span class='ocrx_word' id='word_1_403' title='bbox 136 3839 250 3886; x_wconf 82' lang='lat' dir='ltr'><strong>plane</strong></span> <span class='ocrx_word' id='word_1_404' title='bbox 277 3839 447 3885; x_wconf 81' lang='lat' dir='ltr'><strong>ineptum</strong></span> <span class='ocrx_word' id='word_1_405' title='bbox 478 3841 541 3876; x_wconf 88' lang='lat' dir='ltr'><strong>est.</strong></span> <span class='ocrx_word' id='word_1_406' title='bbox 1119 3838 1278 3886; x_wconf 69' lang='lat' dir='ltr'><strong>Rhediy.</strong></span> 
     </span>
    </p>
   </div>
   <div class='ocr_carea' id='block_1_5' title="bbox 1582 3906 1695 3958">
    <p class='ocr_par' dir='ltr' id='par_1_30' title="bbox 1582 3906 1695 3958">
     <span class='ocr_line' id='line_1_43' title="bbox 1582 3906 1695 3958; baseline 0 0"><span class='ocrx_word' id='word_1_407' title='bbox 1582 3906 1695 3958; x_wconf 83' lang='lat'><strong>33*</strong></span> 
     </span>
    </p>
   </div>
  </div>
 </body>
</html>
