2508 4134
207 1493 319 1549 Κεφ.
347 1490 399 1539 δ’.

208 2000 300 2036 pag.
317 1989 391 2026 832.

440 265 508 317 44
1152 271 1260 313 SAN
1268 271 1366 314 (ῘΤΙἶ
1389 273 1680 315 EPIPHANII

439 370 508 434 ὥς
532 388 680 440 φησι,
727 366 784 422 Ὁ
809 367 953 437 λόγος
979 366 1102 437 σάρξ
1131 366 1415 438 γενόμενος,
1465 370 1557 439 οὐχ
1588 368 1657 432 ώς
1686 366 1838 431 αὐτὸς
1870 366 2104 434 ὑπονοεῖ,
2150 368 2300 441 λόγον
2323 371 2382 426 ἔτι

439 454 628 523 πατρός
672 451 982 523 προελθόντα
1019 455 1105 510 καὶ
1142 456 1213 516 εἰς
1249 452 1410 523 σάρκα
1450 455 1893 522 μεταβεβλημένον·
1947 452 2080 508 οὕτω
2123 453 2216 524 γάρ
2253 453 2382 509 κατὰ

437 539 530 608 τὴν
554 539 875 608 ’ἤπατημένην
901 537 1059 592 αὐτοῦ
1089 540 1285 593 ἔννοιαν
1315 538 1582 610 διηγήσατο
1612 540 1726 608 περὶ
1752 544 1844 592 τοῦ
1871 537 2012 608 ὅρου.
2069 541 2141 592 Εἰ
2169 540 2222 594 δὲ
2250 541 2385 595 ἔστινχ

436 623 592 693 Ἀδοὶμ
619 622 716 693 πρὸ
749 629 841 676 τοῦ
868 619 993 677 εἶναι
1020 622 1108 678 τόν
1131 623 1309 694 λόγον,
1366 631 1391 662 ²
1408 622 1505 694 άρα
1530 622 1613 678 διά
1638 628 1773 686 τίνος
1801 621 1831 677 6
1860 621 2014 686 αὐτός
2037 621 2194 693 Ἀδάμ
2222 625 2382 681 κέκτι-

438 729 574 774 σται,
625 709 709 762 καὶ
753 706 916 761 πάντα
962 706 1022 762 τά
1065 708 1162 780 πρὸ
1194 707 1349 763 αὐτοῦ
1390 713 1628 778 κτίσματα
1664 715 1755 763 τοῦ
1782 714 1939 773 θεοῦ,
1992 707 2027 777 ἢ
2055 707 2184 780 πρὸς
2211 713 2319 763 τίνα
2351 707 2383 764 6

438 793 599 863 πατὴρ
641 796 830 862 εἴρηκε,
885 795 1187 862 Ποιήσωμεν
1221 792 1497 864 ἄνθρωπον
1508 818 1523 859 ,·
1603 794 1679 847 Οὐ
1707 793 1800 865 γάρ
1831 797 1904 856 τίς
1945 799 2116 856 3ποτε,
2136 792 2265 864 πρὸς
2290 792 2380 849 τόν

439 878 729 934 ἐνδιάθετον
768 875 926 932 αὐτοῦ
965 878 1142 949 λόγον,
1192 877 1228 947 ἢ
1255 878 1342 932 τόν
1377 878 1692 949 προφορικὸν
1718 881 2006 933 ἐπιτείνεται
2037 879 2129 948 τήν
2163 882 2382 948 συμβου-

436 968 567 1027 λίαν,
618 953 750 1016 άλλοῗ
773 962 903 1035 πρὸς
943 962 1029 1019 τόν
1066 966 1290 1032 ἔμφυτον
1322 966 1409 1018 καὶ
1451 964 1594 1034 ἅγιον
1629 963 1787 1018 αὐτοῦ
1821 963 1967 1035 λόγον
1993 963 2384 1033 τῆςμελλούσης

436 1056 525 1103 τοῦ
553 1047 834 1120 άνθρώπου
860 1052 1186 1120 δημιουργίας
1212 1057 1427 1104 ποιεῖται
1456 1049 1547 1117 τήν
1574 1047 1693 1117 μετά
1733 1048 1895 1118 πάσης
1921 1053 2104 1116 σοφίας
2135 1050 2382 1121 ἐξήγησιν,

436 1137 521 1188 ἵνα
547 1133 791 1203 μάθωμεν
829 1135 879 1198 ἐξ
912 1132 1065 1205 άρχῆς
1109 1132 1234 1188 εἶναι
1273 1133 1360 1189 τόν
1398 1138 1553 1188 παῖδα
1580 1133 1708 1205 πρὸς
1735 1133 1823 1189 τὸν
1859 1135 2020 1189 αὐτοῦ
2048 1137 2262 1205 πατέρα,
2297 1138 2385 1190 ἵνα

438 1219 506 1288 μή
545 1218 633 1273 τόν
673 1217 910 1289 ἡμέτερον
946 1223 1145 1288 κτίστην
1170 1222 1468 1291 πρόσφατον
1493 1224 1800 1288 νομίσωμεν,
1848 1219 1969 1274 ἀλλὰ
2007 1218 2099 1274 σῦν
2127 1221 2277 1289 πατρὶ
2303 1217 2383 1274 ἆεὶ

438 1302 723 1375 ὑπάρχοντα
764 1303 861 1375 πρὸ
896 1311 996 1358 τῶν
1036 1305 1259 1360 αἰώνων·
1313 1305 1381 1368 ώς
1418 1307 1503 1359 καὶ
1530 1302 1762 1373 Ἰωάννης
1793 1313 2037 1377 μαρτυρεῖ
2069 1306 2250 1376 λέγων,
2293 1305 2386 1359 Ἐν

438 1388 562 1465 ἀρχῇ
595 1383 659 1458 ἦν
695 1386 725 1443 6
761 1388 933 1460 λόγος,
969 1393 1055 1444 καὶ
1095 1389 1124 1445 6
1158 1389 1304 1462 λόγος
1340 1385 1405 1459 ἦν
1441 1389 1570 1459 πρὸς
1607 1389 1737 1444 4τὸν
1772 1389 1913 1444 θεόν.

594 1474 719 1539 Ῑ’“Ώς
741 1495 895 1544 φησιν
924 1482 951 1513 ⁴2
968 1474 1117 1538 αὕτὸς
1141 1474 1171 1530 6
1199 1476 1430 1546 ἀγύρτης.
1508 1477 1606 1528 Καὶ
1636 1473 1788 1538 αὐτός
1817 1497 1948 1544 φημι
1975 1472 2101 1529 εἶναι
2122 1473 2210 1529 τδν
2237 1474 2386 1546 λόγον

437 1558 520 1614 ἄπ’
544 1558 722 1630 άρχῆς,
777 1558 875 1614 ἀλλ’
908 1561 999 1630 οὐχ
1035 1560 1147 1615 υἷὸν
1183 1568 1312 1615 θεοῦ
1348 1561 1713 1632 γεγεννημένον.
1790 1562 1892 1614 Καὶ
1934 1563 1979 1614 εἰ
2013 1559 2080 1629 μὴ
2117 1562 2249 1615 ἔστιν
2274 1559 2385 1624 υἱὸς

435 1652 588 1712 θεοῦ,
627 1646 835 1714 μάταιος
861 1644 1018 1700 αὐτοῦ
1043 1645 1073 1700 6
1099 1646 1280 1712 πόνος,
1335 1653 1356 1684 3
1373 1649 1554 1715 ματαία
1578 1643 1735 1699 αὐτοῦ
1758 1646 1842 1699 καὶ
1869 1643 1903 1714 ἡ
1933 1649 2246 1716 προαίρεσις,
2296 1647 2381 1700 καὶ

437 1729 470 1800 ἦ
503 1733 667 1797 ἐλπὶς,
716 1733 802 1785 καὶ
835 1729 871 1799 ἦ
909 1731 1117 1786 διάνοια.
1199 1731 1332 1785 Οὐδὲ
1371 1730 1465 1802 γάρ
1502 1730 1851 1802 περισσότερον
1887 1737 1986 1785 τῶν
2030 1721 2385 1800 ἀρνησαμένων

438 1815 591 1871 αὐτόν
619 1815 873 1871 Ἰουδαίων
901 1811 1048 1880 οὗτος
1073 1818 1211 1888 λέγει.
1294 1816 1369 1870 Οὐ
1399 1815 1493 1888 γάρ
1529 1819 1655 1887 λέγει
1681 1818 1794 1886 περὶ
1833 1813 1990 1870 αὐτοῦ
2014 1814 2070 1870 vd
2107 1814 2388 1888 εὐαγγέλιον

436 1902 540 1969 ὅτι,
586 1901 669 1955 Ἐν
694 1900 820 1976 άρχῇ
843 1896 907 1970 ἦν
935 1900 966 1956 6
988 1901 1161 1973 λόγος,
1202 1904 1287 1956 καὶ
1318 1899 1348 1956 6
1371 1901 1516 1972 λόγος
1543 1896 1604 1971 ἦν
1631 1904 1684 1956 έν
1714 1907 1780 1975 τῷ
1806 1907 1938 1974 θεῷ,
1978 1899 2105 1967 ἀλλ’,
2155 1899 2211 1956 ‘O
2238 1901 2386 1973 λόγος

433 1982 497 2056 ἦν
529 1986 658 2058 πρὸς
682 1987 766 2042 τὸν
792 1989 929 2042 θεόν.
1007 1990 1108 2041 Καὶ
1138 1987 1199 2042 οὗ
1227 1989 1355 2058 λέγει
1385 1986 1462 2042 ὅτι
1496 1989 1549 2042 έν
1586 1993 1656 2060 τῷ
1682 1993 1789 2060 θεῷ
1819 1980 1881 2055 ἦν
1913 1985 2087 2055 μόνον,
2121 1984 2239 2040 άλλοὶ
2261 1985 2385 2050 θεός

433 2067 498 2141 ἦν
527 2070 557 2127 6
582 2073 739 2143 λόγος.
807 2072 932 2127 Ἀλλ’
958 2075 1012 2128 ἐν
1037 2080 1106 2146 τῷ
1138 2065 1397 2146 άνθρώπῳ
1427 2073 1516 2141 μὲν
1551 2072 1698 2143 λόγος
1727 2072 2015 2135 ἐνδιάθετος
2041 2070 2116 2126 άεὶ
2146 2074 2232 2126 καὶ
2261 2094 2386 2140 προ-

435 2157 647 2226 φορικὸς
682 2157 921 2228 ὑπάρχων
970 2159 1032 2213 οὗ
1069 2157 1277 2212 δύναται
1316 2160 1546 2229 λέγεσθαι
1581 2156 1882 2227 ἄνθρωπος,
1933 2156 2056 2210 ἄλλά
2098 2157 2384 2228 ἀνθρώπου

432 2243 590 2312 λόγος.
659 2246 774 2296 4Εἰ
801 2242 895 2297 οὐκ
920 2237 984 2311 ἦν
1016 2242 1160 2298 οὔπω
1176 2242 1233 2298 τὸ
1259 2245 1495 2314 γέννημα,
1523 2240 1592 2306 ώς
1623 2240 1774 2305 αὐτὸς
1799 2243 1940 2313 λέγει,
1966 2244 2047 2296 καὶ
2076 2245 2121 2296 εἰ
2144 2242 2290 2298 οῧπω
2321 2236 2387 2311 ἦν

434 2327 546 2391 υἱός
584 2334 607 2364 ⁶
637 2334 726 2382 τοῦ
753 2334 883 2382 θεοῦ
916 2327 1038 2392 θεός
1063 2327 1232 2399 λόγος,
1289 2327 1372 2382 διά
1407 2332 1539 2391 τίνος
1573 2326 1631 2382 τά
1675 2325 1837 2380 πάντα
1878 2329 2133 2398 γεγένηται
2145 2351 2160 2393 ;
2211 2327 2383 2397 ἐπειδή

435 2431 560 2480 φησι
584 2412 639 2467 vd
673 2413 981 2484 εὐαγγέλιον,
1036 2412 1214 2467 Πάντα
1255 2411 1318 2467 δι’
1347 2413 1504 2467 αὐτοῦ
1531 2414 1749 2483 ἐγένετο,
1801 2414 1887 2466 καὶ
1911 2415 2061 2482 χωρὶς
2088 2413 2245 2468 αὐτοῦ
2281 2414 2385 2484 ἐγέ-

435 2520 546 2553 νετο
587 2496 704 2553 οὐδὲ
741 2501 808 2553 ἕν.
879 2497 1020 2552 Ἀλλά
1051 2518 1199 2567 φησι,
1234 2498 1427 2566 ’Ώςπερ
1466 2496 1550 2552 διά
1586 2496 1736 2568 λόγου
1765 2494 1796 2551 6
1825 2495 2098 2567 ἅνθρωπος
2130 2497 2329 2566 πράττει
2354 2496 2384 2555 δ’

436 2584 691 2653 βούλεται,
741 2583 901 2646 οὕτως
929 2582 1010 2638 διά
1044 2590 1134 2638 τοῦ
1166 2587 1297 2638 ἰδίου
1334 2583 1484 2654 λόγου
1509 2581 1538 2637 6
1572 2581 1734 2652 πατὴρ
1766 2583 1849 2636 διά
1878 2589 1969 2637 τοῦ
1997 2581 2139 2645 ὄντος
2171 2585 2224 2637 έν
2246 2582 2385 2656 αὐτῷ

435 2668 566 2742 λόγῳ
601 2671 799 2737 ε’ποίησε
824 2668 884 2722 τά
908 2669 1082 2723 πάντα.
1163 2675 1285 2732 Πῶς
1322 2663 1413 2723 οὗν
1440 2667 1470 2723 6
1502 2667 1675 2736 κύριος
1711 2666 1795 2722 διά
1821 2674 1911 2723 τοῦ
1942 2668 2228 2739 εὐαγγελίου
2259 2669 2386 2739 λέγει

436 2753 539 2819 ὅτι,
562 2752 700 2817 ’Έως
725 2753 835 2825 ι’ίρτι
874 2752 903 2808 6
932 2753 1094 2823 πατὴρ
1126 2755 1374 2825 ἐργάζεται
1385 2797 1399 2821 ,
1449 2751 1588 2825 κάγώ
1621 2752 1884 2824 ἐργάζομαι
1895 2778 1910 2818 3
1993 2753 2059 2807 Τό
2087 2754 2164 2819 δὲ,
2209 2751 2265 2806 ‘O
2289 2774 2384 2808 πα-

435 2839 525 2910 τὴρ
557 2839 827 2910 ἐργάζεται,
883 2840 1022 2911 κάγώ
1054 2839 1342 2911 ἐργάζομαι,
1396 2839 1457 2893 οὐ
1496 2844 1585 2892 τοῦ
1625 2837 1813 2908 πατρὸς
1848 2837 1918 2907 μὴ
1963 2839 2286 2909 ἐργαζομένου
2329 2840 2384 2894 έν

434 2931 494 2998 τῇ
534 2931 623 2979 τοῦ
661 2928 776 2980 υἱοῦ
805 2928 1033 2999 ἐργασίᾳ,
1083 2923 1201 2979 οὐδὲ
1228 2930 1318 2978 τοῦ
1344 2926 1459 2977 υἵοῦ
1496 2921 1793 2993 θάλλοτρίου
1824 2922 1992 2989 ὄντος,
2028 2925 2111 2977 καὶ
2144 2922 2214 2992 μή
2243 2926 2383 2995 ἔργα·

437 3012 651 3078 σαμὲνου
699 3013 751 3065 ἐν
794 3018 855 3085 τῇ
890 3017 982 3065 τοῦ
1024 3008 1213 3080 πατρός
1259 3013 1572 3082 δημιουργίᾳ.
1652 3007 1827 3062 Πάντα
1867 3008 1960 3079 γάρ
1995 3005 2057 3061 τά
2091 3010 2260 3079 ἔργα,
2288 3008 2382 3063 ὅσα

435 3098 589 3161 ἔστιν,
639 3095 743 3164 ἅμα
783 3098 838 3150 ἐκ
864 3094 1054 3166 πατρός
1088 3097 1175 3149 καὶ
1214 3097 1330 3147 υἱοῦ
1366 3096 1452 3148 καὶ
1478 3093 1623 3165 άγίου
1653 3093 1934 3161 πνεύματος
1959 3095 2224 3164 γεγένηται.
2301 3091 2382 3148 Δι’

437 3181 593 3234 αὐτοῦ
617 3179 711 3251 γάρ
743 3180 803 3235 τοὶ
832 3180 995 3235 πάντα
1021 3183 1221 3251 γέγονεν
1250 3177 1352 3233 ἆπὸ
1391 3179 1602 3250 πατρὸς,
1652 3180 1737 3232 καὶ
1766 3177 1919 3240 αὐτὸς
1946 3177 2005 3230 τά
2029 3175 2192 3232 πάντα
2219 3177 2379 3249 εἰργά-

438 3284 554 3319 σατο
587 3264 681 3318 σύν
706 3268 893 3333 πατρὶ,
947 3267 1032 3319 καὶ
1070 3263 1162 3318 σύν
1200 3262 1322 3338 ἆγίῳ
1361 3265 1615 3333 πνεύματι.
1699 3269 1778 3335 Τῷ
1815 3262 1909 3332 γάρ
1944 3262 2075 3333 λόγῳ
2112 3267 2293 3332 κυρίου
2329 3266 2385 3318 οἰ

440 3347 639 3418 οὐρανοὶ
679 3350 1073 3419 ἐστερεώθησαν,
1125 3351 1211 3403 καὶ
1246 3355 1315 3422 τῷ
1353 3349 1599 3417 πνεύματι
1635 3353 1725 3402 τοῦ
1761 3346 2003 3414 στόματος
2038 3345 2195 3406 αὐτοῦ
2243 3355 2380 3402 πᾶσα

439 3431 473 3500 ἦ
503 3433 712 3501 δύναμις
750 3436 922 3490 αὐτοῦ.
997 3433 1094 3488 Διὸ
1133 3436 1216 3488 καὶ
1255 3433 1373 3502 μετά
1411 3435 1679 3500 ἀσφαλείας
1710 3430 1739 3486 6
1776 3430 1950 3500 κύριος
1987 3434 2038 3485 ἐν
2075 3438 2142 3505 τῷ
2181 3434 2398 3504 εὐαγγε-’

439 3522 527 3592 λίῳ
565 3521 715 3589 ἔλεγε,
763 3519 1020 3590 γινώσκων
1064 3517 1153 3582 τάς
1189 3517 1430 3582 ὑπονοίας
1466 3525 1564 3572 τῶν
1599 3518 2011 3584 πεπλανημένων,
2058 3517 2379 3588 προγνώστης

495 3690 534 3732 2.
566 3692 675 3731 Libri
703 3693 818 3742 vu190
847 3683 943 3743 ἆρα.
1370 3740 1376 3746 ,
1490 3690 1587 3730 Cn.
1609 3689 1678 3728 IV.
1711 3710 1762 3718 -
1827 3689 1859 3729 1.
1891 3684 2021 3732 Ἀλλὰ
2046 3702 2121 3741 pro
2149 3685 2211 3738 ὥς
2236 3691 2377 3731 substi-

496 3747 535 3788 3.
565 3745 736 3789 πώποτε
765 3750 847 3788 cod.
871 3751 1032 3799 Rhedi9.
1431 3749 1617 3788 tuendum
1647 3748 1792 3785 censuit
1821 3747 2021 3786 Pefavius.

498 3800 536 3845 4.
567 3800 638 3847 τὸν
665 3815 740 3844 om.
756 3806 798 3844 in
823 3806 911 3846 edit.
930 3807 1082 3847 Petavii
1100 3806 1230 3847 Gelon.
1257 3809 1373 3858 repet.
1487 3806 1526 3844 2.
1558 3797 1688 3850 αὐτὸς
1716 3813 1792 3842 om.
1823 3804 1865 3842 in
1892 3803 1982 3842 edit.
2011 3804 2177 3843 Patavii.
