2508 4134
455 259 481 310 1
493 259 557 310 12
1174 265 1377 308 SANCTI
1405 266 1650 316 EPIPHAN
1653 267 1692 308 11

452 365 628 435 ὅμοιον
654 363 779 418 κατὰ
807 362 1070 432 βούλησιν,
1122 361 1363 432 άνόμοιον
1390 361 1495 418 κατ’
1523 361 1711 418 οὐσίαν.
1787 361 1884 417 Διὸ
1909 360 2052 432 ἡμεῖς
2081 360 2394 435 ἀντεγράψα-

407 507 410 511 ,
454 473 570 521 μεν,
623 449 700 505 ὅτι
724 450 898 518 ὅμοιος
928 446 990 502 ού
1020 447 1147 503 κατὰ
1174 452 1377 518 μίμησιν
1414 448 1596 519 μόνον,
1649 446 1767 503 ἄλλά
1799 450 1883 503 καὶ
1912 446 2015 503 κατ’
2052 438 2241 504 οὐσίαν.
2307 449 2393 502 Ἐ-

239 817 324 854 pag.
347 807 423 844 869.

452 535 596 605 πειδή
623 539 793 590 τοίνυν
819 540 1009 606 πρῶτοι
1036 532 1178 604 ὑμεῖς
1206 534 1382 598 οὐσίας
1405 534 1713 604 ἐμνήσθητε,
1764 536 1985 606 λέγοντες
2018 531 2259 603 άνόμοιον
2289 532 2396 589 κατ’

453 621 656 687 ούσίαν,
705 622 790 675 καὶ
822 619 907 675 διά
929 627 1074 676 τοῦτο
1103 618 1402 686 σπουδάζετε
1427 621 1649 693 ἀρθῆναι
1676 619 1730 674 τό
1761 618 1918 689 ὄνομα
1945 626 2034 690 τῆς
2061 618 2261 687 ούσίας,
2311 622 2396 674 ’ἵνα

453 706 578 762 κατά
611 706 848 777 βούλησιν
883 706 1061 775 ὅμοιον
1089 704 1214 761 εἶναι
1240 705 1396 776 μόνον
1427 708 1609 778 λέγοιτε
1635 706 1722 760 τὸν
1749 705 1886 771 υἱὸν,
1940 709 1985 760 εἰ
2008 703 2212 775 άληθῶς
2235 708 2395 760 συντί-

454 802 612 848 θεσθε
638 792 764 848 κατά
789 793 952 848 πάντα
979 792 1154 862 ὅμοιον
1179 791 1266 847 τὸν
1292 791 1406 847 υἷόν
1429 797 1498 866 τῷ
1524 794 1692 864 πατρὶ,
1731 792 2124 861 ἆναθεματίσατε
2148 789 2268 856 τούς
2292 794 2398 846 δια-

455 878 619 952 φοράν
645 881 872 951 λέγοντας
908 877 1222 948 ὁμοιότητος,
1272 880 1356 932 καὶ
1385 877 1610 950 γράψατε
1639 877 1800 941 οὕτως
1823 878 1901 933 ὅτι
1911 922 1925 945 ,
1976 881 2053 932 Εἴ
2075 901 2150 943 τις
2175 877 2244 948 μὴ
2271 876 2397 934 κατὰ

452 966 616 1020 πάντα
643 967 776 1037 λέγοι
803 964 980 1035 ὅμοιον
1010 964 1098 1019 τὸν
1134 963 1248 1019 υἷόν
1285 970 1355 1038 τῷ
1383 966 1560 1036 πατρὶ,
1612 961 1680 1027 ὥς
1714 971 1731 1001 ¹
1750 963 1863 1019 υἰὸν
1899 967 2073 1037 πατρὶ,
2126 963 2245 1019 ἀλλὰ
2271 962 2398 1020 κατά

455 1053 544 1121 μὲν
582 1051 819 1121 βούλησιν
857 1053 988 1122 λέγοι
1027 1050 1231 1120 ὅμοιον,
1279 1049 1405 1104 κατα
1433 1052 1487 1104 δὲ
1523 1049 1612 1119 τήν
1641 1048 1816 1104 οὐσίαν
1848 1050 2115 1121 ἀνόμοιον,
2167 1049 2399 1119 ἀνάθεμα

457 1140 595 1192 ἔστω.
672 1139 775 1191 Καὶ
801 1136 921 1206 μετὰ
950 1142 1105 1191 ταῦτα
1126 1139 1172 1190 εἰ
1193 1135 1456 1205 βούλονται
1491 1135 1664 1199 οὐσίας
1690 1134 1938 1205 ὀνόματος
1969 1144 2276 1207 μεμνῆσθαι,
2311 1137 2399 1191 καὶ

459 1224 697 1278 ἀθετοῦσι
734 1225 865 1278 2καὶ
900 1221 990 1286 τοὶς
1031 1224 1221 1276 ἑαυτῶν
1255 1219 1580 1294 ὑπογραφάς,
1634 1220 1805 1286 ούσίας
1844 1220 2098 1293 πανταχοῦ
2129 1220 2399 1293 μνημονεύ-

458 1328 655 1377 σαντες,
692 1311 776 1365 καὶ
806 1309 866 1363 τά
894 1315 995 1363 τῶν
1020 1309 1249 1380 πατέρων
1273 1303 1688 1380 ὅμολογείτωσαν,
1736 1307 1803 1377 μή
1831 1308 1985 1377 μόνον
2010 1308 2137 1363 κατὰ
2162 1306 2253 1378 τὴν
2282 1306 2402 1377 βού-

459 1403 627 1465 λησιν,
679 1393 799 1450 ἀλλὰ
825 1394 952 1449 κατὰ
987 1393 1042 1449 τὸ
1078 1392 1230 1460 εἶναι,
1280 1395 1366 1448 καὶ
1404 1392 1531 1448 κατά
1576 1392 1669 1447 3τὸ
1706 1391 2007 1461 ὑφεστάναι,
2054 1396 2138 1449 καὶ
2176 1391 2303 1449 κατὰ
2345 1390 2400 1448 τό

460 1479 727 1552 ὑπάρχειν,
784 1481 951 1536 4κατᾶ
982 1480 1143 1535 πάντα
1170 1479 1413 1544 καθάπαξ
1451 1479 1628 1549 ὅμοιον
1661 1476 1788 1533 εἶναι
1829 1478 1917 1534 τόν
1951 1478 2066 1535 υἱόν
2103 1481 2280 1552 πατρὶ,
2333 1475 2402 1542 ὥς

466 1567 624 1623 ῡυὶὁν
659 1570 839 1640 πατρὶ,
875 1565 1052 1630 καθώς
1088 1569 1144 1620 αἱ
1175 1573 1315 1620 θεῖαι
1349 1567 1548 1637 λέγουσι
1583 1568 1785 1637 γραφαί.

608 1828 701 1891 Εἰς
727 1823 819 1895 τὴν
857 1827 1145 1879 ἐκτεθεῖσαν
1182 1828 1371 1890 πίστιν,
1423 1824 1536 1895 περὶ
1578 1829 1670 1878 τοῦ
1706 1823 1883 1893 ὅμοιον
1921 1820 2048 1877 εἶναι
2083 1820 2172 1877 τόν
2197 1820 2311 1877 υίὸν
2333 1828 2405 1896 τῷ

462 1913 613 1985 πατρὶ
644 1912 769 1968 κατὰ
795 1911 981 1977 πάντα,
1019 1909 1318 1982 ύπέγραψαν
1345 1909 1525 1974 οὕτως·
1577 1909 1797 1981 Μάρκος
1821 1907 1851 1964 ὁ
1876 1911 2147 1972 ἐπίσκοπος
2169 1905 2404 1978 Ἀρεθου-

464 2004 574 2063 σίας
599 1998 731 2054 οὕτω
759 1997 971 2052 πιστεύω
1000 1998 1084 2051 καὶ
1113 2003 1285 2068 φρονῶ
1318 2004 1421 2059 τοῖς
1445 1997 1921 2068 προγεγραμμένοις,
1969 1997 2055 2049 καὶ
2092 1997 2145 2049 οἱ
2166 1991 2407 2065 παρόντες

466 2084 667 2155 ὁμοίως.
745 2083 941 2153 Ούάλης
969 2084 1023 2137 δὲ
1052 2082 1235 2146 οὕτως·
1272 2081 1459 2145 ’Ὅπως
1494 2082 1582 2151 μὲν
1612 2079 1971 2153 ύπεγράψαμεν
1999 2087 2062 2155 τῇ
2091 2081 2274 2134 6νυκτὶ
2301 2081 2403 2134 ἐπι-

469 2170 772 2240 φωσκούσης
804 2177 892 2240 τῆς
920 2175 1255 2237 πεντηκοστῆς
1277 2166 1366 2237 τὴν
1389 2169 1824 2239 προγεγραμμένην
1845 2163 2176 2238 ὑπογραφὴν,
2214 2167 2406 2219 οἷ’δασιν

467 2261 519 2313 οἱ
542 2256 794 2330 παρόντες,
832 2257 914 2310 καὶ
942 2252 972 2309 ὁ
995 2253 1196 2323 εὐσεβὴς
1219 2253 1469 2322 βασιλεύς,
1508 2253 1634 2324 πρὸς
1661 2252 1719 2308 ὃν
1740 2254 1825 2307 καὶ
1854 2250 2221 2324 ἐμαρτυράμην,
2257 2247 2408 2323 άγρά-

469 2365 579 2410 φως
621 2364 671 2396 τε
706 2343 789 2396 καὶ
831 2340 1106 2413 ἐγγράφως
1183 2339 1334 2393 Μετα
1371 2339 1423 2393 δὲ
1461 2343 1615 2393 ταῦτα
1655 2341 1819 2393 οἰκείω
1859 2336 1979 2407 ἤθει
2022 2335 2409 2441 ύπογράψαντος

476 2428 777 2494 Οὐάλεντος,
827 2429 911 2482 καὶ
943 2424 1357 2497 προςτεθεικότος
1389 2431 1450 2500 τῇ
1484 2423 1781 2500 ὑπογραφῇ,
1822 2422 2038 2493 ’Ὅμοιον
2077 2422 2163 2477 τόν
2200 2420 2314 2476 υἱον
2339 2427 2409 2496 τῷ

470 2537 649 2585 πατρι,
701 2511 769 2582 μὴ
796 2510 1203 2584 προςτεθεικότος
1238 2512 1315 2576 δὲ,
1371 2509 1513 2564 Κατα
1541 2509 1732 2577 πάντα,
1781 2511 1866 2564 καὶ
1894 2506 2190 2574 δείξαντος’
2171 2508 2363 2572 όπως7
2376 2530 2410 2576 η

471 2601 707 2654 συνέθετο
731 2606 836 2661 τοῖς
858 2599 1325 2670 προγεγραμμένοις,
1363 2620 1397 2666 η
1428 2619 1484 2651 το
1515 2595 1785 2665 ὁμοούσιον
1812 2602 1921 2659 πῶς
1945 2603 2074 2662 νοεῖ,
2111 2596 2411 2663 ἐπισημηνα-

474 2687 626 2754 μένου
647 2706 698 2739 τε
722 2690 899 2739 τοῦτον
921 2688 1009 2739 τοῦ
1032 2681 1266 2753 εὐσεβοῦς
1293 2683 1546 2752 βασιλέως,
1586 2683 1671 2736 καὶ
1695 2680 2064 2753 ἀναγκάσαντος
2087 2677 2239 2734 αύτὸν
2263 2700 2410 2752 προς-

472 2778 640 2826 θεῖναι
664 2769 749 2836 τὸ,
806 2769 947 2824 Κατὰ
985 2770 1173 2836 πάντα,
1225 2768 1346 2841 ὅπερ
1374 2770 1459 2823 καὶ
1489 2769 1831 2838 προςτέθεικε,
1886 2770 2137 2829 Βασίλειος
2161 2762 2411 2819 ύποπτεύ-

473 2875 563 2921 σας
587 2860 673 2911 καὶ
702 2854 786 2922 τὸ,
827 2854 969 2909 Kato}
998 2854 1186 2921 πάντα,
1241 2857 1350 2929 ἰδίῳ
1376 2860 1447 2928 νῷ
1483 2853 1639 2908 αὐτόν
1661 2853 2063 2925 προςτεθεικέναι
2092 2853 2200 2914 8εἰς
2225 2849 2286 2904 τοὶ
2309 2853 2410 2917 ἴσα,

475 2941 792 2998 ἐσπούδασαν
816 2944 867 2996 οἱ
884 2943 997 3013 περὶ
1022 2939 1268 2994 Οὐάλεντα
1286 2944 1470 3009 λαβεῖν,
1511 2937 1588 3008 ἐφ’
1609 2934 1649 3014 ᾧ
1667 2961 1717 2993 τε
1745 2939 2046 3007 ἆποκομῖσαι
2073 2939 2143 2999 εἰς
2168 2935 2258 3005 τὴν
2284 2934 2411 2991 κατὰ

476 3028 726 3101 Ἀρίμινον
755 3027 993 3093 σύνοδον,
1031 3023 1319 3097 ὑπέγραψεν
1345 3024 1528 3089 οὕτως·
1588 3029 1844 3087 Βασίλειος
1870 3026 2142 3085 ἐπίσκοπος
2170 3019 2414 3093 Ἀγκύρας

475 3114 690 3170 πιστεύω
718 3116 804 3169 καὶ
832 3116 1119 3168 συνευδοκῶ
1148 3119 1252 3174 τοῖς
1282 3112 1761 3183 προγεγραμμένοις,
1812 3109 1988 3178 ὅμοιον
2027 3106 2282 3178 ὁμολογῶν
2324 3105 2414 3162 τὸν

474 3200 588 3255 νῖὁν
615 3207 682 3274 τῷ
713 3202 859 3272 πατρὶ
886 3197 1012 3253 κατά
1039 3195 1228 3263 πάντα,
1278 3195 1403 3250 κατά
1438 3194 1602 3251 πάντα
1629 3196 1682 3249 δὲ
1710 3193 1771 3249 οὖ
1799 3193 1952 3263 μόνον
1965 3192 2091 3248 κατὰ
2120 3192 2211 3262 τὴν
2233 3192 2411 3263 βούλη-

477 3304 581 3352 σιν,
631 3285 750 3340 ἄλλα
774 3283 899 3340 κατὰ
930 3282 1020 3353 τὴν
1044 3281 1344 3349 ὑπόστασιν,
1397 3284 1483 3336 καὶ
1510 3280 1635 3336 κατὰ
1669 3279 1760 3349 τὴν
1799 3278 2035 3351 ὕπαρξιν,
2089 3280 2174 3333 καὶ
2201 3276 2328 3333 κατὰ
2355 3274 2410 3332 τό
2437 3345 2442 3348 ἢ

479 3369 602 3425 εἶναι
618 3414 633 3438 ,
685 3370 753 3435 ὥς
777 3371 913 3437 υἱὸν,
965 3366 1091 3424 κατά
1116 3367 1205 3431 τάς
1230 3371 1375 3431 θείας
1407 3366 1602 3440 γραφάς
1627 3372 1821 3433 πνεῦμα
1847 3367 1901 3419 ἐκ
1932 3362 2234 3434 πνεύματος,
2286 3362 2415 3433 ζωὴν

480 3457 534 3510 ἐκ
561 3462 712 3525 ζωῆς,
766 3463 875 3524 φῶς
910 3458 965 3511 ἐκ
991 3452 1185 3523 φωτὸς,
1238 3451 1363 3507 θεόν
1392 3456 1447 3509 ἐκ
1473 3458 1628 3519 θεοῦ,
1667 3448 1910 3519 ἀληθινόν
1935 3448 2048 3505 υἷὸν
2075 3452 2124 3515 ἐξ
2153 3448 2413 3520 άληθινοῦ,

540 3599 637 3640 Gn.
668 3602 814 3642 xxn.
847 3625 901 3632 --
955 3601 990 3642 1.
1021 3602 1200 3642 Fortasse
1227 3596 1328 3648 υἱὸς.
1538 3599 1577 3640 5.
1607 3600 1785 3664 Fortasse
1809 3591 1912 3644 υἱὸς.

536 3656 576 3697 2.
607 3656 681 3699 καὶ
709 3670 783 3698 om.
815 3660 875 3699 ed.
904 3660 1042 3700 Petav.
1537 3653 1576 3696 6.
1606 3653 1736 3708 νυκτῆ
1766 3654 1878 3694 codd.
1908 3663 1998 3693 mss.
2026 3656 2061 3693 et
2090 3654 2149 3693 ed.
2174 3655 2301 3703 princ.

536 3711 578 3755 3.
607 3710 655 3755 τὸ
687 3725 762 3753 om
793 3717 853 3755 ed.
882 3717 1016 3756 Petav
1050 3716 1179 3755 Calon.
1208 3717 1326 3765 repet.
1539 3711 1579 3754 7.
1608 3705 1640 3765 ἧ“
1670 3708 1866 3753 συνέὲετο
1900 3721 1969 3760 ⁶90
2004 3711 2195 3760 rescripsi.
2254 3707 2292 3751 εἰ
2322 3719 2413 3751 συν-

536 3765 577 3810 4.
606 3771 778 3821 Excidit,
803 3773 847 3811 ni
868 3772 1000 3823 fallor,
1027 3769 1101 3814 καὶ
1118 3773 1318 3822 particula
1340 3773 1428 3811 ante
1485 3767 1605 3811 έὲετο
1639 3762 2155 3808 σοά.1εη.εἰσσυνέὲετο
2195 3766 2278 3807 cod.
2307 3766 2415 3806 Rhe-

480 3823 602 3871 κατά.
1483 3827 1565 3877 di9.
1623 3821 1697 3867 καὶ
1726 3821 1922 3866 συνέθετο
1948 3825 2041 3865 editi
2069 3824 2168 3864 libri.
