2508 4134
431 290 533 343 340
1141 300 1343 342 SANch
1373 301 1656 343 EPJPHANH

433 403 619 462 271702'83
674 399 748 459 τίς
774 396 825 450 δὲ
855 393 884 450 6
912 394 1139 462 διδάξας,
1189 396 1223 466 ἢ
1256 396 1436 466 μαθών
1447 422 1462 463 ,-
1535 396 1618 451 Ἐκ
1655 398 1744 466 μὲν
1780 396 1873 469 γάρ
1904 396 2043 452 Σιών
2074 398 2362 464 ἐξελεύσεται

437 491 458 522 3
477 481 623 552 λόγος
650 486 853 553 κυρίου,
902 484 988 535 καὶ
1013 481 1167 550 νόμος
1193 490 1322 537 θεοῦ
1350 486 1399 547 ἐξ
1422 481 1750 555 Ἰερουσαλήμ.
1833 490 1996 538 Ταῦτα
2024 486 2077 539 δὲ
2100 485 2263 540 πόθεν
2292 488 2365 552 ἐξ·

428 574 582 636 ἦλθες
620 575 766 630 ποῖος
795 566 924 641 ᾅδης
949 567 1252 639 ἐξερεύξατο,
1290 567 1560 637 ὅμοούσιον
1592 572 1743 622 εἰπεῖν
1775 572 1871 623 4ἐκ
1895 575 2104 642 Μαρίας
2135 578 2276 640 σῶμα
2303 579 2364 647 τῇ

427 659 517 707 τοῦ
546 652 695 725 λόγου
722 653 952 723 θεότητις
1001 652 1036 722 ἢ
1068 653 1144 708 ὅτι
1169 651 1198 708 o‘
1220 653 1363 724 λόγος
1395 657 1463 717 εἰς
1497 653 1657 725 σάρκα
1691 657 1775 708 καὶ
1814 655 1938 710 ὀστᾶ
1972 658 2058 711 καὶ
2090 661 2255 728 τρίχας
2279 658 2362 712 καὶ

429 738 545 793 ὅλον
572 746 714 808 σῶμα
741 742 1110 809 μεταβέβληται,
1148 741 1234 793 καὶ
1263 738 1448 810 ἠλλάγη
1477 746 1564 808 τῆς
1593 742 1723 802 ἰδίας
1746 739 1946 808 φύσεως
1957 765 1973 807 3
2027 748 2050 779 ⁶
2077 746 2164 805 Τίς
2195 743 2288 797 σδὲ
2311 740 2363 797 ὅ·

424 831 521 888 λως
552 823 734 894 ἤκουσε
770 825 907 896 παρά
941 831 1252 897 Χριστιανῶν
1280 827 1356 879 ὅτι
1386 826 1550 890 θέσει,
1598 827 1683 879 καὶ
1711 825 1773 879 οὗ
1800 826 1950 894 φύσει
1975 833 2115 897 σῶμα
2141 827 2363 900 πεφόρη-

425 932 508 964 κεν
537 908 565 965 6
595 910 776 978 Τυῖὁς,
832 910 866 980 ἢ
891 915 962 975 τίς
989 918 1227 966 τοσοῦτον
1271 910 1508 980 ἠσέβησεν
1546 910 1665 973 ἆίςτε
1703 915 1859 966 εἰπεῖν
1899 912 2002 981 ἅμα
2037 916 2123 968 καὶ
2159 921 2364 986 φρονεῖν

425 995 501 1050 ὅτι
544 994 619 1066 δή
646 996 830 1065 θεότης
873 995 1068 1051 9αύτοῦ
1107 995 1142 1066 ἡ
1179 995 1445 1066 ὅμοούσιος
1485 1003 1554 1070 τῷ
1593 999 1745 1068 πατρὶ
1791 997 1990 1068 1θαύτή
2033 1000 2360 1070 περιετμήθη,

423 1084 508 1136 καὶ
555 1081 726 1152 άτελης
771 1085 826 1137 ἐκ
871 1087 1055 1137 τελείου
1092 1084 1288 1154 γέγονε,
1348 1084 1503 1136 11καὶ
1530 1081 1585 1136 τὸ
1623 1085 1675 1137 ἐν
1703 1089 1774 1157 τῷ
1812 1083 1939 1157 ξύλῳ
1980 1084 2361 1155 καθηλούμενον

424 1166 517 1222 ούκ
545 1162 611 1237 ἧν
639 1168 694 1223 τὸ
720 1175 889 1239 σῶμα,
930 1167 1048 1223 ἄλλά
1076 1166 1200 1237 αὕτη
1224 1166 1259 1237 ἦ
1286 1168 1588 1240 δημιουργός
1612 1166 1755 1223 ούσία
1782 1175 1870 1238 τῆς
1900 1170 2198 1238 ηφύσεωςς
2279 1175 2364 1235 Τίς

424 1254 477 1308 δὲ
503 1252 705 1309 ἀκούων
738 1255 814 1309 ὅτι
839 1253 931 1309 οὐκ
961 1258 1015 1309 ἐκ
1048 1258 1281 1325 Μαρίας,
1320 1252 1417 1307 ἄλλ’
1446 1257 1500 1308 ἐκ
1534 1261 1621 1323 τῆς
1658 1261 1711 1293 ¹3
1730 1253 1884 1309 αὐτοῦ
1911 1253 2082 1320 ούσίας
2109 1260 2358 1327 μετεποίη-

423 1358 507 1393 σεν
544 1341 702 1413 ἑαυτῷ
739 1347 880 1410 σῶμα
918 1339 1148 1409 παθητόν
1179 1337 1209 1394 6
1234 1339 1405 1411 λόγος,
1456 1342 1588 1394 εἴποι
1632 1339 1695 1394 (ἲν
1723 1341 2020 1412 Χριστιανὸν
2044 1341 2132 1396 τόν
2161 1344 2362 1413 λέγοντα

421 1431 600 1491 ταῦτα,
639 1429 712 1489 τίς
736 1428 789 1480 δὲ
815 1425 906 1495 τὴν
945 1425 1186 1495 οἷθέμιτον
1212 1423 1399 1494 ταύτην
1430 1424 1694 1495 ἐπενόησεν
1721 1425 1973 1499 ἀσέβειαν,
2024 1426 2143 1491 ὤςτε
2170 1427 2265 1482 κᾶν
2293 1431 2362 1493 εἰς

422 1511 700 1580 ἐνθύμησιν
728 1515 894 1567 ἐλθεῖν
922 1515 1006 1566 καὶ
1036 1515 1189 1565 εἰπεῖν
1227 1511 1304 1566 ὅτι
1328 1509 1355 1566 6
1381 1513 1534 1583 λέγων
1560 1514 1614 1566 ἐκ
1642 1516 1851 1582 Μαρίας
1880 1511 2005 1568 εἶναι
2033 1513 2088 1569 τό
2120 1514 2362 1586 κυριακὸν

420 1604 564 1666 σῶμα
597 1598 764 1652 οὐκέτι
805 1596 1008 1670 τριάδα,
1059 1596 1181 1652 ἄλλά
1227 1596 1434 1669 τετράδα
1475 1600 1528 1652 ἐν
1568 1606 1627 1673 τῇ
1663 1597 1865 1667 θεότητι
1911 1608 2116 1671 φρονεῖς
2171 1586 2238 1673 οἷς
2277 1598 2361 1654 διά

418 1691 564 1738 τοῦτο
594 1683 710 1747 τούς
747 1683 879 1738 οὕτω
920 1685 1259 1752 διακειμένους
1298 1690 1384 1753 τῆς
1426 1682 1599 1747 οὐσίας
1636 1691 1723 1753 τῆς
1757 1685 1959 1756 τριάδος
1991 1687 2145 1757 λέγειν
2189 1684 2361 1756 Ῑ4τήν

419 1769 579 1841 σάρκα
603 1769 665 1838 ἢν
696 1769 958 1824 ἐνεδύσατο
991 1773 1045 1824 ἐκ
1073 1773 1282 1841 Μαρίας
1314 1767 1343 1824 o‘
1370 1769 1547 1841 σωτήρ.
1629 1770 1805 1824 Πόθεν
1843 1772 1897 1824 δὲ
1923 1770 2068 1826 πάλιν
2088 1770 2363 1843 ἠρεύξαντο]

418 1877 547 1919 τινες
573 1859 685 1925 ἴσην
709 1856 939 1925 ἀσέβειαν
965 1863 1071 1919 τοῖς
1097 1857 1499 1927 προειρημένοις,
1554 1856 1673 1919 effers
1698 1859 1851 1910 εἰπεῖν
1879 1855 1947 1927 μὴ
1971 1857 2208 1929 νεώτερον
2235 1855 2360 1913 εἶναι

418 1941 473 1995 vd
506 1947 649 2010 σῶμα
675 1948 764 2011 τῆς
790 1948 880 1996 τοῦ
906 1941 1057 2013 λόγου
1083 1941 1350 2011 θεότητος,
1390 1941 1510 1995 ἀλλὰ
1539 1946 1795 1997 συναΐδιον
1826 1941 1960 2017 αύτῷ
1989 1942 2259 2007 διαπαντός
2283 1964 2357 2015 γε-

202 2053 290 2091 pag.
312 2043 388 2078 999.
422 2033 685 2098 γενῆσθαι,
738 2027 907 2097 ἐπειδὴ
933 2030 987 2082 ἐκ
1021 2034 1177 2096 ιδτῆς
1213 2032 1392 2094 σοφίας
1416 2030 1650 2097 συνέστη,
1701 2034 1810 2091 πῶς
1835 2030 1889 2082 δὲ
1914 2031 1999 2083 καὶ
2038 2029 2362 2098 ἄμφιβάλλειν

418 2112 690 2182 ἐτόλμησαν
713 2116 765 2167 οἱ
792 2113 1046 2185 λεγόμενοι
1073 2116 1390 2184 Χριστιανοὶ,
1438 2116 1484 2167 εἰ
1505 2111 1534 2168 6
1561 2117 1616 2168 ἐκ
1646 2118 1854 2186 Μαρίας
1878 2113 2141 2186 προελθών
2169 2115 2358 2188 κύριος,

415 2197 527 2261 υἱός
560 2200 648 2268 μὲν
673 2205 735 2273 τῇ
766 2198 910 2273 οὐσίᾳ
939 2202 1024 2253 καὶ
1052 2206 1112 2275 τῇ
1143 2199 1290 2268 φύσει
1320 2206 1409 2254 τοῦ
1443 2206 1572 2254 θεοῦ
1604 2202 1727 2265 ἐστι,
1780 2197 1835 2254 τὸ
1865 2201 1918 2253 δὲ
1954 2199 2079 2254 κατά
2108 2200 2268 2273 σάρκα
2303 2204 2359 2256 ἐκ

416 2286 694 2355 σπέρματος
723 2289 886 2354 Δαβίδ
914 2288 1042 2351 ἐστι,
1093 2285 1276 2356 σαρκός
1312 2287 1364 2339 δὲ
1390 2292 1477 2354 τῆς
1524 2282 1667 2356 ἇγίας
1695 2288 1928 2356 Μαρίας,
2010 2290 2149 2350 Τίνες
2188 2284 2358 2359 16ἆτ’ροι

416 2369 548 2423 οὕτω
580 2373 813 2442 τολμηροὶ
851 2370 1109 2441 γεγόνασιν
1138 2370 1257 2435 ὤςτε
1290 2374 1446 2425 εἰπεῖν
1473 2369 1560 2425 τὸν
1590 2369 1808 2442 Χριστὸν
1835 2370 1922 2426 τόν
1953 2375 2098 2444 σαρκὶ
2125 2372 2356 2427 παθόντα

415 2457 501 2509 καὶ
528 2457 900 2527 ἐσταυρωμένον
942 2455 1009 2525 μὴ
1050 2455 1175 2511 εἷναι
1217 2456 1393 2529 κύριον
1432 2459 1518 2510 καὶ
1564 2463 1762 2528 σωτῆρα
1797 2459 1880 2511 καὶ
1909 2457 2031 2512 θεὸν
2064 2460 2218 2512 17καὶ
2243 2457 2357 2514 vidae

413 2547 504 2595 τοῦ
535 2540 747 2613 πατρόςς
798 2540 831 2610 ἢ
855 2549 963 2604 πῶς
992 2545 1282 2612 Χριστιανοὶ
1321 2545 1552 2597 θέλουσιν
1591 2541 1924 2612 ὀνομάζεσθαι
1955 2546 2006 2598 οἱ
2030 2545 2250 2615 λέγοντες
2287 2547 2356 2609 εἰς

415 2625 689 2697 ἄνθρωπον
716 2627 886 2698 ὂῖγιον,
939 2626 1005 2690 ὥς
1041 2630 1122 2682 ἐπὶ
1150 2630 1236 2682 ἕνα
1278 2635 1376 2682 τῶν
1403 2635 1704 2701 προφητῶν,
1758 2630 2048 2697 ἐληλυθέναι
2077 2628 2165 2684 τᾶν
2188 2629 2354 2702 λόγον,

411 2714 498 2766 καὶ
523 2711 591 2781 μὴ
619 2711 772 2767 αὐτόν
804 2711 1079 2783 ἄνθρωπον
1107 2716 1373 2786 γεγονέναι,
1410 2714 1624 2784 λαβόντα
1651 2717 1706 2769 ἐκ
1736 2719 1942 2787 Μαρίας
1966 2714 2022 2769 vd
2050 2723 2218 2784 σῶμα,
2257 2714 2355 2770 ἄλλ’

413 2799 577 2869 ἕτερον
606 2796 730 2852 εἶναι
760 2798 849 2853 τόν
883 2799 1126 2870 Χριστόν,
1177 2803 1262 2856 καὶ
1299 2807 1353 2838 ¹⁸
1372 2799 1515 2855 ἄλλον
1551 2799 1638 2855 τόν
1668 2807 1758 2854 τοῦ
1785 2807 1910 2855 θεοῦ
1943 2800 2080 2867 υἱόν,
2137 2800 2225 2856 τόν
2251 2801 2349 2874 πρὸ

415 2887 625 2955 Μαρίας
655 2886 740 2938 καὶ
766 2884 863 2957 πρὸ
890 2885 1089 2941 αἰώνων
1114 2886 1228 2941 υἷὸν
1257 2885 1377 2941 ὅντα
1404 2893 1494 2941 τοῦ
1518 2885 1730 2958 πατρός,
1779 2886 1814 2955 ἢ
1840 2892 1947 2949 πῶς
1986 2892 2041 2924 ¹⁹
2063 2891 2354 2959 Χριστιανοὶ

413 2966 538 3024 εἶναι
569 2973 621 3024 οἱ
648 2971 868 3041 λέγοντες
910 2968 1052 3026 ἄλλον
1088 2972 1250 3028 20τόν
1291 2971 1415 3027 θεὸν
1458 2969 1609 3037 εἶναι,
1659 2974 1745 3027 καὶ
1784 2971 1929 3026 ἄλλον
1973 2969 2099 3027 εἶναι
2138 2971 2352 3028 τόντοῦ

413 3061 543 3109 θεοῦ
579 3054 750 3127 λόγονς

196 3435 307 3493 Κεφ.
328 3435 373 3481 ε’.
567 3433 730 3480 Ταῦτα
754 3421 818 3496 ἧν
843 3429 896 3481 ἐν
917 3435 1021 3491 τοῖς
1045 3426 1392 3500 ὑπομνήμασιν
1431 3437 1449 3467 ¹
1466 3428 1723 3500 διαφόρως
1746 3429 1832 3497 μὲν
1857 3431 2111 3502 εἰρημένα,
2147 3434 2265 3500 μίαν
2293 3431 2346 3486 δὲ

467 3528 506 3569 2.
536 3526 708 3572 πώποτε
735 3532 781 3571 Β.
1407 3527 1518 3581 ὅλως
1545 3529 1658 3586 παρὰ
1689 3530 1768 3585 Χρ.
1798 3534 1843 3573 Β.

467 3584 505 3626 3.
538 3588 836 3628 Rescribendum
857 3589 1019 3638 fortasse
1042 3586 1169 3643 νόμος
1193 3589 1347 3643 κυρίου,
1461 3589 1502 3631 6.
1533 3586 1581 3633 δὲ
1606 3591 1734 3630 omiss.
1759 3591 1800 3629 in
1824 3591 1883 3630 ed.
1912 3593 2047 3632 Petav.
2076 3592 2204 3632 Colon.
2227 3595 2344 3643 repet.

412 3639 486 3682 καὶ
511 3639 634 3696 λόγος
663 3643 761 3685 θεοῦ
779 3676 790 3695 ,
821 3646 863 3684 id
890 3647 994 3695 quod
1021 3648 1102 3687 iam
1130 3649 1350 3698 suspicatus
1462 3646 1501 3690 7.
1532 3642 1675 3699 κύριος
1701 3647 1748 3686 Β.

413 3702 497 3736 erat
539 3701 747 3741 Cotelerius
773 3703 942 3742 Monam.
977 3704 1054 3744 Vet.
1079 3706 1222 3745 Eccles.
1259 3708 1348 3745 tom.
1460 3703 1500 3746 8.
1531 3697 1562 3755 τῖ
1588 3705 1717 3743 omiss,
1743 3705 1785 3745 in
1813 3705 1872 3745 ed.
1901 3706 2038 3747 Petav.
2069 3706 2198 3746 Colon.
2225 3709 2340 3758 repet.

410 3754 469 3793 ΙΙΙ
479 3784 490 3801 ,
518 3767 558 3804 p.
580 3755 689 3806 609,
718 3760 776 3797 uti
805 3759 917 3798 habet
945 3762 1063 3800 etiam
1091 3762 1136 3801 Β.
1461 3757 1501 3801 9.
1533 3753 1642 3811 αὐτή
1674 3762 1719 3799 Β.

469 3808 507 3850 4.
538 3808 585 3852 τὸ
618 3809 666 3853 ἐκ
696 3815 740 3853 Β.
1466 3815 1528 3857 10.
1561 3812 1669 3867 αὐτή
1710 3829 1782 3857 om.
1814 3819 1860 3858 Β.

469 3867 506 3907 5.
552 3866 631 3915 Τίς
669 3866 716 3910 δὲ
744 3864 923 3922 ἤκουσεν
962 3869 1003 3915 ἐν
1041 3870 1274 3928 ἐκκλησίᾳ,
1316 3866 1348 3925 ἧ
1465 3871 1527 3913 11.
1561 3871 1634 3915 καὶ
1663 3867 1729 3915 ὅτι
1757 3871 1804 3916 τὸ
1837 3872 1879 3917 ἐν
1909 3868 2019 3932 ξύλῳ
2049 3876 2093 3916 Β.
