2508 4134
236 723 348 778 Κεφ.
373 720 441 776 κγ’

228 788 313 825 pag.
333 778 428 815 1107.

454 252 556 307 53‘2
1163 264 1369 306 SANc'm
1392 265 1679 307 EPIPHANH

453 364 648 423 ἑαυτοῖς
692 359 1054 428 ἐπινοήσαντες,
1104 362 1187 413 ἵνα
1216 358 1283 428 μὴ
1315 360 1466 431 ἀργὸν
1505 365 1614 429 βίον
1645 366 1918 428 διατελῶσι,
1969 362 2092 429 μηδὲ
2119 359 2206 415 τὸν
2235 358 2383 433 ἄρτον

453 447 789 517 βεβαρημένον
812 447 1056 499 ἐσθίωσιν.
1128 443 1212 498 Ἐν
1234 449 1546 519 ψαλμῳδίαις
1566 447 1618 500 δὲ
1642 449 1694 500 οἷ
1710 450 1907 509 πλείους
1930 447 2016 499 καὶ
2039 443 2201 515 εὐχαῖς
2225 448 2382 514 διηνε-

452 534 611 596 κέσιν,
651 529 948 602 ἀναγνῶσεσί
972 552 1021 584 τε
1058 536 1267 602 γραφῶν
1302 528 1456 602 ἀγίων
1487 533 1572 585 καὶ
1602 530 1996 600 ἀποστηθισμοῖς
2029 529 2310 586 ἀσκοῦνται.

602 703 730 772 Περὶ
761 702 812 754 δὲ
842 705 1116 770 ξενοδοχίας
1147 705 1233 755 καὶ
1269 705 1674 773 φιλανθρωπίας,
1725 702 2050 770 ἐλεημοσύνης
2085 724 2135 756 τε
2162 705 2234 764 εἰς
2259 701 2382 755 πάν-

452 808 564 852 τας,
611 793 763 840 πᾶσιν
794 784 824 840 ό
849 793 937 855 τῆς
960 785 1101 858 ἆγίας
1140 787 1320 856 ταύτης
1357 793 1628 855 καθολικῆς
1656 789 1741 839 καὶ
1778 785 2101 856 ἀποστολικῆς
2128 790 2383 856 ἐκκλησίας

450 871 645 943 καρπός
669 872 981 942 κεκήρυκται.
1064 871 1128 927 Τὸ
1160 875 1211 927 δὲ
1238 872 1444 943 λουτρόν
1476 874 1566 941 ἔχει
1597 870 1707 924 ἀντὶ
1737 877 1824 940 τῆς
1852 876 2218 940 παλαιωθείσης
2247 892 2381 942 περι-

450 964 605 1026 τομῆς
646 959 699 1011 έν
743 963 954 1032 Χριστῷ.
1042 958 1413 1012 Διαναπαύεται
1452 960 1504 1011 έν
1536 963 1603 1030 τῷ
1644 957 1834 1031 μεγάλῳ
1876 959 2109 1032 σαββάτῳ
2147 956 2256 1012 ἀντὶ
2291 964 2382 1012 τοῦ

452 1049 632 1114 μικροῦ
664 1042 934 1111 σαββάτου.
1006 1043 1257 1113 Ἀπέχεται
1289 1047 1550 1106 κοινωνίας
1587 1041 1821 1096 ἁπάντων
1855 1045 2101 1114 αἱρέσεων.
2165 1043 2382 1112 Ἀποκη-

451 1128 611 1199 ρύττει
633 1132 895 1200 πορνείαν,
933 1131 1016 1183 καὶ
1041 1133 1276 1198 μοιχείαν,
1314 1131 1399 1183 καὶ
1426 1127 1692 1199 ἀσέλγειαν,
1732 1130 1817 1182 καὶ
1847 1131 2260 1201 εἶδωλολατρείαν,
2297 1129 2382 1182 καὶ

450 1213 635 1281 φόνον,
672 1216 755 1268 καὶ
783 1221 948 1268 πᾶσαν
977 1219 1312 1286 παρανομίαν,
1346 1217 1434 1268 καὶ
1465 1218 1684 1285 μαγείαν,
1721 1216 1806 1267 καὶ
1836 1218 2172 1286 φαρμακείαν,
2210 1212 2383 1285 ἀστρο-

448 1304 650 1368 νομίαν,
687 1299 1069 1369 κληδονισμοῦς,
1124 1306 1329 1369 παλμῶν
1354 1299 1737 1371 παρατηρήσεις,
1787 1302 2068 1366 ἐπαοιδίας,
2123 1303 2382 1371 περίαπτα,

447 1384 508 1439 τά
547 1385 610 1455 δὴ
650 1385 927 1454 καλούμενα
964 1386 1288 1457 φυλακτήρια.
1354 1385 1717 1457 Ἀποκηρύσσει
1758 1385 1974 1457 θεάτρα,
2011 1387 2097 1440 καὶ
2130 1383 2380 1453 ἱππικούς,

447 1473 533 1525 καὶ
554 1471 777 1543 κυνήγια,
818 1471 1085 1540 μουσικούς
1112 1493 1162 1525 τε
1198 1473 1283 1525 καὶ
1322 1476 1489 1526 πᾶσαν
1516 1474 1808 1542 κακολογίαν
1830 1473 1915 1525 καὶ
1938 1469 2260 1537 καταλαλιάν,
2296 1472 2383 1524 καὶ

363 1612 366 1613 ⁷
447 1563 612 1610 πᾶσαν
655 1559 812 1626 μα’χην
854 1559 939 1610 καὶ
976 1561 1317 1627 βλασφημίαν,
1366 1557 1567 1612 ἀδικίαν
1591 1579 1640 1611 τε
1669 1559 1753 1610 καὶ
1791 1561 2091 1623 πλεονεξίαν,
2128 1559 2215 1611 καὶ
2242 1578 2382 1612 τοκο-

218 2705 330 2763 Κεφ.
350 2706 414 2750 κδ’
420 2736 429 2745 -

223 3381 307 3417 pag.
327 3371 421 3408 1108.

446 1647 646 1711 ληψίαν.
727 1642 1115 1713 Πραγματευτάς
1143 1641 1236 1697 οὐκ
1265 1641 1579 1712 ἀποδέχεται,
1618 1641 1737 1697 ἀλλά
1767 1641 2150 1714 ὑποδεεστέρους
2179 1642 2383 1696 πάντων

445 1726 648 1798 ἡγεῖται.
726 1728 1033 1800 Προςφοράς
1071 1727 1308 1797 λαμβάνει
1351 1728 1487 1801 παρὰ
1514 1736 1612 1783 τῶν
1639 1727 1730 1783 ούκ
1757 1726 2092 1794 ἀδικούντων,
2146 1727 2262 1783 οῦδὲ
2290 1750 2381 1781 πα-

448 1812 821 1884 ρανομούντων,
877 1813 997 1867 ἀλλά
1022 1817 1226 1877 δικαίως
1255 1814 1509 1883 βιούντων.
1583 1813 1755 1883 Εὗχάς
1781 1815 1834 1868 δὲ
1859 1816 2114 1883 ἐνδελεχῶς
2144 1813 2381 1884 προςτάσ-

448 1918 606 1966 σεται,
656 1899 774 1968 μετοὶ
806 1899 970 1969 πάσης
996 1899 1304 1969 πυκνότητος
1330 1903 1415 1955 καὶ
1461 1907 1478 1937 ¹
1498 1903 1711 1964 ἐκτενίας
1747 1902 1831 1954 καὶ
1855 1904 2163 1971 γονυκλισίας
2194 1902 2246 1953 ἐν
2276 1906 2382 1962 ταῖς

447 1987 758 2056 τεταγμέναις
794 1983 1001 2056 ἡμέραις
1037 1985 1231 2056 νύκτωρ
1271 1989 1354 2039 καὶ
1395 1984 1505 2054 μεθ’
1537 1984 1724 2057 ἡμέραν
1764 1986 2072 2054 ἀναπέμπειν
2108 1990 2228 2058 θεῷ.
2287 1983 2381 2036 ’Ἐν

444 2089 540 2125 τισι
564 2071 617 2124 δὲ
643 2071 814 2134 τόποις
841 2073 925 2124 καὶ
956 2074 1009 2125 ἐν
1038 2079 1140 2134 τοῖς
1174 2071 1385 2140 σάββασι
1420 2071 1642 2135 συνάξεις
1673 2074 1994 2126 ἐπιτελοῦσιν·
2033 2069 2094 2124 ού
2121 2068 2281 2138 πάντη
2310 2070 2377 2135 δὲ,

447 2155 566 2210 ἀλλά
595 2156 732 2228 παρά
761 2165 867 2220 τοῖς
893 2158 1131 2228 ἀκρέμοσι
1160 2156 1456 2225 φυλάσσεται
1487 2157 1541 2211 τὸ
1571 2156 1638 2225 μή
1664 2155 1875 2225 ὄμνῦναι
1906 2157 2046 2224 ὅλως,
2076 2156 2197 2224 μηδὲ
2221 2158 2377 2209 λοιδο-

447 2243 720 2313 ρήσασθαι,
771 2245 894 2311 μηδὲ
931 2250 1269 2314 καταρᾶσθαι,
1320 2246 1372 2297 ἐκ
1411 2242 1781 2314 προςτάγματος
1820 2238 1975 2296 αύτοῦ
2011 2248 2101 2296 τοῦ
2136 2247 2374 2312 σωτῆρος,

447 2328 566 2396 μήτε
588 2326 685 2397 μήν
707 2329 998 2395 ψεύσασθαι
1025 2328 1144 2382 ὅσον
1166 2327 1293 2382 κατὰ
1315 2327 1369 2382 τδ
1394 2327 1618 2382 δυνατόν.
1672 2331 1736 2382 Οἱ
1754 2333 1950 2392 πλείους
1975 2329 2028 2382 δὲ
2046 2326 2378 2400 πιπράσκουσι

445 2412 506 2467 τοὶ
542 2411 851 2485 ὑπάρχοντα,
890 2416 972 2468 καὶ
1013 2414 1206 2468 διδόασι
1243 2422 1466 2483 πτωχοῖς.

599 2662 759 2731 Οὗτος
789 2667 819 2723 ὅ
848 2669 1091 2740 χαρακτὴρ
1130 2668 1310 2738 ταύτης
1348 2677 1435 2739 τῆς
1479 2668 1646 2741 ἀγίας,
1695 2667 1813 2738 μετά
1857 2676 1944 2739 τῆς
1975 2671 2378 2745 προδηλωθείσης

446 2760 679 2822 πίστεως,
717 2757 803 2808 καὶ
833 2750 971 2809 οὗτοι
1006 2759 1057 2809 οἷ
1081 2758 1261 2824 θεσμοὶ
1289 2758 1342 2810 ἐν
1367 2757 1494 2831 αὐτῇ
1520 2756 1866 2827 ἀναφέρονται.
1947 2749 2106 2818 Οὗτος
2130 2755 2223 2826 γάρ
2247 2757 2377 2808 ἐστιν

446 2840 476 2897 o‘
511 2839 758 2914 χαρακτήρ
798 2847 886 2910 τῆς
934 2844 1212 2910 ἐκκλησίας,
1267 2840 1364 2896 ἀπὸ
1405 2841 1565 2911 νόμου
1608 2844 1693 2896 καὶ
1731 2847 2003 2912 προφητῶν
2042 2842 2126 2895 καὶ
2161 2839 2377 2898 ἀποστόα

446 2935 544 2981 λων
571 2929 655 2981 καὶ
684 2925 1030 2997 εύαγγελιστῶν
1054 2929 1383 2998 συνηγμένος,
1424 2927 1583 2999 ῶςπερ
1615 2930 1668 2982 ἐκ
1695 2934 1887 2981 πολλῶν
1914 2930 2102 2997 μυρίων
2125 2926 2377 2988 ἆντίδοτος

447 3013 618 3084 ἀγαθὴ
656 3019 759 3075 τοῖς
797 3014 1062 3082 χρωμένοις
1102 3016 1170 3075 είς
1214 3017 1457 3084 σωτηρίαν
1500 3014 1946 3081 κατεσκευασμένη,
2002 3014 2057 3065 ἐκ
2100 3010 2376 3078 θελήματος

447 3097 634 3169 πατρὸς
673 3100 757 3151 καὶ
781 3101 897 3152 υἷοῦ
934 3101 1018 3152 καὶ
1050 3097 1194 3170 άγίου
1236 3098 1526 3167 πνεύματος.
1606 3093 1761 3153 Οὗτοι
1786 3101 1837 3152 οἱ
1863 3102 2163 3168 χαρακτῆρες
2184 3101 2273 3164 τῆς
2299 3114 2374 3149 σε-

447 3190 573 3252 μνῆς
602 3182 784 3251 ταύτης
813 3183 1013 3252 νύμφης
1045 3190 1278 3255 Χριστοῦ.
1352 3185 1495 3254 Αὕτη
1522 3183 1556 3253 ἦ
1579 3187 1726 3255 προὶξ
1767 3185 1850 3238 καὶ
1883 3181 2101 3249 διαθήκη
2141 3186 2374 3252 κληρονο-

447 3273 578 3337 μίας,
616 3271 699 3322 καὶ
717 3269 942 3337 βούλημα
963 3276 1051 3323 τοῦ
1073 3270 1223 3338 αὐτῆς
1249 3274 1487 3339 νυμφίου,
1526 3272 1610 3324 καὶ
1637 3272 1937 3340 ἐπουρανίου
1961 3266 2125 3335 Ἰησοῦ
2154 3272 2374 3338 Χριστοῦ

445 3360 535 3407 τοῦ
558 3358 735 3425 κυρίου
760 3353 926 3423 ήμῶν,
975 3353 1040 3409 δι’
1069 3350 1131 3409 οῦ
1159 3358 1242 3409 καὶ
1276 3354 1387 3424 μεθ’
1418 3350 1480 3410 οῦ
1503 3363 1570 3428 τῷ
1606 3357 1755 3426 πατρὶ
1792 3354 1939 3419 δόξα,
1988 3350 2128 3421 τιμὴ,
2174 3352 2372 3425 κράτος,

448 3437 538 3492 σῦν
575 3435 698 3513 ἀγίῳ
736 3439 976 3509 πνεύματι
1015 3444 1084 3503 εἰς
1119 3444 1305 3504 αἰῶνας
1341 3442 1562 3507 αἰώνων,
1598 3439 1764 3509 Ἀμήν.

593 3608 784 3673 Πάντες
806 3613 859 3664 οἷ
877 3610 991 3682 παρ’
1008 3609 1127 3680 ἡμῖν
1146 3611 1354 3679 ἀδελφοὶ
1372 3609 1818 3683 προςαγορεύουσιν
1837 3605 1978 3676 ὑμῶν
1994 3607 2083 3676 τήν
2103 3609 2369 3678 τιμιότητα,

448 3693 650 3759 μάλιστα
677 3695 983 3763 Ἀνατόλιος,
1039 3696 1069 3751 o‘
1102 3697 1184 3751 διά
1224 3718 1275 3751 τε
1317 3701 1530 3766 σημείων
1567 3697 1652 3749 καὶ
1680 3696 1946 3764 σχεδαρίων
1974 3700 2070 3747 τῶν
2109 3694 2232 3749 κατά
2269 3701 2371 3749 τῶν

506 3807 602 3850 CAP.
619 3810 846 3850 ΧΧΙΙῙ.-
888 3813 922 3854 1.
940 3811 1126 3861 ἐκτενίας
1150 3813 1261 3854 codd.
1277 3825 1366 3853 mss.
1394 3816 1565 3863 uterque,
1592 3816 1627 3853 et
1653 3812 1742 3852 edit.
1756 3812 1880 3861 princ.
1923 3808 2131 3861 ἐκτενείας
2160 3812 2367 3854 ed.Petav.
