2508 4134
468 264 534 315 74

467 376 566 438 μᾶν
604 367 794 424 άπειλεῖ
826 372 912 424 καὶ
940 374 1010 435 εἰς
1044 369 1131 424 τὸν
1153 369 1277 424 ναόν
1304 377 1394 424 τοῦ
1421 378 1549 426 θεοῦ
1579 379 1787 428 καθῖσαι
1816 371 1940 443 ἤδη,
1989 372 2057 429 δι”
2078 375 2255 432 ἑαυτόν
2280 400 2401 450 προ-

1177 274 1383 315 8ΑΝΟΤῙ
1412 274 1695 317 ΕΡΙΡΗΑΝΠ

467 455 927 528 παρασκευάζοντες.

605 539 668 595 Ἡ
687 545 847 604 πίστις
875 540 1016 611 ἡμῶν
1040 544 1110 605 εἰς
1135 544 1320 613 πατέρα
1347 544 1432 596 καὶ
1463 541 1576 596 υἱὸν
1605 545 1692 597 καὶ
1722 542 1866 614 ἅγιον
1892 552 2085 616 πνεῦμα
2112 553 2159 617 [ι
2177 547 2225 618 ὅ]
2254 550 2398 603 ἐστιν.

470 626 613 681 Οὕτω
636 625 727 697 γάρ
756 629 979 682 ἐδίδασκε
1008 627 1125 691 τούς
1147 630 1335 682 Γἑαυτοῦ
1368 627 1601 697 μαθητάς
1632 626 1660 683 ὁ
1687 628 1862 701 κύριος
1887 628 2031 699 ήμῶν
2058 629 2247 701 Ἰησοῦς
2278 638 2400 702 Χρι-

465 711 579 775 στός
606 713 783 779 εἰπών,
839 715 1181 784 Πορευθέντες
1222 713 1565 782 μαθητεύσατε
1607 713 1768 769 πάντα
1794 714 1854 770 τά
1881 718 2041 785 ἔθνη,
2084 721 2400 786 βαπτίζοντες

463 796 647 861 αὐτούς
674 801 744 861 εἰς
776 798 829 853 τό
860 798 1018 868 ὄνομα
1045 806 1134 854 τοῦ
1162 800 1371 870 πατρός,
1427 801 1512 853 καὶ
1539 806 1627 853 τοῦ
1655 803 1797 867 υἱοῦ,
1847 804 1932 855 καὶ
1958 809 2050 857 τοῦ
2078 800 2224 874 άγίου
2252 803 2400 858 πνεύ-

463 906 626 951 ματος.

237 556 352 612 Κεφ.
380 556 434 614 γ’.

252 623 339 658 pag.
353 614 431 652 848.

708 882 815 938 Οὐκ
841 879 932 938 οὖν
953 888 1005 940 οἱ
1024 883 1413 956 ἆναγεννῶμενοι
1436 888 1504 948 είς
1526 885 1710 954 ταύτην
1731 886 1820 955 τὴν
1841 893 2001 943 πίστιν
2025 890 2242 958 εὐσεβῶς
2264 897 2399 943 νοεῖν

460 966 550 1031 τάς
578 971 633 1023 ἐκ
658 974 757 1023 τῶν
796 969 1054 1039 ὄνομάτων
1088 974 1280 1033 ἐννοίας
1309 970 1581 1039 ὀφείλομεν.
1661 970 1736 1025 Οὔ
1768 972 1861 1044 γάρ
1891 972 2022 1040 εἶπε,
2077 978 2399 1040 Βαπτίζοντες

463 1053 649 1118 αὐτοῦς
677 1059 746 1118 εἰς
776 1054 831 1110 τό
864 1054 1023 1124 ὄνομα
1052 1063 1142 1110 τοῦ
1177 1055 1398 1127 άσάρκου
1428 1058 1510 1110 καὶ
1537 1060 1906 1127 σαρκωθέντος,
1959 1059 1995 1128 ἢ
2021 1065 2111 1114 τοῦ
2137 1058 2397 1116 ἀθανάτου

457 1142 542 1194 καὶ
574 1140 803 1195 θανάτου
842 1150 1018 1213 πεῖραν
1052 1140 1319 1210 λαβόντος,
1370 1140 1516 1211 ἢτοῦ
1555 1140 1825 1213 άγεννήτου
1853 1146 1939 1198 καὶ
1960 1151 2229 1216 γεννητοῦ,
2278 1143 2396 1213 ἄλλ’,

460 1229 555 1289 Εἷς
585 1225 639 1280 τό
674 1232 763 1280 τοῦ
789 1226 999 1298 πατρὸς,
1037 1230 1121 1281 καὶ
1150 1234 1242 1282 τοῦ
1270 1231 1410 1294 υἱοῦ,
1448 1229 1532 1281 καὶ
1556 1235 1644 1283 τοῦ
1670 1227 1815 1300 άγίου
1841 1229 2135 1298 πνεύματος,
2173 1234 2256 1285 ἵνα
2285 1231 2397 1287 ὄνο-

460 1311 628 1380 μάτων
661 1314 1051 1383 προςακούοντες
1092 1312 1193 1368 dud
1221 1320 1319 1367 τῶν
1350 1320 1606 1380 φυσικῶν,
1658 1317 1752 1369 Ξέν
1788 1313 1870 1376 οἷς
1899 1313 1989 1368 τόν
2024 1317 2211 1385 πατέρα
2239 1320 2398 1372 αἶ’τιον

457 1396 632 1466 ὁμοίας
667 1398 825 1453 αὐτοῦ
863 1398 1035 1463 οὐσίας
1075 1402 1402 1468 3έννοοῦμεν,
1454 1401 1539 1453 καὶ
1578 1398 1632 1454 τό
1669 1398 1829 1468 ὄνομα
1863 1407 1954 1454 τοῦ
1985 1403 2100 1454 υἱοῦ
2128 1400 2398 1466 ἀκούοντες

456 1482 632 1553 ὅμοιον
675 1487 971 1555 4νοήσωμεν
1002 1484 1086 1540 τόν
1111 1485 1223 1540 υἱόν
1261 1491 1351 1539 τοῦ
1377 1484 1587 1556 πατρὸς,
1639 1479 1701 1539 οὗ
1740 1488 1868 1539 ἔστιν
1900 1483 1929 1539 ὁ
1955 1484 2079 1549 υἱός.
2151 1484 2398 1541 'Emoni-

457 1588 608 1638 σαμεν
635 1565 726 1625 οὖν
754 1577 824 1634 εἰς
845 1573 1030 1642 πατέρα
1059 1573 1144 1625 καὶ
1172 1570 1286 1625 υἱόν
1316 1573 1402 1624 καὶ
1428 1570 1570 1641 ἅγιον
1598 1578 1816 1639 πνεῦμα,
1869 1568 1962 1625 οὐκ
1993 1574 2064 1634 εἰς
2091 1571 2287 1641 κτιστὴν
2311 1575 2398 1628 καὶ

457 1661 648 1726 κτίσμα.
709 1655 856 1711 ’Ἄλλο
898 1657 990 1729 γάρ
1036 1661 1135 1712 ἐστι
1172 1655 1367 1725 κτιστὴς
1392 1658 1475 1710 καὶ
1513 1660 1716 1724 κτίσμα,
1766 1655 1880 1711 ἄλλο
1906 1656 2068 1727 πατὴρ
2099 1659 2182 1712 καὶ
2212 1655 2242 1712 ό
2268 1657 2395 1724 υἱός,

457 1743 583 1797 διότι
621 1742 904 1814 κεχώρισται
946 1743 1135 1798 τούτων
1174 1742 1503 1816 ἑκάτεροντῇ
1538 1744 1717 1815 ἐννοίᾳ.
1800 1741 1865 1796 Τὸ
1905 1741 1998 1813 γάρ
2033 1747 2208 1811 κτίσμα
2240 1745 2395 1813 λέγων

455 1836 652 1898 πρῶτον
679 1831 876 1899 κτιστήν
904 1854 1062 1899 φημι,
1110 1831 1196 1883 καὶ
1224 1827 1280 1883 τό
1313 1827 1452 1893 υἱὸς,
1503 1825 1571 1890 ὥς
1608 1826 1711 1881 ἆπό
1758 1834 2052 1896 σωματικῶν
2083 1833 2396 1898 προςλαμβα-

455 1914 686 1983 νόμενον,
724 1919 806 1971 καὶ
834 1915 916 1970 διά
943 1915 1000 1969 τά
1030 1914 1176 1984 πάθη
1199 1916 1283 1969 καὶ
1310 1914 1398 1976 τάς
1429 1911 1704 1984 άπορῤοίας
1727 1920 1827 1967 τῶν
1850 1920 2154 1983 σωματικῶν
2171 1917 2396 1987 πατέρων

453 2003 537 2056 καὶ
563 2004 704 2068 υἱῶν,
738 2008 979 2071 καθαρῶς
1000 2000 1091 2071 τὴν
1114 2007 1204 2055 τοῦ
1229 2003 1278 2064 ἐξ
1301 1998 1567 2068 άσωμάτου
1594 1999 1782 2070 πατρὸς
1807 1999 2075 2068 ἀσωμάτου
2097 2003 2210 2055 υἱοῦ
2235 2000 2396 2072 ῦπαρ-

1111 2085 1212 2140 Διά
1247 2092 1393 2139 τοῦτο
1423 2087 1507 2138 καὶ
1531 2084 1621 2153 τὴν
1645 2091 1735 2139 τοῦ
1760 2090 2022 2154 κτίσματος
2048 2084 2146 2140 άπό
2181 2105 2394 2154 σωματι-

1183 2173 1283 2225 Καὶ
1310 2170 1479 2239 ἐπειδὴ
1507 2169 1561 2224 τό
1590 2174 1765 2239 κτίσμα
1795 2178 1817 2209 ⁶
1835 2172 1894 2225 οὐ
1925 2180 2060 2226 ποιεῖ
2080 2170 2192 2226 υἱὸν
2218 2171 2392 2240 μόνον,

452 2091 528 2152 ξιν
556 2090 748 2155 ἵστησιν
790 2095 813 2126 ⁵
832 2090 1036 2142 ἔννοιαν.

452 2180 547 2227 κοῦ
577 2176 871 2243 παρέπλεξεν
898 2176 1106 2227 ἔννοιαν.

455 2257 553 2313 άπὸ
592 2264 682 2313 τοῦ
717 2266 914 2313 κτιστοῦ
950 2261 1032 2313 καὶ
1077 2264 1166 2312 τοῦ
1204 2261 1466 2325 κτίσματος
1500 2255 1665 2325 λαβών
1696 2255 1750 2311 τό
1784 2253 1983 2321 άπαθὲς
2008 2263 2097 2312 τοῦ
2129 2261 2392 2323 κτίζοντος,

457 2342 524 2407 ὥς
554 2344 682 2415 πρὸς
715 2344 769 2399 τό
809 2350 1014 2412 κτίσμα,
1064 2345 1147 2397 καὶ
1184 2349 1273 2396 τοῦ
1300 2346 1562 2410 κτίσματος
1589 2341 1642 2396 τὸ
1683 2345 1730 2406 ἐξ
1760 2341 1995 2406 ἀπαθοῦς
2030 2349 2120 2397 τοῦ
2149 2347 2396 2407 κτίζοντος

456 2428 738 2496 ὑφεστῶτος
761 2430 957 2501 πάγιον,
1001 2427 1152 2483 Τοῖον
1180 2426 1210 2482 ὅ
1237 2427 1675 2496 κτίζωνέβούλετο,
1713 2434 1895 2483 τελείαν
1916 2432 1971 2484 ἐκ
1994 2435 2083 2483 τοῦ
2110 2434 2395 2496 σωματικοῦ

455 2515 668 2583 πατρός,
719 2517 804 2569 καὶ
850 2518 1005 2569 δυὶοῦ
1041 2518 1094 2569 ἐκ
1133 2519 1419 2582 σωματικοῦ
1459 2520 1660 2567 κτιστοῦ
1698 2517 1782 2568 καὶ
1818 2519 2103 2584 κτίσματος,
2157 2512 2249 2582 τὴν
2281 2515 2395 2584 περὶ

455 2600 643 2671 πατρὸς
681 2602 765 2655 καὶ
796 2603 912 2654 υἱοῦ
951 2605 1192 2667 καθαρῶς
1224 2597 1357 2666 ἡμᾶς
1391 2601 1675 2654 ἐπαίδευσεν
1717 2603 1923 2655 ἔννοιαν.
1989 2600 2393 2668 Ἀφαιρουμένου

454 2685 546 2758 γάρ
575 2685 676 2740 ἀπό
708 2692 796 2740 τοῦ
823 2690 1082 2753 κτίσματος
1107 2692 1195 2739 τοῦ
1218 2705 1266 2737 τε
1294 2687 1479 2747 ἔξωθεν
1503 2682 1811 2751 ὑφεστῶτος,
1849 2688 1934 2739 καὶ
1961 2693 2049 2739 τοῦ
2079 2683 2271 2751 ὖλικοῢ,
2309 2687 2395 2740 καὶ

456 2780 555 2826 τῶν
596 2771 752 2826 ἄλλων
794 2771 928 2824 9ὅσα
969 2774 1080 2839 περὶ
1119 2773 1401 2837 σωματικοῦ
1432 2774 1692 2838 κτίσματος
1719 2769 1772 2825 τό
1802 2769 1961 2839 ὄνομα
1986 2773 2217 2842 περιέχει,
2268 2770 2394 2840 μόνη

456 2856 558 2912 α’πὸ
588 2864 676 2912 τοῦ
705 2861 967 2926 κτίσματος
994 2860 1126 2924 μένει
1161 2855 1194 2923 ἦ
1225 2854 1457 2920 ἀπαθὴς,
1498 2858 1654 2924 φημὶ,
1696 2862 1781 2910 τοῦ
1806 2861 2093 2925 κτίσματος,
2133 2858 2218 2910 καὶ
2243 2860 2395 2910 τελεία

456 2950 545 2998 τοῦ
572 2945 887 3011 κτιζομένου,
937 2946 1022 2997 καὶ
1067 2941 1247 2996 1(ὀῖον
1283 2939 1517 3008 ἠβούλετο
1560 2940 1589 2995 ό
1611 2946 1784 3006 κτίζων
1812 2946 2059 3006 κτίζεσθαι
2086 2940 2140 2996 τὸ
2179 2941 2394 3008 κτιζόμε·

454 3052 569 3096 νον,
609 3032 788 3084 ἔννοια.
864 3032 935 3083 Εἰ
968 3023 1059 3083 οὗν
1099 3025 1200 3082 ἀπὸ
1239 3032 1329 3081 τοῦ
1366 3033 1589 3093 κτιστοῦ,
1638 3030 1723 3081 καὶ
1767 3033 1858 3081 τοῦ
1882 3032 2144 3095 κτίσματος
2183 3025 2243 3081 τά
2278 3025 2394 3080 ἄλλα

511 3205 609 3259 Cap.
643 3206 712 3244 ΙΠ.
748 3228 803 3236 --·
853 3207 887 3246 l.
919 3205 1198 3257 Reponenczum
1220 3204 1395 3253 suspicor
1450 3200 1723 3255 incorporalis
1763 3200 1869 3241 filins
1908 3202 2108 3254 originem
2144 3200 2300 3253 habet,
2350 3206 2394 3243 ut

456 3257 560 3315 ὁμοῦ
592 3260 716 3304 ἐστιν.

509 3321 547 3358 2.
579 3316 620 3360 ἐν
659 3315 720 3367 οἷς
749 3322 865 3360 verba
897 3322 1049 3360 uncinis
1091 3320 1241 3358 notavit
1272 3319 1391 3357 Peta—

453 3386 553 3415 mus.
1031 3391 1034 3394 “

509 3432 545 3472 3.
581 3433 690 3471 Libri
711 3434 850 3473 habent
876 3430 1091 3485 ἐννοῶμεν.

510 3485 548 3527 4.
581 3486 787 3541 νοήσομεν
817 3491 900 3529 cod.
933 3491 1095 3540 Rhediq.

510 3544 549 3583 ὃ.
584 3546 881 3585 Rescribenrlum
909 3552 1003 3596 pulo
1033 3543 1192 3601 ἐννοίᾳ,
1235 3546 1294 3584 vel
1323 3541 1391 3585 ἐν-

452 3603 571 3649 νοεῖν,
603 3605 672 3639 aut
697 3613 819 3651 supra
846 3603 1048 3655 καὶταρῶς
1077 3601 1136 3649 εἰς
1160 3598 1262 3654 τήν,
1288 3602 1391 3650 quod

453 3659 615 3698 Pelavio
651 3659 774 3696 visum
814 3664 880 3698 est.
942 3661 1159 3699 Carnarius
1195 3659 1308 3697 vertit
1349 3664 1390 3695 et

454 3722 629 3768 propter
650 3711 822 3752 affectus
847 3723 888 3754 et
911 3715 1093 3755 defluxus
1116 3712 1390 3767 corporalium

456 3778 619 3823 patrum
643 3778 684 3808 et
724 3768 898 3810 filiorum
935 3771 1251 3824 intelfigentiam
1278 3769 1390 3809 exhi-

455 3827 531 3871 bet
570 3840 696 3882 pure,
739 3825 852 3880 quod
889 3841 939 3866 ex
980 3827 1232 3886 incorporali
1271 3835 1390 3881 patre

1451 3258 1653 3311 καὶπαρῶς
1681 3255 1758 3311 τήν
1783 3257 1880 3310 περὶ
1904 3259 1977 3301 τοῦ
2004 3257 2050 3309 ἐξ
2079 3253 2221 3312 οἷσωμ.
2250 3272 2292 3301 π.
2322 3252 2392 3301 α’σ.

1450 3315 1540 3357 υἱοῦ
1583 3309 1753 3366 ὕπαρξιν
1797 3314 1963 3369 ἵστησιν
2009 3314 2159 3358 ἔννοιαν
2203 3318 2393 3367 coyitasse

1448 3374 1639 3412 videatur.
1702 3374 1829 3422 Neque
1866 3374 1935 3413 hoc
1965 3374 2154 3424 displicet.
2215 3374 2394 3412 Celerum

1449 3429 1553 3480 quod
1594 3430 1647 3468 ad
1684 3431 1803 3468 verba
1840 3426 1911 3472 διὰ
1952 3425 2006 3472 τὰ
2046 3423 2165 3481 minu
2204 3425 2278 3470 καὶ
2315 3423 2393 3476 τάς

1449 3481 1672 3538 ἀπορροίας
1698 3484 1782 3526 τῶν
1813 3485 2067 3539 σωματικῶν
2095 3482 2283 3536 πατέρων
2318 3482 2393 3526 καὶ

1449 3541 1549 3584 υἱῶν
1571 3544 1718 3590 attinet,
1745 3544 1903 3582 adverte
1928 3537 2151 3596 ἀπορροίας
2172 3543 2309 3592 referri
2336 3541 2391 3582 ad

1449 3597 1548 3640 υἱῶν
1579 3602 1620 3637 ut
1642 3595 1760 3650 πάδη
1792 3601 1845 3639 ad
1875 3598 2080 3652 πατέρων.

1504 3653 1544 3695 6.
1572 3656 1681 3694 Libri
1709 3657 1824 3705 vulgo
1862 3648 1884 3697 ὃ
1915 3660 2035 3698 ποιεῖ.

1505 3709 1542 3751 7.
1575 3706 1656 3753 οἷον
1688 3707 1711 3753 ο“
1740 3714 1957 3752 coniectura
1988 3715 2190 3764 supplevi,
2230 3723 2390 3763 compa-

1446 3768 1545 3810 ratis
1583 3769 1676 3808 locis
1703 3770 1874 3818 gemellis
1903 3781 2003 3819 quae
2037 3772 2160 3821 paulo
2188 3769 2295 3819 infra
2328 3780 2389 3809 re-
