2508 4134
490 244 592 296 674
831 300 839 313 ,
1067 255 1339 297 ADDENDA
1368 257 1441 299 ET
1474 257 1847 300 coRMGENDA.

489 353 580 410 βίαν
610 352 671 402 εἰς
699 348 1000 408 χαλεπωτάτην
1039 351 1209 397 ἐνέπεσε
1237 354 1407 410 αἵρεσιν.
1466 375 1493 387 —
1521 379 1547 387 —
1577 380 1598 388 -
1631 355 1803 411 Ταύτην
1841 355 1998 409 τοίνυν,
2040 354 2102 408 ῶς
2129 356 2309 414 ἔφαμεν,
2353 356 2414 402 ἔτι

483 424 772 480 τοπαρχοῦσαν
809 422 1051 478 Ξτεραπεύειν
1083 421 1332 481 βουλόμενος
1355 423 1378 471 ὁ
1403 426 1597 478 Παῦλος,
1642 422 1719 471 ἅτε
1754 425 1808 470 τά
1832 423 2049 472 Ἰουδαίων
2083 427 2412 486 πρεσβεύουσαν,

484 492 739 549 ἐδογμάτισε
766 493 840 538 καὶ
868 489 998 544 αὖτὸς
1027 493 1100 539 ἕνα
1128 493 1226 540 θεὸν
1255 493 1359 541 εἶναι
1387 497 1547 553 πατέρα
1581 497 1654 542 καὶ
1683 496 1771 543 υἱὸν
1807 497 1880 542 καὶ
1903 499 2067 554 πνεῦμα
2091 497 2161 543 τὸν
2189 494 2314 544 αὐτὸν
2339 502 2412 544 λε-

484 562 661 620 γόμενον
691 567 781 609 κτλ.

596 637 730 694 Pag.
756 637 885 681 382.
940 636 969 678 l.
993 636 1032 679 9.
1064 637 1208 679 Scribe
1226 632 1415 694 ’Ίδωμεν
1447 638 1496 684 δὲ
1525 640 1563 683 εἰ
1592 640 1641 683 οἱ.
1673 663 1731 671 --
1785 639 1814 681 1.
1836 637 1903 683 24.
1939 640 2108 697 Corrige
2134 642 2196 700 τῷ
2229 636 2328 686 ὄντι.

596 707 729 765 Pag.
753 706 885 752 402.
940 707 968 749 l.
990 708 1029 750 2.
1061 708 1230 764 Corrige
1261 710 1397 765 ῥιζῶν.
1429 737 1484 744 -
1542 711 1568 752 l.
1593 711 1656 753 11.
1688 709 1832 752 Scribe
1861 707 1931 755 ὑπ’
1959 726 2037 767 pro
2067 709 2136 756 ιῖπ.

596 777 730 835 rag.
751 778 882 823 404.
937 778 963 821 1.
987 775 1026 820 4.
1058 779 1110 820 ab
1138 779 1215 820 inf.
1251 780 1418 836 Corrige
1448 777 1569 837 ἄλλῃ.

594 846 876 906 Pag.406.
931 848 959 889 l.
982 848 1023 892 6.
1054 850 1107 892 ab
1134 850 1211 892 inf.
1240 853 1342 893 Post
1371 851 1665 908 δεσμωτηρίου
1694 867 1804 907 pone
1834 853 2049 908 virgulam.

594 919 729 977 Pag.
752 920 883 964 408.
939 919 967 963 l.
993 919 1034 963 3.
1065 922 1208 965 Scribe
1237 918 1480 980 ὑποχείριον.
1513 947 1567 956 -
1629 924 1657 966 l.
1679 923 1719 966 8.
1749 924 1801 965 ab
1831 924 1954 966 infer.
1996 923 2139 966 Scribe
2163 922 2410 981 {vantram-

482 986 664 1045 γνόντες.

593 1062 728 1120 Pag.
745 1060 876 1107 416.
932 1062 962 1104 l.
983 1062 1024 1106 3.
1053 1064 1197 1106 Scribe
1226 1061 1554 1110 αὖτοσυστάτου.
1611 1068 1660 1108 In
1689 1067 1877 1109 omnibus
1904 1066 2020 1108 libris
2047 1066 2198 1123 legitur
2226 1061 2408 1111 αὖτοσυ-

484 1146 658 1187 στατης.

593 1205 728 1263 rag.
747 1206 880 1251 418.
934 1205 964 1250 l.
982 1206 1021 1251 3.
1064 1205 1159 1263 τὸν,
1202 1216 1299 1249 ante
1336 1205 1506 1264 ἠρέμα,
1547 1208 1771 1250 delendum
1797 1217 1871 1251 est.
1900 1233 1958 1242 —
2013 1208 2124 1253 1.13.
2158 1209 2327 1264 Corrige
2349 1208 2411 1258 εἰς

481 1272 530 1318 τό
562 1275 867 1331 προειρημένον.
895 1292 902 1297 ·

590 1347 724 1405 Peg.
749 1347 881 1394 436.
935 1350 963 1390 l.
981 1351 1018 1392 5.
1060 1350 1202 1391 Scribe
1238 1346 1583 1406 Ἐξελῆλεγκται.
1645 1351 1780 1407 Vulgo
1808 1346 2091 1408 ἐξελήλεκται.
2123 1376 2178 1386 -
2236 1352 2265 1394 l.
2285 1351 2325 1396 9.
2354 1354 2406 1396 ab

475 1416 551 1458 inf.
583 1421 698 1459 Acue
726 1415 870 1471 κύτος,
903 1434 981 1476 pro
1012 1421 1161 1471 κῦτος,
1193 1421 1306 1476 quod
1339 1422 1462 1477 vulgo
1492 1430 1617 1463 extat.

590 1489 723 1547 Pag.
748 1489 879 1535 444.
935 1491 964 1532 l.
987 1492 1019 1533 1.
1051 1496 1165 1533 Acue
1195 1492 1347 1544 Μίξιν,
1380 1508 1459 1549 pro
1489 1493 1597 1549 vulg.
1628 1494 1766 1546 Μῖξιν.

591 1561 724 1619 Peg.
750 1560 881 1606 452.
938 1562 966 1603 l.
997 1562 1070 1603 ult.
1103 1563 1247 1605 Scribe
1278 1559 1370 1619 μετ’
1405 1578 1481 1621 pro
1512 1560 1617 1621 μέτ’.

589 1632 723 1690 Pag.
740 1633 872 1679 474.
928 1632 955 1675 1.
974 1633 1042 1676 22.
1072 1635 1217 1676 Scribe
1242 1632 1486 1690 γεννήσασα
1511 1651 1603 1678 cum
1630 1639 1745 1693 Basq
1788 1652 1865 1693 pro
1893 1637 2139 1693 γενησασα,
2185 1639 2298 1696 quod
2325 1639 2405 1682 ha·-

477 1700 550 1743 bet
580 1702 646 1743 ed.
678 1704 821 1746 Petav.

587 1775 868 1834 Pag.482.
923 1775 952 1816 l.
971 1776 1008 1820 7.
1044 1776 1258 1833 Distingue
1290 1775 1484 1834 σώματι,
1516 1773 1814 1836 εὕσπλαγχνος.

587 1846 721 1905 Pag.
746 1849 877 1892 496.
932 1847 960 1888 l.
984 1845 1053 1890 24.
1090 1849 1261 1905 Corrige
1289 1850 1518 1905 παραίτιος.

588 1917 721 1976 Pag.
742 1918 870 1964 548.
926 1918 955 1960 1.
977 1918 1017 1962 6.
1046 1928 1143 1962 ante
1173 1920 1240 1962 fin.
1275 1921 1444 1977 Corrige
1469 1921 1651 1974 πορνεία.

588 1989 724 2047 Pag.
743 1991 870 2035 550.
925 1990 953 2032 l.
983 1990 1024 2034 6.
1057 2000 1154 2033 ante
1183 1992 1253 2033 fin.
1287 1993 1430 2034 Scribe
1462 1989 1685 2050 ὁλοσχερῆ.

586 2059 719 2118 Pag.
739 2061 866 2107 554.
923 2061 952 2104 l.
974 2061 1042 2105 23.
1089 2064 1151 2104 De
1187 2063 1367 2106 Hieraca
1403 2064 1573 2106 Nicetas
1613 2064 1743 2106 Chon.
1772 2065 1971 2107 Thesaur.
2003 2064 2179 2106 Orthod.
2212 2064 2303 2105 Fid.
2333 2065 2402 2115 lv,

472 2126 541 2171 34.
571 2129 676 2171 haec
701 2131 855 2173 habet:
886 2129 1084 2188 Ἱερακᾶς
1112 2129 1222 2178 οὕτω
1252 2133 1511 2191 καλούμενός
1535 2150 1598 2185 τις
1625 2134 1666 2178 ἐν
1683 2135 1739 2192 τῇ
1762 2136 1844 2178 τῶν
1870 2133 2065 2179 Λεόντων
2088 2134 2206 2180 πόλει
2230 2137 2286 2192 τῇ
2312 2131 2404 2180 κατ’

472 2200 679 2255 Αἴγυπτον
702 2193 783 2258 ἦν,
815 2200 862 2247 οὐ
891 2201 969 2258 τήν
995 2204 1231 2260 Αἰγυπτίων
1256 2207 1444 2262 γλῶτταν
1469 2202 1716 2261 ἠσκημένος
1739 2205 1859 2261 μόνον
1875 2238 1886 2260 ,
1918 2204 2025 2250 ἀλλὰ
2049 2206 2123 2250 καὶ
2147 2205 2223 2261 την
2248 2203 2406 2261 Ἑλλή-

472 2286 578 2325 νων,
620 2273 822 2319 παντοίων
859 2290 907 2318 τε
946 2272 1082 2330 λόγων
1119 2275 1334 2332 ἔμπειρος,
1380 2274 1486 2321 άλλοὶ
1513 2276 1586 2319 καὶ
1618 2276 1987 2333 ἰατροσοφιστικῆς
2014 2276 2088 2321 καὶ
2115 2274 2403 2332 ἀστρονομίας,

472 2343 578 2392 ἴσως
604 2342 653 2388 δὲ
679 2343 752 2388 καὶ
790 2346 991 2401 μαγικῆς.
1048 2346 1223 2397 Βιώσας
1250 2347 1298 2392 δὲ
1327 2344 1429 2402 ὑπὲρ
1460 2345 1514 2391 τὰ
1547 2346 1793 2402 ἐνενήκοντα
1831 2348 1903 2403 ἔτη
1943 2349 2237 2405 καλλιγραφῶν
2265 2347 2401 2393 διετέ-

472 2415 557 2464 λει,
600 2414 724 2472 μέχρι
749 2416 830 2470 τῆς
860 2414 1028 2471 ’ἡμέρας
1051 2414 1229 2473 καὲἳ”·ἕίν
1254 2416 1505 2473 ἐτελεύτησε
1531 2417 1811 2473 διαμενόντων
1838 2415 1956 2476 αὐτῷ
1981 2422 2063 2463 τῶν
2086 2415 2322 2476 ὄφῖςαλμῶν
2349 2414 2404 2462 α’-

471 2486 631 2528 παὲτῶν.
690 2483 938 2542 Ἔγκρατῆς
967 2487 1016 2533 δὲ
1048 2487 1231 2544 γεγονώς
1268 2484 1395 2543 ἄκρος
1433 2486 1669 2545 βρωμάτων
1697 2489 1898 2534 παντοίων
1939 2485 2136 2548 οἷπείχετο
2174 2489 2247 2534 καὶ
2280 2490 2400 2541 οἴνου,

472 2556 547 2599 καὶ
571 2558 626 2612 τῇ
652 2558 784 2615 πολλῇ
813 2558 1114 2615 καταπληττων
1143 2556 1331 2614 άσκησει
1358 2559 1515 2602 πείὲῐειν
1542 2556 1730 2614 η’δύνατο
1767 2559 1930 2619 ψυχάς,
1972 2562 2046 2605 τοῦ
2071 2562 2302 2606 κολλᾶσθαι
2327 2557 2405 2604 αυ’-

470 2627 548 2683 τῷ.
596 2622 733 2671 ι’Όὲεν
763 2628 837 2672 καὶ
864 2629 1006 2673 πολλοὶ
1034 2631 1116 2675 τῶν
1147 2631 1381 2686 Αἰγυπτίων
1420 2626 1619 2686 ἀσκητῶν
1649 2632 1707 2689 τῇ
1733 2630 1881 2677 τούτου
1913 2631 2246 2691 συναπήχθησαν
2284 2631 2401 2687 αἰρέ-

476 2711 553 2742 σει.
614 2696 684 2743 T&
714 2697 763 2744 δὲ
793 2702 879 2743 κτλ.

584 2771 717 2829 Pag.
744 2771 870 2816 556.
927 2771 955 2812 1.
979 2773 1018 2816 7.
1049 2772 1152 2814 Dele
1184 2774 1386 2829 virgulam
1416 2783 1514 2830 post
1542 2772 1784 2831 πλάσματα.

585 2843 713 2900 rag.
740 2843 866 2887 596.
922 2842 1006 2886 LS.
1038 2853 1135 2885 ante
1160 2844 1229 2886 fin.
1259 2846 1401 2887 Scribe
1429 2843 1510 2890 άπὸ
1541 2846 1618 2889 σοῦ
1646 2861 1722 2901 pro
1753 2842 1836 2890 οἷπό
1867 2847 1954 2890 τοῦ.
1986 2870 2041 2879 --
2096 2846 2124 2889 l.
2143 2849 2182 2890 5.
2207 2854 2304 2889 ante
2330 2846 2398 2889 fin.

473 2917 586 2955 Acue
615 2909 835 2967 δυνάστην.
866 2938 921 2946 -
980 2914 1083 2955 Ibid.
1114 2914 1157 2956 in
1187 2916 1327 2958 adnot.
1358 2918 1398 2959 5.
1427 2932 1528 2958 acue
1557 2915 1718 2973 κριτήν.

584 2986 719 3043 Pag.
740 2983 868 3030 604.
924 2985 952 3026 1.
975 2987 1014 3028 ὃ.
1046 2986 1097 3027 ab
1127 2986 1204 3028 inf.
1236 2988 1382 3029 Scribe
1411 2985 1492 3033 οἷπό
1524 3004 1602 3044 pro
1632 2986 1728 3032 οἷπο.

585 3057 718 3114 Pag.
742 3055 875 3101 620.
932 3056 959 3098 l.
981 3058 1019 3099 τ’).
1057 3058 1200 3099 Scribe
1229 3058 1446 3114 παροιμίαι
1475 3075 1552 3115 pro
1583 3060 1805 3115 ποροιμίαι.

585 3129 720 3186 Pag.
749 3124 878 3172 630.
933 3127 959 3168 l.
981 3127 1021 3170 6.
1055 3129 1223 3185 Corrige
1254 3126 1339 3179 οἷος
1368 3130 1465 3186 (pro
1497 3127 1576 3187 οἷς)
1608 3127 1631 3175 ὁ
1662 3132 1840 3187 γεννῶν..

586 3201 720 3259 Pag.
746 3198 874 3243 642.
931 3198 960 3239 l.
981 3196 1020 3241 4.
1054 3204 1164 3242 Acue
1194 3196 1311 3256 Αὕτη
1344 3199 1467 3246 ἐστιν.

587 3271 721 3328 Pag.
750 3270 879 3315 658.
937 3269 964 3312 l.
990 3271 1052 3312 15.
1083 3272 1227 3313 Scribe
1259 3272 1660 3329 Προϋπαντῆσεται.

585 3343 718 3400 Pag.
745 3343 874 3386 682.
931 3341 958 3384 l.
983 3343 1018 3383 1.
1052 3346 1165 3384 Acue
1193 3343 1258 3387 τά.
1292 3368 1345 3375 -
1404 3344 1430 3387 l.
1449 3345 1488 3387 2.
1520 3346 1661 3387 Scribe
1686 3346 1811 3390 πᾶσιν
1841 3359 1917 3402 pro
1944 3343 2082 3389 πάσιν.

585 3413 718 3472 Pag.
739 3414 868 3458 690.
923 3412 951 3454 1.
972 3412 1011 3456 6.
1044 3413 1185 3455 Scribe
1216 3412 1385 3470 ἔμελλεν
1414 3429 1491 3470 pro
1525 3414 1707 3470 ἔμελλον.

1098 3672 1401 3714 TOMUS
1461 3671 1768 3714 ALTER.

586 3767 718 3826 Pag.
744 3770 833 3814 16.
888 3769 916 3810 l.
946 3770 979 3812 1.
1020 3769 1194 3826 Repone
1234 3785 1324 3812 cum
1358 3778 1532 3812 accentu
1575 3767 1848 3824 ἐνθυμήσεων
1877 3775 1922 3809 et
1952 3765 2133 3828 ἀφανής.
2166 3795 2217 3805 —-
2275 3772 2303 3815 l.
2327 3773 2390 3816 15.

478 3836 590 3879 Corr.
621 3834 890 3894 ὑπάρχοντας.
