2508 4134
210 2005 285 2041 pag
294 2022 302 2031 .
328 1995 403 2031 993.

425 254 527 306 328
1133 262 1338 306 SANCTI
1365 263 1649 306 EPIPHANII

426 367 524 414 τῶν
544 360 827 429 Ἀρειανῶν.
897 357 1231 428 Ἀναβαπτίζει
1257 361 1311 414 δὲ
1338 360 1522 424 αὐτούς
1550 364 1618 424 εἰς
1643 360 1801 431 ὄνομα
1825 369 1957 417 θεοῦ
1986 363 2232 432 ἀκτίστου,
2269 366 2356 418 καὶ

426 448 495 507 εἰς
523 442 679 512 ὄνομα
705 447 820 497 υἱοῦ
848 446 1187 513 κεκτισμένου,
1239 447 1324 499 καὶ
1352 449 1420 509 εἷς
1448 444 1604 515 ὄνομα
1640 447 1918 516 πνεύματος
1955 446 2242 519 ἆγιαστικοῦ
2267 452 2357 504 καὶ

423 527 527 583 ύπὸ
573 535 663 582 τοῦ
703 531 1019 597 κεκτισμένου
1063 533 1179 584 υἱοῦ
1215 533 1515 595 κτισθέντος.
1572 531 1684 585 Ἵνα
1719 534 1773 587 δὲ
1807 531 1862 587 τὸ
1897 539 1998 588 πᾶν
2034 537 2235 602 κυβείας
2271 536 2357 588 καὶ

423 615 646 683 θυμέλης
682 617 766 668 καὶ
810 622 994 683 σκηνῆς
1031 614 1086 669 τὸ
1118 617 1436 687 ἐργαστήριον
1477 615 1637 670 αὐτῶν
1676 618 1888 687 ὀφθείη,
1939 618 2014 673 ὅτι
2052 618 2218 674 34ούκ
2258 622 2358 675 ἔστι

425 704 586 762 πίστις
625 697 659 767 ἦ
701 697 783 752 ἀπ’
828 697 991 754 αὐτῶν
1032 703 1468 772 καταγγελλομένη,
1531 699 1678 769 ἀλλά,
1735 702 1907 772 σχεδόν
1957 707 2136 770 εἰπεῖν,
2184 709 2358 775 ’μίμων

425 786 774 856 ἐργαστήριον,
843 791 900 822 ³5
926 786 1334 855 διεβεβαιώσαντό
1374 809 1501 850 τινες
1539 788 1616 843 ὅτι
1656 786 1782 842 κατά
1825 796 2042 859 κεφαλῆς
2083 788 2201 853 τούς
2243 788 2356 844 ἀνα-

425 872 815 940 βαπτιζομένους
851 875 1092 939 βαπτίζει,
1149 871 1340 935 36τούς
1373 871 1534 935 πόδας
1573 871 1677 926 ὄίνω
1712 875 1800 926 καὶ
1831 873 1921 942 τήν
1955 874 2175 944 κεφαλὴν
2204 873 2354 940 κάτω,

421 957 508 1010 καὶ
552 955 710 1018 οὕτως
743 957 1076 1026 37ἐνωμότως
1106 957 1321 1026 βιάζεται
1349 956 1531 1021 αὐτούς
1568 956 1774 1026 ὀμόσαι,
1825 957 1893 1027 μὴ
1922 961 2243 1030 ἀποπηδῆσαι
2269 967 2358 1030 τῆς

424 1038 512 1096 ἀπ’
547 1039 704 1095 αὐτοῦ
744 1044 1144 1111 μεμηχανημένης
1183 1042 1414 1111 τοιαύτης
1453 1044 1695 1115 αἱρέσεως.
1776 1050 1833 1082 ³⁸
1853 1047 1984 1098 Φασὶ
2012 1047 2067 1100 δὲ
2089 1046 2174 1100 τὸν
2205 1045 2358 1101 αὐτόν

422 1126 636 1193 Ἀέτιον,
689 1125 807 1196 μετά
836 1126 926 1196 τὴν
955 1127 1177 1197 τελευτὴν
1208 1133 1556 1183 Κωνσταντίου
1594 1127 1694 1183 ὖπό
1721 1127 1991 1184 Ἰουλιανοῦ
2024 1137 2111 1185 τοῦ
2140 1130 2357 1204 βασιλεύ-

424 1231 601 1276 σαντος
633 1210 976 1282 ἀνακληθέντα
1006 1221 1095 1283 τῆς
1126 1217 1342 1286 ἐξορίας,
1394 1217 1464 1268 ἔτι
1503 1212 1622 1268 ὄντα
1668 1213 1903 1269 διάκονον
1926 1222 2016 1284 τῆς
2042 1214 2196 1287 αὐτοῦ
2228 1218 2355 1289 αἰρέ-

425 1317 578 1364 σεως,
617 1295 718 1351 ύπὸ
747 1305 837 1367 τῆς
866 1298 1022 1353 αὐτοῦ
1051 1302 1283 1371 αἱρέσεως
1309 1299 1587 1354 ἐπισκόπου
1617 1302 1687 1363 εἰς
1713 1300 1992 1370 ἐπισκοπὴν
2019 1308 2284 1373 προῆχθαι.

573 1389 738 1437 Ταῦτα
762 1386 813 1438 δὲ
837 1388 906 1448 εἰς
934 1383 1066 1453 ἡμᾶς
1098 1385 1311 1439 ἐλθόντα
1332 1385 1525 1440 Ἀετίου
1554 1387 1639 1438 καὶ
1666 1390 1764 1439 τῶν
1789 1385 1946 1441 αυτοῦ
1975 1394 2241 1489 μαθητῶν,
2280 1385 2357 1452 οἷς

422 1472 518 1523 τισί
538 1490 666 1532 τινες
682 1469 979 1538 Ἀνομοίους
1003 1470 1286 1525 ἐπέθεντο’
1270 1469 1452 1540 ὄνομα,
1504 1469 1588 1525 διά
1612 1470 1667 1525 τὸ
1692 1474 1762 1526 ἔτι
1791 1471 2133 1544 περισσότερον
2155 1479 2244 1542 τῆς
2269 1479 2359 1528 τοῦ

423 1553 613 1625 Ἀρείου
655 1558 1024 1626 πεφρονηκέναι
1072 1555 1227 1610 αὐτόν
1269 1559 1500 1625 αἱρέσεως
1539 1559 1839 1629 δεινοτέρως.
1910 1557 2088 1613 “”Ἀτινα
2134 1557 2262 1613 κατά
2301 1582 2355 1614 το

424 1639 640 1693 δυνατὸν
669 1647 975 1712 λεπτομερῶς
1003 1644 1055 1695 ἐν
1079 1649 1185 1715 θεῷ
1212 1641 1565 1708 διεξελθόντες,
1618 1642 1777 1715 ω’ςπερ
1815 1643 2071 1698 πολύπουν
2097 1643 2359 1699 σκολόπεν-

423 1729 546 1797 δραν
585 1728 670 1780 καὶ
704 1729 871 1781 ίοῦλον
912 1726 967 1782 τὸ
998 1727 1307 1796 καλούμενον
1351 1727 1556 1799 ἕρπετὸν
1590 1735 1659 1803 τῷ
1682 1735 1770 1798 τῆς
1799 1729 2037 1798 ἀληθείας
2063 1732 2180 1785 ποδὶ
2211 1751 2357 1784 κατα-

423 1810 751 1880 πατήσαντες,
806 1816 890 1867 καὶ
931 1820 992 1887 τῇ
1025 1820 1115 1867 τοῦ
1146 1820 1447 1885 μονογενοῦς
1476 1814 1693 1889 ἀληθινῇ
1729 1813 1964 1890 ὁμολογίᾳ
1989 1820 2356 1888 συντρίψαντες,

425 1897 661 1966 συνήθως
702 1904 809 1972 θεῷ
843 1897 1234 1970 εὐχαριστοῦντες
1269 1899 1359 1969 τήν
1384 1899 1538 1955 αὐτοῦ
1566 1900 1774 1969 δύναμιν
1811 1901 2104 1973 ἐπαγόμενοι
2146 1904 2214 1965 εἰς
2238 1901 2358 1971 βοή-

426 1992 574 2036 θειαν
610 1990 699 2052 τῆς
725 1982 963 2056 ἡμετέρας
1005 1986 1289 2051 ἀσθενείας,
1339 1988 1420 2040 ἐπὶ
1449 1984 1536 2049 τοὶς
1566 1988 1675 2055 ἑξῆς
1704 1984 2092 2054 ὑπολειφθείσας
2116 1986 2240 2041 κατά
2267 1986 2356 2056 τὴν

422 2069 635 2137 δύναμιν
660 2068 804 2141 ἡμῶν
835 2073 919 2124 καὶ
947 2070 1226 2139 κατάληψιν
1257 2069 1398 2140 ἡμῶν
1426 2075 1577 2140 ἴωμεν
1588 2115 1601 2137 ,
1641 2066 1681 2126 ὦ
1709 2073 2036 2141 ἐπιπόθητοι,
2074 2072 2225 2127 αὐτόν
2251 2075 2356 2127 ἐπι-

422 2155 738 2223 καλούμενοι,
778 2154 846 2219 ω““ς
876 2159 1022 2225 ἔφην,
1059 2156 1146 2211 τόν
1171 2156 1429 2225 δεσπότην,
1467 2165 1792 2228 συμπαρεῖναι
1820 2156 1939 2226 ἡμῖν
1965 2157 2092 2230 πρός
2118 2156 2209 2227 τὴν
2236 2161 2355 2212 ἐκεί-

421 2263 523 2294 νων
553 2239 804 2306 ὖπόδειξιν
831 2244 914 2295 καὶ
946 2242 1035 2310 τὴν
1071 2241 1199 2313 πρός
1232 2241 1413 2304 αὐτούς
1444 2241 1753 2314 ἀνατροπὴν,
1806 2246 1891 2296 ἵνα
1916 2246 1970 2298 ἐν
2000 2250 2062 2318 τῇ
2091 2244 2247 2297 αὐτοῦ
2271 2248 2356 2298 δυ-

420 2326 563 2394 νάμει
592 2330 927 2396 δυνηθείημεν
955 2334 1209 2398 πληρῶσαι
1241 2327 1295 2382 τό
1330 2327 1605 2400 ἐπάγγελμα
1632 2334 1721 2397 τῆς
1753 2326 1894 2397 ἡμῶν
1921 2329 2242 2400 σμικρότητος
2270 2331 2355 2384 καὶ

420 2412 739 2484 βραχύτητος.

579 2529 825 2572 *ΤΕΛΟΣ
858 2529 978 2572 ΤΟΥ
1007 2529 1261 2574 ΠΡΩΤΟΥ
1291 2531 1499 2575 ΤοΜοΥ
1529 2531 1649 2575 ΤοΥ
1679 2531 1905 2575 ΤΡΙΤΟΥ
1933 2530 2192 2575 ΒΙΒΛΙΟΥ.

474 2695 542 2741 34.
575 2714 651 2742 ουκ
679 2698 769 2743 ἔστι
792 2703 903 2742 codd.
939 2714 1032 2743 mss.
1058 2707 1227 2755 uterque.
1287 2718 1356 2746 ου·
1415 2707 1590 2756 spicitur

419 2755 509 2800 κέτι
539 2759 631 2797 editi
659 2759 760 2798 libri.
1467 2760 1534 2803 36.
1558 2761 1631 2805 καὶ
1653 2759 1752 2811 τοὺς
1777 2763 1916 2804 vitium
1944 2765 1998 2803 est
2020 2762 2112 2803 edit.
2128 2763 2263 2803 Petav.
2279 2762 2352 2803 C'o·

474 2814 541 2855 35.
567 2817 762 2855 Vocabula
787 2812 1061 2869 ἐργαστηριον
1086 2820 1185 2858 inter
1210 2822 1245 2858 et
1269 2820 1353 2862 διε·
1411 2821 1486 2860 lon.
1516 2824 1632 2871 repet.

420 2865 707 2927 sssssottm'ootvro
730 2874 771 2913 in
789 2874 878 2914 edit.
890 2876 1017 2924 princ.
1038 2877 1244 2916 asteriscus
1270 2888 1359 2917 con-
