2508 4134
211 2103 297 2140 pag.
313 2093 391 2130 912.

194 2251 307 2308 Κεφ.
326 2251 383 2307 η’.

436 254 535 307 188
1143 265 1345 309 SANGT1
1368 267 1649 309 EPJPHANH

437 362 599 423 ἐλέους
634 366 762 414 θεοῦ
795 359 1045 429 δεόμενοι,
1094 358 1220 431 ὑπὲρ
1251 363 1304 416 δὲ
1331 366 1563 428 δικαίων,
1614 365 1699 418 καὶ
1727 365 1974 434 πατέρων,
2024 368 2108 421 καὶ
2131 389 2366 440 πατριαρ-

436 453 561 514 χῶν,
613 452 888 516 προφητῶν
924 448 1009 500 καὶ
1046 444 1356 515 ἀποστόλων,
1410 453 1496 503 καὶ
1533 449 1907 520 εὐαγγελιστῶν,
1962 453 2042 505 καὶ
2083 452 2364 525 μαρτύρων,

430 533 513 584 καὶ
549 528 891 602 ὅμολογητῶν,
932 531 1217 587 ἐπισκόπων
1239 555 1290 587 τε
1315 536 1396 588 καὶ
1426 535 1770 605 ἀναχωρητῶν,
1808 538 1892 589 καὶ
1925 535 2111 600 παντός
2134 545 2224 592 τοῦ
2251 537 2366 611 τάγ-

431 638 612 684 ματος,
662 620 746 670 ’ἴνα
775 615 863 671 τόν
886 616 1063 688 κύριον
1084 619 1281 687 Ἰησοῦν
1313 619 1530 688 Χριστόν
1557 621 1873 692 ἀφορίσωμεν
1900 621 1999 677 ἀπὸ
2034 628 2122 691 τῆς
2154 630 2253 678 τῶν
2278 624 2360 679 ἆν-

430 700 656 772 θρῶπων
684 701 891 768 τάξεως,
942 702 1025 758 διά
1049 703 1288 775 τῆςπρὸς
1322 704 1476 760 αὐτόν
1504 713 1670 774 τιμῆς,
1721 708 1804 760 καὶ
1834 708 1980 775 σέβας
2005 705 2139 781 αὐτῷ
2166 708 2363 764 ἀποδῶ-

432 808 545 854 μεν,
599 789 649 841 ἐν
680 790 848 862 ἐννοίᾳ
877 787 1012 852 ὅντες
1042 788 1118 844 ὅτι
1142 789 1237 844 οὐκ
1267 793 1397 844 ἔστιν
1435 790 1746 863 ἐξισούμενος
1775 790 1804 846 6
1828 792 2002 863 κύριός
2029 815 2126 847 τινι
2153 801 2252 848 τῶν
2282 792 2364 849 ἀν-

430 871 682 944 θρώπων,
733 871 830 929 κάν
865 895 914 927 τε
948 879 1099 944 μυρία
1139 877 1224 928 καὶ
1262 878 1487 930 ἐπέκεινα
1527 879 1579 931 ἐν
1609 876 1900 952 δικαιοσύνῃ
1938 875 2132 952 ὑπάρχῃ
2162 881 2365 944 ἕκαστος

432 957 732 1028 ἀνθρώπων.
809 965 933 1022 Πῶς
959 959 1051 1032 γάρ
1080 958 1190 1015 οἷόν
1219 982 1268 1015 τε
1298 964 1371 1030 εἴη
1404 968 1576 1027 τοῦτο,
1612 961 1667 1015 Ὅ
1693 964 1783 1031 μὲν
1806 965 1900 1034 γάρ
1930 965 2028 1018 ἐστι
2062 964 2208 1031 θεός,
2261 963 2291 1020 6
2312 966 2366 1020 δὲ

430 1043 724 1116 ἅνθρωπος,
778 1047 861 1100 καὶ
899 1043 928 1100 6
951 1047 1039 1114 μὲν
1067 1048 1119 1100 ἐν
1155 1045 1350 1120 οὐρανῷ
1362 1090 1375 1113 ,
1428 1045 1458 1100 6
1488 1049 1541 1101 δὲ
1566 1050 1647 1102 ἐπὶ
1674 1054 1760 1116 τῆς
1796 1054 1915 1119 γῆς,
1966 1047 2050 1102 διά
2075 1048 2246 1105 vomui
2274 1057 2366 1122 γῆς

427 1134 664 1198 λείψανα,
715 1130 868 1199 πάρεξ
905 1137 1005 1186 τῶν
1045 1129 1361 1186 ἀναστάντων
1388 1135 1473 1186 καὶ
1503 1132 1916 1195 συνειςελθόντων
1943 1137 1995 1190 ἐν
2021 1141 2089 1209 τῷ
2114 1140 2365 1205 νυμφαῑνι,

431 1215 500 1279 ὥς
526 1235 648 1285 φησι
680 1215 734 1271 τό
764 1215 909 1287 ἅγιον
935 1216 1236 1288 εὐαγγέλιον,
1281 1217 1447 1272 Πολλά
1471 1219 1524 1272 δὲ
1550 1217 1751 1286 σώματα
1772 1225 1871 1273 τῶν
1896 1217 2050 1291 άγίων
2076 1218 2362 1290 ἀνέστησαν,

427 1304 513 1357 καὶ
558 1309 879 1371 συνειςῆλθον
918 1302 1052 1378 αὐτῷ
1091 1307 1160 1367 εἰς
1202 1302 1291 1373 τὴν
1327 1302 1472 1375 άγίαν
1510 1304 1666 1358 πόλιν.
1758 1302 1923 1375 Ἁγίαν
1962 1305 2015 1359 δὲ
2057 1304 2217 1360 πόλιν-
2239 1308 2371 1377 λέγει,

427 1391 576 1442 ποίαν
617 1388 828 1457 ταύτην,
879 1395 1150 1460 πληροῦται
1189 1389 1281 1460 γάρ
1322 1388 1425 1443 κατ’
1460 1389 1651 1457 ἀμφοῖν
1681 1386 1711 1443 6
1737 1389 1880 1461 λόγος
1907 1393 1976 1453 εἷς
2003 1389 2091 1459 τήν
2127 1393 2363 1459 ἐνταῦθα,

426 1475 509 1528 καὶ
538 1476 608 1537 εἰς
636 1473 725 1542 τήν
755 1473 871 1529 ἅνω.
932 1475 1047 1528 ’Ότι
1074 1476 1160 1543 μὲν
1184 1474 1276 1545 γάρ
1309 1478 1377 1538 εἰς
1408 1475 1500 1543 τήν
1531 1477 1752 1529 ἐνταῦθα
1777 1474 2092 1545 Ἰερουσαλὴμ
2122 1483 2365 1546 συνειςῆλ-

427 1567 528 1613 θον
551 1559 687 1633 αὐτῷ
713 1566 937 1630 πρῶτον,
975 1567 1119 1615 τοῦτο
1147 1564 1308 1629 δῆλον.
1388 1560 1552 1632 Πρινή
1581 1562 1634 1615 δὲ
1659 1567 1751 1615 τοῦ
1778 1562 2026 1630 ἀναβῆναι
2052 1560 2138 1616 τόν
2166 1569 2364 1631 σωτῆρα

427 1648 496 1708 εἷς
519 1643 605 1699 τόν
631 1643 873 1715 οὐρανόν,
915 1651 938 1682 ⁵
958 1644 1124 1710 οὐδεὶς
1147 1646 1455 1716 ἀναβέβηκεν
1478 1649 1570 1710 ἕως
1600 1646 1678 1700 ’ὅτε
1704 1645 1836 1721 αὐτῷ
1860 1653 2187 1716 συνανῆλθον.
2267 1646 2364 1702 Οὖ-

427 1733 527 1793 δεὶς
552 1730 644 1802 γάρ
677 1730 983 1801 ἀναβέβηκεν
1023 1734 1092 1795 εἰς
1128 1731 1215 1786 τόν
1252 1731 1492 1803 οὐρανόν,
1545 1735 1590 1786 εἰ
1616 1731 1683 1801 μὴ
1711 1731 1739 1786 6
1765 1735 1819 1787 ἐκ
1847 1740 1937 1787 τοῦ
1969 1733 2188 1804 οὐρανοῦ
2213 1756 2362 1789 κατα-

426 1816 548 1886 βάς,
606 1814 636 1870 6
666 1816 776 1881 υἷὸς
805 1824 894 1872 τοῦ
924 1816 1214 1888 ἀνθρώπου.
1280 1817 1427 1871 Ἀλλά
1463 1820 1576 1888 περὶ
1603 1818 1791 1873 τούτων
1825 1821 1878 1873 ἐν
1904 1825 1973 1891 τῷ
2005 1819 2142 1893 τόπῳ
2170 1821 2363 1892 γενόμε-

425 1924 503 1956 νοι
540 1900 628 1966 τάς
658 1902 750 1957 δύο
778 1905 929 1968 λέξεις
968 1901 1300 1973 ὑπεδείξαμεν.
1377 1907 1447 1957 Εἰ
1469 1906 1524 1958 δέ
1551 1927 1624 1968 τις
1655 1907 1758 1974 ἐρεῖ
1779 1904 1880 1970 ὅτι,
1922 1898 2050 1975 ἶἈρα
2073 1907 2142 1969 εἰς
2170 1904 2261 1974 τὴν
2281 1903 2363 1960 Ἰε-

425 1987 677 2059 ρουσαλὴμ
709 1992 962 2058 εἰςῆλθον,·
1015 1991 1217 2058 μαθέτω
1257 1989 1336 2044 ὅτι
1365 1992 1415 2043 ἐν
1443 1992 1603 2065 ἐκείνῃ
1643 1997 1702 2065 τῇ
1741 1988 1901 2063 ἡμέρᾳ
1940 1997 2038 2045 τῶν
2078 1996 2257 2062 θυρῶν
2286 2012 2360 2046 κε-

423 2076 716 2143 κλεισμένων
753 2077 968 2144 παρέστη
996 2073 1025 2129 6
1049 2074 1223 2146 κύριος
1251 2078 1378 2130 ἔνθα
1415 2070 1543 2144 ἦσαν
1572 2079 1624 2130 οἱ
1649 2078 1870 2145 μαθηταὶ
1897 2077 2219 2148 συνηγμένοι,
2276 2079 2362 2132 καί

425 2178 547 2229 φησι
583 2161 780 2227 αὐτοῖς,
819 2160 1014 2232 Εἰρήνη
1051 2159 1181 2229 ὑμῖν.
1876 2155 1878 2158 ,

569 2244 696 2300 Εἶτα
743 2247 797 2301 δὲ
840 2248 952 2319 περὶ
993 2246 1170 2301 τούτου
1219 2240 1373 2311 αὖθις
1422 2247 1729 2316 ἐπιλήψομαι
1771 2254 1858 2316 τῆς
1897 2247 2232 2312 ἀκολουθίας,
2285 2246 2360 2302 ὅτι

422 2331 702 2404 ἀναγκαίως
727 2331 762 2402 ἦ
788 2322 1017 2401 ἐκκλησία
1043 2338 1188 2386 τοῦτο
1220 2335 1448 2400 ἐπιτελεῖ,
1500 2332 1777 2405 παράδοσιν
1804 2337 2022 2402 λαβοῦσα
2049 2330 2185 2404 παρά
2218 2333 2362 2386 πατέ-

423 2441 537 2489 ρων.
621 2423 706 2482 Τίς
733 2420 786 2472 δὲ
817 2419 1080 2487 δυνήσεται
1115 2426 1129 2455 ¹
1149 2418 1337 2487 θεσμόν
1365 2418 1551 2490 μητρός
1582 2418 1867 2485 καταλύειν,
1904 2418 1939 2487 ἢ
1963 2418 2121 2487 νόμον
2149 2416 2362 2487 πατρός,·

424 2502 492 2567 ὥς
517 2503 578 2558 τά
603 2503 740 2574 παρά
766 2510 835 2578 τῷ
862 2510 1150 2572 Σολομῶντι
1192 2507 1448 2575 εἰρημένα,
1483 2503 1667 2558 ’Ἄκουε
1704 2505 1781 2558 υἱὲ
1811 2503 1991 2575 λόγους
2028 2502 2216 2574 πατρός
2251 2522 2361 2571 σου,

421 2591 506 2644 καὶ
533 2588 601 2658 μή
625 2588 802 2662 ἀπώση
829 2588 1049 2658 θεσμοῦς
1081 2589 1264 2660 μητρός
1290 2609 1404 2644 σου·
1444 2593 1604 2654 δείξας
1630 2589 1706 2644 ὅτι
1731 2588 1994 2661 ἐγγράφως
2022 2610 2072 2643 τε
2097 2590 2181 2642 καὶ
2210 2588 2363 2661 ἀγρά-

423 2697 534 2742 φως
560 2678 816 2729 ἐδίδασκεν
844 2673 873 2729 6
899 2674 1086 2745 πατὴρ,
1141 2677 1388 2730 τουτέστιν
1416 2674 1444 2730 6
1471 2674 1593 2738 θεὸς
1621 2673 1650 2729 6
1675 2674 1967 2747 μονογενὴς,
2019 2676 2102 2728 καὶ
2137 2672 2193 2728 τὸ
2221 2674 2364 2745 ἅγιον

422 2769 641 2830 πνεῦμα,
679 2760 713 2830 ἦ
740 2762 793 2815 δὲ
819 2759 976 2829 μήτηρ
1003 2759 1145 2829 ἡμῶν
1173 2760 1206 2830 ἡ
1235 2764 1467 2829 ἐκκλησία
1495 2759 1588 2831 εἶχε
1613 2759 1834 2830 θεσμούς
1862 2763 1914 2815 ἐν
1935 2759 2060 2834 αὐτῇ
2088 2761 2362 2827 κειμένους,

423 2847 660 2913 ἀλύτους,
699 2845 766 2916 μὴ
798 2848 1104 2915 δυναμένους
1129 2853 1480 2916 καταλυθῆναι.
1562 2848 1880 2917 Τεταγμένων
1906 2849 2074 2899 τοίνυν
2097 2851 2195 2898 τῶν
2224 2848 2276 2901 έν
2299 2842 2364 2919 τῇ

424 2936 653 3007 ἐκκλησίᾳ
681 2939 911 2999 θεσμῶν,
964 2934 1046 2985 καὶ
1079 2939 1241 2995 καλῶς
1268 2933 1502 3001 ἐχόντων,
1557 2934 1641 2986 καὶ
1666 2939 1764 2986 τῶν
1791 2931 1989 2986 πάντων
2019 2936 2046 2967 ²
2063 2935 2363 2998 θαυμασίως

422 3021 717 3091 γινομένων,
758 3017 1002 3086 ἐλήλεκται
1026 3017 1173 3070 πάλιν
1202 3020 1283 3072 καὶ
1313 3013 1460 3081 οὗτος
1482 3017 1511 3072 6
1536 3019 1736 3081 πλάνος.
1815 3019 1916 3070 Καὶ
1946 3018 2122 3070 τοῦτον
2154 3018 2206 3071 δὲ
2238 3040 2360 3087 παρ-

424 3104 655 3167 ελθόντες
680 3104 841 3174 ἇίςπερ
871 3103 1143 3173 κάνθαρον,
1170 3103 1202 3171 ἢ
1228 3106 1529 3174 κανθαρίδα,
1559 3102 1594 3172 ἢ
1617 3103 1704 3157 τόν
1731 3101 2032 3169 καλούμενον
2060 3101 2362 3172 βούπρηστιν

425 3192 679 3244 κνώδαλον
715 3188 1113 3251 καταθλάσαντες
1139 3195 1206 3261 τῷ
1238 3192 1619 3262 ἐκκλησιαστικῷ
1664 3197 1686 3229 3
1707 3186 2026 3255 ἕδραιώματι,
2079 3189 2163 3240 καὶ
2188 3194 2249 3262 τῇ
2272 3193 2361 3242 τοῦ

424 3282 549 3329 θεοῦ
581 3274 814 3345 δυνάμει,
854 3277 936 3330 ἐπὶ
972 3273 1059 3337 τάς
1087 3276 1197 3343 ἑξῆς
1233 3274 1377 3329 πάλιν
1414 3278 1591 3343 ἴωμεν,
1642 3273 1728 3329 τόν
1767 3272 1887 3327 θεὸν
1913 3270 2109 3341 βοηθόν
2149 3275 2360 3328 stama-

423 3360 665 3429 λούμενοι.

479 3521 518 3560 5.
550 3523 621 3561 Ed.
652 3523 784 3562 Petav.
822 3522 952 3562 Colon.
979 3524 1096 3572 repet.
1127 3522 1261 3561 vitiose
1280 3526 1367 3572 post
1479 3520 1516 3561 3.
1549 3517 1806 3573 ἐδραιῶματι
1847 3519 1907 3559 ed.
1938 3521 2062 3570 princ.
2123 3516 2362 3574 ἑδρεῶματι

426 3571 565 3623 οὐδεὶς
595 3580 727 3617 inserit
757 3574 852 3631 γὰρ.
1422 3579 1534 3619 codd.
1564 3589 1654 3617 mss.

484 3632 578 3672 Cu».
606 3635 714 3672 vm.
747 3657 799 3664 —
838 3635 869 3674 Ι.
900 3630 1058 3687 δεσμὸν
1088 3635 1171 3674 cod.
1205 3636 1364 3686 Rhediy.
1483 3632 1522 3674 4.
1551 3636 1593 3675 In
1630 3634 1714 3673 cod.
1747 3633 1822 3673 len.
1856 3636 1943 3684 post
1973 3629 2286 3687 ἐπικαλούμενοι
2311 3635 2359 3673 Ιί-

481 3689 519 3730 2.
553 3689 799 3745 θαυμασίων
829 3692 890 3734 ecl.
923 3693 1057 3734 Pelav.
1089 3694 1234 3732 vitiose.
1424 3703 1499 3732 nea
1527 3703 1603 3731 non
1630 3692 1845 3740 interrupta
1873 3695 2083 3740 sequuntur
2106 3692 2200 3732 haec
2229 3692 2360 3742 verba,
