2508 4134
236 977 346 1030 Κεφ.
378 979 426 1031 ζ’.

239 1760 323 1795 pag.
349 1751 446 1788 1⁰39.

464 266 567 317 412

465 379 563 426 τῶν
587 379 800 443 νεκρῶν,
839 375 1004 443 ἕτερος
1034 374 1086 426 δὲ
1113 375 1271 443 μέρος.
1349 376 1489 427 2Καὶ
1522 371 1842 440 ἁπαξαπλῶς,
1882 373 1923 428 ῶ
1948 381 2034 444 τῆς
2063 374 2209 443 ἡμῶν
2242 382 2386 449 τεθο-

464 459 683 526 λωμένης
725 464 918 528 γενεᾶς,
968 452 1030 526 ῆς
1059 456 1092 526 ἡ
1122 457 1218 526 ζωὴ
1246 461 1298 512 έν
1325 458 1540 532 κινδύνῳ
1574 458 1835 525 διάκειται,
1888 463 1943 514 ἐκ
1970 460 2280 529 πανταχόθεν
2305 481 2390 514 πε·-

464 545 813 612 ριαντλουμένη
840 550 1017 605 κακαῖς
1055 539 1156 596 ὖπὸ
1183 543 1418 612 διαβόλου
1445 547 1733 614 ἒπισποραῖς
1755 544 2100 613 διανοημάτων
2127 567 2178 598 τε
2202 547 2287 598 καὶ
2312 551 2389 599 λο-

462 634 647 698 γισμῶν
686 631 1019 689 κακοπιστίας.
1099 633 1219 690 Πῶς
1262 633 1283 664 ³
1300 636 1511 697 τολμῶσι
1552 629 1642 697 τὴν
1685 628 1924 699 ἄχραντον
1967 632 2249 701 παρθένον,
2302 631 2388 683 καὶ

462 712 550 781 τήν
578 712 861 783 οἰκητήριον
882 716 1270 776 καταξιωθεῖσαν
1295 717 1523 785 γενέσθαι
1551 720 1639 767 τοῦ
1659 717 1774 767 υἷοῧ
1805 720 1831 751 4
1847 721 1990 779 θεοῦ,
2026 713 2117 783 τὴν
2145 718 2213 778 εἰς
2238 713 2389 769 ταῦτὸ

1170 276 1374 319 SANCTI
1402 278 1688 319 EPIPHANII

463 804 605 852 τοῦτο
640 801 946 868 ε’κλεχθεῖσαν
986 801 1040 852 ἐκ
1071 804 1168 851 τῶν
1208 799 1465 870 μυριάδων
1502 805 1630 852 5τοῦ
1667 797 1881 868 Ἰσραὴλ,
1939 798 2076 862 ὅπως
2105 807 2280 864 σκεῦος
2305 802 2390 854 καὶ

464 883 747 954 οἰκητήριον
782 884 1093 952 ὃήξιωμένον
1133 886 1202 946 εἰς
1238 893 1440 952 σημεῖον
1477 884 1630 952 μόνον
1667 882 1864 958 ὑπάρξῃ
1901 890 2135 949 τοκετῶν,

597 967 822 1023 ’Ήκουσα
850 968 943 1040 γάρ
974 968 1111 1040 παρά
1139 990 1270 1031 τινος
1299 969 1366 1031 ῶς
1399 990 1524 1031 τινες
1550 975 1758 1036 τολμῶσι
1788 971 1899 1039 περὶ
1928 969 2108 1038 ταύτης
2132 971 2287 1041 λέγειν
2317 969 2392 1025 ὅτι

1960 1058 2060 1108 Καὶ
2098 1055 2159 1108 οὗ
2191 1054 2389 1124 θαυμά-

462 1145 540 1204 ζω.
604 1140 710 1193 Ἀεὶ
737 1139 830 1210 γάρ
864 1138 897 1208 ἦ
923 1138 1096 1210 ἄγνοια
1122 1145 1220 1192 τῶν
1247 1138 1313 1207 μη
1341 1137 1400 1192 τοὶ
1431 1139 1615 1210 ἀκριβῆ
1650 1138 1934 1210 ἐγνωκότων
1961 1146 2060 1193 τῶν
2094 1144 2248 1194 θείων
2275 1164 2390 1213 γρα-

468 1053 585 1122 μετά
629 1053 683 1108 τό
715 1056 1048 1125 γεγεννηκέναι
1088 1053 1174 1108 τὸν
1211 1061 1408 1124 σωτῆρα
1447 1054 1685 1122 συνήφθη
1726 1054 1884 1125 ἀνδρί.

465 1231 596 1291 φῶν,
632 1226 754 1294 μηδὲ
783 1229 1020 1295 ἱστορίαις
1049 1225 1486 1295 προςεγγισάντων,
1526 1223 1614 1291 ἀφ’
1647 1227 1821 1296 ἑτέρων
1851 1228 1919 1287 εἷς
1946 1227 2081 1296 ἕτερα
2110 1227 2274 1296 τρέπει
2306 1229 2392 1281 καὶ

462 1317 678 1385 περισπᾷ
724 1318 741 1348 ¹
763 1310 848 1364 τὸν
891 1309 975 1363 ἀπ’
1018 1313 1146 1363 ἰδίου
1172 1309 1288 1373 νοὸς
1322 1309 1624 1378 βουλόμενόν
1659 1333 1705 1364 τι
1734 1313 1845 1381 περὶ
1874 1317 1961 1379 τῆς
1999 1311 2235 1379 ἀληθείας
2263 1314 2392 1381 ἰχνη-

462 1403 633 1449 λατεῖν.
710 1402 919 1465 Πρῶτον
956 1396 1047 1466 γάρ
1088 1395 1166 1448 ὅτε
1193 1394 1228 1463 ἡ
1255 1398 1508 1466 παρθένος
1545 1400 1839 1466 παρεδίδοτο
1878 1402 1946 1469 τῷ
1969 1395 2182 1464 Ἰωσὴφ,
2235 1396 2389 1466 2κλή-·

463 1505 566 1551 ρων
597 1485 664 1544 εἰς
690 1489 834 1535 τοῦτο
867 1480 1256 1551 ἀναγκασάντων
1276 1479 1429 1549 αὐτὴν
1454 1480 1609 1549 ἥκειν,
1649 1482 1708 1535 οὗ
1736 1480 1995 1553 παρεδόθη
2021 1480 2156 1555 αὐτῷ
2181 1485 2250 1545 εἰς
2276 1500 2391 1536 συν-

464 1567 673 1634 άφειαν,
726 1569 770 1619 εἰ
797 1570 874 1619 δεῖ
900 1565 959 1619 τοὶ
988 1566 1157 1635 ἀληθῆ
1184 1568 1363 1637 λέγειν,
1403 1565 1571 1635 ἐπειδὴ
1599 1574 1747 1638 χῆρος
1776 1561 1850 1635 ῆν.
1923 1565 2062 1620 ’Anda
2089 1565 2173 1622 διά
2197 1566 2284 1621 τὸν
2307 1567 2390 1622 νό-

467 1675 559 1721 μον
589 1654 676 1720 μὲν
715 1651 840 1723 ἀνὴρ
885 1654 1110 1719 κέκληται
1151 1659 1239 1720 τῆς
1276 1650 1451 1720 αὐτῆς·
1506 1651 1632 1706 κατὰ
1670 1654 1723 1707 δὲ
1760 1652 1851 1720 τήν
1882 1653 2191 1706 ἀκολουθίαν
2217 1655 2270 1706 ἐκ
2305 1658 2393 1721 τῆς

469 1745 567 1792 τῶν
586 1739 843 1791 Ἰουδαίων
872 1737 1191 1807 παραδόσεως
1220 1741 1468 1791 δείκνυται
1495 1736 1561 1800 ῶς
1592 1736 1680 1806 οὐχ
1707 1741 1867 1792 ἕνεκεν
1898 1744 1988 1792 τοῦ
2013 1743 2276 1807 ζευχθῆναι
2301 1738 2391 1791 αὖ-

461 1830 530 1896 τῶ
556 1827 852 1893 παρεδίδοτο
886 1822 1018 1897 αὐτῷ
1053 1821 1086 1892 ἦ
1111 1825 1387 1893 παρθένος,
1428 1821 1524 1876 ἀλλ’
1551 1823 1691 1886 ὅπως
1722 1827 2083 1892 διαφυλαχθείη
2114 1826 2182 1886 εἰς
2207 1824 2391 1895 μαρτύ-

462 1931 568 1979 ριον
594 1915 691 1962 τῶν
723 1911 993 1977 ἐσομένων,
1046 1911 1120 1962 ὅτι
1149 1909 1211 1961 οὗ
1242 1907 1399 1976 νόθος
1423 1907 1457 1977 ἦ
1483 1915 1572 1977 τῆς
1605 1908 1847 1978 ε’νσάρκου
1886 1913 2162 1978 παρουσίας
2198 1911 2392 1963 οἰκονο-

462 1999 547 2063 μία
577 1994 881 2063 ἐπεδήμησεν
892 2037 904 2059 ,
944 1993 1064 2047 ἀλλά
1094 1996 1496 2065 μεμαρτυρημένη
1531 1997 1582 2048 έν
1611 1993 1845 2067 ἀληθεία,
1886 1993 2024 2057 έκτὸς
2053 1996 2140 2063 μὲν
2173 1996 2391 2064 σπέρμα-

460 2102 544 2143 τος
573 2078 755 2151 ἀνδρός
795 2083 845 2133 ἐν
881 2080 1123 2149 πνεύματι
1159 2078 1282 2152 άγίῳ
1328 2082 1716 2148 οἶκονομηθεῖσα
1759 2082 1812 2133 ἐν
1843 2079 2066 2152 ἀληθείᾳ.
2146 2086 2268 2143 Πῶς
2295 2079 2389 2151 γάρ

461 2165 680 2235 ἠδύνατο
718 2164 748 2219 ὅ
773 2174 1004 2228 τοσοῦτος
1035 2168 1188 2236 γέρων
1224 2167 1480 2234 παρθένον
1516 2167 1638 2229 ἕξειν
1673 2168 1908 2235 γυναῖκα,
1961 2163 2031 2218 ῶν
2059 2163 2161 2219 ἀπὸ
2190 2165 2389 2235 πρώτης

459 2251 696 2321 γυναικός
722 2258 874 2322 χῆρος
909 2258 1123 2306 τοσαῦτα
1153 2253 1260 2319 ἔτη,-
1342 2259 1363 2289 3
1388 2244 1548 2313 Οὗτος
1578 2251 1664 2318 μὲν
1690 2249 1782 2320 γάρ
1814 2248 1844 2303 ὅ
1860 2249 2051 2318 Ἰωσὴφ
2081 2250 2294 2318 ἀδελφός
2319 2255 2389 2322 γί-

459 2359 593 2391 νεται
627 2343 718 2391 τοῦ
747 2343 960 2402 Κλωπᾶ,
1013 2331 1076 2405 ἦν
1110 2338 1163 2389 δὲ
1196 2335 1306 2398 υἱός
1339 2342 1426 2389 τοῦ
1455 2334 1664 2404 Ἰακώβ,
1718 2337 1917 2403 ἐπίκλην
1955 2336 2008 2389 δὲ
2048 2336 2266 2407 Πάνθηρ
2307 2359 2393 2390 κα-

459 2425 714 2490 λουμένου.
781 2422 1080 2492 Ἀμφότεροι
1124 2415 1260 2474 οὗτοι
1298 2419 1397 2474 ἀπὸ
1442 2428 1531 2474 τοῦ
1566 2420 1843 2492 Πάνθηρος
1871 2424 2072 2489 ἐπίκλην
2112 2427 2392 2492 γεννῶνται.

446 2505 590 2576 ’Έσχε
616 2509 668 2562 δὲ
694 2502 838 2569 οὗτος
867 2506 895 2561 ὅ
918 2506 1101 2575 Ἰωσὴφ
1129 2505 1218 2574 την
1244 2507 1332 2573 μὲν
1359 2505 1558 2577 πρώτην
1598 2506 1753 2559 αὐτοῦ
1780 2514 1990 2576 γυναῖκα
2029 2509 2082 2560 ἐκ
2110 2513 2198 2574 τῆς
2236 2513 2398 2575 φυλῆς

459 2590 649 2658 Ἰούδα,
688 2595 773 2647 καὶ
800 2597 989 2645 κυΐσκει
1017 2592 1152 2664 αὐτῷ
1178 2591 1301 2659 αὕτη
1330 2596 1514 2654 παῖδας
1543 2590 1628 2645 τὸν
1663 2589 1885 2662 ἀριθμόν
1913 2595 1993 2659 ἓξ,
2042 2593 2279 2662 τέσσαρας
2309 2593 2395 2661 μὲν

462 2677 692 2750 ἄρρενας,
743 2682 945 2747 θηλείας
987 2679 1039 2730 δὲ
1077 2675 1196 2742 δύο,
1248 2676 1477 2748 καθάπερ
1509 2676 1564 2731 τὸ
1601 2676 1879 2747 εὐαγγέλιον
1916 2676 1970 2731 τὸ
2015 2675 2139 2731 κατά
2173 2677 2396 2749 Μάρκον

518 2854 557 2894 2.
601 2855 928 2905 Distinyuendum
950 2855 1086 2903 procul
1126 2854 1244 2892 dubio
1281 2851 1405 2905 μέρος

463 2909 535 2953 καὶ
562 2907 832 2961 ἁπαξαπλῶς.
881 2903 951 2950 ”Q
974 2910 1053 2960 τῆς
1078 2910 1164 2951 κτλ.
1225 2911 1408 2950 (lornarii

461 2971 586 3008 versio
613 2970 733 3008 verba
761 2965 899 3019 ἔτερος
925 2963 972 3008 δὲ
1001 2964 1126 3020 μέρος
1153 2968 1290 3006 omisit.

518 3024 556 3065 3.
609 3026 828 3064 Gataherus
882 3025 980 3073 opp.
1029 3025 1137 3063 Gritt.
1180 3035 1272 3073 pay.
1306 3020 1403 3063 2513.

461 3084 611 3132 supplet
651 3079 932 3135 ἐπέρχεσὲῐαι,
981 3082 1041 3119 vel
1081 3081 1205 3119 simile
1245 3081 1405 3119 verbum

462 3140 656 3189 infinitum
681 3141 720 3178 in
746 3138 849 3188 quod
878 3138 977 3176 illud
1002 3135 1189 3188 τολμῶσι
1215 3140 1401 3181 transeat„

462 3197 545 3246 1390
572 3197 701 3245 potius
723 3198 916 3234 mutarem
941 3192 1129 3246 τολμῶσι
1150 3195 1192 3232 in
1219 3193 1403 3234 κοινοῢσι

462 3254 522 3291 vel
551 3248 748 3305 ἀτιμῶσι.

519 3306 557 3349 4.
591 3307 708 3357 εΞτεοῦ,
739 3309 843 3358 quod
864 3307 1109 3346 desideratur
1130 3308 1171 3346 in
1193 3307 1314 3356 libris,
1342 3317 1403 3345 re-

459 3367 668 3416 petendum
707 3369 790 3404 erat
831 3376 878 3403 ex
914 3364 1101 3403 vocabulo
1146 3361 1260 3415 υἱοῦ,
1300 3363 1404 3413 quod

464 3425 720 3472 absorpserat.

521 3480 559 3518 Ξ).
582 3478 655 3520 τοῦ
675 3478 917 3518 desideratur
938 3479 980 3516 in
1004 3477 1093 3517 edit.
1110 3479 1244 3517 Petav.
1268 3477 1402 3515 colon.

463 3540 577 3585 repet.

521 3590 560 3632 6.
604 3587 834 3644 η’ξιωμένον
865 3591 946 3630 cod.
980 3591 1142 3641 Rhediy.
1210 3585 1399 3642 τίξιώμε-

463 3661 527 3688 νον
570 3650 654 3687 οοά.
682 3650 757 3688 len.
798 3651 831 3686 et
855 3649 944 3687 edit.
969 3649 1094 3696 princ.
1167 3641 1403 3698 η’ξιώμενος

466 3705 525 3742 ed.
558 3706 690 3743 petav.
726 3705 943 3743 Gataherus
970 3705 994 3742 l.
1024 3705 1048 3742 l.
1088 3705 1307 3753 suspicatus
1348 3706 1403 3741 est

464 3754 679 3812 ἤξιωμένη
709 3760 789 3800 τῶν
820 3759 982 3812 σεμνῶν
1013 3756 1151 3812 μόνον,
1181 3761 1240 3798 vel
1273 3754 1399 3806 οἶξιώ-

465 3829 584 3861 τατον
626 3814 684 3863 εἰς
712 3815 887 3869 σημείου
923 3813 1049 3871 μόνου
1079 3811 1243 3872 ὑπάρξῃ
1276 3826 1399 3859 τοκε-

1461 2849 1546 2895 τόν.
1593 2853 1804 2893 συνπανίιιε
1828 2853 2025 2892 transtulit
2047 2864 2129 2905 quo
2154 2864 2226 2891 vas
2251 2857 2295 2891 et
2317 2851 2398 2892 ha-

1462 2908 1687 2948 bitaculum
1716 2908 1885 2962 dignum
1915 2915 2038 2955 esset,
2067 2907 2109 2946 in
2135 2906 2296 2960 signum
2322 2922 2397 2949 so-

1462 2965 1547 3005 lum
1583 2963 1760 3019 partus?
1836 2966 2073 3015 Corriyerem
2105 2958 2322 3014 τοκάδων,
2364 2969 2399 3006 et

1460 3027 1658 3072 verterem,
1690 3029 1736 3061 ut
1763 3035 1833 3060 vas
1857 3029 1899 3061 et
1920 3020 2197 3060 habitaculum
2221 3020 2399 3062 electum

1462 3078 1551 3119 sola
1574 3078 1745 3132 insignis
1771 3085 1878 3117 esset
1901 3077 2009 3116 inter
2030 3076 2293 3131 genetrices?
2323 3081 2398 3119 Pe-

1459 3138 1590 3176 tavius
1618 3137 1799 3187 coyitavit
1828 3133 1892 3182 εἰς
1918 3133 2027 3176 θεῖον
2072 3133 2193 3187 μόνον
2228 3130 2396 3191 ὑπάρξῃ

1458 3190 1642 3235 τοκετὸν.

1521 3249 1617 3288 CAP.
1654 3249 1743 3291 Vn.
1772 3270 1827 3278 --
1888 3246 1924 3287 1.
1964 3244 2034 3288 τὸν
2071 3242 2141 3289 ἄπ’
2179 3245 2285 3291 ἰδίου
2315 3261 2399 3290 cor-

1458 3309 1641 3347 rexerunt
1681 3306 1891 3345 Carnarius
1927 3307 1985 3355 (in
2022 3306 2193 3344 versione
2231 3305 2397 3360 Latina)

1462 3367 1495 3402 et
1526 3364 1736 3411 Petamus,
1766 3365 1801 3401 et
1827 3363 1884 3400 ita
1909 3362 2004 3400 mihi
2031 3362 2150 3411 le9ere
2179 3373 2266 3401 sum
2291 3365 2399 3403 visus

1462 3423 1672 3460 correctum
1714 3420 1829 3458 etiam
1869 3419 1910 3457 in
1950 3418 2035 3457 cod.
2065 3419 2230 3469 Rhediy.
2291 3419 2400 3459 Libri

1462 3478 1579 3526 vul9o
1608 3476 1747 3514 habent
1778 3470 1847 3515 τὸν
1878 3468 2086 3515 οἷσπιδίου.

1517 3532 1556 3571 2.
1591 3533 1732 3571 Contra
1753 3531 2046 3581 ‘Gasaubonum
2088 3531 2285 3583 (Exercitt.
2316 3534 2399 3573 Εο-

1460 3590 1546 3628 cles.
1578 3599 1610 3627 ο.
1639 3588 1783 3626 Βανοη.
1810 3588 1842 3636 I,
1870 3584 1950 3638 13.)
1978 3590 2012 3626 et
2036 3589 2210 3628 Grotium
2238 3587 2396 3641 (Annot.

1458 3647 1500 3684 in
1538 3644 1671 3683 Matth.
1704 3644 1750 3693 Ι,
1784 3641 1847 3683 16.
1894 3646 1928 3681 et
1966 3644 2055 3682 Luc.
2091 3641 2143 3693 3,
2172 3643 2290 3697 230,
2331 3647 2399 3695 qui

1459 3702 1553 3740 haec
1596 3701 1712 3738 verba
1755 3695 1811 3738 ιἰῖι
1857 3704 2085 3749 acceperunt
2127 3712 2175 3740 ac
2217 3703 2251 3740 si
2287 3704 2397 3752 virgo

1457 3757 1703 3796 sanctissima
1742 3757 1811 3795 hoc
1839 3757 1925 3795 ideo
1954 3757 2142 3797 diceretur
2173 3759 2266 3806 quia
2304 3761 2397 3798 esset

1458 3810 1704 3865 ἐπίκληρος,
1732 3816 1919 3853 vertentes
1947 3826 2037 3853 cum
2064 3811 2151 3853 iura
2179 3812 2395 3857 heredita-
