2508 4134
867 277 1401 322 ANAGEPHALAeosis.
1989 275 2084 326 581

190 373 271 424 nili
306 373 506 441 quadam
538 375 715 426 ferocia
757 375 859 426 ausi
895 386 1022 427 sunt.
1099 377 1229 442 Alii,
1287 380 1364 447 qui
1395 379 1677 431 audaciores
1711 381 1963 444 videntur,
2023 398 2089 433 ex

188 456 531 509 catholicorum
574 459 786 528 partibus
817 459 999 527 privata
1025 461 1114 511 sibi
1157 463 1365 513 factione
1399 465 1602 515 conflata
1630 473 1821 533 praeter
1851 465 2088 516 ecclesiae

188 542 601 606 consuetudinem,
643 562 698 596 ac
726 544 845 594 citra
873 545 1115 611 generalis
1145 546 1333 596 concilii
1361 548 1604 598 decretum
1636 566 1718 599 eos
1747 550 1824 616 qui
1855 549 1913 599 ab
1941 548 2087 599 Aria-

188 628 261 677 nis
292 628 348 678 ad
385 645 499 678 suas
538 637 698 696 partes
740 637 990 679 transeunt
1022 629 1192 679 iterum
1233 630 1475 698 baptizare
1518 632 1633 682 nihil
1669 642 1926 696 verentur,
1981 651 2087 684 cum

185 712 394 763 nondum
425 729 480 763 ea
511 731 610 776 res,
651 721 704 764 ut
731 712 863 777 dixi,
903 712 1193 763 universalis
1225 714 1396 783 synodi
1427 715 1602 766 iudicio
1633 717 1793 767 decisa
1829 718 1920 781 sit3
1962 719 2087 785 quod

185 797 338 847 adhuc
367 797 523 865 populi
552 796 822 866 promiscue
849 798 903 846 ad
934 796 1213 848 hodiernum
1244 815 1393 866 usque
1421 808 1606 868 tempus
1639 800 1920 865 habeantur,
1961 803 2089 853 inter

185 898 305 948 quos
345 881 477 932 multi
510 882 696 949 quidem
731 890 844 932 sunt
870 882 1117 946 catholici3
1169 882 1252 933 sed
1285 883 1390 933 ficte
1424 900 1478 933 ac
1508 901 1593 952 per
1626 883 1975 935 simulationem
2009 904 2087 937 sa-

184 966 430 1015 cerdotum
475 967 808 1017 auctoritatem
852 975 1145 1033 sequuntur,
1203 967 1356 1017 donec
1397 968 1671 1019 execranda
1719 968 1796 1018 illa
1852 977 1983 1020 secta
2026 971 2084 1020 ab

182 1051 419 1102 ecclesiae
446 1052 692 1103 consortio
714 1059 1018 1118 segregetur,
1060 1060 1112 1101 ut
1139 1059 1250 1101 tunc
1275 1051 1450 1119 aliquid
1483 1053 1539 1102 de
1568 1052 1646 1102 illa
1672 1060 1926 1103 statuatur.
2004 1053 2086 1104 Ex

182 1136 239 1186 iis
272 1135 348 1203 qui
376 1145 543 1204 suapte
586 1136 872 1187 auctoritate
899 1135 1072 1186 iterum
1103 1135 1192 1186 hoc
1224 1137 1365 1186 modo
1394 1136 1641 1205 baptizant
1675 1137 1815 1187 audio
1849 1138 2085 1205 quendam

181 1220 227 1271 in
254 1218 411 1289 Lycia
444 1220 775 1289 presbyterum
821 1237 949 1270 esse.
1029 1218 1125 1271 Sed
1169 1229 1216 1271 et
1261 1221 1367 1271 aliis
1409 1220 1456 1270 in
1498 1220 1617 1271 locis
1659 1221 1966 1289 reperiuntur
2003 1222 2085 1273 alii

181 1305 257 1372 qui
292 1305 566 1372 singillatim
597 1323 653 1356 ac
681 1305 888 1373 separati
922 1321 1091 1373 preces
1120 1304 1327 1367 obeunt,
1383 1314 1431 1355 et
1463 1305 1754 1372 reliquorum
1788 1307 2084 1357 communio-

181 1408 287 1440 nem
333 1408 521 1442 omnem
577 1399 826 1459 respuunt.
929 1389 1026 1440 Alii
1069 1389 1261 1439 collaria
1303 1387 1392 1438 sibi
1437 1397 1629 1457 praeter
1672 1389 1908 1439 ecclesiae
1949 1390 2082 1456 leges

178 1474 445 1525 innectunt.
525 1472 680 1542 Quam
718 1475 777 1526 ob
820 1492 1036 1525 caussam
1079 1473 1449 1542 disputationem
1487 1491 1675 1523 omnem
1718 1473 1802 1523 hae
1840 1474 2082 1524 sententia

179 1561 422 1623 conclusi,
479 1562 866 1610 Adolescentnlas
892 1578 990 1609 esse
1015 1562 1144 1608 nullo
1175 1576 1365 1607 numero
1393 1561 1771 1623 comprehensam
1828 1575 1947 1625 quae
1986 1558 2082 1626 pri-

178 1654 289 1697 vato
322 1644 524 1695 consilio
555 1645 781 1695 audacter
819 1644 1179 1711 insolenterque
1213 1660 1266 1693 se
1294 1651 1496 1710 gerunt,
1555 1660 1647 1692 non
1687 1651 1735 1692 ut
1765 1642 1878 1692 boni
1906 1642 2081 1710 aliquid

179 1738 563 1797 consequantur,
605 1738 688 1780 aut
717 1728 981 1797 sapientiae
1009 1727 1055 1777 in
1085 1744 1196 1778 sese
1228 1744 1381 1795 genus
1418 1726 1607 1793 aliquod
1639 1727 1912 1794 expoliant,
1968 1735 2081 1794 puta

180 1814 487 1883 prudentiae,
541 1813 863 1877 fortitudinis,
916 1812 1293 1881 temperantiae,
1334 1810 1566 1862 iustitiae.
1645 1809 1755 1878 Quo
1785 1828 1847 1861 cx
1879 1828 2080 1862 numero

178 1898 429 1968 tyrannico
474 1915 606 1948 more
651 1898 883 1965 quaedam
933 1897 1226 1960 efferuntur,
1285 1905 1426 1964 atque
1467 1912 1493 1945 a
1540 1895 1745 1946 veritate
1800 1895 2077 1959 deflectunt,

175 1983 304 2034 nullo
344 1991 394 2033 nt
431 1999 632 2033 numero
672 1982 907 2032 contineri
947 1981 1150 2049 possint.

313 2067 381 2118 At
409 2070 667 2132 singular-is
695 2070 778 2116 z'lla
803 2068 1012 2115 columba
1041 2075 1300 2133 sanctaque
1330 2064 1468 2131 virgo
1502 2066 1638 2114 deum
1669 2064 1952 2125 confitetur,
1993 2080 2078 2131 pa-

171 2161 292 2203 trem
332 2160 380 2203 et
417 2152 560 2203 filium
598 2160 646 2202 et
682 2151 899 2219 spiritum
934 2159 1180 2214 sanctum,
1233 2158 1417 2218 patrem
1447 2150 1740 2217 perfectum,
1797 2148 1939 2198 filium
1969 2164 2078 2215 per-

173 2239 377 2299 fectum,
430 2238 690 2305 perfectum
739 2234 956 2304 spiritum
996 2243 1244 2297 sanctum,
1300 2232 1754 2284 consubstantialem
1789 2232 2073 2282 trinitatem.

176 2319 272 2373 Sed
298 2321 439 2372 filium
468 2338 586 2371 vere
612 2338 639 2372 a
671 2328 802 2389 patre
829 2319 1062 2387 genitum,
1104 2328 1152 2370 et
1176 2319 1392 2387 spiritum
1423 2328 1638 2368 sanctum
1667 2334 1691 2366 a
1720 2326 1852 2385 patre
1885 2316 2076 2383 filioque

174 2424 269 2457 non
300 2406 538 2469 alienum,
591 2405 881 2468 trinitatem,
935 2405 1156 2471 inquam,
1210 2421 1331 2471 quae
1375 2420 1565 2471 semper
1601 2402 1691 2464 sit,
1744 2419 1898 2468 neque
1937 2401 2075 2450 ullam

174 2481 504 2541 accessionem
539 2490 722 2557 capiat,
765 2506 919 2555 neque
950 2489 1199 2556 quicquam
1233 2488 1279 2538 in
1312 2505 1422 2538 sese
1456 2487 1658 2537 inferius
1689 2486 1889 2549 habeat,
1933 2502 2076 2552 quae-

173 2592 264 2642 que
291 2575 345 2623 ad
382 2574 670 2640 singularem
712 2574 941 2623 unitatem
981 2573 1268 2640 unicumque
1312 2573 1385 2622 dei
1416 2589 1472 2622 ac
1505 2570 1649 2639 patris
1680 2570 1963 2639 principium
1998 2586 2075 2619 re-

171 2661 371 2710 feratur.
448 2658 526 2707 Ab
553 2658 717 2707 eadem
749 2657 991 2720 trinitate,
1047 2666 1210 2725 patre,
1266 2657 1361 2706 filio
1391 2665 1438 2707 et
1469 2656 1638 2722 spiritu
1668 2664 1866 2717 sanct0,
1908 2663 2073 2704 creata

172 2761 282 2795 esse
314 2750 512 2804 cuncta,
568 2759 685 2808 quae
725 2741 976 2809 aliquando
1009 2760 1102 2790 non
1139 2742 1430 2803 extiterant,
1487 2757 1641 2808 neque
1675 2758 1779 2791 cum
1815 2741 1904 2789 deo
1940 2746 2068 2801 sunt,

175 2845 263 2878 nec
293 2835 404 2878 ante
438 2828 656 2887 fuerant,
698 2826 781 2875 sed
811 2843 836 2875 e
871 2825 1015 2875 nihilo
1045 2826 1217 2893 aliquid
1247 2843 1355 2876 esse
1386 2834 1676 2893 coeperunt,
1717 2842 1742 2874 a
1772 2832 1933 2892 patre,
1975 2822 2070 2872 filio

171 2921 432 2978 sanctoque
459 2909 628 2978 spiritu
657 2910 901 2978 producta.
979 2908 1120 2960 Hunc
1145 2910 1300 2979 ipsum
1323 2919 1503 2978 patrem
1534 2919 1580 2959 et
1608 2909 1749 2959 lilium
1781 2917 1828 2958 et
1853 2907 2070 2975 spiritum

170 3005 415 3058 sanctum,
465 2994 643 3045 sanctis
686 2993 787 3044 suis
817 3011 900 3061 per
931 2994 1083 3044 visum
1114 2995 1424 3062 apparuisse,
1477 3003 1703 3062 quantum
1735 3010 1906 3061 capere
1942 2993 2072 3060 quis-

171 3098 260 3149 que
292 3088 506 3148 poterat,
549 3096 604 3129 ac
638 3095 722 3147 pro
748 3095 807 3127 eo
837 3096 891 3128 ac
919 3077 1112 3127 cuilibet
1138 3078 1485 3129 communicata
1520 3096 1606 3146 per
1634 3077 1929 3128 divinitatem
1960 3094 2069 3144 gra-

170 3165 235 3214 tia
262 3173 354 3227 est,
396 3181 536 3232 quam
565 3163 623 3213 iis
647 3162 867 3213 omnibus
897 3162 974 3229 qui
1002 3162 1311 3213 merebantur
1338 3161 1586 3230 impertiit.
1649 3159 1715 3211 lta
1749 3161 1896 3229 patris
1930 3177 2067 3229 aspe-

223 3388 262 3431 9.
295 3388 339 3439 ἐξ
369 3404 425 3432 ων
454 3402 529 3429 non
559 3391 769 3439 a9noscunt
796 3388 906 3426 codd.
937 3398 1025 3426 mss.
1056 3390 1090 3425 et
1143 3398 1231 3426 mss.
1261 3391 1294 3427 et
1319 3389 1406 3426 edit.
1429 3389 1552 3436 princ.
1582 3379 1907 3439 προϋπάρξαντα,
1958 3382 2066 3438 γινό-

168 3448 257 3486 edit
283 3449 407 3511 princ.
1146 3455 1248 3495 μενα
1273 3445 1358 3482 edit.
1385 3446 1534 3494 Petav„
1565 3456 1611 3483 ex
1638 3445 1808 3483 Panario
1831 3454 1924 3492 pay.
1950 3440 2065 3483 1096.

228 3496 600 3568 10·ἇλη5ινῶςὲκ
628 3513 782 3551 πάτρος
816 3499 1085 3548 cod.Rhed1·9.
1203 3498 1266 3538 14.
1297 3496 1399 3541 εἶναι
1427 3503 1609 3540 omissum
1650 3503 1702 3538 est
1737 3501 1777 3538 in
1817 3500 1904 3537 edit.
1930 3498 2063 3538 Petav.

228 3557 288 3598 11.
320 3553 427 3611 αυτῇ
454 3559 542 3596 edit.
572 3559 705 3596 Petav.
1147 3556 1275 3595 Coton.
1304 3560 1448 3605 repet.

230 3613 290 3652 1‘2.
323 3612 512 3654 ἐκτίσὲῐαι
540 3614 642 3652 editi.
690 3626 736 3653 κε
740 3610 925 3664 xrfio'zot
953 3622 1087 3661 margo
1206 3613 1270 3651 15.
1294 3609 1464 3653 ἐδύνατο
1488 3613 1597 3651 codd.
1624 3623 1713 3650 mss.
1754 3604 1934 3662 ἠδύνατο
1960 3612 2065 3650 editi.

168 3672 256 3710 edit.
287 3672 419 3709 Petav.
451 3670 523 3720 (αη
551 3681 598 3708 ex
619 3670 702 3707 cod.
718 3670 843 3707 Paris
859 3669 913 3717 ?).
946 3665 993 3707 ἐκ
1019 3665 1086 3707 ἐκ·
1202 3665 1263 3707 16.
1295 3663 1420 3709 αυτοῦ
1452 3665 1521 3710 διὰ
1545 3668 1623 3720 τῆς
1650 3664 1848 3720 ἳῇεότητος
1881 3678 2063 3716 reponen-

168 3725 310 3767 τίσῖῖαι
335 3726 416 3764 cod.
447 3727 522 3764 Ien.
555 3722 793 3765 ἐκέκτισὲται
821 3725 902 3762 cod.
928 3724 1085 3773 Rhediy
1142 3725 1236 3762 dum
1261 3724 1328 3777 (ex
1355 3726 1526 3764 Panario
1550 3723 1794 3779 pa9.1096)
1825 3725 1967 3764 censuit
1989 3726 2062 3766 Pe·

228 3782 290 3823 13
339 3778 676 3838 προϋπάρχοντα,
730 3777 931 3835 γενόμενα
976 3781 1087 3821 codd.
1142 3782 1282 3821 zavius
