2508 4134
537 315 760 356 PANARII
788 314 890 354 LlB.
918 315 989 353 11¹.
1020 315 1154 355 ΤΟΜ.
1179 315 1209 354 Ι.
1238 315 1401 355 HAER.
1426 314 1622 354 LXXIII.
1967 301 2033 351 79

126 415 224 465 nim
250 414 355 465 sive
383 412 710 482 magnitudine
741 429 971 480 superare
1001 412 1198 474 dixerit,
1231 413 1625 479 quemadmodum
1656 410 1842 461 coelum
1872 418 2033 460 monte

127 499 287 566 aliquo
339 498 418 549 vel
467 498 589 548 colle
639 497 790 546 maius
845 504 948 559 est,
1005 497 1062 546 ad
1102 513 1300 564 operum
1339 496 1648 546 nibilominus
1687 494 2031 555 conditionem,

127 583 432 651 quantumvis
482 581 810 649 magnitudine
857 580 1148 630 antecellere
1188 580 1332 640 velit,
1388 581 1589 630 eundem
1641 579 1770 630 illum
1810 579 2030 628 abiiciet:

126 666 232 718 sive
274 684 365 718 usu
406 675 454 717 ct
494 665 727 733 obsequio
768 673 1016 733 praestare
1059 663 1236 714 ceteris
1280 663 1424 723 velit,
1477 664 1600 730 quod
1650 664 1832 731 reliqua
1875 662 2035 712 omnia

127 750 479 819 praecesserit,
533 759 580 800 et.
619 751 677 800 ad
720 767 886 800 eorum
929 749 1291 817 productionem
1338 765 1533 815 operam
1575 764 1710 797 suam
1755 746 2032 809 contulerit,

127 834 275 885 nihilo
304 844 463 885 tamen
492 835 644 901 magis
670 834 728 883 ab
758 833 1059 902 opil'iciorum
1092 833 1290 882 notione
1316 830 1593 881 vindicabit.
1675 829 1736 882 Ut
1765 832 1889 881 euim
1921 831 2035 881 nibil

125 919 359 982 interest,
417 918 459 968 si
487 919 698 986 forcipe,
753 935 846 967 non
876 935 1016 967 manu
1049 917 1181 985 ipsa,
1236 916 1381 967 carbo
1410 916 1466 965 de
1497 914 1633 966 altari
1666 915 1899 981 capiatur,
1943 932 2035 983 quo

124 1003 254 1054 illius
281 1002 522 1053 beneficio
551 1003 732 1053 fabrilis
757 1020 836 1052 ars
868 1002 1075 1051 ferream
1110 1001 1331 1051 laminam
1361 1000 1584 1064 inducat,
1626 1009 1881 1069 propterca
1911 1000 2034 1067 quod

125 1097 223 1139 tam
254 1089 444 1155 forceps
479 1104 619 1155 quam
653 1088 854 1148 serrum,
896 1087 1019 1153 quod
1050 1103 1136 1154 per
1166 1085 1290 1135 illam
1322 1085 1542 1148 ducitur,
1583 1085 1712 1135 iuter
1741 1101 1888 1153 opera
1923 1101 2035 1134 cen—

126 1181 320 1235 sentur,
372 1172 437 1222 ita
471 1172 585 1222 nihil
608 1189 634 1222 a
665 1172 910 1240 productis
938 1170 1165 1239 operibus
1194 1170 1275 1220 ille
1305 1187 1389 1238 per
1418 1187 1557 1237 quem
1583 1171 1704 1220 facta
1737 1177 1847 1220 sunt
1877 1169 2035 1218 onmia

126 1257 346 1319 differet,
403 1255 494 1307 nisi
541 1256 667 1307 lilius
711 1257 802 1320 sit3
869 1255 1265 1324 quemadmodum
1311 1254 1544 1304 naturalis
1587 1253 1710 1304 ratio
1757 1253 2032 1322 persuadet.

128 1339 259 1408 Quin
300 1343 452 1391 factus
491 1341 595 1408 ipsc
636 1339 835 1409 primum
867 1340 959 1390 erit
989 1339 1199 1390 omnium
1232 1356 1380 1407 opuS‚
1433 1355 1489 1388 ac
1517 1339 1647 1389 velut
1677 1337 1940 1389 conditoris
1965 1336 2037 1386 in-

125 1434 473 1488 strumentum3
513 1442 601 1493 per
638 1425 762 1492 quod
802 1425 1030 1475 universa
1069 1424 1313 1475 moliatur.

264 1508 440 1577 Neque
483 1527 601 1561 vero
631 1527 695 1560 ex
728 1509 786 1559 iis
821 1510 897 1576 qui
930 1510 1073 1576 vulgo
1105 1509 1185 1558 lilii
1218 1509 1527 1559 nominantur
1567 1507 1757 1576 proprie
1802 1506 1911 1557 dicti
1958 1524 2038 1575 pa·
2087 1514 2187 1569 Cap.
2215 1517 2266 1557 V.

126 1593 244 1657 tris,
286 1602 368 1644 aut
399 1595 477 1643 lilii
508 1594 744 1644 rationem
777 1593 1077 1644 cavillatorie
1110 1593 1252 1643 debet
1280 1593 1495 1643 eludere.
1572 1591 1698 1643 Nam
1729 1592 1903 1659 alioqui
1938 1588 2039 1659 phi-

125 1695 206 1729 res
239 1687 381 1729 erunt
408 1677 485 1728 (lei
512 1677 612 1728 filii.
691 1676 839 1728 Velut.
869 1696 973 1728 cum
1009 1677 1152 1740 dicit,
1193 1681 1339 1727 Fe'le'os
1362 1681 1534 1742 genui,
1591 1687 1637 1726 et
1659 1679 1890 1736 emanavi,
1949 1679 2042 1741 ψεῖ
2064 1682 2167 1717 Esai·
2190 1683 2268 1726 1‚2.

125 1781 232 1813 vero
267 1773 542 1829 spreverunt
580 1781 677 1825 me3
732 1762 875 1825 item,
930 1765 1097 1812 Nonne
1124 1772 1263 1827 pater
1298 1780 1418 1811 umes
1459 1772 1530 1811 est
1567 1765 1764 1811 omnium
1803 1766 2040 1810 vestrum?
2083 1765 2248 1843 Mlalqgh-

124 1847 237 1898 item
257 1887 270 1912 ‚
328 1851 562 1913 Quotquot
581 1857 858 1912 receperunt
882 1865 1012 1906 eum,
1070 1850 1199 1896 dedit
1225 1850 1291 1896 eis
1317 1857 1588 1911 poteslatem
1617 1848 1756 1911 filios
1794 1849 1873 1895 ἀεί
1894 1847 2032 1910 fieri,
2061 1833 2290 1896 10a13u.1'‚12.

124 1936 209 1999 qui
230 1951 320 1982 non
346 1952 408 1982 ea.-
434 1935 670 1981 voluntate
697 1950 882 1991 carnis,
937 1949 1083 1996 neque
1108 1950 1168 1980 ex
1194 1934 1429 1980 voluntale
1463 1934 1579 1990 viri,
1634 1933 1717 1980 sed
1744 1950 1805 1979 ex
1829 1933 1911 1979 deo
1939 1933 2044 1979 nati

122 2027 248 2067 sunt.
328 2014 454 2083 Quid
494 2017 616 2084 quod
660 2026 708 2067 et
734 2015 957 2066 inanimis
982 2033 1173 2083 quoque·
1213 2016 1356 2066 rebus
1387 2015 1589 2084 idipsum
1622 2015 1877 2064 tribuitur?
1951 2017 2291 2077 Quz‘lob·38‚²8·

120 2096 315 2167 genuit,
356 2100 538 2169 inquit,
590 2103 745 2150 stillas
778 2104 920 2149 roris.
1000 2098 1079 2150 Ex
1113 2100 1185 2150 liis
1213 2100 1340 2150 enim
1371 2099 1592 2150 omnibus
1631 2108 1681 2150 ut
1713 2099 1962 2166 plurimum
1991 2099 2036 2148 id

124 2185 356 2237 efficietur
390 2195 438 2236 ut
467 2203 533 2236 ex
564 2173 804 2236 communi
847 2185 926 2235 illa
964 2185 1315 2252 significatione
1353 2184 1427 2234 dei
1470 2184 1592 2235 lilius
1633 2184 1762 2233 nullo
1807 2185 1947 2233 modo
1977 2183 2039 2233 sit

125 2271 279 2334 filius,
332 2270 398 2321 uti
430 2287 520 2321 nec
550 2270 631 2320 illa
667 2270 770 2338 ipsa
801 2278 939 2332 sunt,
996 2270 1080 2319 sed
1113 2287 1231 2338 opus
1276 2269 1339 2319 sit
1375 2268 1449 2318 dei
1496 2270 1730 2319 duntaxat
1766 2285 1932 2318 eorum
1967 2270 2038 2318 in-

123 2364 253 2419 star,
306 2372 363 2405 ac
398 2355 549 2406 solius
579 2354 910 2423 appellationis
951 2353 1209 2422 particeps.
1290 2352 1511 2403 Ecclesia
1545 2371 1689 2421 porro
1721 2354 1859 2402 deum
1889 2353 2041 2403 credit

125 2456 221 2489 non
253 2439 393 2489 modo
425 2449 695 2489 creatarum
726 2455 884 2489 rerum
916 2455 1025 2488 esse
1060 2438 1357 2488 conditorem
1386 2438 1503 2502 (lioc
1534 2438 1659 2487 euim
1693 2436 1852 2488 ludaei
1885 2435 2041 2488 Grae-

125 2524 263 2592 cique
303 2523 484 2591 pariter
528 2526 854 2591 agnoscunt),
907 2523 991 2573 sed
1033 2531 1079 2573 et
1114 2522 1242 2573 unici
1275 2523 1355 2573 filii
1390 2532 1599 2591 patrem3
1650 2522 1727 2590 qui
1761 2539 1854 2572 non
1887 2521 2041 2571 solum

125 2608 496 2676 procreatricem
541 2607 778 2658 actionem
820 2606 1019 2669 habeat,
1077 2615 1273 2675 propter
1313 2625 1456 2675 quam
1500 2615 1692 2656 creator
1734 2606 2038 2674 intelligitur,

125 2694 209 2745 sed
258 2701 306 2744 et
345 2693 535 2762 proprie
574 2692 809 2759 uniceque
852 2691 1147 2759 generandi,
1207 2709 1273 2742 ex
1317 2710 1406 2759 qua
1440 2691 1564 2741 unici
1598 2690 1677 2741 lilii
1717 2699 1898 2759 patrem
1930 2708 2040 2741 esse

126 2778 484 2844 cognoscimus.
563 2775 667 2826 Hoc
698 2776 822 2826 enim
853 2776 1022 2826 beatus
1050 2793 1138 2827 nos
1164 2774 1343 2826 Paulus
1379 2776 1451 2827 his
1480 2776 1643 2826 verbis
1676 2776 1896 2826 edocuit:
1940 2779 2040 2825 Hec-

126 2864 225 2922 2’us‚
267 2862 447 2930 inquit,
482 2864 671 2926 gratia,
700 2863 848 2927 flecto
876 2878 1032 2925 gemm
1062 2879 1159 2910 mea
1186 2864 1250 2910 ad
1272 2871 1480 2925 patrem,
1535 2878 1564 2909 α
1588 2878 1677 2926 quo
1710 2863 1855 2909 omnis
1874 2870 2034 2925 pater·
2055 2863 2292 2911 Ephes.³,4.

124 2950 249 2995 nitas
276 2950 323 2995 z'n
361 2949 487 2995 coelo
511 2956 557 2994 et
578 2949 625 2994 in
654 2955 782 2994 terra
808 2948 1088 2994 nominatur.
1168 2943 1233 2996 Ut
1263 2944 1387 2995 euim
1424 2954 1585 3013 patres
1616 2945 1679 2995 illi
1710 2945 1755 2995 in
1789 2953 1918 2995 terra
1952 2963 2037 2995 uo-

126 3030 397 3093 minautur‚
440 3031 517 3099 qui
548 3030 603 3080 ad
630 3046 746 3079 suae
773 3038 973 3078 naturae
1004 3029 1361 3080 similitudinem
1390 3047 1654 3099 expressos
1687 3029 1864 3079 liabent
1893 3029 2032 3091 liliozz,

125 3114 195 3165 sic
225 3115 270 3165 in
304 3115 441 3165 coelo
471 3123 607 3183 pater
643 3114 720 3164 ille
750 3113 922 3163 dicitur
950 3129 976 3162 a
1006 3131 1098 3180 quo
1129 3114 1306 3164 terreni
1340 3123 1529 3182 patres,
1586 3114 1663 3181 qui
1700 3122 1899 3163 naturae
1929 3131 2037 3181 pro-

125 3198 351 3249 ductorcs
380 3207 521 3262 sunt,
576 3206 841 3260 vocantur3
896 3198 1020 3264 quod
1066 3198 1260 3248 omnino
1288 3199 1345 3248 ad
1382 3207 1582 3248 naturae
1615 3214 1731 3247 suae
1767 3197 2036 3247 similitudi-

127 3300 234 3333 nem
264 3283 476 3351 genitum
508 3299 571 3333 ex
597 3299 652 3333 ea
681 3299 791 3333 sese
817 3282 958 3331 filium
1000 3280 1158 3330 habet.
1233 3280 1410 3350 Neque
1441 3290 1600 3350 potest
1634 3298 1799 3330 eorum
1835 3281 2035 3331 liliorum

126 3366 259 3418 notio
279 3406 292 3430 ‚
332 3367 409 3435 qui
436 3366 668 3417 abusione
696 3366 893 3434 quadam
922 3364 1087 3427 vociS,
1129 3373 1178 3414 et
1207 3364 1523 3434 homonymos
1550 3365 1799 3427 dicuntur,
1842 3367 1898 3414 ad
1931 3365 2036 3415 uni-

127 3467 232 3502 cum
265 3452 339 3502 dei
383 3451 526 3502 lilium
570 3449 941 3501 accommodari.
1020 3445 1432 3514 Quemadmodum
1463 3449 1606 3518 pyxis
1643 3466 1698 3499 ea
1730 3449 1920 3517 proprie
1953 3467 2037 3500 vo-

182 3578 220 3619 5.
249 3581 332 3619 Non
356 3579 485 3618 dubito
505 3580 598 3628 quin
621 3578 879 3628 reponendum
900 3578 948 3615 sic
977 3588 1047 3626 μο-
1106 3573 1281 3613 cundum
1310 3572 1565 3627 propriarum
1605 3573 1867 3614 essentiarum
1896 3574 2036 3615 simili-

127 3633 325 3688 νοῇ-,Οὓς
1105 3630 1288 3669 tudinem
1316 3629 1419 3668 filios
1447 3629 1608 3674 liabent,
1639 3629 1697 3669 sic
1722 3636 1802 3670 cell.
1861 3633 2033 3680 Suppleo

182 3690 221 3732 6.
249 3687 433 3744 γεννικήν
462 3691 546 3730 cod.
577 3691 734 3740 Rhediy.
1106 3690 1140 3726 et
1168 3688 1316 3736 corriyo
1346 3682 1456 3726 Ka&
1496 3681 1724 3739 ὁμοιότητα
1751 3687 1833 3729 τῶν
1858 3681 1955 3728 καθ’
1984 3683 2033 3729 ὁ-

183 3746 220 3789 7.
252 3747 409 3793 „Deest
436 3745 610 3785 sortasse
636 3744 831 3799 aliquid.⁴‘
859 3746 1050 3785 Petavius.
1110 3738 1311 3795 μοιὸτητα
1335 3740 1416 3782 τῶν
1443 3739 1604 3784 οἰκείων
1632 3737 1782 3785 ου’σιῶν
1807 3739 1903 3791 τοὺς
1919 3740 2033 3791 υἱοὺς

129 3803 338 3843 Carnarius
377 3803 489 3842 vertit
525 3801 638 3842 Sicut
676 3801 781 3841 enim
814 3800 857 3840 hi
886 3799 954 3854 qui
983 3811 1053 3840 se-
1109 3791 1311 3853 ἐχόντων,
1342 3791 1450 3839 οὕτω
1479 3801 1558 3838 cett.
