2508 4134
479 235 579 286 154
1181 247 1387 290 smc‘n
1415 249 1703 292 ΕΡΙΡΗΑΝΠ

474 363 676 412 ναγκες,
714 339 782 404 ὥς
809 340 871 395 ἂν
897 344 1053 418 εἴποι,
1092 344 1240 415 Λέγω
1265 345 1348 411 δὲ,
1392 352 1451 383 1²
1469 345 1561 402 ούκ
1591 346 1713 418 ἐγώ,
1769 345 1867 400 ἄλλ’
1895 345 1927 401 ό
1954 345 2150 419 κύριος,
2199 357 2412 421 γυναῖκα

475 426 576 481 ἆπὸ
622 425 975 498 Ῑῧᾶνθρώπου
1007 427 1075 497 μή
1118 433 1493 501 14χωρίζεσθαι.
1567 438 1796 501 Διῆλθον
1835 433 1888 486 δὲ
1924 431 2017 502 τὴν
2062 439 2287 506 Φρυγίαν
2322 437 2410 491 καὶ

475 510 562 580 τήν
594 510 868 581 Γαλατικὴν
912 512 1100 583 χώραν,
1147 517 1452 580 κωλυθέντες
1488 523 1540 554 ¹⁵
1557 515 1656 572 ὗπδ
1695 524 1784 572 τοῦ
1816 517 2098 587 πνεύματος
2134 527 2222 574 τοῦ
2263 519 2409 593 ἆγίου

472 603 675 665 λαλῆσαι
702 595 789 651 τὸν
811 595 957 668 λόγον
983 601 1035 653 ἐν
1060 607 1120 674 τῇ
1140 601 1309 675 Ἀσίᾳ,
1365 603 1597 666 ἐλθόντες
1627 604 1680 657 δὲ
1707 606 1777 666 εἰς
1803 602 1893 672 τήν
1921 607 2130 659 Μυσίαν
2156 607 2412 678 ἐπείραζον

474 685 544 745 εἰς
562 682 654 752 τήν
684 687 931 737 Βιθυνίαν
960 684 1285 756 πορεύεσθαι,
1335 690 1419 741 καὶ
1448 686 1540 742 ούκ
1568 692 1728 743 εἴασεν
1760 687 1941 753 αύτούς
1970 688 2025 744 τὸ
2053 697 2248 760 πνεῦμα
2279 699 2296 729 ¹
2313 690 2408 747 6τὸ

473 767 637 839 ἅγιον,
691 767 759 834 ὥς
794 766 857 823 ἂν
884 771 1018 824 εἴποι
1050 771 1286 842 Χριστός,
1351 772 1739 837 ΠἈπελθόντες
1781 779 2045 844 βαπτίσατε
2077 779 2220 840 18εἰς
2248 775 2410 832 πάντα

471 852 533 908 τά
559 856 708 923 ἔθνη·
759 853 828 923 μὴ
864 857 1189 924 19βαστάζετε
1215 864 1278 896 2⁰
1295 857 1363 927 μὴ
1392 859 1583 930 πήραν,
1634 859 1703 929 μὴ
1729 861 1941 930 ῥάβδον,
1993 866 2053 900 ²¹
2071 861 2192 930 μήτε
2218 860 2410 932 ύποδή-

473 962 618 1008 ματα.
690 943 902 1006 Οἴτινες,
961 945 1184 1011 Μφησὶ,
1238 946 1400 1015 ἔλεγον
1435 951 1505 1018 τῷ
1553 944 1738 1018 Παύλῳ
1776 943 1861 1000 διά
1899 952 1990 1000 τοῦ
2025 947 2304 1016 πνεύματος
2339 947 2408 1018 μὴ

474 1024 757 1094 ἀναβαίνειν
784 1028 854 1088 εἷς
879 1025 1220 1098 Ἰερουσαλὴμ,
1274 1035 1334 1067 ²³
1352 1028 1642 1101 ἢ”Αγαβος,
1701 1029 1829 1085 Τάδε
1854 1032 1978 1102 λέγει
2003 1030 2058 1086 τό
2093 1040 2287 1102 πνεῦμα
2322 1032 2411 1088 τὸν

473 1109 643 1181 ἅγιον,
695 1109 782 1166 τᾶν
821 1111 979 1184 ἄνδρα
1005 1107 1067 1168 οῦ
1095 1116 1223 1168 ἐστιν
1251 1112 1286 1183 ἦ
1314 1115 1441 1183 ζώνη
1470 1114 1620 1184 αῦτη,
1673 1123 1734 1154 24
1750 1115 1928 1184 ὅμοιον
1956 1115 2025 1180 οἷς
2053 1115 2158 1172 εἷπε
2189 1124 2407 1184 Παῦλος,

475 1198 547 1250 Εἰ
576 1196 787 1266 δοκιμὴν
819 1205 1071 1267 Νζητεῖτε
1096 1207 1186 1254 τοῦ
1215 1202 1267 1253 έν
1295 1203 1402 1269 ἐμοὶ
1429 1207 1690 1264 λαλοῦντος
1723 1207 1784 1239 ²⁶
1804 1207 2046 1272 Χριστοῦ,
2094 1203 2156 1272 ἢ,
2194 1211 2411 1274 Μνημο-

473 1282 633 1337 νεύετε
661 1289 760 1338 τῶν
782 1283 941 1355 λόγων
976 1289 1176 1356 κυρίου,
1230 1285 1304 1340 ὅτι
1341 1285 1492 1349 αὐτὸς
1528 1284 1662 1340 εἶπεν
1696 1285 1896 1357 ἀγαθόν
1935 1285 2130 1343 διδόναι
2164 1295 2348 1357 μᾶλλον
2374 1288 2411 1359 ἢ

471 1368 752 1437 λαμβάνειν.
828 1373 943 1438 Καὶ,
985 1378 1100 1424 Νῦν
1127 1377 1188 1409 ²⁷
1208 1370 1319 1426 ἰδού
1349 1371 1441 1442 ἐγώ
1473 1373 1732 1440 δεδεμένος
1758 1377 1828 1445 τῷ
1854 1372 2096 1441 πνεύματι
2116 1373 2409 1446 πορεύομαι,

475 1452 542 1517 ὥς
575 1454 739 1509 ἳθέοὶν
776 1459 933 1525 εἴποι,
993 1463 1196 1520 Παῦλος
1222 1459 1420 1526 δέσμιος
1447 1456 1611 1526 Ἰησοῦ
1647 1463 1878 1528 Χριστοῦ.
1955 1457 2102 1527 Πλὴν
2127 1458 2182 1514 τό
2214 1461 2412 1529 πνεῦμά

475 1562 561 1608 μοι
598 1540 978 1613 διαμαρτύρεται
1015 1541 1142 1597 κατά
1186 1543 1354 1611 πόλιν,
1404 1545 1568 1614 λέγον,
1623 1543 1801 1613 ὅμοιον
1845 1541 1991 1608 Μυός
2033 1543 2161 1613 εἷπε,
2219 1543 2411 1617 Κύριος

262 1654 349 1690 pag.
371 1645 446 1680 893.
473 1636 711 1698 μαρτυρεῖ
731 1634 792 1702 τῇ
819 1630 911 1702 ἐμῇ
940 1634 1102 1703 ψυχῇ,
1155 1628 1231 1683 ὅτι
1259 1629 1320 1683 οὗ
1346 1628 1616 1698 ψεύδομαι.
1688 1627 1770 1683 Ἐν
1808 1630 2017 1699 δυνάμει
2051 1629 2177 1685 κατὰ
2215 1637 2410 1700 πνεῦμα

473 1711 760 1784 άγιοσύνης,
822 1713 999 1782 ὅμοιον
1051 1720 1119 1788 τῷ
1169 1718 1348 1781 εἰπεῖν,
1388 1715 1563 1787 ’Ἄγιος
1615 1713 1645 1770 ὅ
1695 1718 1749 1770 ἐν
1801 1714 1961 1787 ἆγίοις
2013 1715 2409 1786 ἀναπαυόμενος.

478 1806 537 1836 3⁰
554 1802 655 1852 Καὶ
698 1799 937 1870 περιτομὴ
981 1805 1188 1871 καρδίας
1224 1804 1277 1856 ἐν
1311 1799 1574 1870 πνεύματι,
1627 1801 1804 1870 ὅμοιον
1839 1810 1907 1875 τῷ
1951 1806 2130 1870 εἰπεῖν,
2183 1808 2286 1860 Καὶ
2325 1827 2410 1860 πε-

473 1885 718 1956 ριετμήθη
755 1893 997 1960 περιτομῇ
1041 1885 1399 1961 ἀχειροποιήτῳ
1437 1889 1490 1941 ἐν
1527 1894 1588 1961 τῇ
1628 1887 1894 1942 ἀπεκδύσει
1930 1895 2020 1943 τοῦ
2062 1889 2288 1959 σώματος
2313 1897 2410 1945 τῶν

472 1969 726 2042 ἁμαρτιῶν
758 1975 809 2026 ἐν
841 1978 897 2009 ³1
918 1979 978 2046 τῇ
1009 1980 1246 2047 περιτομῇ
1282 1980 1372 2027 τοῦ
1406 1979 1638 2044 Χριστοῦ.
1706 1976 1864 2044 Εἴπερ
1902 1981 2096 2044 πνεῦμα
2132 1981 2260 2031 θεοῦ
2288 1979 2419 2031 οἰκεῖ

473 2060 526 2112 ἐν
552 2055 698 2126 ύμῖν,
751 2057 927 2126 ὅμοιον
949 2065 1018 2132 τῷ
1051 2061 1228 2125 εἰπεῖν,
1285 2058 1479 2122 Καθώς
1505 2057 1695 2127 ἐλάβετε
1731 2059 1975 2130 Χριστόν,
2028 2063 2081 2115 έν
2109 2060 2246 2135 αύτῷ
2277 2084 2412 2134 περι-
2466 2128 2474 2137 .

473 2151 690 2209 πατεῖτε,
740 2146 850 2209 καὶ,
905 2150 1115 2213 Πνεῦμα
1151 2148 1330 2213 κυρίου
1362 2143 1589 2212 ἐλάλησεν
1621 2146 1674 2198 ἐν
1701 2146 1835 2213 ἐμοὶ,
1885 2147 1970 2210 καὶ
2000 2144 2145 2217 λόγος
2176 2146 2333 2202 αύτοῦ
2359 2149 2413 2203 ἐν

473 2236 542 2303 τῷ
570 2229 773 2298 στόματί
800 2251 914 2297 μου.
991 2232 1115 2296 Καὶ,
1162 2229 1263 2299 Τὴν
1291 2229 1518 2299 ἀπαρχὴν
1546 2236 1638 2284 τοῦ
1664 2229 1943 2298 πνεύματος
1971 2235 2181 2301 ἔχοντες,
2236 2233 2416 2303 ὅμοιον

471 2322 540 2388 τῷ
567 2318 738 2381 εἰπεῖν,
785 2315 1081 2386 82Ἀπαρχή
1113 2315 1339 2386 Χριστός.
1405 2313 1532 2368 Ἀλλ’
1556 2314 1677 2370 αύτδ
1707 2315 1761 2370 τὸ
1789 2323 1986 2386 πνεῦμα
2007 2316 2417 2390 ὑπερεντυγχάνει

473 2399 598 2472 ύπὲρ
628 2399 796 2469 ήμῶν,
847 2401 1022 2469 ὅμοιον
1050 2407 1116 2473 τῷ
1145 2404 1324 2467 εἰπεῖν,
1348 2401 1445 2464 ’Ὄς
1469 2404 1598 2455 ἐστιν
1626 2404 1678 2455 ἐν
1709 2405 1844 2476 δεξιᾷ
1870 2409 1960 2456 τοῦ
1984 2409 2135 2470 θεοῦ,
2175 2403 2234 2466 ὃς
2266 2405 2414 2459 ⁸³&-

474 2486 695 2557 τυγχάνει
723 2485 848 2557 ὑπὲρ
875 2485 1030 2556 ήμῶν.
1089 2486 1198 2539 Ἵνα
1235 2488 1429 2557 γένηται
1453 2485 1488 2556 ἦ
1512 2487 1775 2557 προςφορᾶ
1811 2494 1910 2542 τῶν
1945 2490 2110 2542 ἐθνῶν
2151 2488 2415 2560 εὖπρόςδε-

475 2596 615 2639 κτος,
666 2571 961 2643 ἆγιασθεῖσα
986 2575 1039 2627 ἒν
1073 2571 1313 2640 πνεύματι
1342 2571 1491 2647 ἁγίῳ,
1543 2573 1718 2642 ὅμοιον
1754 2580 1823 2646 τῷ
1853 2575 2032 2641 εἰπεῖν,
2083 2571 2138 2628 ‘O
2167 2576 2222 2628 δὲ
2243 2573 2417 2646 κύριος

480 2666 539 2698 34
558 2658 758 2731 ἁγιάσαι
804 2658 965 2726 ὑμᾶς,
1021 2662 1104 2712 ἵνα
1141 2652 1227 2726 ἦτε
1277 2661 1572 2730 εἰλικρινεῖς,
1628 2660 1712 2712 καὶ
1757 2659 2072 2730 ἀπρόσκοποι
2117 2662 2189 2722 εἰς
2227 2657 2418 2731 ἡμέραν

481 2752 538 2786 ³⁶
557 2748 748 2816 κυρίου.
822 2742 965 2813 Ἡμῖν
992 2745 1045 2797 δὲ
1071 2742 1392 2811 ἀπεκάλυψεν
1422 2743 1452 2798 ό
1485 2743 1681 2808 ³⁶4)st-
1708 2744 1792 2799 διά
1817 2752 1906 2799 τοῦ
1936 2744 2212 2813 πνεύματος
2244 2743 2414 2812 αὐτοῦ,

477 2830 653 2899 ὅμοιον
680 2837 747 2904 τῷ
780 2833 972 2898 εἰπεῖν,
996 2829 1116 2883 ’Ὅτε
1142 2828 1408 2897 εὐδόκησεν
1442 2836 1500 2868 ⁸⁷
1520 2828 1550 2884 ὁ
1581 2829 1826 2902 ἀφορίσας
1854 2853 1912 2899 με
1939 2833 1994 2884 ἐκ
2018 2834 2205 2893 κοιλίας
2232 2830 2417 2902 μητρός

476 2939 573 2985 μου
617 2915 699 2970 διά
737 2922 826 2984 τῆς
862 2914 1059 2987 χάριτος
1099 2915 1255 2969 αὐτοῦ
1296 2914 1619 2983 άποκαλύψαι
1663 2919 1788 2971 38ἐν
1829 2918 1940 2985 ἐμοὶ
1973 2913 2059 2969 τὸν
2096 2914 2205 2970 υἷὸν
2243 2916 2414 2970 αὐτοῦ.

472 3000 635 3071 Ἡμεῖς
662 3003 716 3055 δὲ
750 3001 811 3056 οὔ
840 3000 894 3056 τό
919 3008 1110 3070 πνεῦμα
1137 3007 1227 3055 τοῦ
1253 3001 1445 3070 κόσμου
1476 3002 1739 3070 ἐλάβομεν,
1790 3000 1910 3055 ἄλλά
1943 2999 1997 3054 τό
2025 3007 2217 3068 πνεῦμα
2251 3005 2418 3054 39τοῦ

474 3093 629 3153 θεοῦ,
679 3087 854 3156 ὅμοιον
878 3091 946 3161 τῷ
980 3090 1158 3154 εἰπεῖν,
1206 3084 1444 3149 Ἑαυτοὺς
1475 3086 1781 3155 δοκιμάζετε,
1834 3089 1879 3140 εἰ
1904 3084 1933 3140 ὅ
1964 3084 2176 3157 Χριστός
2205 3088 2258 3139 ἐν
2280 3083 2414 3154 ύμῖν.

478 3172 621 3235 Ναός
649 3180 739 3226 τοῦ
766 3179 893 3227 θεοῦ
918 3176 1048 3238 ἐστε,
1103 3175 1186 3226 καὶ
1215 3172 1269 3227 vo*
1298 3179 1491 3241 πνεῦμα
1515 3179 1604 3227 τοῦ
1635 3179 1760 3227 θεοῦ
1795 3175 1923 3226 οἰκεῖ
1958 3174 2010 3225 ἐν
2041 3168 2186 3238 ύμῖν,
2240 3169 2416 3239 ὅμοιον

475 3265 541 3332 τῷ
569 3261 742 3324 εἰπεῖν,
779 3257 1050 3326 Ἐνοικήσω
1094 3261 1145 3312 ἐν
1182 3256 1372 3322 αὐτοῖς,
1429 3260 1511 3312 καὶ
1551 3257 1955 3328 ἔμπεριπατήσω,
2006 3257 2092 3309 καὶ
2124 3257 2296 3324 ἔσομαι
2324 3254 2415 3309 αὐ-

476 3352 574 3399 τῶν
609 3343 758 3410 θεὸς,
796 3340 880 3398 καὶ
918 3342 1059 3398 αὐτοὶ
1097 3346 1292 3397 ἔσονταί
1330 3366 1413 3412 μοι
1448 3344 1580 3406 λαός.

537 3462 601 3503 12.
646 3458 722 3504 οὐκ
758 3459 871 3515 ἐγώ,
921 3455 1010 3504 ἀλλ’
1050 3461 1158 3500 edidi
1194 3472 1242 3500 ex
1283 3463 1421 3501 Ancor.
1538 3460 1601 3504 17.
1631 3456 1921 3511 Πορευθέντες
1940 3459 2081 3499 Ancor-

479 3521 587 3559 Libri
613 3521 729 3571 vulyo
758 3521 896 3559 habent
929 3514 1013 3572 ἐγώ
1029 3549 1042 3571 ,
1074 3514 1152 3572 οὐχ
1181 3512 1204 3560 ὁ
1235 3513 1389 3569 κύριος.
1538 3517 1600 3558 18.
1632 3515 1692 3563 εἰς
1719 3528 1797 3556 non
1826 3516 2000 3565 aynoscit
2019 3516 2159 3556 Ancor.

541 3574 601 3615 13.
644 3570 797 3629 ἀνδρὸς
834 3578 972 3615 Ancor.
1028 3577 1077 3614 Et
1112 3576 1169 3614 ita
1212 3577 1420 3615 restituen-
1535 3572 1600 3615 19.
1631 3574 1740 3612 Libri
1779 3573 1895 3622 vul9o
1938 3567 2204 3627 βαστάζεται.
2269 3573 2411 3615 Ancor.

481 3633 576 3671 dum
605 3643 680 3671 esse
710 3634 855 3672 censuit
883 3633 1079 3672 Petavius.
1479 3625 1732 3686 βαστάζητε.

540 3688 602 3727 14.
633 3689 898 3753 χωρισθῆναι
917 3690 1061 3730 Ancor.
1533 3685 1600 3726 20.
1633 3681 1693 3739 μή
1727 3697 1802 3724 om.
1823 3686 1966 3726 Ancor.

541 3744 615 3783 li).>
633 3742 713 3785 απὸ
738 3747 877 3785 Ancor.
1531 3741 1599 3783 21.
1632 3739 1743 3794 μηδὲ
1763 3742 1900 3783 Ancor.

538 3797 602 3842 16.
633 3797 680 3842 τὸ
712 3793 826 3853 ἅγιον
854 3813 931 3843 non
960 3802 1073 3842 habet
1092 3802 1235 3845 Ancor.
1533 3797 1600 3838 22.
1630 3796 1760 3852 φησὶν
1780 3799 1921 3842 Ancor.
