2508 4134
471 237 574 290 642
667 215 669 221 ’
1050 249 1322 290 ADDENDA
1353 250 1426 290 ET
1459 246 1834 292 conmcENnA.

469 364 551 404 σης
578 363 643 391 σκ.
670 349 777 390 Ven.
833 345 948 386 Idem
976 345 1082 387 liber
1107 346 1233 401 paulo
1260 355 1357 402 post
1383 347 1496 389 delet
1528 347 1618 390 Καὶ
1641 357 1738 389 ante
1765 344 1912 399 πόθεν,
1943 356 1985 388 et
2013 363 2090 403 pro
2115 347 2196 404 γὰρ
2222 345 2271 393 ού
2297 348 2399 401 δείξ.

466 419 639 473 praebet
662 414 710 461 δὲ
732 413 781 460 ού
807 415 907 467 δείξ.
937 440 990 448 —-
1048 416 1076 457 1.
1096 417 1136 458 6.
1167 414 1208 459 ἐν
1233 412 1345 474 ἀρχῇ
1374 409 1429 472 ήν
1458 414 1481 460 ὁ
1502 417 1637 474 Μελχ.
1679 410 1839 460 ῗΗλΒεν
1862 409 1934 461 οὖν
1962 417 2057 470 (καὶ
2077 418 2199 462 πάλιν
2223 419 2397 471 desunt)

465 485 489 531 ὁ
519 485 662 542 κύριος
687 485 793 541 πρὸς
815 484 886 530 τὸν
913 481 1032 544 Ἀβρ.
1066 488 1170 527 Ven.
1203 511 1257 518 -
1315 487 1343 528 l.
1360 490 1398 529 ὃ.
1431 489 1510 528 Pro
1537 487 1627 530 Καὶ
1654 485 1676 531 ὅ
1702 485 1744 542 (ὁ
1772 488 2072 529 restituendum
2096 497 2160 530 est
2185 489 2229 534 iu
2257 498 2399 531 nostra

465 559 585 613 edit.)
627 553 746 613 ἅγιος
787 559 889 598 Ven.
935 557 1108 612 praebet
1150 556 1238 600 Καὶ
1276 552 1406 607 αύτὸς
1446 555 1483 601 ὁ.
1515 582 1571 589 -
1627 559 1653 598 l.
1683 560 1746 604 10,
1780 554 1856 600 ούκ
1883 548 1953 600 οὖν
1985 559 2089 598 Ven.
2148 559 2266 600 Idem
2294 559 2401 601 liber

463 629 565 670 ibid.
591 626 818 683 ἐπειδήπερ
834 627 942 682 περὶ.
970 652 1016 659 —-
1059 624 1500 672 1.11..αύτοσύστατον
1521 628 1713 682 γίνεσθαι
1735 626 1884 670 ἑαυτοῦ
1911 622 2036 679 (αύτό
2065 628 2202 684 deest)
2227 632 2401 671 ven.—

462 700 490 740 l.
525 700 588 741 12.
630 695 899 752 Ἐφξτέγγετο
936 695 1008 741 σὺν
1049 714 1111 740 πν.
1151 695 1262 753 οἱγίῳ
1299 700 1402 739 Ven.
1432 723 1488 731 -
1544 699 1569 739 1.
1603 700 1666 740 14.
1706 689 1792 741 3Ην
1829 696 1878 741 δὲ
1905 696 1947 741 ἐν
1975 696 2180 753 πνεύματι
2211 702 2313 741 Veu.
2335 724 2400 732 .—

463 770 490 811 l.
528 770 596 811 20.
640 768 713 812 καὶ
751 765 938 823 ούδαμοῦ
976 767 1073 823 περὶ
1108 769 1244 825 Μελχ.
1287 768 1398 824 λέγει
1440 763 1506 812 ὅτι
1547 767 1588 811 ἐν
1629 772 1717 816 τοῖς
1754 767 1988 823 χαρίσμασι
2024 771 2250 824 δωρεῖται,
2303 765 2400 815 οὔτε

463 839 505 883 ἐν
537 845 624 888 τοῖς
658 836 868 894 ύψώμασι
892 841 995 881 ven.
1058 839 1170 880 Idem
1210 839 1334 894 paulo
1374 848 1472 894 post
1502 854 1581 879 om.
1613 836 1690 889 τά,
1734 847 1833 893 post
1858 833 2020 896 ᾅδεται.
2050 863 2104 871 -
2160 840 2190 881 1.
2216 842 2284 884 22.
2316 826 2398 884 ἀπο

461 911 542 966 τῆς
570 906 778 965 ἀληθείας
802 906 945 959 αὐτοῖς
971 910 1269 967 συμβαίνοντα,
1299 906 1386 953 ἀλλ’
1426 909 1471 960 ἐξ
1513 904 1640 952 αύτοῦ
1680 909 1783 949 ven.
1815 932 1868 940 —
1927 908 1954 949 1.
1982 907 2049 951 23.
2082 912 2230 953 Venet.
2265 911 2398 952 multo

464 982 673 1037 copiosior
710 981 753 1022 h.
793 981 820 1021 l.
859 981 962 1022 haec
1007 981 1065 1022 ita
1105 981 1406 1036 persequitur:
1449 977 1509 1028 ὥς
1551 978 1735 1033 ἑκάστην
1790 978 1947 1032 αἵρεσιν
1989 976 2190 1035 ἠδυνήθη
2230 977 2399 1036 ἀπατῆ-

463 1053 536 1096 σαί
563 1067 610 1096 τε
639 1050 713 1095 καὶ
753 1052 973 1106 πλανῆσαι.
1041 1043 1182 1095 Ἤλὲτε
1219 1050 1268 1095 δὲ
1303 1048 1423 1094 πάλιν
1462 1050 1522 1099 εἰς
1559 1046 1709 1106 ήμᾶς,
1753 1044 1814 1098 ὥς
1851 1055 1958 1099 τινες
1993 1046 2276 1106 περιττότερον
2316 1053 2400 1095 τῶν

460 1121 769 1178 προειρημένων
810 1120 973 1166 πάντων
1013 1121 1294 1177 πλανηῖῐέντες
1343 1120 1416 1164 καὶ
1454 1120 1731 1177 περισσοτέρᾳ
1772 1116 1970 1178 ἀλαζονία
2010 1119 2165 1171 ἐννοίας
2201 1118 2402 1177 ἀρθέντες

463 1191 708 1250 ἐτόλμησαν
766 1193 825 1242 εἰς
869 1189 1041 1248 ἀπορίαν
1093 1189 1385 1247 διανοημάτων
1437 1191 1667 1246 τραπῆναι,
1729 1189 1802 1234 καὶ
1846 1191 1907 1240 εἰς
1951 1189 2199 1249 βλάσφημον
2250 1191 2401 1236 ἔννοιαν

466 1265 603 1309 ἐλθεῖν
646 1265 720 1309 καὶ
758 1264 885 1307 εἰπεῖν
928 1262 999 1308 τὸν
1043 1260 1168 1307 αύτόν
1210 1261 1478 1320 Μελχισεδὲκ
1519 1258 1628 1305 εἶναι
1670 1259 1741 1304 τὸν
1785 1260 1946 1316 πατέρα
1988 1262 2061 1306 τοῦ
2105 1262 2247 1318 κυρίου
2275 1260 2400 1318 ήμῶν

467 1331 615 1391 Ἰησοῦ
646 1336 848 1392 Χριστοῦ.
898 1335 999 1378 Καὶ
1028 1327 1065 1377 ὦ
1093 1336 1174 1387 τῆς
1201 1334 1284 1377 τῶν
1314 1329 1547 1388 ἀνθρώπων
1577 1328 1820 1387 ἀφυλάκτου
1844 1331 2000 1382 ἐννοίας
2022 1332 2096 1376 καὶ
2118 1329 2401 1389 ἀπατωμένης

464 1407 666 1462 καρδίας,
698 1407 771 1451 καὶ
802 1406 861 1462 μή
895 1403 1077 1463 ἐχούσης
1109 1402 1255 1452 στάσιν
1285 1400 1503 1458 ἀληὲείας.
1563 1399 1668 1447 Ἀπὸ
1698 1403 1772 1446 τοῦ
1799 1401 1879 1459 γὰρ
1909 1402 1980 1448 τὸν
2010 1400 2239 1448 ἀπόστολον
2268 1403 2400 1459 λέγειν

459 1475 653 1533 ἀπάτορα
695 1478 769 1522 καὶ
809 1476 1007 1533 ἀμήτορα
1049 1474 1121 1519 τὸν
1151 1473 1448 1532 Μελχισεδὲκ,
1498 1473 1572 1518 καὶ
1600 1469 1931 1530 ἀγενεαλόγητον
1974 1474 2045 1520 διὰ
2085 1473 2133 1519 τὸ
2169 1473 2397 1530 ύπέρογκον

458 1550 539 1604 τῆς
566 1548 767 1605 φράσεως
793 1548 1073 1603 πλανηὲτέντες
1100 1547 1157 1603 τῇ
1189 1546 1322 1603 ἐννοίᾳ
1353 1546 1392 1589 οἱ
1418 1546 1595 1589 τοιοῦτοι
1620 1545 1694 1588 καὶ
1722 1546 2017 1601 διανοηθέντες
2043 1544 2097 1590 τὰ
2127 1546 2187 1595 εἰς
2213 1543 2286 1590 τὸν
2314 1559 2399 1588 πα-

459 1620 560 1675 τέρα
600 1621 684 1664 τῶν
725 1615 833 1664 ὅλων
864 1616 1143 1674 ἀναλογοῦντα
1174 1617 1215 1661 έν
1245 1617 1410 1666 ἑαυτοῖς
1449 1613 1723 1660 ἀνετύπωσαν
1763 1618 2038 1673 βλασφημίας
2064 1615 2234 1672 πλάνην.
2291 1612 2396 1661 Ἀπὸ

459 1692 532 1734 τοῦ
563 1690 643 1747 γὰρ
672 1689 742 1736 τὸν
773 1690 932 1745 πατέρα
959 1689 1042 1733 τῶν
1074 1684 1182 1733 ὅλων
1214 1687 1314 1732 θεὸν
1343 1686 1417 1732 τόν
1449 1684 1763 1743 παντοκράτορα
1792 1685 1903 1743 μήτε
1935 1688 2095 1744 πατέρα
2124 1687 2257 1746 ἔχειν,
2289 1687 2399 1744 μήτε

461 1762 648 1817 μητέρα,
682 1762 793 1818 μήτε
822 1758 958 1817 ἀρχήν
987 1757 1187 1815 ήμερῶν,
1219 1757 1332 1815 μήτε
1365 1759 1483 1814 ζωῆς
1510 1758 1654 1814 τέλος,
1684 1759 1807 1802 τοῦτο
1836 1757 1918 1814 γὰρ
1948 1762 2075 1803 πᾶσιν
2109 1756 2398 1815 ὤμολόγηται,

458 1828 769 1883 ἀπεικάσαντες
801 1833 943 1876 τοῦτον
982 1831 1096 1885 (cod.
1126 1828 1306 1882 τούτων)
1343 1828 1415 1875 τόν
1444 1829 1738 1887 Μελχισεδὲκ,
1782 1828 1853 1874 διὰ
1892 1827 1941 1874 τό
1979 1830 2076 1885 περὶ
2114 1826 2242 1874 αύτοῦ
2285 1826 2397 1874 οὕτω

457 1902 528 1948 τόν
565 1901 794 1948 ἀπόστολον
824 1903 1061 1958 εἰρηκέναι,
1095 1902 1155 1951 εἰς
1185 1897 1427 1957 ἀφροσύνης
1466 1900 1737 1957 βλασφημίαν
1766 1899 2042 1952 πεπτώκασι,
2080 1900 2140 1957 μή
2172 1899 2399 1957 νοήσαντες

457 1973 511 2019 τά
541 1970 649 2019 ἄλλα
689 1973 742 2019 τά
771 1975 869 2030 περὶ
909 1972 1040 2018 αύτοῦ
1087 1973 1298 2028 εἰρημένα.
1361 1972 1473 2027 Περὶ
1514 1970 1596 2027 γὰρ
1637 1974 1708 2015 τοῦ
1749 1971 2014 2028 Μελχισεδὲκ
2056 1973 2220 2027 εἴρηται
2250 1967 2315 2016 ὅτι
2343 1963 2397 2026 ήν

458 2045 597 2102 ἱερεύς
637 2044 833 2100 ύψίστου.
892 2045 952 2089 Εἰ
981 2037 1051 2088 ούν
1083 2040 1265 2097 ὕψιστος
1294 2043 1404 2087 ἐστιν
1450 2036 1571 2092 οὗτος
1600 2042 1674 2086 καὶ
1717 2041 1883 2097 πατὴρ,
1933 2034 2016 2096 ἆρα
2045 2041 2187 2097 ἑτέρου
2216 2038 2396 2094 ὑψίστου

459 2115 657 2175 ύπάρχων
687 2115 825 2171 ἱερεύς
855 2113 999 2160 ου’κέτι
1029 2117 1094 2170 εἴη
1124 2113 1262 2169 πατὴρ
1292 2115 1376 2158 τῶν
1410 2110 1548 2164 ὅλων,
1580 2111 1805 2168 ἱερατεύων
1835 2112 1968 2169 ἑτέρῳ
1996 2109 2184 2168 ύψίστῳ.
2240 2113 2329 2157 Καὶ
2359 2105 2397 2157 ιιῖ

456 2189 538 2243 τῆς
566 2190 649 2233 τῶν
680 2186 912 2244 άνῇρώπων
941 2185 1214 2244 χυδειότητος
1241 2186 1323 2241 τῆς
1351 2184 1404 2229 τὰ
1433 2181 1612 2239 ἀληθινὰ
1648 2182 1709 2238 μή
1742 2183 2051 2238 κατανοούσης,
2083 2183 2153 2227 ἐπὶ
2180 2182 2234 2228 τοὶ
2261 2183 2397 2229 πλανοὶ

457 2259 506 2304 δὲ
537 2259 690 2314 ἑαυτήν
720 2257 971 2315 τρεπούσης.
1032 2256 1095 2301 Τὸ
1127 2258 1259 2312 πέρας
1301 2255 1382 2312 γὰρ
1426 2256 1509 2310 τῆς
1537 2254 1770 2304 ἐπιλύσεως
1809 2255 1882 2298 τοῦ
1912 2253 2344 2317 παντὸςζητήματος
2373 2253 2396 2301 ὁ

456 2327 575 2388 ἅγιος
605 2328 837 2379 ἀπόστολος
882 2327 1128 2384 συναγαγών
1177 2327 1284 2384 ἔφη,
1328 2323 1380 2368 Ὁ
1411 2325 1460 2370 δὲ
1491 2324 1552 2382 μή
1585 2324 1959 2381 γενεαλογούμενος
1988 2324 2034 2377 ἐξ
2063 2321 2229 2381 αύτῶν,
2270 2327 2396 2382 δῆλον

457 2401 506 2447 δὲ
535 2398 642 2447 ἀλλά
673 2402 719 2453 ἐξ
749 2402 927 2456 ἐτέρων,
959 2397 1229 2444 δεδεκάτωκε
1258 2395 1329 2442 τόν
1359 2394 1577 2454 Ἀβραάμ·
1621 2396 1695 2440 καὶ
1724 2395 1870 2450 πάλιν,
1897 2391 1986 2446 <Ὀς
2015 2396 2057 2440 ἐν
2087 2402 2182 2446 ταῖς
2209 2395 2394 2454 ήμέραις

455 2476 537 2527 τῆς
569 2472 727 2529 σαρκὸς
757 2469 884 2516 αύτοῦ
911 2470 1085 2525 δεήσεις
1114 2470 1187 2513 καὶ
1216 2468 1380 2517 ἱκεσίας
1408 2467 1598 2518 ἐποιεῖτο,
1630 2468 1754 2524 φησὶ,
1785 2466 1891 2524 πρὸς
1920 2466 1993 2512 τόν
2017 2464 2241 2523 δυνάμενον
2268 2465 2395 2513 αύτόν

459 2545 623 2599 σῶσαι,
671 2542 693 2587 0‘
725 2543 773 2588 δὲ
799 2542 937 2598 πατήρ
968 2540 1106 2596 σάρκα
1131 2538 1207 2584 ούκ
1233 2537 1478 2591 ἐνεδύσατο,
1523 2540 1663 2595 δῆλον.
1723 2538 1813 2582 Καὶ
1850 2536 2128 2594 περὶτούτων
2158 2537 2207 2583 δὲ
2236 2539 2395 2590 ἱκανῶς

457 2613 771 2670 διηγησάμενος
805 2617 892 2656 κτλ.
923 2637 977 2644 --
1049 2613 1075 2653 l.
1102 2612 1169 2654 26.
1205 2611 1468 2666 μυογαλίδιον
1505 2612 1607 2651 ven.
1670 2613 1772 2651 Item
1802 2610 1874 2652 lin.
1904 2625 2019 2666 sequ.
2051 2635 2104 2642 —
2162 2610 2188 2651 l.
2219 2610 2288 2654 27.
2319 2610 2394 2654 καὶ

457 2685 660 2741 φύγωμεν
700 2683 748 2729 τὸ
793 2684 950 2742 ἰὸβολον
991 2679 1129 2737 αύτῆς
1164 2680 1419 2738 δηλητήριον
1454 2684 1557 2724 ven.
1590 2706 1643 2713 -
1701 2682 1727 2724 1.
1758 2682 1913 2737 penult.
1960 2680 2160 2736 κελεφίας
2193 2678 2254 2731 ὥς
2284 2677 2392 2726 ὅλων

456 2759 561 2801 Ven.
593 2781 650 2789 —
706 2757 734 2797 1.
758 2756 832 2798 ult.
865 2751 974 2810 αὕτη
1005 2751 1036 2810 ή
1068 2754 1229 2808 αἵρεσις
1257 2754 1313 2810 τῇ
1344 2754 1505 2810 διανοίᾳ
1534 2759 1622 2803 τοῖς
1652 2750 1787 2802 εύὲῐῦς
1815 2755 1921 2794 Ven.

570 2830 703 2886 Pag.
725 2828 852 2872 144.
909 2827 935 2867 l.
967 2827 1006 2868 ‘2-
1040 2824 1264 2880 ζητήματα
1293 2824 1461 2880 ἐμποιεῖ
1486 2827 1590 2865 Ven.
1624 2849 1676 2856 —-
1735 2825 1761 2865 1.
1790 2824 1829 2866 3.
1860 2820 2018 2877 ταύτης
2044 2824 2125 2878 τῆς
2147 2820 2243 2880 παρ’
2267 2822 2391 2881 ήμῶν

459 2899 686 2956 γενομένης
727 2896 819 2942 κατ’
851 2894 988 2952 αύτῆς
1029 2894 1268 2951 ἀνατροπῆς
1295 2910 1342 2939 τε
1377 2895 1451 2939 καὶ
1481 2893 1726 2951 ἀντιλογίας.
1785 2892 1853 2938 Ου’
1881 2893 2021 2952 τάχιον
2054 2896 2153 2935 Ven.
2186 2921 2243 2928 —
2297 2897 2325 2938 l.
2349 2896 2389 2940 6.

458 2970 851 3027 ἐσυκοφαντημένος
888 2971 989 3010 Ven.
1030 2994 1079 3000 —
1139 2968 1167 3009 l.
1198 2969 1235 3011 7.
1267 2965 1345 3022 την
1377 2966 1547 3022 μνήμην
1577 2963 1886 3016 ἀπεικάσαντας
1927 2960 2045 3023 αύτῷ
2075 2967 2129 3022 τῇ
2169 2964 2282 3021 παρὰ
2309 2967 2391 3022 τῆς
2475 3025 2477 3035 ¹

458 3043 662 3098 αἱρέσεως
693 3039 845 3098 βλάβῃ.
904 3042 1039 3083 Τοῦτο
1070 3038 1149 3095 γὰρ
1182 3036 1309 3082 αύτοῦ
1340 3036 1387 3083 τό
1418 3034 1612 3092 ἀδίκημα
1640 3035 1819 3094 ὑπάρχει
1847 3039 1964 3088 ven„
2004 3036 2114 3077 cuius
2139 3037 2388 3092 subscriptio

454 3114 497 3155 h.
521 3115 550 3155 l.
573 3123 634 3155 est
658 3111 782 3156 Κατὰ
812 3112 1204 3168 Μελχισεδεκιανῶν
1228 3108 1284 3153 λε’
1307 3104 1339 3164 ἦ
1375 3108 1449 3152 καὶ
1473 3103 1542 3152 νε’.

570 3187 596 3226 1.
627 3187 689 3227 10.
733 3182 859 3227 Κατὰ
888 3182 1247 3236 Βαρδισιανιστῶν
1287 3183 1394 3221 Ven.
1428 3203 1475 3211 --
1539 3180 1565 3221 l.
1599 3181 1663 3222 15.
1709 3178 1788 3236 τήν
1826 3178 1946 3224 πόλιν
1974 3181 2080 3221 Ven.
2138 3178 2252 3220 Idem
2283 3179 2384 3221 ibid.

455 3259 617 3314 πρῶτον
647 3251 800 3310 ἄριστά
828 3270 891 3304 τις
916 3250 1034 3310 ἀνὴρ.
1066 3278 1115 3284 -
1159 3253 1187 3293 l.
1209 3252 1271 3295 19.
1303 3248 1563 3295 Ἐδεσσινῶν
1593 3254 1630 3295 δ.
1661 3247 1782 3306 ἀνδρὶ
1810 3247 2031 3305 ὅσιωτάτῳ
2060 3248 2138 3303 (ita
2168 3251 2317 3306 corrig.
2343 3251 2385 3293 in

455 3345 548 3371 mea
579 3329 699 3383 edit.)
732 3327 804 3370 καὶ
829 3324 1069 3381 λογιωτάτῳ
1095 3323 1218 3375 έξοικ.
1250 3324 1352 3363 Ven.
1383 3346 1439 3354 —
1496 3323 1522 3363 l.
1547 3322 1614 3364 24.
1644 3321 1775 3377 λέγων
1803 3320 2062 3362 retinendum
2089 3329 2166 3370 est,
2198 3335 2275 3376 pro
2302 3336 2384 3378 quo

456 3401 600 3456 scripsi
632 3399 789 3455 ψέγων.
819 3422 874 3429 —
931 3397 955 3437 l.
980 3397 1047 3439 25.
1082 3392 1184 3448 ὑπὲρ
1215 3387 1264 3438 οὗ
1291 3390 1511 3450 εύσεβείας
1541 3396 1647 3435 Ven.
1710 3392 1826 3433 ldem
1856 3391 1978 3446 paulo
2005 3399 2102 3447 post
2131 3389 2278 3446 φήσας
2313 3391 2385 3438 τὸν

456 3469 639 3528 ἀνάγκη.
669 3495 724 3503 —
781 3470 808 3511 l.
835 3470 901 3511 30.
934 3467 1016 3516 ἕως
1045 3464 1118 3511 ὅτε
1145 3467 1207 3523 τῷ
1239 3460 1357 3522 αύτῷ
1391 3465 1592 3521 σχίσματι
1619 3465 1701 3520 τῆς
1730 3463 1877 3507 ἑαυτοῦ
1911 3464 2009 3502 Ven.
2042 3485 2095 3493 -
2165 3463 2192 3505 l.
2222 3464 2288 3507 31.
2314 3463 2381 3509 δί-

456 3559 535 3597 κην
566 3542 646 3590 έώς
677 3542 776 3597 (sic)
806 3554 894 3595 γεγ.
927 3541 1076 3580 Venet.
1106 3562 1160 3569 —
1231 3537 1258 3578 l.
1290 3536 1444 3591 penult.
1491 3535 1767 3589 λακισὲείσης
1800 3531 2058 3587 ἀπολομένης
2085 3547 2132 3576 τε
2162 3532 2240 3590 τήν
2268 3530 2381 3579 ἅπα-

458 3627 531 3657 σαν
567 3616 713 3654 venet.

569 3686 702 3742 Pag.
727 3684 855 3728 146.
909 3683 937 3723 l.
957 3683 996 3724 2.
1027 3683 1178 3736 δηλητ.
1208 3681 1329 3725 τοῦτο
1359 3678 1432 3723 καὶ
1461 3681 1536 3731 ζιζ.
1568 3680 1699 3729 Ven.,
1743 3675 1811 3732 qui
1852 3674 1978 3729 paulo
2015 3684 2117 3730 post
2147 3676 2260 3718 delet
2287 3691 2378 3719 voc.

458 3754 530 3796 καὶ
560 3750 701 3803 ἄλλας.
731 3779 782 3785 -
827 3755 853 3795 l.
875 3754 916 3797 3.
946 3751 1153 3810 προβολὰς
1176 3761 1315 3793 tuetur
1344 3753 1449 3792 Ven.
1511 3752 1700 3791 Ceterum
1730 3746 1911 3788 conferri
1940 3755 2081 3802 potest
2113 3748 2251 3790 Grabe
2279 3747 2379 3804 Spi-

460 3825 524 3866 eil.
555 3828 584 3875 1,
616 3841 656 3880 p.
678 3826 771 3869 278.
808 3849 855 3856 -
915 3825 941 3866 l.
964 3828 1002 3866 5.
1033 3824 1105 3868 καὶ
1133 3824 1206 3880 νέᾳ
1235 3819 1426 3880 διαθήκῃ
1458 3825 1560 3867 Ven.
1595 3846 1646 3853 -
1706 3818 1731 3860 l.
1760 3815 1800 3861 6.
1830 3816 1903 3862 καὶ
1934 3809 2053 3869 οὗτος
2082 3817 2190 3875 μετὰ
2217 3835 2260 3865 π.
2288 3821 2375 3864 Ve-
