2508 4134
225 1398 337 1455 Κεφ.
353 1396 422 1453 ιη’.

251 2252 336 2290 pag.
357 2241 436 2278 865.

449 240 548 291 104
1106 275 1109 277 -
1161 245 1266 287 SAN
1275 245 1377 289 G'rt·
1394 246 1679 289 EPIPHANII

446 350 707 415 δαχθῆναι.
802 342 868 397 Τὸ
905 343 994 411 μὲν
1033 340 1153 414 γάρ,
1208 343 1435 414 Μορφήν
1473 343 1656 399 δούλου
1695 342 1860 412 λαβών
1894 345 1980 398 καὶ
2018 345 2073 399 ἐν
2107 342 2382 414 ὁμοιώματι

447 429 730 501 ἀνθρώπων
757 427 1048 500 γενόμενος,
1087 431 1337 483 δείκνυσιν
1363 428 1439 484 ὅτι
1466 431 1520 484 ἐκ
1544 435 1633 498 τῆς
1659 431 1915 500 παρθένου
1945 428 2104 501 σάρκα
2134 430 2381 498 ἀνέλαβεν.

452 517 656 571 Οὐκοῦν
693 512 727 582 ή
770 512 890 585 σάρξ
928 512 993 581 ἣν
1028 511 1262 583 ἀνέλαβεν
1294 512 1462 579 <iveris
1502 522 1591 570 τοῦ
1631 521 1759 570 θεοῦ
1801 513 1879 584 4ή
1906 513 2032 584 αὐτὴ
2074 516 2164 585 μέν
2194 517 2294 570 ἐστι
2323 519 2384 589 τῇ

447 603 593 673 σαρκὶ
620 605 720 653 τῶν
751 598 1070 670 ἀνθρώπων·
1121 601 1175 654 ἐν
1200 597 1476 669 ὁμοιώματι
1508 602 1560 655 δὲ
1587 599 1877 672 ἀνθρώπων
1904 603 2059 667 ἐστὶν,
2097 598 2267 669 ἐπειδὴ
2292 597 2385 654 οὐκ

447 691 502 742 ἐκ
527 691 720 757 σπορᾶς
747 682 814 748 οἷς
845 683 1138 757 ἅνθρωποι,
1177 685 1295 740 οὐδὲ
1325 688 1379 741 ἐκ
1407 690 1576 755 κοίτης
1601 685 1784 758 ἀνδρὸς
1811 685 2070 758 ἐγεννήθη.
2139 683 2229 749 Ὡς
2260 683 2387 739 κατὰ

445 770 534 842 τὸν
559 770 738 840 ὅμοιον
768 770 955 842 τρόπον
979 773 1065 824 καὶ
1092 768 1123 825 ὁ
1149 770 1259 835 υἱός
1285 778 1479 841 πνεῦμα
1507 770 1604 838 ὧν,
1653 774 1739 826 καὶ
1771 774 1826 826 ἐκ
1850 778 1940 826 τοῦ
1973 768 2161 843 πατρὸς
2192 775 2388 839 πνεῦμα

447 858 732 929 γεννηθεὶς,
786 855 911 910 κατά
957 857 1045 924 μὲν
1082 855 1137 910 τό
1179 863 1376 926 πνεῦμα
1416 860 1471 912 ἐκ
1518 856 1798 926 πνεύματος
1844 856 1967 912 εἶναι
2001 856 2055 911 vd
2088 855 2210 911 αὐτό
2242 859 2386 920 ἐστιν,

450 942 610 1014 ὥςπερ
640 949 663 979 ⁶
682 940 737 995 τό
762 939 888 995 κατά
911 940 965 995 τό
991 940 1112 1013 σοὶρξ
1138 944 1192 996 ἐκ
1220 942 1404 1014 σαρκὸς
1431 940 1554 997 εἶναι
1581 950 1669 1012 τῆς
1696 947 1926 1015 Μαρίας·
1964 942 2090 997 κατὰ
2114 943 2167 997 δὲ
2189 941 2244 997 vd
2270 940 2389 997 ἄνευ

449 1028 727 1100 ἀπορῤοίας
752 1030 838 1082 καὶ
865 1028 1071 1091 πάθους
1098 1030 1184 1082 καὶ
1212 1035 1452 1100 μερισμοῦ
1480 1031 1535 1083 ἐκ
1559 1035 1648 1083 τοῦ
1673 1027 1863 1101 πατρὸς
1890 1035 2192 1100 γεννηθῆναι
2217 1026 2391 1098 ὅμοιός

451 1117 551 1170 ἐστι
579 1120 647 1188 τῷ
689 1115 864 1185 πατρὶ,
914 1115 1000 1168 καὶ
1043 1111 1135 1168 οὐκ
1173 1112 1327 1178 αὐτὸς
1365 1112 1394 1169 6
1424 1113 1548 1169 κατὰ
1576 1114 1737 1187 σάρκα
1763 1114 1874 1177 υἱός
1903 1117 1956 1169 ἐν
1997 1112 2269 1184 ὁμοιώματι
2306 1109 2390 1168 ἀν-

449 1198 679 1273 θρώπων
716 1201 844 1266 ἐστὶ,
881 1201 964 1254 καὶ
1001 1199 1096 1254 οὐκ
1134 1197 1254 1253 αὐτὸ
1292 1199 1418 1254 κατά
1457 1200 1619 1255 πάντα
1655 1199 1943 1272 ἅνθρωπος.

600 1370 803 1425 Οὐκοῦν
825 1368 908 1424 διά
936 1377 1024 1439 τῆς
1047 1369 1175 1443 πρός
1198 1375 1564 1440 Φιλιππησίους
1591 1374 1850 1440 ἐπιστολῆς
1878 1373 2096 1436 ἐδίδαξεν
2123 1368 2258 1440 ἡμᾶς
2287 1376 2395 1434 πῶς

451 1458 487 1530 ἡ
517 1456 790 1520 ὑπόστασις
830 1463 919 1511 τοῦ
961 1460 1078 1511 υἱοῦ
1119 1454 1267 1525 ὁμοία
1296 1458 1398 1510 ἐστὶ
1423 1463 1482 1531 τῇ
1508 1455 1776 1511 ’ὑποστάσει
1810 1463 1900 1512 τοῦ
1937 1455 2147 1529 πατρὸς·
2201 1461 2396 1525 πνεῦμα

453 1544 546 1618 γὰρ
575 1546 630 1598 ἐκ
660 1542 863 1614 πατρός.
938 1545 1041 1597 Καὶ
1072 1541 1198 1596 κατά
1235 1543 1323 1611 μὲν
1352 1541 1442 1611 τὴν
1473 1549 1563 1596 τοῦ
1611 1549 1629 1580 ¹
1647 1542 1928 1612 πνεύματος
1966 1545 2162 1598 ἔννοιαν
2195 1540 2395 1609 ταύτόν,

456 1629 524 1693 ὥς
550 1627 676 1683 κατὰ
699 1627 789 1697 τὴν
813 1634 901 1697 τῆς
932 1627 1115 1697 σαρκός
1146 1631 1343 1682 ἔννοιαν
1366 1626 1559 1682 ταύτόν.
1639 1629 1714 1682 Οὐ
1742 1627 1926 1683 ταύτόν
1956 1629 2037 1695 δὲ,
2076 1626 2172 1682 ἀλλ’
2201 1627 2395 1697 ὅμοιον,

456 1713 585 1770 διότι
607 1711 663 1768 τὸ
692 1720 901 1784 πνεῦμα,
941 1713 971 1768 ὅ
1000 1717 1128 1769 ἐστιν
1154 1711 1184 1768 ὁ
1208 1711 1343 1780 υἱός,
1384 1712 1478 1768 οὐκ
1505 1716 1633 1768 ἔστιν
1660 1712 1690 1768 ὁ
1716 1713 1877 1786 πατὴρ
1888 1757 1902 1781 ,
1940 1716 2023 1768 καὶ
2052 1712 2087 1784 ή
2111 1713 2248 1784 σὰρξ,
2291 1712 2397 1782 ἳῆν

456 1800 486 1857 ὁ
511 1800 658 1872 λόγος
684 1797 943 1869 ἀνέλαβεν,
982 1798 1074 1855 οὐκ
1100 1803 1231 1854 ἔστιν
1256 1802 1310 1854 ἐκ
1339 1802 1617 1871 σπέρματος
1644 1802 1727 1854 καὶ
1754 1799 1966 1869 ήδονῆς,
2017 1798 2114 1853 ἀλλ’
2141 1799 2300 1862 οὕτως
2331 1796 2372 1852 m‘

456 1886 511 1943 τὸ
539 1885 816 1958 εὐαγγέλιον
841 1884 971 1955 ήμᾶς
997 1888 1224 1950 ἐδίδαξε·
1275 1884 1375 1940 Διά
1402 1887 1490 1955 μὲν
1521 1885 1585 1955 δή
1613 1887 1821 1952 τούτων,
1862 1884 1930 1949 ώς
1958 1889 2261 1957 προείρηται,
2290 1891 2398 1949 πῶς

458 1971 487 2029 ὁ
512 1971 626 2036 υἷὸς
649 1970 773 2026 κατά
796 1970 852 2026 τὸ
875 1970 1000 2026 εἷναι
1025 1974 1222 2037 ἑαυτοῦ,
1260 1974 1346 2026 καὶ
1365 1970 1490 2026 κατά
1509 1971 1563 2026 vd
1593 1970 1817 2040 ὖφεστώς
1844 1970 1972 2025 εἶναι
1998 1973 2194 2037 ἑαυτοῦ,
2225 1969 2399 2040 ὅμοιός

461 2061 559 2114 ἐστι
579 2058 705 2113 κατὰ
733 2055 893 2111 πάντα
916 2061 986 2131 τῷ
1007 2059 1153 2129 πατρὶ
1185 2055 1215 2112 ὁ
1240 2057 1352 2121 υίὸς
1378 2060 1663 2112 ἐπαίδευσεν
1689 2055 1845 2126 ἡμᾶς·
1884 2063 1992 2120 πῶς
2019 2058 2072 2111 δὲ
2096 2056 2271 2126 ὅμοιός
2298 2059 2397 2112 ἐστι

460 2143 586 2199 κατὰ
610 2143 700 2212 τήν
728 2143 968 2213 βούλησιν
1000 2144 1086 2197 καὶ
1111 2142 1200 2212 τήν
1228 2145 1476 2214 ἐνέργειαν
1510 2145 1592 2198 καὶ
1622 2142 1682 2196 τά
1709 2142 2012 2214 ἐνεργήματα
2043 2141 2128 2196 διὰ
2153 2149 2241 2212 τῆς
2270 2140 2398 2213 πρὸς

452 2229 742 2300 Ῥωμαίους,
781 2227 871 2296 ἀφ’
899 2222 970 2282 ὧν
998 2231 1216 2299 εἴρηκεν,
1252 2228 1334 2282 Ἑν
1358 2226 1633 2297 ὁμοιώματι
1667 2227 1850 2300 σαρκὸς
1877 2226 2117 2299 ἁμαρτίας
2145 2229 2399 2299 κατέκρινε

459 2314 550 2384 τήν
587 2313 830 2385 ἆμαρτίαν
855 2317 908 2369 ἐν
949 2320 1009 2388 τῇ
1039 2317 1196 2385 σαρκί.
1269 2312 1334 2366 Ἡ
1361 2313 1454 2386 γάρ
1495 2312 1621 2383 αὐτή
1657 2313 1778 2384 σάρξ
1816 2308 1942 2368 οὖσα
1977 2313 2078 2383 3ἣν
2111 2304 2342 2382 ἀνέλαβεν
2371 2311 2400 2368 ὁ

460 2399 572 2463 υἷός
596 2405 687 2454 τοῦ
713 2406 843 2454 θεοῦ
867 2405 929 2474 τῇ
956 2397 1195 2471 ἁμαρτίας
1223 2402 1396 2471 σαρκὶ,
1445 2402 1530 2454 καὶ
1559 2398 1743 2469 ὁμοίως
1768 2401 2034 2468 κινουμένη
2066 2398 2193 2471 πρός
2223 2407 2400 2453 πεῖναν

461 2489 547 2542 καὶ
570 2489 726 2554 δίψαν
753 2487 839 2539 καὶ
862 2483 1046 2551 ὕπνον,
1101 2482 1168 2548 οἷς
1198 2491 1336 2540 πᾶσα
1364 2484 1486 2556 σάρξ
1515 2489 1569 2540 ἐκ
1596 2485 1785 2540 τούτων
1814 2483 2155 2557 ἆμαρτητικῶς
2180 2485 2274 2539 οὐκ
2303 2487 2400 2539 ἐκι-

459 2580 601 2626 νεῖτο.
676 2570 771 2625 Διὸ
814 2573 1023 2642 εἴρηται,
1071 2568 1155 2624 Ἐν
1200 2569 1476 2640 ὁμοιώματι
1520 2571 1702 2642 σαρκὸς
1740 2569 2006 2642 ἁμαρτίας,
2060 2570 2182 2641 ὅπερ
2223 2569 2400 2639 ὅμοιόν

463 2661 563 2712 ἐστι
587 2663 680 2730 τῷ,
702 2656 864 2728 ’Ἁπερ
891 2655 984 2727 γάρ
1014 2653 1042 2710 ὁ
1069 2655 1260 2727 πατήρ,
1310 2663 1463 2710 ταῦτα
1489 2659 1572 2711 καὶ
1602 2656 1632 2712 ὁ
1660 2656 1772 2720 υἷὸς
1799 2655 1983 2726 ὁμοίως
2007 2664 2151 2711 ποιεῖ.
2223 2654 2278 2709 ‘0
2304 2655 2398 2728 γὰρ

462 2742 624 2814 πατὴρ
663 2749 858 2811 πνεῦμα
886 2741 956 2796 ὢν
987 2740 1294 2805 αὕθεντικῶς
1323 2750 1478 2808 ποιεῖ,
1530 2741 1559 2796 ὁ
1592 2744 1645 2797 δὲ
1671 2743 1780 2806 υἷὸς
1813 2750 2007 2812 πνεῦμα
2039 2741 2134 2808 ὢν,
2185 2740 2280 2796 οὐκ
2311 2739 2399 2795 αὖ·
2475 2815 2478 2818 ἢ

461 2835 704 2892 θεντικῶς
731 2836 888 2894 ποιεῖ,
929 2826 997 2891 ώς
1027 2825 1056 2881 6
1087 2827 1276 2898 πατήρ,
1316 2826 1412 2881 ἀλλ’
1437 2826 1633 2897 ὁμοίως.
1714 2827 1915 2883 Οὐκοῦν
1950 2827 2129 2882 4καθά
2159 2827 2247 2896 μὲν
2278 2825 2400 2896 σάρξ

462 2917 547 2970 καὶ
587 2913 707 2985 σὰρξ
742 2912 948 2980 ταύτόν,
1001 2912 1161 2984 ὥςπερ
1196 2911 1330 2967 καθὸ
1360 2921 1554 2982 πνεῦμα
1585 2917 1670 2969 καὶ
1699 2919 1892 2983 πνεῦμα
1922 2912 2124 2967 ταύτόν·
2179 2911 2314 2965 καθὸ
2347 2912 2400 2966 δὲ

464 2999 580 3054 ἄνευ
608 3006 798 3071 σπορᾶς
820 2998 881 3053 οὗ
910 2997 1116 3064 ταῦτὸν,
1156 2996 1255 3052 ἀλλ’
1279 2998 1469 3068 ὅμοιον,
1510 3000 1670 3071 ὥςπερ
1701 2999 1835 3055 καθὸ
1863 2998 1983 3054 ἄνευ
2012 2999 2289 3068 ἀπορῤοίας
2314 2998 2399 3050 καὶ

464 3086 670 3149 πάθους
698 3085 727 3140 ὁ
752 3083 864 3147 υἷὸς
890 3084 952 3138 οὐ
977 3083 1172 3152 ταύτὸν,
1199 3082 1297 3138 ἀλλ’
1325 3084 1514 3153 ὅμοιον.
1571 3088 1707 3139 ὅΚαὶ
1737 3084 1871 3140 καθό
1907 3086 1994 3154 μὲν
2021 3083 2141 3154 σοὶρξ
2167 3084 2252 3136 καὶ
2277 3080 2399 3152 σάρξ

466 3170 673 3238 ταύτόν,
729 3169 796 3234 ώς
818 3169 952 3224 καθὸ
981 3176 1175 3239 πνεῦμα
1200 3172 1285 3224 καὶ
1316 3177 1509 3240 πνεῦμα
1535 3170 1737 3225 ταῦτὸν·
1793 3169 1928 3225 καθὸ
1961 3171 2014 3224 δὲ
2039 3172 2090 3223 ἐν
2128 3166 2401 3237 ὁμοιώματι

467 3255 650 3327 σαρκὸς
679 3254 918 3327 ἀμαρτίας
942 3255 1115 3325 ὅμοιος
1142 3263 1244 3319 τοῖς
1272 3255 1456 3327 σαρκὸς
1483 3257 1730 3326 κινήμασι,
1752 3258 1837 3310 καὶ
1866 3255 1928 3309 οὗ
1956 3253 2154 3320 ταύτόν,
2187 3252 2400 3325 6ὥςπερ-

468 3348 559 3395 οῦν
598 3344 651 3396 ἐν
682 3340 955 3411 ὁμοιώματι
1001 3340 1238 3411 κινήσεως
1271 3340 1300 3396 ὁ
1335 3341 1445 3405 υἱὸς
1474 3340 1814 3415 ὗπουργικῶς,
1864 3340 2035 3395 καὶού
2065 3337 2244 3393 ταῦτὸν
2278 3337 2346 3403 ώς
2370 3337 2401 3394 ὁ

526 3509 567 3554 4.
596 3510 628 3567 ἦ
657 3508 765 3570 αὐτῆ
790 3528 872 3568 eyn.
911 3509 1020 3570 ciffi-‘q
1046 3517 1160 3557 codd.
1188 3529 1280 3558 mss.
1304 3519 1406 3558 uter·
1525 3515 1789 3557 CARXVIII.
1807 3538 1858 3546 —
1894 3514 1930 3554 1.
1959 3510 2192 3568 πνεύματος
2216 3515 2399 3556 emenda-

471 3582 569 3622 φιτ,
597 3575 632 3610 et
660 3574 719 3612 ed.
745 3575 870 3622 princ.
930 3568 1038 3626 αὐτῆ
1069 3575 1129 3614 ed.
1158 3575 1293 3614 Petav.
1462 3578 1554 3615 runt
1581 3574 1794 3614 Carnarius
1820 3575 1855 3612 et
1875 3572 2077 3613 Pacuvius.
2148 3573 2259 3612 Libri
2283 3583 2400 3623 prae-

526 3627 567 3666 5.
596 3628 677 3668 Pro
702 3625 773 3677 τὸ,
816 3632 919 3680 quod
955 3632 1108 3670 uncinis
1148 3632 1304 3671 clusisse
1330 3633 1406 3673 Pe·
1465 3633 1550 3672 bent
1578 3625 1749 3683 πατρὸς.

468 3685 599 3723 tavius
622 3687 838 3734 acquievit,
878 3688 1122 3727 scribendum
1150 3688 1259 3728 haud
1292 3689 1407 3728 dubie
1519 3686 1559 3728 2.
1587 3677 1641 3755 ἐἰν
1671 3684 1820 3725 vitiose
1847 3688 2003 3735 uterque
2032 3685 2145 3725 codd.
2178 3697 2268 3726 mss.

469 3736 517 3781 τὸ
544 3733 645 3781 αὐτὸ
675 3741 734 3780 vel
760 3736 900 3784 ταύτὸ.
931 3745 1144 3785 Carnarius
1168 3747 1282 3789 vertit
1294 3743 1407 3787 velut
1521 3741 1562 3783 3.
1593 3756 1649 3795 ην
1677 3745 1833 3792 uterque
1862 3742 1973 3781 codd.
2004 3753 2095 3781 mss.

472 3809 567 3839 caro
597 3809 648 3836 ex
681 3809 802 3837 carne
831 3798 988 3840 Mariae
1016 3806 1092 3844 est.
1521 3794 1559 3845 4.
1590 3794 1704 3848 nait&
1732 3799 1844 3843 codd.
1867 3810 1956 3839 mss.
1987 3803 2156 3850 uterque.
2201 3795 2309 3845 κατὰ
2336 3799 2394 3844 ed.
