2508 4134
259 633 372 690 Κεφ.
403 627 455 688 β’.

267 1240 353 1277 pag.
377 1229 454 1265 835.

491 205 557 256 50
1196 210 1400 253 SANCTI
1429 211 1714 254 EPIPHANII

583 414 976 495 ANTII'PA‘I’ON
997 434 1377 493 'EHIETOAHE
1406 451 1799 501 ΜΑΡΚΕΛΛΟΥ,
1833 452 1912 495 ΟΝ
1945 452 2257 498 ΚΑΘΕΙΔΕΝ
2284 454 2330 498 H

972 520 1256 563 ΣΥΝΟΔΟΣ
1286 520 1471 564 ΧΑΡΙΝ
1499 519 1931 570 ΕΤΕΡΟΔΟΞΙΑΣ.

635 624 714 691 Τῷ
756 616 1114 690 μακαριωτάτῳ
1159 624 1510 690 συλλειτουργῷ
1549 617 1736 691 Ἰουλίῳ
1782 618 2076 690 Μάρκελλος
2116 624 2168 675 ἐν
2213 627 2410 695 Χριστῷ

482 707 682 774 χαίρειν.

622 786 821 856 Έπειδή
858 809 985 850 τινες
1027 793 1125 841 τῶν
1162 790 1610 859 καταγνωσθέντων
1653 788 1891 859 πρότερον
1933 792 2013 844 ἐπὶ
2047 797 2117 864 τῷ
2143 789 2211 859 μή
2242 789 2412 861 ὀρθῶς

482 872 755 939 πιστεύειν,
807 872 897 934 οὓς
922 872 1016 943 ἐγώ
1049 875 1101 926 ἐν
1128 879 1188 947 τῇ
1212 872 1337 927 κατά
1367 877 1586 927 Νικαίαν
1620 873 1816 947 συνόδῳ
1856 874 2108 946 διήλεγξα,
2157 873 2263 930 κατ’
2290 878 2414 944 ἐμοῦ

481 958 675 1031 γράψαι
697 965 757 1032 τῇ
780 961 1038 1030 θεοσεβείᾳ
1066 975 1157 1012 σου
1187 958 1482 1027 ἐτόλμησαν,
1522 957 1589 1021 ὥς
1614 957 1678 1013 ὅίν
1705 962 1827 1027 ἐμοῦ
1857 960 1923 1028 μὴ
1954 961 2153 1030 ὀρθῶς,
2191 959 2310 1029 μήτε
2336 964 2412 1016 ἐκ·

480 1050 832 1113 κλησιαστικῶς
877 1049 1207 1114 φρονοῦντες,
1259 1042 1314 1097 τὸ
1361 1046 1548 1097 ἑαυτῶν
1594 1046 1808 1114 ἔγκλημα
1851 1048 1920 1108 εἰς
1957 1047 2040 1114 ἐμὲ
2083 1052 2411 1115 μετατεθῆναι

482 1129 861 1194 σπουδάζοντες,
913 1127 1094 1182 τούτου
1131 1130 1292 1182 ἕνεκεν
1335 1127 1603 1198 ἀναγκαῖον
1627 1127 1886 1200 ἡγησάμην
1914 1130 2202 1199 ἀπαντήσας
2227 1134 2295 1194 εἰς
2323 1129 2411 1199 τὴν

478 1214 666 1284 Ῥώμην
690 1213 974 1283 ὖπομνῆσαί
999 1233 1077 1278 σε,
1130 1216 1212 1267 ’ἴνα
1235 1213 1354 1276 τοῦς
1381 1212 1485 1267 κατ’
1513 1217 1635 1282 ἐμοῦ
1661 1214 1954 1285 γράψαντας
1984 1214 2410 1290 μεταστείλῃῦπὲρ

479 1307 568 1355 τοῦ
606 1308 620 1336 ¹
644 1299 1022 1367 ἀπαντήσαντας
1051 1297 1234 1361 αὐτοῦς
1275 1297 1350 1352 ἐπ’
1380 1299 1683 1369 ἀμφοτέροις
1708 1302 1995 1370 ἐλεγχθῆναι
2019 1299 2102 1353 ’ὑπ’
2137 1303 2285 1369 ἐμοῦ,
2336 1300 2411 1356 ὅτι

479 1408 530 1440 τε
556 1387 638 1440 καὶ
667 1385 698 1439 ἃ
725 1386 997 1456 γεγράφασι
1037 1382 1140 1437 κατ’
1173 1387 1323 1451 ἐμοῦ,
1374 1388 1543 1451 ψευδῆ
1577 1382 1696 1438 ὅντα
1721 1383 1972 1455 τυγχάνει,
2020 1388 2104 1439 καὶ
2133 1385 2210 1439 ὅτι
2234 1388 2303 1440 ἔτι
2326 1388 2411 1440 καὶ

479 1479 569 1526 νῦν
595 1473 882 1538 ἐπιμένουσι
908 1477 967 1544 τῇ
994 1471 1187 1522 ἑαυτῶν
1215 1470 1429 1542 προτέρα
1455 1467 1617 1542 πλάνῃ
1635 1512 1648 1534 ,
1694 1473 1779 1523 καὶ
1809 1470 1944 1524 δεινά
1969 1471 2094 1524 κατά
2120 1493 2170 1524 τε
2194 1478 2294 1525 τῶν
2320 1478 2408 1526 τοῦ

477 1564 605 1612 θεοῦ
637 1560 905 1624 ἐκκλησιῶν
930 1557 1013 1609 καὶ
1040 1553 1183 1623 ἡμῶν
1203 1561 1302 1607 τῶν
1327 1554 1647 1623 προεστώτων
1672 1555 1835 1608 αὐτῶν
1858 1555 2220 1624 τετολμήκασιν.
2272 1555 2409 1611 Ἐπεὶ

477 1647 646 1697 τοίνυν
663 1639 943 1708 ἀπαντῆσαι
965 1638 1056 1694 οῦκ
1085 1639 1498 1707 2ἠβουλήθησαν,
1536 1638 1913 1703 ἆποστείλαντός
1939 1660 2029 1695 σου
2048 1644 2409 1712 πρεσβυτέρους
2459 1700 2462 1704 Δ

478 1727 606 1797 πρὸς
638 1725 847 1789 αὐτούς,
903 1727 987 1778 καὶ
1029 1731 1183 1777 ταῦτα
1218 1727 1340 1793 ἐμοῦ
1381 1723 1604 1778 ἐνιαυτόν
1639 1727 1723 1778 καὶ
1754 1734 1880 1796 τρεῖς
1906 1725 2053 1789 ὅλους
2084 1733 2243 1796 μῆνας
2272 1730 2325 1782 ἐν
2347 1734 2408 1802 τῇ

472 1812 634 1887 Ῥώμῃ
672 1809 1026 1878 πεποιηκότος,
1079 1809 1349 1879 ἀναγκαῖον
1387 1807 1644 1880 ἡγησάμην
1655 1853 1668 1875 ,
1725 1814 1906 1877 μέλλων
1943 1814 2173 1866 ἐντεῦθεν
2215 1814 2406 1878 ἐξιέναι,

476 1896 729 1970 ἕγγραφόν
774 1915 853 1950 σοι
892 1893 982 1963 τὴν
1017 1898 1233 1963 ἐμαυτοῦ
1272 1899 1437 1948 πίστιν
1477 1893 1595 1963 μετά
1636 1894 1797 1963 πάσης
1827 1896 2064 1964 ἀληθείας
2095 1904 2157 1971 τῇ
2186 1900 2404 1965 ἐμαυτοῦ

473 1985 596 2053 χειρὶ
639 1982 839 2054 γράψας
881 1983 1160 2046 ἐπιδοῦναι,
1214 1980 1277 2048 ἢν
1314 1983 1533 2048 ἔμαθον,
1584 1982 1639 2034 ἔκ
1678 2002 1728 2033 τε
1756 1987 1855 2034 τῶν
1883 1986 2039 2035 θείων
2077 1990 2285 2053 γραφῶν
2309 1985 2404 2038 ἐδι·

474 2068 698 2137 δάχθην,
753 2068 839 2120 καὶ
880 2072 980 2119 τῶν
1020 2072 1187 2128 κακῶς
1224 2063 1309 2119 ὑπ’
1346 2065 1512 2118 αὐτῶν
1545 2067 1818 2135 λεγομένων
1860 2064 2146 2135 ὖπομνῆσαί
2182 2086 2263 2134 σε,
2318 2071 2403 2122 ’ἵνα

473 2160 604 2227 γνῷς
636 2151 712 2216 οἷς
740 2151 983 2223 χρώμενοι
1011 2150 1139 2222 πρὸς
1176 2148 1370 2219 άπάτην
1405 2157 1504 2204 τῶν
1540 2149 1825 2205 άκουόντων
1855 2152 2019 2222 λόγοις
2047 2151 2137 2221 τὴν
2166 2152 2405 2222 ἀλήθειαν

471 2238 705 2310 κρύπτειν
732 2236 1006 2306 βούλονται.
1084 2238 1216 2289 Φασὶ
1242 2235 1334 2305 γάρ
1364 2235 1431 2304 μή
1460 2239 1588 2289 ἴδιον
1612 2238 1693 2289 καὶ
1724 2234 1964 2304 άληθινόν
1989 2237 2138 2308 λόγον
2165 2237 2290 2292 εἶναι
2313 2245 2404 2293 τοῦ

471 2321 875 2394 παντοκράτορος
901 2328 1028 2374 θεοῦ
1057 2320 1142 2374 τὸν
1171 2319 1286 2374 υἷὸν
1318 2320 1404 2374 τόν
1430 2320 1603 2391 κύριον
1637 2319 1776 2389 ἡμῶν
1802 2320 1992 2390 Ἰησοῦν
2028 2322 2269 2395 Χριστόν,
2307 2321 2407 2377 ἄλλ’

473 2412 637 2479 ἕτερον
669 2407 825 2461 αὐτοῦ
854 2406 1003 2477 λόγον
1031 2405 1180 2471 εἶναι,
1234 2408 1317 2460 καὶ
1345 2408 1511 2475 ἑτέραν
1535 2411 1747 2473 σοφίαν,
1795 2409 1879 2460 καὶ
1911 2407 2133 2476 δύναμιν.
2218 2415 2404 2464 Τοῦτον

471 2493 736 2567 γενόμενον
765 2490 848 2545 ’ὕπ’
874 2490 1028 2545 αὐτοῦ
1053 2491 1347 2559 ὠνομάσθαι
1367 2492 1532 2562 λόγον,
1573 2494 1656 2544 καὶ
1683 2496 1893 2558 σοφίαν,
1930 2496 2014 2546 καὶ
2043 2493 2281 2561 δύναμιν,
2318 2496 2404 2549 καὶ

473 2578 556 2634 διά
580 2577 635 2633 τὸ
665 2577 823 2640 οὕτως
851 2576 1029 2640 αὐτοῦς
1055 2585 1285 2648 φρονεῖν,
1339 2575 1485 2644 ἄλλην
1509 2575 1781 2631 ’ὑπόστασιν
1812 2581 2077 2632 διεστῶσαν
2106 2585 2194 2633 τοῦ
2221 2577 2407 2650 πατρός

473 2663 599 2719 εἶναί
630 2681 795 2729 φασιν.
855 2661 967 2715 ”Eu
1008 2664 1095 2730 μέν
1133 2685 1208 2715 τοι
1246 2664 1330 2716 καὶ
1369 2664 1705 2732 προϋπάρχειν
1741 2669 1830 2716 τοῦ
1868 2666 1983 2717 υἱοῦ
2010 2663 2098 2718 τόν
2127 2667 2314 2736 πατέρα
2343 2662 2405 2719 δι’

474 2744 546 2804 ῶν
568 2748 846 2820 γράφουσιν
875 2745 1257 2814 οἷποφαίνονται,
1302 2754 1323 2784 3
1339 2749 1424 2800 καὶ
1452 2747 1519 2815 μη
1549 2745 1674 2801 εἶναι
1695 2746 1848 2802 αὐτόν
1870 2747 2071 2817 άληθῶς
2097 2748 2209 2803 υἷὸν
2235 2752 2289 2803 ἐκ
2314 2755 2402 2804 τοῦ

471 2841 612 2889 θεοῦ.
684 2830 824 2886 Ἀλλά
852 2832 946 2886 κᾶν
976 2834 1195 2903 λέγουσιν
1223 2835 1276 2886 ἐκ
1303 2838 1392 2886 τοῦ
1433 2839 1583 2898 θεοῦ,
1635 2834 1793 2896 οὕτως
1830 2835 2054 2904 λέγουσιν
2087 2832 2154 2897 ω”ς
2186 2836 2314 2888 ‘luat
2340 2835 2400 2889 τά

472 2921 648 2975 πάντα.
706 2917 819 2971 ”En
851 2918 951 2986 μὴν
982 2920 1065 2972 καὶ
1105 2918 1182 2972 ὅτι
1212 2913 1275 2986 ἧν
1302 2939 1418 2971 ποτε
1460 2918 1581 2972 δότε
1623 2918 1718 2972 οὐκ
1754 2913 1818 2986 ἦν
1843 2921 1997 2989 λέγειν
2030 2925 2265 2987 τολμῶσι,
2316 2922 2402 2974 καὶ

471 3011 648 3073 κτίσμα
681 3002 832 3057 αὐτόν
870 3005 956 3057 καὶ
983 3007 1171 3071 ποίημα
1204 3002 1354 3069 εἶναι,
1409 3007 1698 3071 διορίζοντες
1736 3001 1886 3056 αὐτόν
1923 3002 2024 3057 ἀπό
2071 3010 2160 3056 τοῦ
2197 3003 2398 3074 πατρός.

481 3090 611 3153 Τοῦς
638 3084 730 3144 οῦν
753 3095 907 3142 ταῦτα
927 3090 1153 3159 λέγοντας
1180 3087 1459 3158 ἀλλοτρίους
1483 3095 1572 3156 τῆς
1595 3095 1868 3156 καθολικῆς
1894 3090 2148 3156 ἐκκλησίας
2174 3086 2295 3143 εἶναι
2318 3112 2400 3144 πε·

471 3181 743 3244 πίστευμαι.
822 3173 1049 3227 Πιστεύω
1078 3176 1127 3227 δὲ
1156 3173 1394 3242 ἑπόμενος
1414 3182 1522 3236 ταῖς
1547 3178 1705 3236 θείαις
1734 3181 1951 3242 γραφαῖς
1975 3173 2050 3226 ὅτι
2077 3171 2147 3235 εἷς
2169 3173 2292 3236 θεός
2315 3177 2401 3229 καὶ

474 3259 503 3314 ὁ
527 3260 707 3314 τούτου
731 3259 1002 3330 μονογενὴς
1031 3258 1140 3321 υἴὸς
1163 3259 1330 3330 λόγος,
1379 3257 1408 3313 ὁ
1439 3257 1512 3312 άεὶ
1540 3257 1862 3327 συνυπάρχων
1886 3263 1953 3328 τῷ
1978 3259 2155 3328 πατρὶ,
2202 3261 2286 3312 καὶ
2308 3282 2399 3329 μη-

473 3344 727 3399 δεπώποτε
764 3344 920 3417 ἀρχὴν
957 3351 1046 3399 τοῦ
1081 3342 1205 3398 εἶναι
1242 3342 1478 3413 ἐσχηκώς,
1532 3343 1732 3411 άληθῶς
1769 3345 1823 3396 ἐκ
1861 3348 2111 3396 τοῦθεοῦ
2144 3340 2397 3417 ὑπάρχων,

534 3517 630 3557 CAP.
655 3519 705 3557 Π.
738 3542 793 3548 ——
852 3518 886 3559 1.
918 3521 1026 3559 Libri
1059 3522 1176 3570 vu190
1211 3512 1401 3570 ἅπαν-τή-
1514 3518 1553 3559 3.
1584 3516 1657 3559 καὶ
1692 3517 1960 3567 particulam,
2005 3528 2104 3566 quae
2138 3520 2255 3570 vulgo
2293 3521 2399 3561 abest

476 3587 632 3621 σαντος.
692 3575 804 3623 Quod
831 3578 970 3616 vitium
1001 3578 1212 3616 Carnarius
1238 3577 1294 3630 (in
1318 3587 1403 3615 ver·
1460 3587 1486 3614 a
1513 3576 1645 3621 libris,
1691 3575 1915 3622 absorptam
1950 3574 2101 3623 syllaba
2128 3574 2196 3616 τΤιι
2221 3578 2399 3616 vocabuli

471 3634 576 3671 sione
603 3632 748 3683 latina)
775 3635 808 3670 et
838 3634 1020 3672 Petavius
1045 3635 1290 3673 sustulerunt.
1451 3631 1729 3681 praecedentis,
1748 3630 1794 3670 de
1812 3631 2032 3671 coniectura
2046 3634 2236 3672 revocavi.
2267 3634 2397 3673 Etiam

528 3687 567 3728 2.
598 3683 890 3739 ηκολούὲησαν
919 3691 1003 3729 cod.
1032 3690 1192 3739 Rhediy.
