2508 4134
480 291 702 335 PANARH
731 292 833 332 LIB.
867 292 936 331 [Π.
966 292 1098 332 ΤΟΜ.
1124 293 1175 331 11.
1208 291 1369 331 HAER.
1396 290 1633 331 Lxxvnt.
1897 277 1995 327 431

108 397 228 442 Voea
250 407 413 439 nomen
441 394 556 449 eius,
599 394 690 440 cito
714 392 958 439 detrahere
982 392 1148 454 spoleti,
1189 394 1357 454 raptim
1379 391 1609 453 praedare
1640 396 1735 437 ete.
1811 383 1998 453 Quibus
2022 395 2110 430 Luc·
2135 397 2167 439 1,
2190 394 2240 429 3²-

106 473 266 525 verbis
302 472 546 525 Gabrielis
580 475 638 524 ad
665 471 874 524 Mariam
902 474 1171 540 ingressum
1202 472 1441 535 ostendit,
1483 490 1588 522 cum
1622 472 1679 521 ad
1711 487 1814 521 eam
1850 469 2000 530 venit,

105 565 156 609 ut
181 557 422 608 nuntiaret
450 557 594 608 filium
620 559 768 625 ipsam
798 556 872 607 dei
912 574 967 607 ac
999 556 1291 606 salvatorem
1324 556 1428 606 sine
1464 556 1558 606 ullo
1590 554 1714 606 virili
1744 562 1878 616 satu,
1920 554 2004 603 sed

104 640 257 692 saneti
290 641 489 710 spiritus
516 641 823 705 interventu,
879 640 1054 690 mundo
1084 657 1193 691 esse
1223 639 1503 707 parituram.
1582 636 1862 705 Quinctium
1892 634 2004 687 Phi·
2027 650 2105 681 Act·
2126 646 2182 690 21,
2205 647 2235 680 ⁹·

105 724 256 794 lippus
297 725 596 792 evangelista
637 733 843 792 quatuor
872 723 1036 774 habuit
1071 722 1228 774 afflatu
1262 722 1545 791 prophetico
1580 722 1845 790 praeditas,
1887 738 2009 788 quae

104 809 164 859 ob
198 809 492 876 virginitatis
530 810 676 859 decus
713 808 1007 859 vaticinandi
1049 825 1220 857 munus
1260 807 1373 857 illud
1413 805 1744 856 obtinuerunt.
1823 803 1920 856 Sed
1962 813 2011 855 et

103 891 286 943 Thecla
330 910 436 943 eum
479 893 527 943 in
570 890 773 943 Paulum
823 892 1098 954 incidisset,
1153 900 1317 958 pactas
1369 890 1556 957 nuptias
1601 890 1849 952 dissolvit,
1903 907 2009 940 cum

105 976 330 1044 primario
361 976 545 1027 cuidam
580 975 788 1027 civitatis
820 976 964 1027 totius
991 994 1045 1026 ac
1078 975 1222 1043 longe
1256 974 1418 1036 diviti,
1471 973 1798 1038 nobilissimo,
1851 974 2008 1042 splen-

105 1060 448 1128 didissimoque
481 1061 721 1129 desponsa
753 1061 847 1111 iam
880 1061 1070 1110 fuisset.
1147 1057 1329 1110 Verum
1365 1067 1557 1109 terrena
1602 1059 1709 1109 ideo
1736 1067 1902 1109 sancta
1931 1058 2011 1108 illa

107 1144 424 1213 contempsit,
481 1153 532 1194 ut
562 1144 842 1195 coelestium
885 1161 1081 1212 compos
1124 1148 1234 1194 esse
1278 1152 1459 1211 posset.
1536 1140 1701 1209 Quare
1743 1161 1846 1193 eum
1892 1142 2010 1193 haec

105 1228 163 1278 ab
193 1229 286 1280 illis
328 1229 556 1297 praestita
598 1228 876 1291 videamus,
931 1237 1108 1295 quanto
1139 1227 1292 1294 magis
1326 1227 1449 1277 idem
1486 1243 1512 1276 a
1544 1225 1703 1277 Maria
1737 1236 2010 1294 susceptum

105 1313 254 1364 fuisse
302 1312 581 1376 fatebimur,
634 1313 680 1363 in
721 1331 813 1380 qua
853 1312 1132 1363 admirabile
1174 1311 1288 1362 illud
1335 1311 1686 1362 incarnationis
1729 1312 2008 1378 mysterium

107 1404 180 1447 est
213 1397 508 1465 perfectum?
581 1395 832 1464 Quaenam
875 1414 992 1448 vero
1026 1414 1051 1446 a
1080 1396 1218 1446 nobis
1258 1395 1367 1446 iniri
1399 1395 1522 1446 ratio
1550 1404 1708 1463 potest
1738 1403 1786 1445 ut
1814 1404 1861 1445 et
1894 1395 2011 1445 isto·

105 1498 208 1531 rum
252 1490 437 1532 mentes
478 1481 535 1532 ad
575 1481 771 1541 meliora
813 1482 1151 1543 traducamuS,
1204 1489 1251 1531 et
1280 1497 1468 1530 omnem
1500 1480 1558 1530 iis
1590 1480 1902 1531 discutiamus
1936 1497 2011 1530 er-

104 1564 232 1616 roris
262 1564 546 1632 caliginem,
589 1566 667 1633 qui
699 1566 883 1616 nefaria
914 1566 1160 1632 dogmata,
1203 1564 1335 1615 velut
1363 1563 1802 1632 perniciosissimos
1832 1566 2008 1627 foetus,

105 1648 235 1699 intra
262 1666 316 1699 se
348 1658 706 1718 conceperunt3
762 1648 828 1699 uti
868 1649 1095 1717 scriptum
1127 1657 1231 1713 est,
1291 1652 1510 1713 Concepit
1533 1650 1761 1708 laborem,
1815 1659 2268 1715 etpepe-1»321m‚7‚15‚

106 1737 522 1799 rt'tznz'quz'tatem?
594 1730 666 1784 llli
710 1733 836 1784 enim
873 1734 1034 1801 ntique
1076 1733 1419 1802 cogitationum
1465 1733 1732 1784 molestiam
1774 1733 2013 1784 laborem-

108 1834 199 1885 que
236 1817 540 1885 concipiunt‚
581 1826 630 1868 et
666 1817 1121 1869 contumeliosarum
1163 1836 1335 1869 vocum
1374 1817 1665 1885 impietatem
1707 1817 1914 1886 pariunt.

248 1899 344 1953 Sed
389 1919 565 1954 vereor
605 1919 665 1953 ue
705 1903 813 1970 quis
852 1903 981 1953 illum
1023 1902 1176 1971 ipsum
1221 1920 1435 1953 errorem
1482 1902 1528 1952 in
1570 1902 1778 1953 animum
1821 1903 2015 1954 inducat
2095 1913 2192 1966 Cap.

109 2003 276 2049 suum,
334 1986 522 2054 aliaque
558 1987 744 2037 ratione
779 1987 1009 2055 impulsus
1040 1987 1086 2037 in
1121 1986 1283 2056 seipso
1324 1987 1456 2038 velut
1486 2004 1748 2038 conserere
1788 1996 2009 2050 conetur,
2072 1971 2207 2009 XV11.

108 2079 250 2139 atque
282 2070 332 2121 in
369 2070 492 2122 hune
525 2072 713 2122 modum
755 2071 1037 2122 ratiocinari
1072 2072 1213 2122 velit:
1271 2069 1398 2138 Quid
1436 2080 1511 2122 est
1551 2071 1674 2139 quod
1708 2072 2010 2139 evangelium

108 2163 300 2219 narrat,
353 2159 546 2206 Inventa
581 2166 654 2205 est
693 2160 740 2205 z'n
778 2166 909 2205 utero
942 2158 1114 2206 habens
1153 2160 1208 2205 de
1238 2160 1407 2221 spirim
1436 2166 1596 2206 saneto
1631 2160 1817 2216 Maria,
1873 2167 2003 2206 ante-
2062 2164 2202 2240 Νιὶἃὲὲἰι-

105 2258 240 2306 quam
283 2244 619 2291 convenirent?
687 2238 974 2292 Utrumnam
1021 2241 1167 2307 igitur
1206 2240 1464 2292 conventio
1504 2241 1583 2291 illa
1625 2258 1680 2291 ac
1718 2257 2011 2308 congressus
2100 2233 2110 2249 ⁹
2174 2235 2180 2242 ’

107 2324 482 2393 expectabatur3
541 2324 777 2393 ideoque,
833 2330 1096 2391 Antequam
1140 2329 1460 2386 convenirent,
1518 2325 1675 2376 dixit?
1748 2323 2011 2376 Praeterea

107 2409 155 2460 in
188 2411 354 2460 eodem
390 2409 642 2477 evangelio
675 2409 767 2460 alio
796 2409 904 2460 loco
942 2409 1171 2478 scriptum
1199 2419 1303 2474 est,
1363 2413 1574 2477 [Inventa
1604 2420 1675 2459 est
1699 2413 1746 2459 z‘n
1773 2420 1903 2459 utero
1929 2412 2012 2459 ka·
2028 2427 2114 2462 Luc.
2140 2429 2173 2472 2,
2194 2429 2228 2461 τ.

108 2495 216 2543 bens
257 2504 499 2559 antequam
537 2497 857 2554 convenirent,
916 2494 1020 2557 vel,
1070 2499 1135 2544 Et
1164 2499 1371 2560 peperit,
1424 2505 1470 2544 et
1508 2514 1598 2545 non
1639 2498 1856 2559 cognovit
1892 2513 2006 2555 eam,

108 2578 213 2629 sive
236 2618 249 2642 ,
302 2582 488 2643 Peperit
509 2580 671 2642 filium
700 2596 831 2627 suum
853 2582 1242 2644 primogenitum,
1299 2590 1345 2629 et
1369 2599 1459 2630 non
1490 2581 1795 2645 cognoscebat
1824 2583 2008 2644 φωνή,

107 2665 175 2711 Et
194 2681 285 2712 non
315 2666 533 2726 cognovit
553 2680 650 2711 eam
667 2700 681 2722 ‚
736 2666 878 2712 donee
906 2668 1090 2728 peperit
1105 2666 1267 2729 fillum
1293 2683 1426 2714 suum
1451 2668 1830 2730 primogenitum.
1911 2660 2008 2715 Sed
2023 2681 2159 2717 Matth.
2178 2683 2264 2726 1‚25.

109 2755 160 2798 et
183 2747 298 2798 illud
325 2746 544 2797 homines
571 2746 651 2797 isti
680 2763 775 2797 non
807 2747 990 2811 vident,
1032 2749 1111 2816 qui
1140 2766 1194 2800 se
1223 2766 1280 2800 ea
1309 2766 1429 2816 quae
1456 2749 1503 2799 in
1525 2748 1775 2817 scripturis
1803 2756 2013 2799 tractan-

112 2841 188 2882 tur
224 2832 448 2882 distinete
491 2830 823 2899 explicateque
862 2832 1104 2883 disserere
1132 2834 1443 2901 profitentur,
1501 2852 1555 2883 ac
1586 2832 1808 2884 sublimia
1835 2833 1916 2883 illa
1945 2833 2014 2883 al-

109 2916 391 2983 tissimaque
437 2914 664 2983 mysteria
710 2916 1001 2983 perscrutari
1037 2917 1261 2980 student,
1317 2918 1439 2968 hane
1479 2935 1589 2969 esse
1634 2917 1926 2968 narrationis
1959 2917 2015 2967 il-

109 2999 201 3051 lius
228 3000 415 3067 locique
444 2998 753 3051 sententiam.
833 2996 887 3049 Si
920 3000 1046 3050 enim
1077 2999 1238 3052 Maria
1277 3002 1433 3053 denuo
1478 3003 1774 3071 peperisset,
1828 3010 2015 3051 cetero-

110 3101 214 3134 rum
248 3081 430 3135 Christi
461 3085 659 3134 fratrum
699 3092 838 3133 erant
873 3084 1158 3151 proferenda
1190 3086 1402 3136 nomina.
1482 3085 1622 3153 Quod
1652 3095 1810 3137 autem
1833 3089 2010 3150 primo·
2035 3106 2115 3141 σοι.
2141 3106 2171 3151 1,
2194 3106 2244 3140 15.

106 3172 295 3232 genitus
334 3178 579 3217 creaturae
613 3172 759 3217 omnis
805 3167 881 3217 ille
926 3168 1094 3219 unicus
1137 3170 1427 3237 appellatur,
1485 3189 1577 3221 non
1608 3180 1683 3221 est
1723 3171 1846 3239 quod
1880 3187 1935 3220 ea
1967 3178 2013 3219 te

111 3269 191 3302 res
245 3253 510 3320 perturbet.
602 3251 715 3302 Non
769 3251 895 3302 enim
948 3250 1099 3315 dixit,
1158 3253 1405 3321 peperisse
1460 3255 1587 3305 illam
1643 3237 2010 3323 primogenitum

113 3353 249 3386 suum
266 3375 280 3399 ,
321 3337 404 3388 sed
436 3337 525 3387 hoc
552 3337 703 3387 solum
724 3375 737 3398 ,
779 3339 884 3385 Non
914 3340 1131 3400 cognovit
1156 3355 1271 3396 eam,
1314 3342 1456 3387 donec
1475 3342 1658 3403 peperit
1667 3340 1830 3402 filium
1857 3357 2009 3390 suum.

112 3418 206 3471 Ubi
235 3438 328 3471 non
361 3425 717 3486 primogenitum
747 3439 908 3480 suum,
971 3420 1054 3470 sed
1080 3424 1439 3485 primogenitum
1471 3422 1704 3472 duntaxat
1735 3423 2009 3490 appellavit.

112 3502 242 3555 Nam
270 3504 361 3555 hoc
385 3505 490 3573 ipso
517 3506 640 3572 quod
670 3508 839 3555 Filium
865 3523 996 3553 suum
1028 3503 1175 3566 dixit,
1220 3514 1380 3554 natum
1413 3505 1536 3556 hunc
1567 3523 1631 3556 ex
1659 3506 1759 3567 illa,
1802 3508 1924 3574 quod
1956 3508 2014 3557 ad

117 3604 309 3639 carnem
340 3589 574 3657 pertinet,
629 3589 856 3641 ostendit.
939 3588 1010 3638 Ad
1042 3592 1347 3653 primogeniti
1369 3607 1516 3656 porro
1547 3590 1861 3654 vocabulum,
1917 3610 2013 3642 non

169 3728 207 3769 3.
240 3726 299 3775 εἰς
326 3726 402 3775 τὰς
431 3731 511 3769 cod.
541 3731 701 3780 Rhediy.
1091 3731 1253 3767 correaeit
1296 3730 1491 3769 Petavius.
1548 3732 1811 3771 Necessitatem
1853 3744 1928 3771 non
1954 3735 2014 3771 vi-

172 3785 206 3823 4.
253 3783 430 3837 ἓεωρεία
468 3787 549 3825 cod.
578 3788 654 3825 len.
714 3786 750 3825 Ξ.
781 3781 825 3827 οὗ
856 3784 1032 3827 τοιοῦτον
1089 3786 1173 3834 deo,
1202 3796 1289 3825 cum
1315 3786 1491 3827 τοιοῦτον
1519 3787 1571 3826 ad
1595 3790 1788 3836 sequentia
1814 3791 2013 3838 pertineat.
