2508 4134
497 267 723 310 PANARII
750 267 854 309 Lm.
877 268 950 310 111.
979 268 1115 312 ToM.
1137 272 1170 312 Ι.
1196 271 1361 312 ΗΑΕΒ.
1385 272 1586 314 Lxxm.
1895 264 1993 314 129

88 368 281 419 illorum
321 382 407 417 ore
449 382 612 418 sermo
655 365 878 418 veritatis
917 367 1163 432 aufertur,
1214 378 1268 420 ut
1297 371 1474 422 nullum
1506 371 1547 421 is
1579 372 1782 422 fructum
1821 370 2001 422 sentiat

88 451 169 520 qui
205 451 276 502 sie
313 458 566 521 precatur:
606 452 681 500 Ne
714 451 905 517 auferas
940 451 1126 500 verbum
1162 458 1373 503 veritates
1407 474 1468 504 ex·
1503 474 1583 505 ore
1618 461 1747 506 meo!

228 533 546 603 Quandonam
578 551 698 586 vero
721 533 834 586 illud
865 534 1070 586 accidit?
1144 532 1266 587 Cum
1302 537 1456 604 legem
1498 540 1728 609 quispiam
1763 548 1995 609 perpetuo
2069 541 2166 614 §3239-

88 637 185 671 non
210 619 468 684 observat,
522 636 629 670 cum
662 617 712 669 in
741 618 991 669 latitudine
1024 636 1121 670 non
1148 619 1376 671 ambulat.
1454 619 1641 691 Quippe
1669 625 1885 675 collatari
1914 641 2000 676 cor
2045 598 2191 637 XXX‘

88 720 292 755 necesse
332 713 409 755 est
449 703 555 755 eius
595 703 675 771 qui
711 702 1086 754 inambulantem
1122 699 1371 755 Christum
1407 705 1626 774 recipere
1661 708 1806 773 velit,
1866 709 2002 760 cuius

87 787 289 856 gloriam
331 806 426 839 non
468 786 717 850 homines,
772 788 856 838 sed
901 786 1025 838 coeli
1063 787 1363 856 praedicant.
1456 793 1587 840 Coeli
1623 796 1741 841 enim
1780 802 2254 859 enarrantp231m,13‚1,

82 875 290 937 gloriam
318 876 423 934 dei,
462 872 542 924 vel
575 871 781 940 ipsemet
809 872 966 940 potius
997 881 1136 940 pater
1165 873 1357 937 dicem,
1412 877 1501 923 Hic
1527 884 1596 923 est
1614 878 1758 940 filius
1782 895 1907 926 meus
1933 880 2254 944 d22Matu2.a,17.

89 959 260 1017 lectus,
320 960 368 1006 in
409 974 498 1022 quo
535 959 651 1005 mihi
680 958 860 1021 placui.
952 953 1109 1023 Quem
1151 958 1339 1025 quidem
1383 958 1599 1009 confiteri
1643 976 1783 1010 nemo
1826 970 2002 1029 potest,

87 1041 166 1109 qui
193 1043 241 1090 in
266 1042 460 1091 sublime
481 1042 700 1107 loquatur
731 1043 1018 1106 iniquitatem
1043 1044 1107 1090 ad
1123 1045 1388 1107 proximum
1414 1061 1547 1093 suum
1563 1082 1575 1106 ‚
1618 1043 1658 1093 si
1688 1044 1734 1093 in
1766 1045 1994 1095 antichri-
2014 1070 2254 1111 meumst&

52 1161 53 1164 η
87 1125 427 1176 storumillum
461 1133 650 1175 coetum
681 1123 1144 1193 appellationemque
1173 1126 1409 1194 pelliciat,
1451 1145 1478 1177 a
1509 1124 1894 1179 Christianorum
1927 1147 2005 1180 or-

89 1208 200 1260 dine
229 1217 278 1260 et
300 1208 618 1278 appellatione
648 1208 940 1273 distractus3
996 1211 1053 1261 de
1083 1210 1252 1278 quibus
1292 1211 1521 1280 scriptum
1555 1220 1660 1275 est,
1717 1216 1875 1262 Nolite
1902 1223 2003 1263 tan·
2046 1233 2184 1267 Psaim.

84 1312 201 1358 gere
228 1296 439 1344 Christos
465 1311 604 1343 meos.
684 1296 796 1357 Quis
825 1297 943 1343 enim
971 1304 1066 1355 est,
1125 1295 1308 1363 inquit,
1364 1300 1587 1357 mendaoe,
1640 1301 1739 1346 nisi
1760 1301 1846 1362 qui
1864 1307 2006 1362 negat
2043 1278 2213 1352 1¹⁴i³5ai1³1L

87 1382 238 1429 Iesum
267 1397 367 1428 esse
402 1381 675 1428 Christum?
744 1382 834 1427 Hic
863 1388 960 1439 est,
1019 1379 1202 1447 inquit,
1254 1384 1595 1431 Antichristus.
1672 1384 1795 1431 Nam
1824 1386 2005 1447 quine-
2047 1362 2082 1405 ²⁷
2105 1361 2158 1394 ²²⁶

86 1464 378 1528 gatfilz‘um,
418 1480 563 1528 neque
598 1471 778 1528 patrem
809 1463 971 1522 habet,
1014 1473 1062 1512 et
1087 1466 1337 1529 quifilium
1365 1467 1643 1531 confitetur,
1696 1484 1788 1515 una
1815 1468 2005 1532 eorfite-

91 1557 170 1597 tur
196 1557 244 1596 et
260 1557 461 1613 patrem.
533 1550 666 1610 Quod
690 1551 865 1612 igitur,
908 1545 1090 1615 inquit,
1130 1550 1188 1598 ab
1218 1552 1349 1599 ῖηίῐιό
1379 1553 1594 1610 audistis,
1637 1560 1822 1600 maneat
1845 1553 1931 1600 hoe
1958 1554 2005 1600 in

89 1633 244 1682 vobis.-
284 1641 331 1681 et
352 1635 400 1681 si
420 1641 627 1691 maneat,
670 1630 852 1699 inquit,
894 1636 941 1681 ia
964 1634 1091 1682 vobis
1114 1637 1239 1699 quod
1263 1636 1322 1684 ab
1353 1638 1485 1684 initio
1514 1637 1738 1695 aecclesiis,
1780 1645 1830 1684 et
1850 1654 1929 1684 vos
1958 1639 2006 1684 in

78 1717 195 1782 filio
222 1717 464 1765 manebitis
490 1725 540 1765 et
562 1719 610 1766 in
631 1726 787 1781 patre.
865 1715 1015 1784 Atqui
1049 1726 1145 1768 tum
1190 1719 1378 1769 demum
1417 1718 1745 1783 manebimuS‚
1787 1737 1893 1771 cum
1926 1737 2006 1770 co-

90 1818 192 1852 ram
222 1800 312 1851 deo
343 1809 392 1851 et
418 1798 586 1851 electis
616 1799 821 1869 angeliS,
860 1802 945 1852 sed
971 1810 1020 1852 et
1045 1820 1207 1853 coram
1239 1803 1532 1872 principibus
1560 1804 1667 1854 sine
1698 1804 1793 1855 ullo
1823 1804 2002 1872 pudore

92 1884 446 1936 confitebimur.
521 1886 768 1951 Loquebar
792 1889 935 1947 enim,
978 1885 1151 1954 inquit,
1192 1892 1248 1937 de
1271 1892 1541 1938 testimoniis
1568 1893 1660 1937 tuis
1682 1892 1729 1937 ia
1755 1897 2000 1952 conspeetu
2054 1913 2196 1947 Psaim.

92 1988 279 2035 regum,
339 1979 386 2019 et
410 1988 501 2019 non
537 1971 870 2036 confundebar.
953 1968 1007 2022 Si
1039 1972 1128 2022 hoc
1160 1973 1423 2036 fateamur,
1475 1972 1696 2040 inquam,
1751 1972 1826 2022 dei
1864 1973 2007 2022 filium
2055 1958 2130 2000 ω’
2153 1958 2204 1990 ‘¹⁶'

95 2054 234 2106 deum
263 2071 372 2105 esse
403 2054 460 2105 de
490 2055 579 2105 deo
598 2093 612 2119 ,
652 2072 797 2105 uuum
827 2072 892 2106 ex
919 2073 1035 2118 une,
1077 2055 1376 2123 unigenitum
1407 2074 1467 2107 ex
1495 2057 1740 2124 ingenite,
1782 2055 2009 2107 eximiam

95 2139 331 2206 quandam
375 2138 654 2206 generantis
693 2139 943 2205 sobolem,
996 2141 1283 2209 dignumque
1322 2142 1533 2192 carentis
1579 2141 1811 2210 principio
1840 2140 2005 2205 filium,

94 2223 352 2274 ineffabilis
394 2223 684 2274 ineffabilem
722 2224 1067 2293 interpretem,
1124 2225 1323 2276 verbum
1369 2226 1649 2293 sapientiam
1694 2242 1751 2275 ac
1782 2224 2009 2276 virtutem

96 2306 200 2358 eius
228 2307 307 2376 qui
336 2307 617 2375 sapientiam
644 2325 701 2358 ae
729 2308 954 2360 virtutem
985 2327 1175 2360 omnem
1205 2310 1427 2373 excellit,
1469 2327 1613 2379 supra
1642 2310 1686 2360 id
1716 2326 1857 2360 omne
1885 2309 2010 2377 quod

96 2392 176 2443 vel
205 2392 364 2461 eloqui
391 2393 583 2460 lingua,
621 2392 699 2443 vel
727 2391 912 2460 agitare
943 2394 1117 2445 mentis
1147 2394 1465 2462 intelligentia
1494 2403 1681 2463 potest,
1722 2395 2004 2463 perfectam,

95 2476 321 2545 inquam,
361 2476 606 2540 sobolem,
662 2485 711 2527 et
739 2477 959 2528 stabilem
995 2495 1059 2529 ex
1092 2480 1339 2547 perfecto,
1393 2487 1442 2530 et
1469 2479 1515 2529 in
1546 2480 1714 2529 eodem
1743 2487 1870 2529 statu
1901 2494 2009 2546 per-

96 2569 349 2627 manente3
402 2578 524 2629 quae
557 2559 745 2628 quidem
779 2562 972 2613 soboles
1004 2580 1160 2631 neque
1198 2581 1226 2614 a
1259 2572 1394 2632 patre
1430 2564 1688 2632 profluxit,
1746 2580 1836 2614 nee
1864 2579 2008 2613 exse-

98 2654 174 2697 cta
201 2654 304 2710 est,
344 2645 423 2698 vel
452 2645 690 2696 divisione
723 2656 985 2715 propagata
1005 2686 1018 2711 ‚
1060 2649 1144 2699 sed
1174 2648 1294 2699 citra
1330 2649 1601 2718 passionem
1636 2648 1921 2716 integreque
1952 2646 2009 2698 ab

99 2747 158 2782 eo
185 2729 424 2801 processit
461 2730 541 2798 qui
573 2729 688 2780 nihil
716 2746 882 2781 eorum
913 2730 1082 2799 quibus
1113 2733 1359 2801 praeditus
1402 2741 1535 2784 esset
1565 2733 1801 2783 amiserit.
1881 2731 2008 2782 'Ilum

99 2816 303 2867 eundem
331 2815 462 2866 illum
490 2814 637 2865 filium
677 2814 875 2865 verbum
908 2831 1019 2865 esse
1050 2815 1265 2885 dicique,
1319 2835 1413 2868 non
1442 2834 1613 2869 vocem
1640 2825 1721 2867 aut
1753 2816 2010 2867 dictionem

99 2900 281 2970 patriS,
333 2899 576 2966 intelligit.
667 2896 914 2966 Siquidem
957 2916 1043 2966 per
1085 2917 1139 2951 se
1182 2901 1261 2952 ille
1300 2901 1520 2952 subsistit
1560 2909 1608 2951 et
1647 2900 1775 2968 agit,
1831 2917 1887 2949 ae
1925 2916 2013 2963 per
2036 2912 2117 2948 σοι.
2142 2913 2174 2955 1,
2200 2913 2249 2947 ιε.

99 2988 246 3050 ipsum
273 2988 450 3045 omnia,
505 2993 554 3033 et
580 2987 627 3032 in
657 2986 754 3048 ipso
777 2992 890 3032 sunt
914 2988 1081 3033 omnia.
1162 2983 1574 3051 Quemadmodum
1608 2986 1672 3035 ita
1708 2984 1788 3033 ille
1820 2983 2011 3051 sapien-

102 3068 167 3120 tia
194 3076 269 3119 est
293 3076 342 3119 ut
366 3066 796 3137 patriscogitatio,
853 3067 930 3117 vel
960 3067 1106 3118 motio
1138 3069 1345 3131 mentiS‚
1398 3069 1587 3120 actiove
1615 3067 1809 3118 minime
1838 3067 1899 3117 sit
1929 3083 2012 3134 pu-

102 3153 302 3217 tandu8‚
356 3153 441 3203 sed
470 3151 640 3203 similis
679 3150 828 3220 patris
866 3151 1089 3214 soboleS,
1143 3161 1191 3203 et
1221 3162 1492 3204 accuratam
1525 3153 1571 3202 in
1602 3168 1711 3202 sese
1740 3149 1889 3218 patris
1915 3150 2012 3200 effi-

101 3236 228 3304 giem
271 3236 568 3305 exprimens,
659 3234 788 3287 Nam
840 3235 965 3286 hunc
1008 3235 1124 3286 deus
1162 3245 1297 3304 pater
1338 3237 1495 3305 sigillo
1538 3235 1670 3286 velut
1717 3232 2007 3300 obsignavit.

101 3318 275 3389 Neque
319 3319 391 3370 sic
421 3319 591 3371 existit
619 3319 666 3371 in
697 3320 851 3371 altero
880 3328 930 3370 ut
965 3335 1052 3387 per
1082 3336 1192 3371 sese
1226 3319 1419 3371 minime
1452 3318 1702 3370 subsistat.
1783 3314 1881 3368 Sed
1916 3318 2013 3367 effi-

103 3421 197 3455 eax
226 3403 411 3472 quidam
442 3404 523 3455 ille
553 3405 709 3455 foetus
737 3413 830 3469 est,
871 3402 950 3471 qui
977 3411 1126 3453 totum
1157 3403 1246 3454 hoc
1274 3403 1582 3465 universum,
1625 3401 1750 3469 quod
1779 3401 2009 3464 condidit,

104 3496 337 3557 perpetuo
369 3497 647 3539 conservat.
725 3487 859 3539 Haec
884 3487 1056 3537 idonea
1084 3495 1196 3537 sunt
1219 3497 1270 3538 ut
1303 3504 1391 3538 nos
1418 3496 1466 3537 et
1493 3505 1521 3537 a
1550 3484 1848 3537 Graecorum
1878 3501 2013 3535 erro-

104 3588 179 3635 re,
210 3580 259 3623 et
281 3589 309 3622 a
336 3569 621 3624 Iudaeorum
648 3571 1011 3641 superstitione,
1045 3578 1093 3622 et
1117 3569 1175 3621 ab
1198 3570 1549 3622 haereticorum
1576 3569 1761 3621 nefaria
1788 3569 2014 3638 opinione

106 3655 371 3709 vindicent.

104 3766 202 3851 pus,
235 3755 377 3850 tetded.
412 3755 546 3820 petav.
616 3748 910 3808 ὁμολογήσειεν
951 3754 1032 3794 cod.
1146 3752 1184 3792 5.
1214 3750 1286 3794 καὶ
1311 3765 1384 3792 om.
1412 3754 1452 3792 in
1475 3754 1562 3793 edit.
1589 3754 1721 3794 Petov.
1751 3753 1878 3792 Coton.
1904 3753 2020 3800 repet.

124 3822 180 3851 en.
213 3823 231 3851 e
274 3822 292 3850 e
323 3839 331 3848 .
360 3821 482 3860 prmo.

190 3876 335 3921 Corpus
359 3875 583 3912 Haereaeol.
606 3875 654 3910 11.
678 3876 712 3911 3.
1640 3880 1672 3931 9
