<?xml version="1.0" encoding="UTF-8"?>
<!DOCTYPE html PUBLIC "-//W3C//DTD XHTML 1.0 Transitional//EN"
    "http://www.w3.org/TR/xhtml1/DTD/xhtml1-transitional.dtd">
<html xmlns="http://www.w3.org/1999/xhtml" xml:lang="en" lang="en">
 <head>
  <title>
</title>
<meta http-equiv="Content-Type" content="text/html;charset=utf-8" />
  <meta name='ocr-system' content='tesseract 3.04.00' />
  <meta name='ocr-capabilities' content='ocr_page ocr_carea ocr_par ocr_line ocrx_word'/>
</head>
<body>
  <div class='ocr_page' id='page_1' title='image "./pt3corporishaere02epipuoft_0645.png"; bbox 0 0 2508 4134; ppageno 0'>
   <div class='ocr_carea' id='block_1_1' title="bbox 620 275 2012 336">
    <p class='ocr_par' dir='ltr' id='par_1_1' title="bbox 620 275 2012 336">
     <span class='ocr_line' id='line_1_1' title="bbox 620 275 2012 336; baseline -0.006 -1"><span class='ocrx_word' id='word_1_1' title='bbox 620 294 755 336; x_wconf 77' lang='grc' dir='ltr'>ΤοΜι</span> <span class='ocrx_word' id='word_1_2' title='bbox 784 291 994 333; x_wconf 77' lang='lat' dir='ltr'>Pmoms</span> <span class='ocrx_word' id='word_1_3' title='bbox 1025 292 1162 332; x_wconf 81' lang='lat' dir='ltr'>PARS</span> <span class='ocrx_word' id='word_1_4' title='bbox 1194 279 1507 332; x_wconf 71' lang='lat' dir='ltr'><strong>Pos&#39;rssmoss.</strong></span> <span class='ocrx_word' id='word_1_5' title='bbox 1913 275 2012 326; x_wconf 84' lang='lat'>635</span> 
     </span>
    </p>
   </div>
   <div class='ocr_carea' id='block_1_2' title="bbox 116 383 2040 1142">
    <p class='ocr_par' dir='ltr' id='par_1_2' title="bbox 116 383 2040 1142">
     <span class='ocr_line' id='line_1_2' title="bbox 119 383 2017 446; baseline -0.006 -11"><span class='ocrx_word' id='word_1_6' title='bbox 119 390 332 446; x_wconf 88' lang='grc' dir='ltr'>τεσσάρας</span> <span class='ocrx_word' id='word_1_7' title='bbox 357 390 524 446; x_wconf 77' lang='grc' dir='ltr'>ήμέρας</span> <span class='ocrx_word' id='word_1_8' title='bbox 548 392 651 434; x_wconf 80' lang='lat' dir='ltr'><strong>Ven.</strong></span> <span class='ocrx_word' id='word_1_9' title='bbox 691 413 739 422; x_wconf 92' lang='lat'><em>-</em></span> <span class='ocrx_word' id='word_1_10' title='bbox 795 390 823 433; x_wconf 89' lang='lat' dir='ltr'><strong>l.</strong></span> <span class='ocrx_word' id='word_1_11' title='bbox 844 389 883 432; x_wconf 90' lang='lat'>7.</span> <span class='ocrx_word' id='word_1_12' title='bbox 913 390 1011 429; x_wconf 85' lang='lat' dir='ltr'><strong>Post</strong></span> <span class='ocrx_word' id='word_1_13' title='bbox 1039 386 1159 442; x_wconf 73' lang='grc' dir='ltr'>ὡρῶν</span> <span class='ocrx_word' id='word_1_14' title='bbox 1183 402 1336 443; x_wconf 74' lang='lat' dir='ltr'>repone</span> <span class='ocrx_word' id='word_1_15' title='bbox 1363 390 1509 441; x_wconf 83' lang='grc' dir='ltr'><strong>τριῶν,</strong></span> <span class='ocrx_word' id='word_1_16' title='bbox 1540 385 1650 442; x_wconf 87' lang='lat' dir='ltr'><strong>quod</strong></span> <span class='ocrx_word' id='word_1_17' title='bbox 1674 399 1748 441; x_wconf 83' lang='lat' dir='ltr'>per</span> <span class='ocrx_word' id='word_1_18' title='bbox 1771 383 2017 440; x_wconf 79' lang='lat' dir='ltr'><strong>typothetae</strong></span> 
     </span>
     <span class='ocr_line' id='line_1_3' title="bbox 119 452 2015 512; baseline -0.003 -9"><span class='ocrx_word' id='word_1_19' title='bbox 119 476 299 503; x_wconf 78' lang='lat' dir='ltr'>errorem</span> <span class='ocrx_word' id='word_1_20' title='bbox 338 461 501 502; x_wconf 79' lang='lat' dir='ltr'>excidit.</span> <span class='ocrx_word' id='word_1_21' title='bbox 528 485 584 494; x_wconf 89' lang='lat'>—</span> <span class='ocrx_word' id='word_1_22' title='bbox 638 461 666 502; x_wconf 91' lang='lat' dir='ltr'><strong>l.</strong></span> <span class='ocrx_word' id='word_1_23' title='bbox 697 460 760 502; x_wconf 82' lang='lat'><strong>13.</strong></span> <span class='ocrx_word' id='word_1_24' title='bbox 804 459 917 499; x_wconf 89' lang='lat' dir='ltr'><strong>Corr.</strong></span> <span class='ocrx_word' id='word_1_25' title='bbox 957 452 1077 512; x_wconf 73' lang='grc' dir='ltr'>ὅραι.</span> <span class='ocrx_word' id='word_1_26' title='bbox 1109 481 1156 488; x_wconf 92' lang='grc'>-</span> <span class='ocrx_word' id='word_1_27' title='bbox 1218 457 1244 498; x_wconf 91' lang='grc' dir='ltr'>Ι.</span> <span class='ocrx_word' id='word_1_28' title='bbox 1272 459 1332 499; x_wconf 83' lang='grc'>15.</span> <span class='ocrx_word' id='word_1_29' title='bbox 1379 456 1606 512; x_wconf 82' lang='grc' dir='ltr'>σφαλέντος</span> <span class='ocrx_word' id='word_1_30' title='bbox 1639 458 1742 497; x_wconf 87' lang='lat' dir='ltr'><strong>Ven.</strong></span> <span class='ocrx_word' id='word_1_31' title='bbox 1774 478 1825 486; x_wconf 87' lang='lat'><em>-</em></span> <span class='ocrx_word' id='word_1_32' title='bbox 1895 453 1921 494; x_wconf 82' lang='lat' dir='ltr'>l·</span> <span class='ocrx_word' id='word_1_33' title='bbox 1951 452 2015 495; x_wconf 79' lang='lat'>16·</span> 
     </span>
     <span class='ocr_line' id='line_1_4' title="bbox 118 522 2040 585; baseline -0.005 -11"><span class='ocrx_word' id='word_1_34' title='bbox 118 527 223 574; x_wconf 81' lang='grc' dir='ltr'>ἀλλὰ</span> <span class='ocrx_word' id='word_1_35' title='bbox 253 529 326 573; x_wconf 79' lang='grc' dir='ltr'>καὶ</span> <span class='ocrx_word' id='word_1_36' title='bbox 366 527 594 585; x_wconf 73' lang='grc' dir='ltr'>ὕπέρβατον</span> <span class='ocrx_word' id='word_1_37' title='bbox 628 529 871 584; x_wconf 76' lang='grc' dir='ltr'>προςθέντες</span> <span class='ocrx_word' id='word_1_38' title='bbox 907 530 1010 568; x_wconf 85' lang='lat' dir='ltr'><strong>Ven.</strong></span> <span class='ocrx_word' id='word_1_39' title='bbox 1069 527 1189 567; x_wconf 84' lang='lat' dir='ltr'><strong>Unde</strong></span> <span class='ocrx_word' id='word_1_40' title='bbox 1232 527 1492 580; x_wconf 80' lang='lat' dir='ltr'><strong>corrigendus</strong></span> <span class='ocrx_word' id='word_1_41' title='bbox 1536 535 1599 566; x_wconf 82' lang='lat' dir='ltr'>est</span> <span class='ocrx_word' id='word_1_42' title='bbox 1637 525 1764 566; x_wconf 79' lang='lat' dir='ltr'><strong>locus.</strong></span> <span class='ocrx_word' id='word_1_43' title='bbox 1792 549 1844 556; x_wconf 95' lang='lat'>—</span> <span class='ocrx_word' id='word_1_44' title='bbox 1901 522 2040 568; x_wconf 80' lang='grc'><strong>1.18.,</strong></span> 
     </span>
     <span class='ocr_line' id='line_1_5' title="bbox 117 591 2018 653; baseline -0.004 -10"><span class='ocrx_word' id='word_1_45' title='bbox 117 597 198 653; x_wconf 88' lang='grc' dir='ltr'>τοὶ,</span> <span class='ocrx_word' id='word_1_46' title='bbox 228 609 323 640; x_wconf 82' lang='lat' dir='ltr'>ante</span> <span class='ocrx_word' id='word_1_47' title='bbox 346 596 504 650; x_wconf 87' lang='grc' dir='ltr'>πάντα,</span> <span class='ocrx_word' id='word_1_48' title='bbox 535 614 615 643; x_wconf 89' lang='lat' dir='ltr'><strong>om.</strong></span> <span class='ocrx_word' id='word_1_49' title='bbox 641 601 744 642; x_wconf 75' lang='lat' dir='ltr'><strong>ven.</strong></span> <span class='ocrx_word' id='word_1_50' title='bbox 774 622 832 630; x_wconf 91' lang='lat'><em>-</em></span> <span class='ocrx_word' id='word_1_51' title='bbox 887 597 914 638; x_wconf 89' lang='lat' dir='ltr'><strong>l.</strong></span> <span class='ocrx_word' id='word_1_52' title='bbox 933 597 1002 638; x_wconf 89' lang='grc'>20.</span> <span class='ocrx_word' id='word_1_53' title='bbox 1033 595 1106 639; x_wconf 82' lang='grc' dir='ltr'>καὶ</span> <span class='ocrx_word' id='word_1_54' title='bbox 1133 595 1277 651; x_wconf 87' lang='grc' dir='ltr'>ἐκείνῳ</span> <span class='ocrx_word' id='word_1_55' title='bbox 1302 594 1349 639; x_wconf 80' lang='grc' dir='ltr'>τὸ</span> <span class='ocrx_word' id='word_1_56' title='bbox 1377 594 1521 651; x_wconf 84' lang='grc' dir='ltr'>πάσχα</span> <span class='ocrx_word' id='word_1_57' title='bbox 1546 597 1649 636; x_wconf 87' lang='lat' dir='ltr'><strong>Ven.</strong></span> <span class='ocrx_word' id='word_1_58' title='bbox 1679 618 1730 626; x_wconf 94' lang='lat'>—</span> <span class='ocrx_word' id='word_1_59' title='bbox 1787 594 1813 634; x_wconf 88' lang='lat' dir='ltr'><strong>l.</strong></span> <span class='ocrx_word' id='word_1_60' title='bbox 1832 593 1899 636; x_wconf 83' lang='lat'><strong>23.</strong></span> <span class='ocrx_word' id='word_1_61' title='bbox 1930 591 2018 635; x_wconf 81' lang='grc' dir='ltr'>Καὶ</span> 
     </span>
     <span class='ocr_line' id='line_1_6' title="bbox 118 660 2018 722; baseline -0.004 -9"><span class='ocrx_word' id='word_1_62' title='bbox 118 665 253 717; x_wconf 71' lang='grc' dir='ltr'>οὕτως</span> <span class='ocrx_word' id='word_1_63' title='bbox 277 670 380 710; x_wconf 82' lang='lat' dir='ltr'><strong>ven.</strong></span> <span class='ocrx_word' id='word_1_64' title='bbox 411 692 462 700; x_wconf 91' lang='lat'>—</span> <span class='ocrx_word' id='word_1_65' title='bbox 518 670 547 710; x_wconf 88' lang='lat'><strong>1.</strong></span> <span class='ocrx_word' id='word_1_66' title='bbox 565 670 631 712; x_wconf 74' lang='lat'>24.</span> <span class='ocrx_word' id='word_1_67' title='bbox 662 669 734 712; x_wconf 79' lang='grc' dir='ltr'>καὶ</span> <span class='ocrx_word' id='word_1_68' title='bbox 758 666 804 712; x_wconf 82' lang='grc' dir='ltr'>τὸ</span> <span class='ocrx_word' id='word_1_69' title='bbox 832 664 1069 722; x_wconf 86' lang='grc' dir='ltr'>τριάκοστον</span> <span class='ocrx_word' id='word_1_70' title='bbox 1091 666 1252 719; x_wconf 81' lang='grc' dir='ltr'>πρῶτον</span> <span class='ocrx_word' id='word_1_71' title='bbox 1278 660 1462 719; x_wconf 78' lang='grc' dir='ltr'>κηρύξας</span> <span class='ocrx_word' id='word_1_72' title='bbox 1487 666 1589 705; x_wconf 83' lang='lat' dir='ltr'><strong>ven.</strong></span> <span class='ocrx_word' id='word_1_73' title='bbox 1618 687 1673 695; x_wconf 90' lang='lat'>—</span> <span class='ocrx_word' id='word_1_74' title='bbox 1728 665 1755 705; x_wconf 90' lang='lat'><strong>1.</strong></span> <span class='ocrx_word' id='word_1_75' title='bbox 1772 666 1839 706; x_wconf 91' lang='grc'>25.</span> <span class='ocrx_word' id='word_1_76' title='bbox 1867 661 2018 708; x_wconf 80' lang='grc' dir='ltr'>δεκτόν</span> 
     </span>
     <span class='ocr_line' id='line_1_7' title="bbox 119 729 2019 793; baseline -0.002 -14"><span class='ocrx_word' id='word_1_77' title='bbox 119 753 198 779; x_wconf 90' lang='lat' dir='ltr'><strong>om.</strong></span> <span class='ocrx_word' id='word_1_78' title='bbox 226 740 328 788; x_wconf 70' lang='lat' dir='ltr'><strong>Vep.</strong></span> <span class='ocrx_word' id='word_1_79' title='bbox 345 768 358 787; x_wconf 93' lang='lat'><em>,</em></span> <span class='ocrx_word' id='word_1_80' title='bbox 403 738 471 792; x_wconf 88' lang='lat' dir='ltr'>qui</span> <span class='ocrx_word' id='word_1_81' title='bbox 498 738 635 793; x_wconf 76' lang='lat' dir='ltr'>pergit</span> <span class='ocrx_word' id='word_1_82' title='bbox 662 737 734 781; x_wconf 80' lang='grc' dir='ltr'>καὶ</span> <span class='ocrx_word' id='word_1_83' title='bbox 772 735 831 793; x_wconf 78' lang='grc' dir='ltr'>μὴ</span> <span class='ocrx_word' id='word_1_84' title='bbox 861 733 1038 790; x_wconf 86' lang='grc' dir='ltr'>ἀντιλεγ.</span> <span class='ocrx_word' id='word_1_85' title='bbox 1068 733 1256 788; x_wconf 81' lang='grc' dir='ltr'>κηρύξας</span> <span class='ocrx_word' id='word_1_86' title='bbox 1284 734 1332 778; x_wconf 83' lang='grc' dir='ltr'>δὲ</span> <span class='ocrx_word' id='word_1_87' title='bbox 1360 729 1478 777; x_wconf 82' lang='grc' dir='ltr'>ἄλλον</span> <span class='ocrx_word' id='word_1_88' title='bbox 1505 733 1686 779; x_wconf 80' lang='grc' dir='ltr'>ἐνιαυτὸν</span> <span class='ocrx_word' id='word_1_89' title='bbox 1711 730 2019 789; x_wconf 73' lang='grc' dir='ltr'>ἀντιλεγόμενον</span> 
     </span>
     <span class='ocr_line' id='line_1_8' title="bbox 118 801 2019 863; baseline -0.002 -15"><span class='ocrx_word' id='word_1_90' title='bbox 118 810 220 849; x_wconf 81' lang='lat' dir='ltr'><strong>Ven.</strong></span> <span class='ocrx_word' id='word_1_91' title='bbox 253 830 303 839; x_wconf 88' lang='lat'>—</span> <span class='ocrx_word' id='word_1_92' title='bbox 361 807 389 847; x_wconf 95' lang='lat' dir='ltr'><strong>l.</strong></span> <span class='ocrx_word' id='word_1_93' title='bbox 409 808 476 850; x_wconf 84' lang='grc'>27.</span> <span class='ocrx_word' id='word_1_94' title='bbox 521 805 702 863; x_wconf 72' lang='grc' dir='ltr'>ὑπερβὰς</span> <span class='ocrx_word' id='word_1_95' title='bbox 739 807 820 861; x_wconf 79' lang='grc' dir='ltr'>τῆς</span> <span class='ocrx_word' id='word_1_96' title='bbox 860 803 940 850; x_wconf 81' lang='grc' dir='ltr'>ἀπὸ</span> <span class='ocrx_word' id='word_1_97' title='bbox 980 805 1062 847; x_wconf 81' lang='grc' dir='ltr'>τῶν</span> <span class='ocrx_word' id='word_1_98' title='bbox 1100 818 1184 858; x_wconf 87' lang='grc' dir='ltr'><strong>γεν.</strong></span> <span class='ocrx_word' id='word_1_99' title='bbox 1214 806 1318 844; x_wconf 87' lang='lat' dir='ltr'><strong>Ven.</strong></span> <span class='ocrx_word' id='word_1_100' title='bbox 1350 828 1403 834; x_wconf 93' lang='grc'>-</span> <span class='ocrx_word' id='word_1_101' title='bbox 1460 803 1571 845; x_wconf 81' lang='grc'><strong>1.28.</strong></span> <span class='ocrx_word' id='word_1_102' title='bbox 1614 819 1729 860; x_wconf 84' lang='grc' dir='ltr'><strong>τυγχ.</strong></span> <span class='ocrx_word' id='word_1_103' title='bbox 1755 803 1922 858; x_wconf 78' lang='grc' dir='ltr'>πέμπτη</span> <span class='ocrx_word' id='word_1_104' title='bbox 1958 801 2019 851; x_wconf 81' lang='grc' dir='ltr'>εἰς</span> 
     </span>
     <span class='ocr_line' id='line_1_9' title="bbox 119 868 2019 931; baseline -0.003 -11"><span class='ocrx_word' id='word_1_105' title='bbox 119 877 241 931; x_wconf 77' lang='grc' dir='ltr'>ἕκτην</span> <span class='ocrx_word' id='word_1_106' title='bbox 268 875 568 930; x_wconf 83' lang='grc' dir='ltr'>έπιφωσκοῦσα</span> <span class='ocrx_word' id='word_1_107' title='bbox 597 874 869 931; x_wconf 82' lang='grc' dir='ltr'>Ἰαννουαρίου</span> <span class='ocrx_word' id='word_1_108' title='bbox 897 877 999 917; x_wconf 85' lang='lat' dir='ltr'><strong>ven.</strong></span> <span class='ocrx_word' id='word_1_109' title='bbox 1033 898 1083 906; x_wconf 91' lang='lat'>--</span> <span class='ocrx_word' id='word_1_110' title='bbox 1142 874 1170 914; x_wconf 87' lang='lat'><strong>1.</strong></span> <span class='ocrx_word' id='word_1_111' title='bbox 1191 872 1258 914; x_wconf 88' lang='grc'>29.</span> <span class='ocrx_word' id='word_1_112' title='bbox 1300 868 1402 921; x_wconf 74' lang='grc' dir='ltr'>ὅλας</span> <span class='ocrx_word' id='word_1_113' title='bbox 1428 871 1490 916; x_wconf 90' lang='grc' dir='ltr'>οα’</span> <span class='ocrx_word' id='word_1_114' title='bbox 1515 871 1701 927; x_wconf 84' lang='grc' dir='ltr'>ήμέρας,</span> <span class='ocrx_word' id='word_1_115' title='bbox 1743 869 1802 922; x_wconf 74' lang='grc' dir='ltr'>ὥς</span> <span class='ocrx_word' id='word_1_116' title='bbox 1825 871 2019 926; x_wconf 85' lang='grc' dir='ltr'>προείπα-</span> 
     </span>
     <span class='ocr_line' id='line_1_10' title="bbox 119 939 2017 1003; baseline -0.003 -12"><span class='ocrx_word' id='word_1_117' title='bbox 119 962 192 1003; x_wconf 86' lang='grc' dir='ltr'>μεν</span> <span class='ocrx_word' id='word_1_118' title='bbox 222 949 324 989; x_wconf 82' lang='lat' dir='ltr'><strong>ven.</strong></span> <span class='ocrx_word' id='word_1_119' title='bbox 355 971 405 977; x_wconf 89' lang='lat'>—</span> <span class='ocrx_word' id='word_1_120' title='bbox 464 946 490 987; x_wconf 93' lang='lat' dir='ltr'><strong>l.</strong></span> <span class='ocrx_word' id='word_1_121' title='bbox 511 946 551 989; x_wconf 91' lang='grc'>6.</span> <span class='ocrx_word' id='word_1_122' title='bbox 583 947 633 988; x_wconf 89' lang='lat' dir='ltr'>ab</span> <span class='ocrx_word' id='word_1_123' title='bbox 660 946 738 987; x_wconf 82' lang='lat' dir='ltr'><strong>inf.</strong></span> <span class='ocrx_word' id='word_1_124' title='bbox 783 946 900 999; x_wconf 86' lang='grc' dir='ltr'>Φαμ.</span> <span class='ocrx_word' id='word_1_125' title='bbox 931 942 997 989; x_wconf 87' lang='grc' dir='ltr'>κδ’</span> <span class='ocrx_word' id='word_1_126' title='bbox 1027 942 1194 987; x_wconf 79' lang='grc' dir='ltr'>ἐτέλεσε</span> <span class='ocrx_word' id='word_1_127' title='bbox 1220 941 1282 999; x_wconf 90' lang='grc' dir='ltr'>λβ’</span> <span class='ocrx_word' id='word_1_128' title='bbox 1316 942 1387 996; x_wconf 80' lang='grc' dir='ltr'>ἔτη</span> <span class='ocrx_word' id='word_1_129' title='bbox 1414 944 1481 985; x_wconf 87' lang='grc' dir='ltr'><strong>πλ.</strong></span> <span class='ocrx_word' id='word_1_130' title='bbox 1512 941 1584 985; x_wconf 77' lang='grc' dir='ltr'>καὶ</span> <span class='ocrx_word' id='word_1_131' title='bbox 1610 940 1668 986; x_wconf 89' lang='grc' dir='ltr'>οδ’</span> <span class='ocrx_word' id='word_1_132' title='bbox 1695 939 1773 996; x_wconf 80' lang='grc' dir='ltr'>ήμ.</span> <span class='ocrx_word' id='word_1_133' title='bbox 1804 940 1884 985; x_wconf 81' lang='grc' dir='ltr'>ἀπὸ</span> <span class='ocrx_word' id='word_1_134' title='bbox 1915 943 2017 981; x_wconf 80' lang='lat' dir='ltr'>Ven-</span> 
     </span>
     <span class='ocr_line' id='line_1_11' title="bbox 116 1006 2019 1070; baseline -0.002 -13"><span class='ocrx_word' id='word_1_135' title='bbox 116 1042 172 1049; x_wconf 92' lang='lat'>--</span> <span class='ocrx_word' id='word_1_136' title='bbox 199 1017 228 1057; x_wconf 92' lang='lat'><strong>1.</strong></span> <span class='ocrx_word' id='word_1_137' title='bbox 250 1015 291 1058; x_wconf 83' lang='lat'><strong>4.</strong></span> <span class='ocrx_word' id='word_1_138' title='bbox 318 1016 368 1057; x_wconf 85' lang='lat' dir='ltr'>ab</span> <span class='ocrx_word' id='word_1_139' title='bbox 395 1016 471 1056; x_wconf 88' lang='lat' dir='ltr'><strong>inf.</strong></span> <span class='ocrx_word' id='word_1_140' title='bbox 518 1016 634 1070; x_wconf 84' lang='grc' dir='ltr'>Φαμ.</span> <span class='ocrx_word' id='word_1_141' title='bbox 665 1013 754 1066; x_wconf 59' lang='grc' dir='ltr'>κέ,</span> <span class='ocrx_word' id='word_1_142' title='bbox 798 1011 894 1069; x_wconf 74' lang='grc' dir='ltr'>η’τις</span> <span class='ocrx_word' id='word_1_143' title='bbox 929 1006 982 1070; x_wconf 83' lang='grc' dir='ltr'>ήν</span> <span class='ocrx_word' id='word_1_144' title='bbox 1025 1014 1141 1067; x_wconf 84' lang='grc' dir='ltr'>ἰσημ.</span> <span class='ocrx_word' id='word_1_145' title='bbox 1184 1010 1477 1067; x_wconf 75' lang='grc' dir='ltr'>παρελθούσης</span> <span class='ocrx_word' id='word_1_146' title='bbox 1503 1010 1670 1063; x_wconf 85' lang='grc' dir='ltr'>νυκτὸς,</span> <span class='ocrx_word' id='word_1_147' title='bbox 1712 1012 1784 1055; x_wconf 80' lang='grc' dir='ltr'>καὶ</span> <span class='ocrx_word' id='word_1_148' title='bbox 1811 1009 2019 1055; x_wconf 79' lang='grc' dir='ltr'>ἰσονύκτια</span> 
     </span>
     <span class='ocr_line' id='line_1_12' title="bbox 119 1078 1892 1142; baseline -0.003 -15"><span class='ocrx_word' id='word_1_149' title='bbox 119 1087 244 1142; x_wconf 77' lang='lat' dir='ltr'>(sic),</span> <span class='ocrx_word' id='word_1_150' title='bbox 276 1084 381 1140; x_wconf 84' lang='grc' dir='ltr'>μετὰ</span> <span class='ocrx_word' id='word_1_151' title='bbox 408 1084 483 1141; x_wconf 74' lang='grc' dir='ltr'>τήν</span> <span class='ocrx_word' id='word_1_152' title='bbox 511 1085 703 1140; x_wconf 81' lang='grc' dir='ltr'>πέμπτην</span> <span class='ocrx_word' id='word_1_153' title='bbox 730 1083 907 1138; x_wconf 84' lang='grc' dir='ltr'>εἰκάδα,</span> <span class='ocrx_word' id='word_1_154' title='bbox 938 1083 1010 1127; x_wconf 77' lang='grc' dir='ltr'>καὶ</span> <span class='ocrx_word' id='word_1_155' title='bbox 1036 1081 1116 1138; x_wconf 83' lang='grc' dir='ltr'>πρὸ</span> <span class='ocrx_word' id='word_1_156' title='bbox 1149 1080 1201 1126; x_wconf 89' lang='grc' dir='ltr'>ια’</span> <span class='ocrx_word' id='word_1_157' title='bbox 1231 1080 1462 1135; x_wconf 87' lang='grc' dir='ltr'>Καλάνδων</span> <span class='ocrx_word' id='word_1_158' title='bbox 1490 1078 1609 1136; x_wconf 82' lang='grc' dir='ltr'><strong>Ἀπρ.</strong></span> <span class='ocrx_word' id='word_1_159' title='bbox 1640 1091 1762 1136; x_wconf 81' lang='lat' dir='ltr'>auget</span> <span class='ocrx_word' id='word_1_160' title='bbox 1792 1084 1892 1122; x_wconf 84' lang='lat' dir='ltr'><strong>Ven.</strong></span> 
     </span>
    </p>
   </div>
   <div class='ocr_carea' id='block_1_3' title="bbox 227 1148 2102 1214">
    <p class='ocr_par' dir='ltr' id='par_1_3' title="bbox 227 1148 2102 1214">
     <span class='ocr_line' id='line_1_13' title="bbox 227 1148 2102 1214; baseline -0.005 -14"><span class='ocrx_word' id='word_1_161' title='bbox 227 1157 358 1214; x_wconf 68' lang='lat' dir='ltr'><strong>rag.</strong></span> <span class='ocrx_word' id='word_1_162' title='bbox 383 1157 472 1200; x_wconf 78' lang='lat'><strong>98.</strong></span> <span class='ocrx_word' id='word_1_163' title='bbox 527 1156 552 1197; x_wconf 94' lang='lat' dir='ltr'><strong>l.</strong></span> <span class='ocrx_word' id='word_1_164' title='bbox 578 1156 612 1196; x_wconf 88' lang='lat'><strong>1.</strong></span> <span class='ocrx_word' id='word_1_165' title='bbox 653 1156 990 1210; x_wconf 90' lang='grc' dir='ltr'>τριακονταετοῦς</span> <span class='ocrx_word' id='word_1_166' title='bbox 1032 1155 1135 1194; x_wconf 85' lang='lat' dir='ltr'><strong>Ven.</strong></span> <span class='ocrx_word' id='word_1_167' title='bbox 1195 1152 1319 1202; x_wconf 87' lang='lat' dir='ltr'>Quod</span> <span class='ocrx_word' id='word_1_168' title='bbox 1359 1166 1528 1207; x_wconf 87' lang='lat' dir='ltr'><strong>repono.</strong></span> <span class='ocrx_word' id='word_1_169' title='bbox 1561 1176 1610 1183; x_wconf 85' lang='lat'><em>—</em></span> <span class='ocrx_word' id='word_1_170' title='bbox 1671 1153 1696 1193; x_wconf 93' lang='lat' dir='ltr'><strong>l.</strong></span> <span class='ocrx_word' id='word_1_171' title='bbox 1719 1155 1759 1194; x_wconf 91' lang='grc'>2.</span> <span class='ocrx_word' id='word_1_172' title='bbox 1805 1148 1881 1206; x_wconf 79' lang='lat' dir='ltr'>ou&#39;,</span> <span class='ocrx_word' id='word_1_173' title='bbox 1923 1160 2019 1192; x_wconf 81' lang='lat' dir='ltr'><strong>ante</strong></span> <span class='ocrx_word' id='word_1_174' title='bbox 2099 1169 2102 1173; x_wconf 50' lang='lat'><strong>⁴</strong></span> 
     </span>
    </p>
   </div>
   <div class='ocr_carea' id='block_1_4' title="bbox 116 1220 2028 3867">
    <p class='ocr_par' dir='ltr' id='par_1_4' title="bbox 116 1220 2023 1908">
     <span class='ocr_line' id='line_1_14' title="bbox 116 1220 2019 1279; baseline -0.003 -10"><span class='ocrx_word' id='word_1_175' title='bbox 116 1224 357 1279; x_wconf 88' lang='grc' dir='ltr'>τριάκοντα,</span> <span class='ocrx_word' id='word_1_176' title='bbox 389 1240 471 1266; x_wconf 88' lang='lat' dir='ltr'><strong>om.</strong></span> <span class='ocrx_word' id='word_1_177' title='bbox 500 1227 601 1267; x_wconf 82' lang='lat' dir='ltr'><strong>Ven.</strong></span> <span class='ocrx_word' id='word_1_178' title='bbox 629 1248 684 1257; x_wconf 90' lang='lat'>—</span> <span class='ocrx_word' id='word_1_179' title='bbox 739 1225 767 1265; x_wconf 92' lang='lat'><strong>1.</strong></span> <span class='ocrx_word' id='word_1_180' title='bbox 787 1225 825 1267; x_wconf 82' lang='lat'><strong>3.</strong></span> <span class='ocrx_word' id='word_1_181' title='bbox 873 1221 978 1268; x_wconf 85' lang='grc' dir='ltr'>ἀλλά</span> <span class='ocrx_word' id='word_1_182' title='bbox 1006 1222 1047 1266; x_wconf 89' lang='grc' dir='ltr'>ἐν</span> <span class='ocrx_word' id='word_1_183' title='bbox 1072 1226 1175 1265; x_wconf 90' lang='lat' dir='ltr'><strong>Ven.</strong></span> <span class='ocrx_word' id='word_1_184' title='bbox 1208 1247 1255 1253; x_wconf 91' lang='lat'><em>-</em></span> <span class='ocrx_word' id='word_1_185' title='bbox 1318 1222 1342 1262; x_wconf 81' lang='lat' dir='ltr'>l.</span> <span class='ocrx_word' id='word_1_186' title='bbox 1367 1220 1404 1263; x_wconf 78' lang='lat'><strong>4.</strong></span> <span class='ocrx_word' id='word_1_187' title='bbox 1435 1221 1507 1265; x_wconf 79' lang='grc' dir='ltr'>καὶ</span> <span class='ocrx_word' id='word_1_188' title='bbox 1533 1221 1667 1276; x_wconf 79' lang='grc' dir='ltr'>μῆνας</span> <span class='ocrx_word' id='word_1_189' title='bbox 1692 1221 1822 1274; x_wconf 82' lang='grc' dir='ltr'>δέκα,</span> <span class='ocrx_word' id='word_1_190' title='bbox 1851 1223 1906 1277; x_wconf 79' lang='grc' dir='ltr'>τῇ</span> <span class='ocrx_word' id='word_1_191' title='bbox 1931 1225 2019 1265; x_wconf 91' lang='grc' dir='ltr'>δω-</span> 
     </span>
     <span class='ocr_line' id='line_1_15' title="bbox 117 1286 2021 1350; baseline 0.001 -12"><span class='ocrx_word' id='word_1_192' title='bbox 117 1293 302 1350; x_wconf 80' lang='grc' dir='ltr'>δεκάτῃ,</span> <span class='ocrx_word' id='word_1_193' title='bbox 347 1292 407 1344; x_wconf 71' lang='grc' dir='ltr'>ὥς</span> <span class='ocrx_word' id='word_1_194' title='bbox 441 1299 630 1349; x_wconf 87' lang='grc' dir='ltr'>προεῖπον</span> <span class='ocrx_word' id='word_1_195' title='bbox 652 1291 796 1349; x_wconf 66' lang='grc' dir='ltr'>’Ἀθὺρ</span> <span class='ocrx_word' id='word_1_196' title='bbox 825 1292 948 1348; x_wconf 82' lang='grc' dir='ltr'>προὲξ</span> <span class='ocrx_word' id='word_1_197' title='bbox 975 1293 1118 1337; x_wconf 83' lang='grc' dir='ltr'>Είδῶν</span> <span class='ocrx_word' id='word_1_198' title='bbox 1147 1294 1250 1333; x_wconf 83' lang='lat' dir='ltr'><strong>ven.</strong></span> <span class='ocrx_word' id='word_1_199' title='bbox 1285 1316 1336 1322; x_wconf 93' lang='lat'>—</span> <span class='ocrx_word' id='word_1_200' title='bbox 1394 1292 1422 1332; x_wconf 87' lang='lat'><strong>1.</strong></span> <span class='ocrx_word' id='word_1_201' title='bbox 1447 1292 1506 1333; x_wconf 88' lang='lat'><strong>10.</strong></span> <span class='ocrx_word' id='word_1_202' title='bbox 1539 1292 1675 1333; x_wconf 81' lang='lat' dir='ltr'>Verba</span> <span class='ocrx_word' id='word_1_203' title='bbox 1704 1287 1784 1334; x_wconf 81' lang='grc' dir='ltr'>ἀπὸ</span> <span class='ocrx_word' id='word_1_204' title='bbox 1812 1288 1858 1335; x_wconf 78' lang='grc' dir='ltr'>δὲ</span> <span class='ocrx_word' id='word_1_205' title='bbox 1886 1286 2021 1347; x_wconf 77' lang='grc' dir='ltr'>ἀρχῆς</span> 
     </span>
     <span class='ocr_line' id='line_1_16' title="bbox 116 1357 2020 1419; baseline -0.003 -10"><span class='ocrx_word' id='word_1_206' title='bbox 116 1388 142 1397; x_wconf 84' lang='lat'>-</span> <span class='ocrx_word' id='word_1_207' title='bbox 169 1388 194 1396; x_wconf 96' lang='lat'><em>-</em></span> <span class='ocrx_word' id='word_1_208' title='bbox 225 1362 309 1418; x_wconf 84' lang='grc' dir='ltr'>ρλδ’</span> <span class='ocrx_word' id='word_1_209' title='bbox 334 1361 499 1419; x_wconf 63' lang='grc' dir='ltr'>’ἡμέρας</span> <span class='ocrx_word' id='word_1_210' title='bbox 524 1379 604 1405; x_wconf 89' lang='lat' dir='ltr'><strong>om.</strong></span> <span class='ocrx_word' id='word_1_211' title='bbox 632 1366 734 1405; x_wconf 85' lang='lat' dir='ltr'><strong>Ven.</strong></span> <span class='ocrx_word' id='word_1_212' title='bbox 769 1387 819 1395; x_wconf 92' lang='lat'><em>-</em></span> <span class='ocrx_word' id='word_1_213' title='bbox 876 1364 978 1405; x_wconf 85' lang='lat' dir='ltr'><strong>Ibid.</strong></span> <span class='ocrx_word' id='word_1_214' title='bbox 1009 1363 1177 1417; x_wconf 88' lang='grc' dir='ltr'>Νεροῦα</span> <span class='ocrx_word' id='word_1_215' title='bbox 1201 1362 1295 1404; x_wconf 86' lang='lat' dir='ltr'><strong>edd.</strong></span> <span class='ocrx_word' id='word_1_216' title='bbox 1325 1369 1507 1416; x_wconf 84' lang='lat' dir='ltr'><strong>uterque.</strong></span> <span class='ocrx_word' id='word_1_217' title='bbox 1536 1384 1592 1392; x_wconf 91' lang='lat'><strong>—</strong></span> <span class='ocrx_word' id='word_1_218' title='bbox 1646 1361 1671 1401; x_wconf 93' lang='lat' dir='ltr'><strong>l.</strong></span> <span class='ocrx_word' id='word_1_219' title='bbox 1694 1363 1752 1402; x_wconf 90' lang='grc'>12.</span> <span class='ocrx_word' id='word_1_220' title='bbox 1781 1357 2020 1416; x_wconf 81' lang='grc' dir='ltr'>Ήλέγχθη-</span> 
     </span>
     <span class='ocr_line' id='line_1_17' title="bbox 119 1427 2021 1487; baseline -0.004 -10"><span class='ocrx_word' id='word_1_221' title='bbox 119 1449 192 1478; x_wconf 91' lang='grc' dir='ltr'>σαν</span> <span class='ocrx_word' id='word_1_222' title='bbox 218 1433 265 1478; x_wconf 84' lang='grc' dir='ltr'>δὲ</span> <span class='ocrx_word' id='word_1_223' title='bbox 291 1433 363 1477; x_wconf 76' lang='grc' dir='ltr'>καὶ</span> <span class='ocrx_word' id='word_1_224' title='bbox 390 1436 494 1477; x_wconf 84' lang='lat' dir='ltr'><strong>Ven.</strong></span> <span class='ocrx_word' id='word_1_225' title='bbox 522 1458 572 1465; x_wconf 90' lang='lat'>—</span> <span class='ocrx_word' id='word_1_226' title='bbox 633 1434 661 1475; x_wconf 92' lang='lat' dir='ltr'><strong>l.</strong></span> <span class='ocrx_word' id='word_1_227' title='bbox 685 1435 747 1476; x_wconf 86' lang='lat'><strong>13.</strong></span> <span class='ocrx_word' id='word_1_228' title='bbox 787 1433 1010 1487; x_wconf 88' lang='grc' dir='ltr'>καλέσαιμι</span> <span class='ocrx_word' id='word_1_229' title='bbox 1035 1435 1137 1473; x_wconf 86' lang='lat' dir='ltr'><strong>Ven.</strong></span> <span class='ocrx_word' id='word_1_230' title='bbox 1169 1455 1217 1462; x_wconf 91' lang='lat'>—</span> <span class='ocrx_word' id='word_1_231' title='bbox 1276 1432 1305 1473; x_wconf 96' lang='lat' dir='ltr'><strong>l.</strong></span> <span class='ocrx_word' id='word_1_232' title='bbox 1333 1430 1396 1473; x_wconf 78' lang='lat'><strong>14.</strong></span> <span class='ocrx_word' id='word_1_233' title='bbox 1440 1433 1614 1486; x_wconf 86' lang='lat' dir='ltr'>Repono</span> <span class='ocrx_word' id='word_1_234' title='bbox 1656 1429 1727 1474; x_wconf 84' lang='grc' dir='ltr'>διὰ</span> <span class='ocrx_word' id='word_1_235' title='bbox 1753 1427 1946 1473; x_wconf 84' lang='grc' dir='ltr'>Ἰωάννου</span> <span class='ocrx_word' id='word_1_236' title='bbox 1972 1445 2021 1469; x_wconf 87' lang='lat' dir='ltr'>ex</span> 
     </span>
     <span class='ocr_line' id='line_1_18' title="bbox 117 1497 2020 1558; baseline -0.003 -13"><span class='ocrx_word' id='word_1_237' title='bbox 117 1507 220 1546; x_wconf 83' lang='lat' dir='ltr'><strong>ven.</strong></span> <span class='ocrx_word' id='word_1_238' title='bbox 250 1529 304 1537; x_wconf 90' lang='grc'><strong>-</strong></span> <span class='ocrx_word' id='word_1_239' title='bbox 360 1504 469 1547; x_wconf 88' lang='grc'><strong>1.16.</strong></span> <span class='ocrx_word' id='word_1_240' title='bbox 512 1501 710 1558; x_wconf 88' lang='grc' dir='ltr'>ἐνσάρκου</span> <span class='ocrx_word' id='word_1_241' title='bbox 749 1499 876 1546; x_wconf 69' lang='grc' dir='ltr'>αὐτοῦ</span> <span class='ocrx_word' id='word_1_242' title='bbox 915 1518 1010 1557; x_wconf 88' lang='grc' dir='ltr'>παρ.</span> <span class='ocrx_word' id='word_1_243' title='bbox 1040 1505 1144 1544; x_wconf 86' lang='lat' dir='ltr'><strong>ven.</strong></span> <span class='ocrx_word' id='word_1_244' title='bbox 1174 1526 1228 1533; x_wconf 93' lang='lat'>——</span> <span class='ocrx_word' id='word_1_245' title='bbox 1285 1502 1310 1542; x_wconf 93' lang='lat' dir='ltr'><strong>l.</strong></span> <span class='ocrx_word' id='word_1_246' title='bbox 1335 1501 1395 1544; x_wconf 87' lang='lat'><strong>19.</strong></span> <span class='ocrx_word' id='word_1_247' title='bbox 1437 1501 1526 1544; x_wconf 83' lang='grc' dir='ltr'>Καὶ</span> <span class='ocrx_word' id='word_1_248' title='bbox 1549 1497 1656 1544; x_wconf 85' lang='grc' dir='ltr'>ἅπαν</span> <span class='ocrx_word' id='word_1_249' title='bbox 1683 1499 1827 1549; x_wconf 84' lang='grc' dir='ltr'>οἱπλῶς</span> <span class='ocrx_word' id='word_1_250' title='bbox 1849 1514 2020 1556; x_wconf 82' lang='grc' dir='ltr'>πανταχ.</span> 
     </span>
     <span class='ocr_line' id='line_1_19' title="bbox 118 1567 2023 1630; baseline -0.001 -16"><span class='ocrx_word' id='word_1_251' title='bbox 118 1577 222 1615; x_wconf 85' lang='lat' dir='ltr'><strong>Ven.</strong></span> <span class='ocrx_word' id='word_1_252' title='bbox 242 1597 294 1606; x_wconf 89' lang='lat'><em>-</em></span> <span class='ocrx_word' id='word_1_253' title='bbox 352 1573 379 1616; x_wconf 91' lang='grc'>1.</span> <span class='ocrx_word' id='word_1_254' title='bbox 397 1575 465 1615; x_wconf 91' lang='grc'>20.</span> <span class='ocrx_word' id='word_1_255' title='bbox 495 1573 536 1618; x_wconf 80' lang='grc' dir='ltr'>ἐν</span> <span class='ocrx_word' id='word_1_256' title='bbox 560 1571 706 1630; x_wconf 80' lang='grc' dir='ltr'>πάσχα</span> <span class='ocrx_word' id='word_1_257' title='bbox 732 1575 831 1614; x_wconf 83' lang='lat' dir='ltr'><strong>ven.</strong></span> <span class='ocrx_word' id='word_1_258' title='bbox 865 1597 915 1605; x_wconf 93' lang='lat'>—-</span> <span class='ocrx_word' id='word_1_259' title='bbox 972 1573 999 1613; x_wconf 92' lang='grc'>1.</span> <span class='ocrx_word' id='word_1_260' title='bbox 1017 1574 1082 1614; x_wconf 89' lang='grc'>21.</span> <span class='ocrx_word' id='word_1_261' title='bbox 1113 1587 1200 1626; x_wconf 89' lang='grc' dir='ltr'>περ.</span> <span class='ocrx_word' id='word_1_262' title='bbox 1230 1569 1376 1627; x_wconf 81' lang='grc' dir='ltr'>χρόνου</span> <span class='ocrx_word' id='word_1_263' title='bbox 1403 1569 1611 1620; x_wconf 71' lang='grc' dir='ltr'>ἐνιαυτοὺς</span> <span class='ocrx_word' id='word_1_264' title='bbox 1635 1570 1888 1624; x_wconf 82' lang='grc' dir='ltr'>ἐπετέλεσεν,</span> <span class='ocrx_word' id='word_1_265' title='bbox 1918 1567 2023 1613; x_wconf 81' lang='grc' dir='ltr'>ἀλλὰ</span> 
     </span>
     <span class='ocr_line' id='line_1_20' title="bbox 119 1637 2022 1699; baseline -0.004 -10"><span class='ocrx_word' id='word_1_266' title='bbox 119 1645 192 1689; x_wconf 75' lang='grc' dir='ltr'>καὶ</span> <span class='ocrx_word' id='word_1_267' title='bbox 214 1641 458 1699; x_wconf 82' lang='grc' dir='ltr'>περιόδους,</span> <span class='ocrx_word' id='word_1_268' title='bbox 501 1649 613 1698; x_wconf 88' lang='grc' dir='ltr'>τρεῖς</span> <span class='ocrx_word' id='word_1_269' title='bbox 647 1642 760 1698; x_wconf 89' lang='grc' dir='ltr'>παρά</span> <span class='ocrx_word' id='word_1_270' title='bbox 798 1659 838 1686; x_wconf 90' lang='grc' dir='ltr'>τι</span> <span class='ocrx_word' id='word_1_271' title='bbox 870 1640 1117 1697; x_wconf 86' lang='grc' dir='ltr'>ἐπλήρωσε,</span> <span class='ocrx_word' id='word_1_272' title='bbox 1163 1639 1268 1696; x_wconf 82' lang='grc' dir='ltr'>μετὰ</span> <span class='ocrx_word' id='word_1_273' title='bbox 1296 1640 1342 1685; x_wconf 85' lang='grc' dir='ltr'>τὸ</span> <span class='ocrx_word' id='word_1_274' title='bbox 1373 1637 1454 1684; x_wconf 84' lang='grc' dir='ltr'>ἀπὸ</span> <span class='ocrx_word' id='word_1_275' title='bbox 1483 1642 1555 1684; x_wconf 90' lang='grc' dir='ltr'>τοῦ</span> <span class='ocrx_word' id='word_1_276' title='bbox 1584 1638 1777 1685; x_wconf 86' lang='grc' dir='ltr'>Ἰωάννου</span> <span class='ocrx_word' id='word_1_277' title='bbox 1808 1638 2022 1696; x_wconf 87' lang='grc' dir='ltr'>βάπτισμα</span> 
     </span>
     <span class='ocr_line' id='line_1_21' title="bbox 118 1706 2020 1768; baseline -0.002 -13"><span class='ocrx_word' id='word_1_278' title='bbox 118 1718 221 1756; x_wconf 85' lang='lat' dir='ltr'><strong>Ven.</strong></span> <span class='ocrx_word' id='word_1_279' title='bbox 250 1739 305 1746; x_wconf 91' lang='lat'>—-</span> <span class='ocrx_word' id='word_1_280' title='bbox 360 1714 389 1756; x_wconf 90' lang='grc'>1.</span> <span class='ocrx_word' id='word_1_281' title='bbox 405 1715 472 1756; x_wconf 87' lang='grc'>25.</span> <span class='ocrx_word' id='word_1_282' title='bbox 514 1715 684 1768; x_wconf 87' lang='lat' dir='ltr'>Repone</span> <span class='ocrx_word' id='word_1_283' title='bbox 725 1728 775 1754; x_wconf 84' lang='lat' dir='ltr'>ex</span> <span class='ocrx_word' id='word_1_284' title='bbox 801 1715 906 1756; x_wconf 88' lang='lat' dir='ltr'><strong>ven.</strong></span> <span class='ocrx_word' id='word_1_285' title='bbox 946 1710 1025 1766; x_wconf 79' lang='grc' dir='ltr'>τήν</span> <span class='ocrx_word' id='word_1_286' title='bbox 1055 1712 1209 1767; x_wconf 80' lang='grc' dir='ltr'>ἑαυτῆς</span> <span class='ocrx_word' id='word_1_287' title='bbox 1235 1710 1358 1767; x_wconf 78' lang='grc' dir='ltr'><strong>ζωήν.</strong></span> <span class='ocrx_word' id='word_1_288' title='bbox 1389 1735 1441 1743; x_wconf 93' lang='lat'>-—-</span> <span class='ocrx_word' id='word_1_289' title='bbox 1499 1712 1524 1752; x_wconf 93' lang='lat' dir='ltr'><strong>l.</strong></span> <span class='ocrx_word' id='word_1_290' title='bbox 1549 1712 1616 1754; x_wconf 88' lang='grc'>27.</span> <span class='ocrx_word' id='word_1_291' title='bbox 1657 1708 1914 1765; x_wconf 67' lang='grc' dir='ltr'>Εὑρήκαμεν</span> <span class='ocrx_word' id='word_1_292' title='bbox 1941 1706 2020 1763; x_wconf 81' lang='grc' dir='ltr'>γὰρ</span> 
     </span>
     <span class='ocr_line' id='line_1_22' title="bbox 118 1777 2019 1837; baseline -0.002 -12"><span class='ocrx_word' id='word_1_293' title='bbox 118 1787 220 1827; x_wconf 82' lang='lat' dir='ltr'><strong>Ven.</strong></span> <span class='ocrx_word' id='word_1_294' title='bbox 253 1808 305 1816; x_wconf 89' lang='lat'>-—</span> <span class='ocrx_word' id='word_1_295' title='bbox 364 1784 389 1824; x_wconf 89' lang='grc'>1.</span> <span class='ocrx_word' id='word_1_296' title='bbox 408 1785 477 1826; x_wconf 71' lang='grc'>28.</span> <span class='ocrx_word' id='word_1_297' title='bbox 522 1779 588 1827; x_wconf 69' lang='grc' dir='ltr'>’ὅτι</span> <span class='ocrx_word' id='word_1_298' title='bbox 615 1783 664 1826; x_wconf 89' lang='grc' dir='ltr'>ἐκ</span> <span class='ocrx_word' id='word_1_299' title='bbox 690 1784 763 1826; x_wconf 90' lang='grc' dir='ltr'>τοῦ</span> <span class='ocrx_word' id='word_1_300' title='bbox 792 1784 889 1826; x_wconf 87' lang='grc' dir='ltr'>θεοῦ</span> <span class='ocrx_word' id='word_1_301' title='bbox 922 1782 1043 1837; x_wconf 86' lang='grc' dir='ltr'>λόγος</span> <span class='ocrx_word' id='word_1_302' title='bbox 1079 1783 1150 1826; x_wconf 89' lang='grc' dir='ltr'>τοῦ</span> <span class='ocrx_word' id='word_1_303' title='bbox 1195 1783 1292 1825; x_wconf 90' lang='grc' dir='ltr'>θεοῦ</span> <span class='ocrx_word' id='word_1_304' title='bbox 1333 1781 1537 1837; x_wconf 78' lang='grc' dir='ltr'>ἐγεννήθη</span> <span class='ocrx_word' id='word_1_305' title='bbox 1565 1780 1661 1836; x_wconf 75' lang='grc' dir='ltr'>περὶ</span> <span class='ocrx_word' id='word_1_306' title='bbox 1686 1784 1786 1821; x_wconf 84' lang='lat' dir='ltr'><strong>Ven.</strong></span> <span class='ocrx_word' id='word_1_307' title='bbox 1819 1803 1868 1810; x_wconf 86' lang='lat'>-·-</span> <span class='ocrx_word' id='word_1_308' title='bbox 1928 1779 1955 1819; x_wconf 84' lang='lat' dir='ltr'><strong>l.</strong></span> <span class='ocrx_word' id='word_1_309' title='bbox 1981 1777 2019 1819; x_wconf 76' lang='lat'>4·</span> 
     </span>
     <span class='ocr_line' id='line_1_23' title="bbox 117 1847 1768 1908; baseline -0.003 -13"><span class='ocrx_word' id='word_1_310' title='bbox 117 1855 168 1896; x_wconf 86' lang='lat' dir='ltr'>ab</span> <span class='ocrx_word' id='word_1_311' title='bbox 197 1855 271 1896; x_wconf 81' lang='lat' dir='ltr'><strong>inf.</strong></span> <span class='ocrx_word' id='word_1_312' title='bbox 299 1855 371 1897; x_wconf 90' lang='grc' dir='ltr'>τοῦ</span> <span class='ocrx_word' id='word_1_313' title='bbox 398 1856 735 1907; x_wconf 86' lang='grc' dir='ltr'>τεσσαρακοστοῦ</span> <span class='ocrx_word' id='word_1_314' title='bbox 768 1850 889 1908; x_wconf 84' lang='grc' dir='ltr'>μόνον</span> <span class='ocrx_word' id='word_1_315' title='bbox 918 1850 1030 1907; x_wconf 81' lang='grc' dir='ltr'>παρὰ</span> <span class='ocrx_word' id='word_1_316' title='bbox 1062 1850 1348 1907; x_wconf 87' lang='grc' dir='ltr'>μεμενηκότος</span> <span class='ocrx_word' id='word_1_317' title='bbox 1376 1847 1416 1907; x_wconf 85' lang='grc' dir='ltr'>μ’</span> <span class='ocrx_word' id='word_1_318' title='bbox 1450 1851 1622 1905; x_wconf 86' lang='grc' dir='ltr'>ἐποίησε</span> <span class='ocrx_word' id='word_1_319' title='bbox 1667 1853 1768 1892; x_wconf 86' lang='lat' dir='ltr'><strong>Ven.</strong></span> 
     </span>
    </p>

    <p class='ocr_par' dir='ltr' id='par_1_5' title="bbox 116 1913 2028 3725">
     <span class='ocr_line' id='line_1_24' title="bbox 228 1913 2018 1981; baseline -0.005 -12"><span class='ocrx_word' id='word_1_320' title='bbox 228 1925 507 1981; x_wconf 72' lang='lat' dir='ltr'><strong>Pag.1o().</strong></span> <span class='ocrx_word' id='word_1_321' title='bbox 562 1923 588 1963; x_wconf 89' lang='lat' dir='ltr'><strong>l.</strong></span> <span class='ocrx_word' id='word_1_322' title='bbox 607 1925 646 1964; x_wconf 89' lang='grc'>5.</span> <span class='ocrx_word' id='word_1_323' title='bbox 691 1922 743 1965; x_wconf 88' lang='grc' dir='ltr'>ια’</span> <span class='ocrx_word' id='word_1_324' title='bbox 786 1923 896 1979; x_wconf 79' lang='grc' dir='ltr'>Τυβὶ</span> <span class='ocrx_word' id='word_1_325' title='bbox 938 1925 1039 1962; x_wconf 87' lang='lat' dir='ltr'><strong>Ven.</strong></span> <span class='ocrx_word' id='word_1_326' title='bbox 1074 1947 1129 1953; x_wconf 91' lang='lat'><strong>—</strong></span> <span class='ocrx_word' id='word_1_327' title='bbox 1184 1922 1213 1962; x_wconf 90' lang='lat' dir='ltr'><strong>l.</strong></span> <span class='ocrx_word' id='word_1_328' title='bbox 1237 1923 1275 1965; x_wconf 89' lang='lat'>7.</span> <span class='ocrx_word' id='word_1_329' title='bbox 1318 1913 1388 1965; x_wconf 73' lang='grc' dir='ltr'>οὖν</span> <span class='ocrx_word' id='word_1_330' title='bbox 1427 1922 1463 1965; x_wconf 80' lang='grc' dir='ltr'>εἰ</span> <span class='ocrx_word' id='word_1_331' title='bbox 1499 1916 1653 1975; x_wconf 65' lang='grc' dir='ltr'>εὕροιεν</span> <span class='ocrx_word' id='word_1_332' title='bbox 1686 1923 1786 1962; x_wconf 85' lang='lat' dir='ltr'><strong>Ven.</strong></span> <span class='ocrx_word' id='word_1_333' title='bbox 1816 1944 1871 1951; x_wconf 94' lang='lat'>—</span> <span class='ocrx_word' id='word_1_334' title='bbox 1927 1919 1955 1961; x_wconf 86' lang='lat'><strong>1.</strong></span> <span class='ocrx_word' id='word_1_335' title='bbox 1978 1920 2018 1961; x_wconf 84' lang='grc'>8.</span> 
     </span>
     <span class='ocr_line' id='line_1_25' title="bbox 119 1990 2022 2050; baseline -0.004 -12"><span class='ocrx_word' id='word_1_336' title='bbox 119 1992 277 2050; x_wconf 87' lang='grc' dir='ltr'>σφάλου</span> <span class='ocrx_word' id='word_1_337' title='bbox 306 1996 408 2035; x_wconf 83' lang='lat' dir='ltr'><strong>Ven.</strong></span> <span class='ocrx_word' id='word_1_338' title='bbox 440 2016 496 2024; x_wconf 91' lang='lat'><strong>—</strong></span> <span class='ocrx_word' id='word_1_339' title='bbox 553 1993 580 2033; x_wconf 89' lang='grc'>1.</span> <span class='ocrx_word' id='word_1_340' title='bbox 600 1991 640 2034; x_wconf 90' lang='grc'>9.</span> <span class='ocrx_word' id='word_1_341' title='bbox 670 1990 701 2047; x_wconf 76' lang='grc' dir='ltr'>ή</span> <span class='ocrx_word' id='word_1_342' title='bbox 731 1992 881 2049; x_wconf 91' lang='grc' dir='ltr'>βεβαία</span> <span class='ocrx_word' id='word_1_343' title='bbox 906 1992 1094 2047; x_wconf 85' lang='grc' dir='ltr'>γέννησις</span> <span class='ocrx_word' id='word_1_344' title='bbox 1118 1993 1192 2035; x_wconf 91' lang='grc' dir='ltr'>τοῦ</span> <span class='ocrx_word' id='word_1_345' title='bbox 1217 1992 1399 2045; x_wconf 84' lang='grc' dir='ltr'>Χριστοῦ</span> <span class='ocrx_word' id='word_1_346' title='bbox 1427 1992 1503 2032; x_wconf 82' lang='lat' dir='ltr'>alia</span> <span class='ocrx_word' id='word_1_347' title='bbox 1530 2005 1677 2034; x_wconf 73' lang='lat' dir='ltr'>manus¹</span> <span class='ocrx_word' id='word_1_348' title='bbox 1692 2006 1740 2031; x_wconf 84' lang='lat' dir='ltr'>ex</span> <span class='ocrx_word' id='word_1_349' title='bbox 1766 1992 1866 2031; x_wconf 87' lang='lat' dir='ltr'><strong>Ven.</strong></span> <span class='ocrx_word' id='word_1_350' title='bbox 1893 2004 2022 2031; x_wconf 87' lang='lat' dir='ltr'>anno-</span> 
     </span>
     <span class='ocr_line' id='line_1_26' title="bbox 116 2059 2018 2118; baseline -0.001 -13"><span class='ocrx_word' id='word_1_351' title='bbox 116 2065 233 2106; x_wconf 80' lang='lat' dir='ltr'><strong>tavit.</strong></span> <span class='ocrx_word' id='word_1_352' title='bbox 262 2086 315 2095; x_wconf 81' lang='lat'>—-</span> <span class='ocrx_word' id='word_1_353' title='bbox 373 2063 400 2103; x_wconf 86' lang='lat'><strong>1.</strong></span> <span class='ocrx_word' id='word_1_354' title='bbox 425 2064 488 2105; x_wconf 77' lang='lat'><strong>10.</strong></span> <span class='ocrx_word' id='word_1_355' title='bbox 531 2062 638 2118; x_wconf 78' lang='grc' dir='ltr'>φασὶ</span> <span class='ocrx_word' id='word_1_356' title='bbox 663 2061 769 2106; x_wconf 82' lang='grc' dir='ltr'>δέκα</span> <span class='ocrx_word' id='word_1_357' title='bbox 795 2063 956 2118; x_wconf 85' lang='grc' dir='ltr'>μῆνας,</span> <span class='ocrx_word' id='word_1_358' title='bbox 1000 2064 1150 2103; x_wconf 86' lang='lat' dir='ltr'>omisso</span> <span class='ocrx_word' id='word_1_359' title='bbox 1178 2060 1263 2116; x_wconf 75' lang='grc' dir='ltr'>ὠς,</span> <span class='ocrx_word' id='word_1_360' title='bbox 1293 2064 1394 2103; x_wconf 82' lang='lat' dir='ltr'><strong>Ven.</strong></span> <span class='ocrx_word' id='word_1_361' title='bbox 1430 2087 1478 2093; x_wconf 91' lang='lat'><em>-</em></span> <span class='ocrx_word' id='word_1_362' title='bbox 1538 2062 1564 2102; x_wconf 88' lang='grc'>1.</span> <span class='ocrx_word' id='word_1_363' title='bbox 1592 2061 1651 2104; x_wconf 87' lang='grc'>17.</span> <span class='ocrx_word' id='word_1_364' title='bbox 1697 2061 1851 2116; x_wconf 88' lang='grc' dir='ltr'>γίνεται</span> <span class='ocrx_word' id='word_1_365' title='bbox 1875 2059 1944 2105; x_wconf 89' lang='grc' dir='ltr'>διά</span> <span class='ocrx_word' id='word_1_366' title='bbox 1971 2059 2018 2104; x_wconf 82' lang='grc' dir='ltr'>τὸ</span> 
     </span>
     <span class='ocr_line' id='line_1_27' title="bbox 116 2131 2019 2189; baseline -0.002 -12"><span class='ocrx_word' id='word_1_367' title='bbox 116 2131 214 2178; x_wconf 85' lang='grc' dir='ltr'>τότε</span> <span class='ocrx_word' id='word_1_368' title='bbox 238 2148 327 2189; x_wconf 86' lang='grc' dir='ltr'><strong>γεγ.</strong></span> <span class='ocrx_word' id='word_1_369' title='bbox 360 2135 605 2188; x_wconf 64' lang='grc' dir='ltr'>θεοσημεῖον</span> <span class='ocrx_word' id='word_1_370' title='bbox 641 2132 717 2187; x_wconf 80' lang='lat' dir='ltr'>(ita</span> <span class='ocrx_word' id='word_1_371' title='bbox 747 2141 960 2173; x_wconf 81' lang='lat' dir='ltr'>accentum</span> <span class='ocrx_word' id='word_1_372' title='bbox 987 2133 1111 2173; x_wconf 86' lang='lat' dir='ltr'><strong>habet</strong></span> <span class='ocrx_word' id='word_1_373' title='bbox 1139 2132 1261 2173; x_wconf 86' lang='lat' dir='ltr'>etiam</span> <span class='ocrx_word' id='word_1_374' title='bbox 1292 2133 1400 2187; x_wconf 80' lang='lat' dir='ltr'><strong>Bas.)</strong></span> <span class='ocrx_word' id='word_1_375' title='bbox 1427 2134 1525 2173; x_wconf 88' lang='lat' dir='ltr'><strong>Ven.</strong></span> <span class='ocrx_word' id='word_1_376' title='bbox 1561 2155 1609 2164; x_wconf 88' lang='lat'>·-</span> <span class='ocrx_word' id='word_1_377' title='bbox 1666 2132 1694 2173; x_wconf 85' lang='grc'>1.</span> <span class='ocrx_word' id='word_1_378' title='bbox 1715 2133 1783 2174; x_wconf 85' lang='grc'>21.</span> <span class='ocrx_word' id='word_1_379' title='bbox 1816 2133 1852 2175; x_wconf 84' lang='grc' dir='ltr'>οἱ</span> <span class='ocrx_word' id='word_1_380' title='bbox 1881 2133 2019 2187; x_wconf 81' lang='grc' dir='ltr'>μαθη-</span> 
     </span>
     <span class='ocr_line' id='line_1_28' title="bbox 117 2198 2024 2257; baseline -0.002 -10"><span class='ocrx_word' id='word_1_381' title='bbox 117 2204 212 2257; x_wconf 74' lang='grc' dir='ltr'>ταὶ,</span> <span class='ocrx_word' id='word_1_382' title='bbox 242 2203 315 2246; x_wconf 77' lang='grc' dir='ltr'>καὶ</span> <span class='ocrx_word' id='word_1_383' title='bbox 341 2200 450 2246; x_wconf 83' lang='grc' dir='ltr'>εἶπεν</span> <span class='ocrx_word' id='word_1_384' title='bbox 476 2204 578 2243; x_wconf 83' lang='lat' dir='ltr'><strong>Veu.</strong></span> <span class='ocrx_word' id='word_1_385' title='bbox 609 2226 663 2234; x_wconf 87' lang='lat'><em>-</em></span> <span class='ocrx_word' id='word_1_386' title='bbox 720 2203 748 2243; x_wconf 92' lang='grc'>1.</span> <span class='ocrx_word' id='word_1_387' title='bbox 769 2202 836 2244; x_wconf 87' lang='grc'>22.</span> <span class='ocrx_word' id='word_1_388' title='bbox 868 2200 985 2257; x_wconf 77' lang='grc' dir='ltr'>πηγή</span> <span class='ocrx_word' id='word_1_389' title='bbox 1001 2234 1010 2247; x_wconf 91' lang='grc'>.</span> <span class='ocrx_word' id='word_1_390' title='bbox 1042 2199 1102 2251; x_wconf 70' lang='grc' dir='ltr'>ὥς</span> <span class='ocrx_word' id='word_1_391' title='bbox 1125 2199 1243 2245; x_wconf 68' lang='grc' dir='ltr'>αὐτοὶ</span> <span class='ocrx_word' id='word_1_392' title='bbox 1266 2198 1519 2256; x_wconf 77' lang='grc' dir='ltr'>πεπώκαμεν</span> <span class='ocrx_word' id='word_1_393' title='bbox 1545 2226 1570 2233; x_wconf 89' lang='grc'>-</span> <span class='ocrx_word' id='word_1_394' title='bbox 1598 2226 1622 2233; x_wconf 94' lang='grc'>-</span> <span class='ocrx_word' id='word_1_395' title='bbox 1651 2202 1723 2245; x_wconf 71' lang='grc' dir='ltr'>καὶ</span> <span class='ocrx_word' id='word_1_396' title='bbox 1746 2200 1869 2257; x_wconf 85' lang='grc' dir='ltr'>ήμέτ.</span> <span class='ocrx_word' id='word_1_397' title='bbox 1895 2198 2024 2245; x_wconf 84' lang='grc' dir='ltr'>ἀδελ-</span> 
     </span>
     <span class='ocr_line' id='line_1_29' title="bbox 119 2269 2026 2328; baseline -0.002 -11"><span class='ocrx_word' id='word_1_398' title='bbox 119 2274 192 2327; x_wconf 75' lang='grc' dir='ltr'>φοὶ</span> <span class='ocrx_word' id='word_1_399' title='bbox 220 2276 409 2314; x_wconf 85' lang='lat' dir='ltr'><strong>Ven.·—</strong></span> <span class='ocrx_word' id='word_1_400' title='bbox 464 2269 579 2324; x_wconf 75' lang='lat' dir='ltr'><strong>l.24.</strong></span> <span class='ocrx_word' id='word_1_401' title='bbox 619 2271 730 2323; x_wconf 77' lang='grc' dir='ltr'>Καὶ,</span> <span class='ocrx_word' id='word_1_402' title='bbox 774 2281 870 2312; x_wconf 81' lang='lat' dir='ltr'><strong>ante</strong></span> <span class='ocrx_word' id='word_1_403' title='bbox 905 2275 1067 2322; x_wconf 82' lang='grc' dir='ltr'>πολλοὶ,</span> <span class='ocrx_word' id='word_1_404' title='bbox 1110 2286 1189 2312; x_wconf 90' lang='lat' dir='ltr'><strong>om.</strong></span> <span class='ocrx_word' id='word_1_405' title='bbox 1230 2274 1333 2313; x_wconf 89' lang='lat' dir='ltr'><strong>Ven.</strong></span> <span class='ocrx_word' id='word_1_406' title='bbox 1363 2296 1416 2303; x_wconf 89' lang='lat'>—</span> <span class='ocrx_word' id='word_1_407' title='bbox 1473 2272 1498 2313; x_wconf 94' lang='lat' dir='ltr'><strong>l.</strong></span> <span class='ocrx_word' id='word_1_408' title='bbox 1520 2274 1585 2314; x_wconf 90' lang='grc'>25.</span> <span class='ocrx_word' id='word_1_409' title='bbox 1631 2272 1763 2317; x_wconf 82' lang='grc' dir='ltr'>ὲνδεκ.</span> <span class='ocrx_word' id='word_1_410' title='bbox 1802 2273 1875 2315; x_wconf 90' lang='grc' dir='ltr'>τοῦ</span> <span class='ocrx_word' id='word_1_411' title='bbox 1914 2271 2026 2328; x_wconf 77' lang='grc' dir='ltr'>Τυβὶ</span> 
     </span>
     <span class='ocr_line' id='line_1_30' title="bbox 119 2338 2027 2400; baseline 0 -16"><span class='ocrx_word' id='word_1_412' title='bbox 119 2346 220 2384; x_wconf 85' lang='lat' dir='ltr'><strong>Ven.</strong></span> <span class='ocrx_word' id='word_1_413' title='bbox 250 2367 306 2374; x_wconf 92' lang='lat'>—-</span> <span class='ocrx_word' id='word_1_414' title='bbox 361 2343 389 2384; x_wconf 90' lang='lat' dir='ltr'><strong>l.</strong></span> <span class='ocrx_word' id='word_1_415' title='bbox 406 2342 473 2384; x_wconf 86' lang='grc'>26.</span> <span class='ocrx_word' id='word_1_416' title='bbox 515 2341 702 2395; x_wconf 76' lang='grc' dir='ltr'>πατρίσιν</span> <span class='ocrx_word' id='word_1_417' title='bbox 727 2338 870 2400; x_wconf 64' lang='grc' dir='ltr'>,αὐτῷ</span> <span class='ocrx_word' id='word_1_418' title='bbox 912 2340 990 2397; x_wconf 88' lang='grc' dir='ltr'>γάρ</span> <span class='ocrx_word' id='word_1_419' title='bbox 1033 2344 1135 2383; x_wconf 85' lang='lat' dir='ltr'><strong>ven.</strong></span> <span class='ocrx_word' id='word_1_420' title='bbox 1166 2364 1221 2372; x_wconf 92' lang='grc'><strong>-</strong></span> <span class='ocrx_word' id='word_1_421' title='bbox 1275 2342 1290 2382; x_wconf 95' lang='lat' dir='ltr'>l</span> <span class='ocrx_word' id='word_1_422' title='bbox 1328 2343 1378 2383; x_wconf 61' lang='lat'>15</span> <span class='ocrx_word' id='word_1_423' title='bbox 1406 2351 1447 2383; x_wconf 90' lang='lat' dir='ltr'>et</span> <span class='ocrx_word' id='word_1_424' title='bbox 1476 2357 1589 2398; x_wconf 85' lang='lat' dir='ltr'><strong>seqq.</strong></span> <span class='ocrx_word' id='word_1_425' title='bbox 1631 2343 1703 2386; x_wconf 73' lang='grc' dir='ltr'>καὶ</span> <span class='ocrx_word' id='word_1_426' title='bbox 1733 2340 1923 2390; x_wconf 85' lang='grc' dir='ltr'>ἐλθόντος</span> <span class='ocrx_word' id='word_1_427' title='bbox 1966 2341 2027 2389; x_wconf 89' lang='grc' dir='ltr'>εἰς</span> 
     </span>
     <span class='ocr_line' id='line_1_31' title="bbox 119 2409 2026 2468; baseline -0.001 -12"><span class='ocrx_word' id='word_1_428' title='bbox 119 2410 319 2466; x_wconf 81' lang='grc' dir='ltr'>Ναζαρὲθ</span> <span class='ocrx_word' id='word_1_429' title='bbox 345 2412 416 2455; x_wconf 78' lang='grc' dir='ltr'>καὶ</span> <span class='ocrx_word' id='word_1_430' title='bbox 444 2411 652 2466; x_wconf 78' lang='grc' dir='ltr'>μείναντος</span> <span class='ocrx_word' id='word_1_431' title='bbox 680 2409 781 2460; x_wconf 73' lang='grc' dir='ltr'>ὦςεὶ</span> <span class='ocrx_word' id='word_1_432' title='bbox 803 2410 1043 2468; x_wconf 81' lang='grc' dir='ltr'>ἑβδομάδας</span> <span class='ocrx_word' id='word_1_433' title='bbox 1066 2409 1141 2455; x_wconf 79' lang='grc' dir='ltr'>δύο</span> <span class='ocrx_word' id='word_1_434' title='bbox 1169 2412 1242 2454; x_wconf 76' lang='grc' dir='ltr'>καὶ</span> <span class='ocrx_word' id='word_1_435' title='bbox 1268 2410 1432 2467; x_wconf 82' lang='grc' dir='ltr'>ήμέρας</span> <span class='ocrx_word' id='word_1_436' title='bbox 1456 2418 1592 2467; x_wconf 79' lang='grc' dir='ltr'>τρεῖς,</span> <span class='ocrx_word' id='word_1_437' title='bbox 1623 2411 1836 2456; x_wconf 80' lang='grc' dir='ltr'>κατελθών</span> <span class='ocrx_word' id='word_1_438' title='bbox 1865 2411 1931 2454; x_wconf 80' lang='grc' dir='ltr'>ἐπὶ</span> <span class='ocrx_word' id='word_1_439' title='bbox 1955 2409 2026 2454; x_wconf 81' lang='grc' dir='ltr'>τὸν</span> 
     </span>
     <span class='ocr_line' id='line_1_32' title="bbox 118 2478 2028 2537; baseline -0.001 -13"><span class='ocrx_word' id='word_1_440' title='bbox 118 2479 332 2536; x_wconf 87' lang='grc' dir='ltr'>Ἰορδάνην</span> <span class='ocrx_word' id='word_1_441' title='bbox 356 2479 460 2536; x_wconf 77' lang='grc' dir='ltr'>πρὸς</span> <span class='ocrx_word' id='word_1_442' title='bbox 485 2479 555 2524; x_wconf 83' lang='grc' dir='ltr'>τὸν</span> <span class='ocrx_word' id='word_1_443' title='bbox 585 2478 807 2535; x_wconf 88' lang='grc' dir='ltr'>Ἰωάννην,</span> <span class='ocrx_word' id='word_1_444' title='bbox 851 2482 1089 2526; x_wconf 84' lang='grc' dir='ltr'>διατελέσαι</span> <span class='ocrx_word' id='word_1_445' title='bbox 1122 2497 1169 2525; x_wconf 88' lang='grc' dir='ltr'>τε</span> <span class='ocrx_word' id='word_1_446' title='bbox 1197 2482 1365 2536; x_wconf 78' lang='grc' dir='ltr'>πρώτην</span> <span class='ocrx_word' id='word_1_447' title='bbox 1395 2483 1467 2526; x_wconf 71' lang='grc' dir='ltr'>καὶ</span> <span class='ocrx_word' id='word_1_448' title='bbox 1497 2483 1692 2537; x_wconf 86' lang='grc' dir='ltr'>δευτέραν</span> <span class='ocrx_word' id='word_1_449' title='bbox 1727 2480 1912 2537; x_wconf 83' lang='grc' dir='ltr'>ήμέραν,</span> <span class='ocrx_word' id='word_1_450' title='bbox 1956 2480 2028 2524; x_wconf 74' lang='grc' dir='ltr'>καὶ</span> 
     </span>
     <span class='ocr_line' id='line_1_33' title="bbox 120 2549 2028 2608; baseline -0.001 -13"><span class='ocrx_word' id='word_1_451' title='bbox 120 2549 369 2606; x_wconf 73' lang='grc' dir='ltr'>ἀνακάμψαι</span> <span class='ocrx_word' id='word_1_452' title='bbox 394 2551 453 2599; x_wconf 81' lang='grc' dir='ltr'>είς</span> <span class='ocrx_word' id='word_1_453' title='bbox 475 2549 676 2605; x_wconf 79' lang='grc' dir='ltr'>Ναζαρὲθ</span> <span class='ocrx_word' id='word_1_454' title='bbox 705 2551 779 2593; x_wconf 77' lang='grc' dir='ltr'>καὶ</span> <span class='ocrx_word' id='word_1_455' title='bbox 805 2557 940 2605; x_wconf 82' lang='grc' dir='ltr'>μεῖναι</span> <span class='ocrx_word' id='word_1_456' title='bbox 968 2549 1167 2601; x_wconf 70' lang='grc' dir='ltr'>ὠςαύτως</span> <span class='ocrx_word' id='word_1_457' title='bbox 1205 2549 1374 2607; x_wconf 77' lang='grc' dir='ltr'>πρώτην</span> <span class='ocrx_word' id='word_1_458' title='bbox 1401 2552 1474 2595; x_wconf 77' lang='grc' dir='ltr'>καὶ</span> <span class='ocrx_word' id='word_1_459' title='bbox 1500 2553 1695 2608; x_wconf 89' lang='grc' dir='ltr'>δευτέραν</span> <span class='ocrx_word' id='word_1_460' title='bbox 1721 2551 1908 2607; x_wconf 80' lang='grc' dir='ltr'>ήμέραν,</span> <span class='ocrx_word' id='word_1_461' title='bbox 1955 2551 2028 2594; x_wconf 77' lang='grc' dir='ltr'>καὶ</span> 
     </span>
     <span class='ocr_line' id='line_1_34' title="bbox 119 2619 2025 2678; baseline 0.002 -13"><span class='ocrx_word' id='word_1_462' title='bbox 119 2621 299 2673; x_wconf 81' lang='grc' dir='ltr'>ἐξελθεῖν</span> <span class='ocrx_word' id='word_1_463' title='bbox 325 2622 380 2678; x_wconf 74' lang='grc' dir='ltr'>τῇ</span> <span class='ocrx_word' id='word_1_464' title='bbox 406 2620 524 2676; x_wconf 84' lang='grc' dir='ltr'>τρίτῃ</span> <span class='ocrx_word' id='word_1_465' title='bbox 549 2619 590 2663; x_wconf 92' lang='grc' dir='ltr'>ἐν</span> <span class='ocrx_word' id='word_1_466' title='bbox 616 2621 734 2664; x_wconf 81' lang='grc' dir='ltr'>Κανᾶ</span> <span class='ocrx_word' id='word_1_467' title='bbox 762 2622 842 2676; x_wconf 78' lang='grc' dir='ltr'>τῆς</span> <span class='ocrx_word' id='word_1_468' title='bbox 869 2622 1121 2673; x_wconf 87' lang='grc' dir='ltr'>Γαλιλαίας,</span> <span class='ocrx_word' id='word_1_469' title='bbox 1154 2621 1213 2671; x_wconf 73' lang='grc' dir='ltr'>ὥς</span> <span class='ocrx_word' id='word_1_470' title='bbox 1242 2624 1506 2677; x_wconf 85' lang='grc' dir='ltr'>πληροῦσθαι</span> <span class='ocrx_word' id='word_1_471' title='bbox 1535 2622 1612 2672; x_wconf 86' lang='grc' dir='ltr'>τάς</span> <span class='ocrx_word' id='word_1_472' title='bbox 1638 2622 1778 2671; x_wconf 87' lang='grc' dir='ltr'>πάσας</span> <span class='ocrx_word' id='word_1_473' title='bbox 1803 2619 1968 2676; x_wconf 85' lang='grc' dir='ltr'>ήμέρας</span> <span class='ocrx_word' id='word_1_474' title='bbox 1993 2619 2025 2671; x_wconf 81' lang='grc' dir='ltr'>ξ’</span> 
     </span>
     <span class='ocr_line' id='line_1_35' title="bbox 118 2688 2028 2748; baseline -0.001 -13"><span class='ocrx_word' id='word_1_475' title='bbox 118 2689 200 2736; x_wconf 81' lang='grc' dir='ltr'>ἀπὸ</span> <span class='ocrx_word' id='word_1_476' title='bbox 227 2692 298 2734; x_wconf 89' lang='grc' dir='ltr'>τοῦ</span> <span class='ocrx_word' id='word_1_477' title='bbox 332 2690 636 2748; x_wconf 85' lang='grc' dir='ltr'>βαπτίσματος,</span> <span class='ocrx_word' id='word_1_478' title='bbox 680 2688 989 2745; x_wconf 87' lang='grc' dir='ltr'>τεσσαράκοντα</span> <span class='ocrx_word' id='word_1_479' title='bbox 1019 2692 1092 2747; x_wconf 85' lang='grc' dir='ltr'>μὲν</span> <span class='ocrx_word' id='word_1_480' title='bbox 1129 2693 1201 2736; x_wconf 91' lang='grc' dir='ltr'>τοῦ</span> <span class='ocrx_word' id='word_1_481' title='bbox 1231 2694 1491 2747; x_wconf 90' lang='grc' dir='ltr'>πειρασμοῦ,</span> <span class='ocrx_word' id='word_1_482' title='bbox 1534 2693 1606 2736; x_wconf 74' lang='grc' dir='ltr'>καὶ</span> <span class='ocrx_word' id='word_1_483' title='bbox 1633 2691 1708 2742; x_wconf 79' lang='grc' dir='ltr'>τὰς</span> <span class='ocrx_word' id='word_1_484' title='bbox 1736 2693 1796 2741; x_wconf 86' lang='grc' dir='ltr'>εἰς</span> <span class='ocrx_word' id='word_1_485' title='bbox 1827 2690 2028 2745; x_wconf 81' lang='grc' dir='ltr'>Ναζαρὲθ</span> 
     </span>
     <span class='ocr_line' id='line_1_36' title="bbox 120 2755 2026 2819; baseline -0.001 -14"><span class='ocrx_word' id='word_1_486' title='bbox 120 2761 195 2806; x_wconf 84' lang='grc' dir='ltr'>δύο</span> <span class='ocrx_word' id='word_1_487' title='bbox 223 2755 488 2818; x_wconf 77' lang='grc' dir='ltr'>ἑβδομάδας,</span> <span class='ocrx_word' id='word_1_488' title='bbox 518 2760 590 2803; x_wconf 80' lang='grc' dir='ltr'>καὶ</span> <span class='ocrx_word' id='word_1_489' title='bbox 617 2759 693 2809; x_wconf 81' lang='grc' dir='ltr'>τὰς</span> <span class='ocrx_word' id='word_1_490' title='bbox 718 2756 846 2809; x_wconf 82' lang='grc' dir='ltr'>ἄλλοις</span> <span class='ocrx_word' id='word_1_491' title='bbox 871 2759 972 2814; x_wconf 79' lang='grc' dir='ltr'>δύο,</span> <span class='ocrx_word' id='word_1_492' title='bbox 1008 2761 1080 2805; x_wconf 80' lang='grc' dir='ltr'>καὶ</span> <span class='ocrx_word' id='word_1_493' title='bbox 1107 2762 1161 2819; x_wconf 75' lang='grc' dir='ltr'>τῇ</span> <span class='ocrx_word' id='word_1_494' title='bbox 1197 2762 1316 2818; x_wconf 81' lang='grc' dir='ltr'>τρίτῃ</span> <span class='ocrx_word' id='word_1_495' title='bbox 1341 2762 1387 2806; x_wconf 85' lang='grc' dir='ltr'>τὸ</span> <span class='ocrx_word' id='word_1_496' title='bbox 1420 2769 1592 2818; x_wconf 84' lang='grc' dir='ltr'>σημεῖον</span> <span class='ocrx_word' id='word_1_497' title='bbox 1620 2765 1692 2806; x_wconf 88' lang='grc' dir='ltr'>τοῦ</span> <span class='ocrx_word' id='word_1_498' title='bbox 1718 2758 1869 2810; x_wconf 75' lang='grc' dir='ltr'>ὕδατος</span> <span class='ocrx_word' id='word_1_499' title='bbox 1899 2761 1940 2804; x_wconf 85' lang='grc' dir='ltr'>ἐν</span> <span class='ocrx_word' id='word_1_500' title='bbox 1963 2762 2026 2817; x_wconf 77' lang='grc' dir='ltr'>τῷ</span> 
     </span>
     <span class='ocr_line' id='line_1_37' title="bbox 120 2827 2025 2888; baseline -0.001 -13"><span class='ocrx_word' id='word_1_501' title='bbox 120 2830 246 2888; x_wconf 89' lang='grc' dir='ltr'>γάμῳ</span> <span class='ocrx_word' id='word_1_502' title='bbox 272 2831 551 2885; x_wconf 82' lang='grc' dir='ltr'>γεγενῆσθαι·</span> <span class='ocrx_word' id='word_1_503' title='bbox 584 2830 804 2884; x_wconf 87' lang='grc' dir='ltr'>μετέπειτα</span> <span class='ocrx_word' id='word_1_504' title='bbox 829 2827 977 2885; x_wconf 82' lang='grc' dir='ltr'>ήκέναι</span> <span class='ocrx_word' id='word_1_505' title='bbox 1005 2828 1128 2875; x_wconf 69' lang='grc' dir='ltr'>αὐτὸν</span> <span class='ocrx_word' id='word_1_506' title='bbox 1163 2832 1204 2875; x_wconf 86' lang='grc' dir='ltr'>ἐν</span> <span class='ocrx_word' id='word_1_507' title='bbox 1233 2831 1525 2888; x_wconf 74' lang='grc' dir='ltr'>Καφαρναοὺμ</span> <span class='ocrx_word' id='word_1_508' title='bbox 1549 2832 1621 2876; x_wconf 75' lang='grc' dir='ltr'>καὶ</span> <span class='ocrx_word' id='word_1_509' title='bbox 1652 2830 1914 2887; x_wconf 83' lang='grc' dir='ltr'>ἐργάσασθαι</span> <span class='ocrx_word' id='word_1_510' title='bbox 1940 2830 2025 2874; x_wconf 78' lang='grc' dir='ltr'>ἔτε-</span> 
     </span>
     <span class='ocr_line' id='line_1_38' title="bbox 121 2897 2026 2957; baseline 0 -13"><span class='ocrx_word' id='word_1_511' title='bbox 121 2917 198 2955; x_wconf 85' lang='grc' dir='ltr'>ρα,</span> <span class='ocrx_word' id='word_1_512' title='bbox 242 2899 302 2949; x_wconf 71' lang='grc' dir='ltr'>ὥς</span> <span class='ocrx_word' id='word_1_513' title='bbox 331 2900 495 2955; x_wconf 81' lang='grc' dir='ltr'>ἔφαμεν.</span> <span class='ocrx_word' id='word_1_514' title='bbox 525 2897 745 2950; x_wconf 84' lang='grc' dir='ltr'>πολλάκις,</span> <span class='ocrx_word' id='word_1_515' title='bbox 787 2901 859 2943; x_wconf 81' lang='grc' dir='ltr'>καὶ</span> <span class='ocrx_word' id='word_1_516' title='bbox 892 2898 1012 2943; x_wconf 89' lang='grc' dir='ltr'>πάλιν</span> <span class='ocrx_word' id='word_1_517' title='bbox 1050 2901 1109 2950; x_wconf 83' lang='grc' dir='ltr'>εἰς</span> <span class='ocrx_word' id='word_1_518' title='bbox 1135 2901 1337 2957; x_wconf 82' lang='grc' dir='ltr'>Ναζαρὲθ</span> <span class='ocrx_word' id='word_1_519' title='bbox 1362 2899 1588 2946; x_wconf 85' lang='grc' dir='ltr'>ἀνελθόντα</span> <span class='ocrx_word' id='word_1_520' title='bbox 1624 2898 1853 2957; x_wconf 78' lang='grc' dir='ltr'>ἀναγνῶναι</span> <span class='ocrx_word' id='word_1_521' title='bbox 1883 2900 1930 2945; x_wconf 82' lang='grc' dir='ltr'>τὸ</span> <span class='ocrx_word' id='word_1_522' title='bbox 1960 2905 2026 2957; x_wconf 88' lang='grc' dir='ltr'>βι-</span> 
     </span>
     <span class='ocr_line' id='line_1_39' title="bbox 122 2964 2027 3028; baseline -0.001 -13"><span class='ocrx_word' id='word_1_523' title='bbox 122 2972 230 3028; x_wconf 85' lang='grc' dir='ltr'>βλίον</span> <span class='ocrx_word' id='word_1_524' title='bbox 256 2971 329 3014; x_wconf 90' lang='grc' dir='ltr'>τοῦ</span> <span class='ocrx_word' id='word_1_525' title='bbox 354 2968 533 3013; x_wconf 78' lang='grc' dir='ltr'>Ἠσαίου</span> <span class='ocrx_word' id='word_1_526' title='bbox 561 2972 632 3013; x_wconf 86' lang='grc' dir='ltr'>τοῦ</span> <span class='ocrx_word' id='word_1_527' title='bbox 661 2968 900 3025; x_wconf 85' lang='grc' dir='ltr'>προφήτου,</span> <span class='ocrx_word' id='word_1_528' title='bbox 946 2970 1010 3014; x_wconf 82' lang='grc' dir='ltr'>διὸ</span> <span class='ocrx_word' id='word_1_529' title='bbox 1050 2971 1241 3026; x_wconf 90' lang='grc' dir='ltr'>λέγουσι,</span> <span class='ocrx_word' id='word_1_530' title='bbox 1291 2972 1477 3026; x_wconf 89' lang='grc' dir='ltr'>Ποίησον</span> <span class='ocrx_word' id='word_1_531' title='bbox 1506 2972 1578 3015; x_wconf 77' lang='grc' dir='ltr'>καὶ</span> <span class='ocrx_word' id='word_1_532' title='bbox 1606 2964 1691 3016; x_wconf 79' lang='grc' dir='ltr'>ὦδε</span> <span class='ocrx_word' id='word_1_533' title='bbox 1722 2977 1900 3025; x_wconf 83' lang='grc' dir='ltr'>σημεῖα,</span> <span class='ocrx_word' id='word_1_534' title='bbox 1944 2967 2027 3014; x_wconf 79' lang='grc' dir='ltr'>ὅσα</span> 
     </span>
     <span class='ocr_line' id='line_1_40' title="bbox 118 3037 2025 3096; baseline -0.001 -11"><span class='ocrx_word' id='word_1_535' title='bbox 118 3038 361 3096; x_wconf 78' lang='grc' dir='ltr'>ήκούσαμεν</span> <span class='ocrx_word' id='word_1_536' title='bbox 402 3039 443 3083; x_wconf 90' lang='grc' dir='ltr'>ἐν</span> <span class='ocrx_word' id='word_1_537' title='bbox 467 3037 758 3095; x_wconf 79' lang='grc' dir='ltr'>Καφαρναούμ</span> <span class='ocrx_word' id='word_1_538' title='bbox 787 3055 835 3082; x_wconf 89' lang='grc' dir='ltr'>σε</span> <span class='ocrx_word' id='word_1_539' title='bbox 859 3040 1149 3094; x_wconf 83' lang='grc' dir='ltr'>πεποιηκέναι,</span> <span class='ocrx_word' id='word_1_540' title='bbox 1184 3065 1230 3072; x_wconf 86' lang='lat'>-—</span> <span class='ocrx_word' id='word_1_541' title='bbox 1269 3037 1438 3096; x_wconf 68' lang='grc' dir='ltr'>ὕστερον</span> <span class='ocrx_word' id='word_1_542' title='bbox 1466 3041 1513 3086; x_wconf 83' lang='grc' dir='ltr'>δὲ</span> <span class='ocrx_word' id='word_1_543' title='bbox 1541 3041 1660 3086; x_wconf 86' lang='grc' dir='ltr'>πάλιν</span> <span class='ocrx_word' id='word_1_544' title='bbox 1698 3038 1871 3085; x_wconf 81' lang='grc' dir='ltr'>ἐλθόντα</span> <span class='ocrx_word' id='word_1_545' title='bbox 1901 3037 2025 3084; x_wconf 72' lang='grc' dir='ltr'>αὐτὸν</span> 
     </span>
     <span class='ocr_line' id='line_1_41' title="bbox 121 3107 2026 3167; baseline -0.001 -13"><span class='ocrx_word' id='word_1_546' title='bbox 121 3111 182 3160; x_wconf 83' lang='grc' dir='ltr'>εἰς</span> <span class='ocrx_word' id='word_1_547' title='bbox 208 3107 497 3167; x_wconf 75' lang='grc' dir='ltr'>Καφαρναοὺμ</span> <span class='ocrx_word' id='word_1_548' title='bbox 533 3109 695 3152; x_wconf 82' lang='grc' dir='ltr'>ἐκεῖθεν</span> <span class='ocrx_word' id='word_1_549' title='bbox 733 3110 928 3166; x_wconf 76' lang='grc' dir='ltr'>διαβῆναι</span> <span class='ocrx_word' id='word_1_550' title='bbox 956 3109 1023 3153; x_wconf 71' lang='grc' dir='ltr'>ἐπὶ</span> <span class='ocrx_word' id='word_1_551' title='bbox 1049 3108 1125 3165; x_wconf 76' lang='grc' dir='ltr'>τήν</span> <span class='ocrx_word' id='word_1_552' title='bbox 1151 3110 1320 3165; x_wconf 88' lang='grc' dir='ltr'>λίμνην,</span> <span class='ocrx_word' id='word_1_553' title='bbox 1365 3113 1492 3155; x_wconf 81' lang='grc' dir='ltr'>εἴτουν</span> <span class='ocrx_word' id='word_1_554' title='bbox 1529 3109 1742 3155; x_wconf 84' lang='grc' dir='ltr'>θάλασσαν</span> <span class='ocrx_word' id='word_1_555' title='bbox 1770 3111 1809 3153; x_wconf 92' lang='grc' dir='ltr'><strong>Γ</strong></span> <span class='ocrx_word' id='word_1_556' title='bbox 1813 3110 2026 3165; x_wconf 82' lang='grc' dir='ltr'>ενησαρὲτ,</span> 
     </span>
     <span class='ocr_line' id='line_1_42' title="bbox 121 3176 2026 3235; baseline -0.002 -9"><span class='ocrx_word' id='word_1_557' title='bbox 121 3182 256 3226; x_wconf 90' lang='grc' dir='ltr'>τέλεον</span> <span class='ocrx_word' id='word_1_558' title='bbox 279 3179 378 3230; x_wconf 77' lang='grc' dir='ltr'>τούς</span> <span class='ocrx_word' id='word_1_559' title='bbox 403 3181 499 3235; x_wconf 79' lang='grc' dir='ltr'>περὶ</span> <span class='ocrx_word' id='word_1_560' title='bbox 524 3181 683 3233; x_wconf 84' lang='grc' dir='ltr'>Πέτρον</span> <span class='ocrx_word' id='word_1_561' title='bbox 710 3179 979 3235; x_wconf 80' lang='grc' dir='ltr'>ἐκλελέχθαι,</span> <span class='ocrx_word' id='word_1_562' title='bbox 1021 3179 1093 3223; x_wconf 79' lang='grc' dir='ltr'>καὶ</span> <span class='ocrx_word' id='word_1_563' title='bbox 1120 3176 1254 3229; x_wconf 69' lang='grc' dir='ltr'>οὕτως</span> <span class='ocrx_word' id='word_1_564' title='bbox 1278 3180 1440 3224; x_wconf 88' lang='grc' dir='ltr'>ἐκεῖθεν</span> <span class='ocrx_word' id='word_1_565' title='bbox 1472 3183 1653 3233; x_wconf 83' lang='grc' dir='ltr'>συνᾶψαι</span> <span class='ocrx_word' id='word_1_566' title='bbox 1687 3180 1761 3235; x_wconf 76' lang='grc' dir='ltr'>τήν</span> <span class='ocrx_word' id='word_1_567' title='bbox 1791 3181 1927 3223; x_wconf 86' lang='grc' dir='ltr'>πᾶσαν</span> <span class='ocrx_word' id='word_1_568' title='bbox 1952 3181 2026 3223; x_wconf 88' lang='grc' dir='ltr'>τοῦ</span> 
     </span>
     <span class='ocr_line' id='line_1_43' title="bbox 122 3247 2024 3307; baseline -0.002 -12"><span class='ocrx_word' id='word_1_569' title='bbox 122 3249 390 3307; x_wconf 78' lang='grc' dir='ltr'>κηρύγματος</span> <span class='ocrx_word' id='word_1_570' title='bbox 431 3251 656 3294; x_wconf 85' lang='grc' dir='ltr'>τελείωσιν.</span> <span class='ocrx_word' id='word_1_571' title='bbox 714 3247 836 3292; x_wconf 79' lang='grc' dir='ltr'>Κατὰ</span> <span class='ocrx_word' id='word_1_572' title='bbox 875 3248 954 3304; x_wconf 82' lang='grc' dir='ltr'>γὰρ</span> <span class='ocrx_word' id='word_1_573' title='bbox 989 3248 1065 3305; x_wconf 81' lang='grc' dir='ltr'>τήν</span> <span class='ocrx_word' id='word_1_574' title='bbox 1105 3247 1377 3304; x_wconf 88' lang='grc' dir='ltr'>ἀκολουθίαν,</span> <span class='ocrx_word' id='word_1_575' title='bbox 1420 3249 1479 3299; x_wconf 72' lang='grc' dir='ltr'>ὥς</span> <span class='ocrx_word' id='word_1_576' title='bbox 1520 3251 1704 3305; x_wconf 73' lang='grc' dir='ltr'>ἔφαμεν,</span> <span class='ocrx_word' id='word_1_577' title='bbox 1751 3248 1857 3304; x_wconf 75' lang='grc' dir='ltr'>μετὰ</span> <span class='ocrx_word' id='word_1_578' title='bbox 1881 3248 1958 3298; x_wconf 84' lang='grc' dir='ltr'>τὰς</span> <span class='ocrx_word' id='word_1_579' title='bbox 1983 3247 2024 3304; x_wconf 89' lang='grc' dir='ltr'>μ’</span> 
     </span>
     <span class='ocr_line' id='line_1_44' title="bbox 122 3315 2025 3377; baseline -0.001 -13"><span class='ocrx_word' id='word_1_580' title='bbox 122 3321 195 3364; x_wconf 75' lang='grc' dir='ltr'>καὶ</span> <span class='ocrx_word' id='word_1_581' title='bbox 221 3320 298 3370; x_wconf 83' lang='grc' dir='ltr'>τὰς</span> <span class='ocrx_word' id='word_1_582' title='bbox 323 3316 451 3370; x_wconf 75' lang='grc' dir='ltr'>ἄλλας</span> <span class='ocrx_word' id='word_1_583' title='bbox 480 3319 557 3365; x_wconf 80' lang='grc' dir='ltr'>δύο</span> <span class='ocrx_word' id='word_1_584' title='bbox 585 3318 822 3377; x_wconf 79' lang='grc' dir='ltr'>ἑβδομάδας</span> <span class='ocrx_word' id='word_1_585' title='bbox 849 3319 922 3362; x_wconf 75' lang='grc' dir='ltr'>καὶ</span> <span class='ocrx_word' id='word_1_586' title='bbox 952 3318 1027 3363; x_wconf 79' lang='grc' dir='ltr'>δύο</span> <span class='ocrx_word' id='word_1_587' title='bbox 1055 3316 1218 3373; x_wconf 83' lang='grc' dir='ltr'>ήμέρας</span> <span class='ocrx_word' id='word_1_588' title='bbox 1246 3318 1323 3369; x_wconf 82' lang='grc' dir='ltr'>τὰς</span> <span class='ocrx_word' id='word_1_589' title='bbox 1354 3319 1458 3374; x_wconf 82' lang='grc' dir='ltr'>πρὸς</span> <span class='ocrx_word' id='word_1_590' title='bbox 1486 3317 1686 3374; x_wconf 88' lang='grc' dir='ltr'>Ἰωάννην</span> <span class='ocrx_word' id='word_1_591' title='bbox 1720 3320 1880 3375; x_wconf 86' lang='grc' dir='ltr'>ἐγένετο</span> <span class='ocrx_word' id='word_1_592' title='bbox 1906 3315 2025 3374; x_wconf 80' lang='grc' dir='ltr'>πρω-</span> 
     </span>
     <span class='ocr_line' id='line_1_45' title="bbox 120 3386 2026 3447; baseline -0.001 -13"><span class='ocrx_word' id='word_1_593' title='bbox 120 3407 195 3445; x_wconf 89' lang='grc' dir='ltr'>την</span> <span class='ocrx_word' id='word_1_594' title='bbox 222 3389 383 3447; x_wconf 81' lang='grc' dir='ltr'>ήμέραν</span> <span class='ocrx_word' id='word_1_595' title='bbox 411 3391 482 3434; x_wconf 84' lang='grc' dir='ltr'>καὶ</span> <span class='ocrx_word' id='word_1_596' title='bbox 506 3390 581 3446; x_wconf 79' lang='grc' dir='ltr'>τήν</span> <span class='ocrx_word' id='word_1_597' title='bbox 610 3386 759 3444; x_wconf 73' lang='grc' dir='ltr'>αὔριον.</span> <span class='ocrx_word' id='word_1_598' title='bbox 819 3386 953 3432; x_wconf 70' lang='grc' dir='ltr'>Αὐτοῦ</span> <span class='ocrx_word' id='word_1_599' title='bbox 986 3388 1032 3433; x_wconf 80' lang='grc' dir='ltr'>δὲ</span> <span class='ocrx_word' id='word_1_600' title='bbox 1061 3386 1382 3443; x_wconf 75' lang='grc' dir='ltr'>ἀνακάμψαντος</span> <span class='ocrx_word' id='word_1_601' title='bbox 1407 3390 1466 3438; x_wconf 86' lang='grc' dir='ltr'>εἰς</span> <span class='ocrx_word' id='word_1_602' title='bbox 1490 3389 1692 3444; x_wconf 79' lang='grc' dir='ltr'>Ναζαρὲθ</span> <span class='ocrx_word' id='word_1_603' title='bbox 1719 3390 1790 3433; x_wconf 85' lang='grc' dir='ltr'>καὶ</span> <span class='ocrx_word' id='word_1_604' title='bbox 1817 3390 2026 3445; x_wconf 87' lang='grc' dir='ltr'>μείναντος</span> 
     </span>
     <span class='ocr_line' id='line_1_46' title="bbox 120 3455 2025 3516; baseline -0.001 -11"><span class='ocrx_word' id='word_1_605' title='bbox 120 3458 200 3505; x_wconf 79' lang='grc' dir='ltr'>ἀπὸ</span> <span class='ocrx_word' id='word_1_606' title='bbox 236 3459 350 3515; x_wconf 75' lang='grc' dir='ltr'>ὥρας</span> <span class='ocrx_word' id='word_1_607' title='bbox 375 3460 559 3515; x_wconf 89' lang='grc' dir='ltr'>δεκάτης</span> <span class='ocrx_word' id='word_1_608' title='bbox 586 3456 683 3516; x_wconf 78' lang='grc' dir='ltr'>ἄχρι</span> <span class='ocrx_word' id='word_1_609' title='bbox 709 3460 907 3513; x_wconf 79' lang='grc' dir='ltr'>ἑσπέρας,</span> <span class='ocrx_word' id='word_1_610' title='bbox 939 3461 992 3515; x_wconf 78' lang='grc' dir='ltr'>τῇ</span> <span class='ocrx_word' id='word_1_611' title='bbox 1019 3458 1066 3503; x_wconf 82' lang='grc' dir='ltr'>δὲ</span> <span class='ocrx_word' id='word_1_612' title='bbox 1091 3455 1194 3515; x_wconf 80' lang='grc' dir='ltr'>ἄλλῃ</span> <span class='ocrx_word' id='word_1_613' title='bbox 1222 3457 1363 3515; x_wconf 86' lang='grc' dir='ltr'>ήμέρᾳ</span> <span class='ocrx_word' id='word_1_614' title='bbox 1390 3458 1626 3510; x_wconf 82' lang='grc' dir='ltr'>ἐξελθόντος</span> <span class='ocrx_word' id='word_1_615' title='bbox 1654 3460 1726 3503; x_wconf 76' lang='grc' dir='ltr'>καὶ</span> <span class='ocrx_word' id='word_1_616' title='bbox 1751 3459 2025 3515; x_wconf 78' lang='grc' dir='ltr'>συναντήσαν-</span> 
     </span>
     <span class='ocr_line' id='line_1_47' title="bbox 121 3526 2024 3586; baseline 0 -12"><span class='ocrx_word' id='word_1_617' title='bbox 121 3547 190 3580; x_wconf 90' lang='grc' dir='ltr'>τος</span> <span class='ocrx_word' id='word_1_618' title='bbox 215 3531 426 3586; x_wconf 84' lang='grc' dir='ltr'>Φιλίππῳ,</span> <span class='ocrx_word' id='word_1_619' title='bbox 456 3527 482 3574; x_wconf 77' lang='grc' dir='ltr'>δ’</span> <span class='ocrx_word' id='word_1_620' title='bbox 510 3530 590 3573; x_wconf 87' lang='grc' dir='ltr'>εἰσι</span> <span class='ocrx_word' id='word_1_621' title='bbox 612 3528 687 3574; x_wconf 81' lang='grc' dir='ltr'>δύο</span> <span class='ocrx_word' id='word_1_622' title='bbox 714 3528 893 3583; x_wconf 77' lang='grc' dir='ltr'>ήμέραι,</span> <span class='ocrx_word' id='word_1_623' title='bbox 926 3527 1062 3572; x_wconf 72' lang='grc' dir='ltr'>λοιπὸν</span> <span class='ocrx_word' id='word_1_624' title='bbox 1088 3528 1133 3572; x_wconf 80' lang='grc' dir='ltr'>τὸ</span> <span class='ocrx_word' id='word_1_625' title='bbox 1161 3527 1444 3584; x_wconf 85' lang='grc' dir='ltr'>ἀμετάστατον</span> <span class='ocrx_word' id='word_1_626' title='bbox 1467 3531 1545 3584; x_wconf 82' lang='grc' dir='ltr'>τῆς</span> <span class='ocrx_word' id='word_1_627' title='bbox 1570 3526 1786 3586; x_wconf 88' lang='grc' dir='ltr'>ἀκριβείας</span> <span class='ocrx_word' id='word_1_628' title='bbox 1805 3531 1875 3573; x_wconf 92' lang='grc' dir='ltr'>τοῦ</span> <span class='ocrx_word' id='word_1_629' title='bbox 1902 3528 2024 3584; x_wconf 69' lang='grc' dir='ltr'>εὐαγ-</span> 
     </span>
     <span class='ocr_line' id='line_1_48' title="bbox 121 3595 2024 3658; baseline 0.001 -15"><span class='ocrx_word' id='word_1_630' title='bbox 121 3601 258 3655; x_wconf 87' lang='grc' dir='ltr'>γελίου</span> <span class='ocrx_word' id='word_1_631' title='bbox 287 3604 515 3655; x_wconf 84' lang='grc' dir='ltr'>διηγεῖται,</span> <span class='ocrx_word' id='word_1_632' title='bbox 547 3599 617 3645; x_wconf 77' lang='grc' dir='ltr'>διὰ</span> <span class='ocrx_word' id='word_1_633' title='bbox 640 3598 716 3648; x_wconf 89' lang='grc' dir='ltr'>τάς</span> <span class='ocrx_word' id='word_1_634' title='bbox 743 3598 911 3653; x_wconf 79' lang='grc' dir='ltr'>πρώτας</span> <span class='ocrx_word' id='word_1_635' title='bbox 940 3597 1015 3643; x_wconf 81' lang='grc' dir='ltr'>δύο</span> <span class='ocrx_word' id='word_1_636' title='bbox 1043 3595 1095 3648; x_wconf 76' lang='grc' dir='ltr'>ἃς</span> <span class='ocrx_word' id='word_1_637' title='bbox 1122 3597 1253 3642; x_wconf 81' lang='grc' dir='ltr'>ἐλθών</span> <span class='ocrx_word' id='word_1_638' title='bbox 1281 3598 1463 3653; x_wconf 76' lang='grc' dir='ltr'>ἔμεινεν,</span> <span class='ocrx_word' id='word_1_639' title='bbox 1509 3599 1590 3651; x_wconf 74' lang='grc' dir='ltr'>ἔτι,</span> <span class='ocrx_word' id='word_1_640' title='bbox 1622 3601 1755 3657; x_wconf 84' lang='grc' dir='ltr'>Τρίτῃ</span> <span class='ocrx_word' id='word_1_641' title='bbox 1780 3598 1920 3658; x_wconf 84' lang='grc' dir='ltr'>ήμέρᾳ</span> <span class='ocrx_word' id='word_1_642' title='bbox 1943 3599 2024 3657; x_wconf 88' lang='grc' dir='ltr'>γά-</span> 
     </span>
     <span class='ocr_line' id='line_1_49' title="bbox 122 3669 1085 3725; baseline -0.002 -11"><span class='ocrx_word' id='word_1_643' title='bbox 122 3686 198 3725; x_wconf 91' lang='grc' dir='ltr'>μος</span> <span class='ocrx_word' id='word_1_644' title='bbox 230 3669 390 3723; x_wconf 82' lang='grc' dir='ltr'>ἐγένετο</span> <span class='ocrx_word' id='word_1_645' title='bbox 420 3669 460 3714; x_wconf 89' lang='grc' dir='ltr'>ἐν</span> <span class='ocrx_word' id='word_1_646' title='bbox 489 3671 610 3714; x_wconf 84' lang='grc' dir='ltr'>Κανᾶ</span> <span class='ocrx_word' id='word_1_647' title='bbox 638 3671 716 3722; x_wconf 83' lang='grc' dir='ltr'>τῆς</span> <span class='ocrx_word' id='word_1_648' title='bbox 744 3670 969 3718; x_wconf 88' lang='grc' dir='ltr'>Γαλιλαίας</span> <span class='ocrx_word' id='word_1_649' title='bbox 998 3675 1085 3712; x_wconf 89' lang='grc' dir='ltr'>κτλ.</span> 
     </span>
    </p>

    <p class='ocr_par' dir='ltr' id='par_1_6' title="bbox 120 3737 2024 3867">
     <span class='ocr_line' id='line_1_50' title="bbox 235 3737 2023 3798; baseline 0.002 -15"><span class='ocrx_word' id='word_1_650' title='bbox 235 3742 365 3797; x_wconf 75' lang='lat' dir='ltr'><strong>Pag.</strong></span> <span class='ocrx_word' id='word_1_651' title='bbox 394 3743 518 3785; x_wconf 72' lang='lat'><strong>102.</strong></span> <span class='ocrx_word' id='word_1_652' title='bbox 574 3741 603 3781; x_wconf 94' lang='lat' dir='ltr'><strong>l.</strong></span> <span class='ocrx_word' id='word_1_653' title='bbox 627 3744 661 3783; x_wconf 87' lang='lat'><strong>1.</strong></span> <span class='ocrx_word' id='word_1_654' title='bbox 706 3740 795 3794; x_wconf 81' lang='grc' dir='ltr'><strong>ἓρμ.</strong></span> <span class='ocrx_word' id='word_1_655' title='bbox 837 3738 867 3795; x_wconf 83' lang='grc' dir='ltr'>ή</span> <span class='ocrx_word' id='word_1_656' title='bbox 899 3740 1140 3794; x_wconf 86' lang='grc' dir='ltr'>κτισαμένη.</span> <span class='ocrx_word' id='word_1_657' title='bbox 1198 3741 1277 3789; x_wconf 90' lang='grc' dir='ltr'>Τίς</span> <span class='ocrx_word' id='word_1_658' title='bbox 1305 3741 1355 3785; x_wconf 91' lang='grc' dir='ltr'>δέ</span> <span class='ocrx_word' id='word_1_659' title='bbox 1394 3740 1503 3784; x_wconf 86' lang='grc' dir='ltr'>ἐστιν</span> <span class='ocrx_word' id='word_1_660' title='bbox 1530 3739 1561 3795; x_wconf 85' lang='grc' dir='ltr'>ή</span> <span class='ocrx_word' id='word_1_661' title='bbox 1590 3742 1840 3797; x_wconf 87' lang='grc' dir='ltr'>κτισαμένη,</span> <span class='ocrx_word' id='word_1_662' title='bbox 1882 3740 1970 3786; x_wconf 89' lang='grc' dir='ltr'>ἀλλ’</span> <span class='ocrx_word' id='word_1_663' title='bbox 1992 3737 2023 3798; x_wconf 68' lang='grc' dir='ltr'>ἦ</span> 
     </span>
     <span class='ocr_line' id='line_1_51' title="bbox 120 3803 2024 3867; baseline 0.002 -13"><span class='ocrx_word' id='word_1_664' title='bbox 120 3809 150 3866; x_wconf 84' lang='grc' dir='ltr'>ή</span> <span class='ocrx_word' id='word_1_665' title='bbox 181 3813 299 3866; x_wconf 90' lang='grc' dir='ltr'>κληρ.</span> <span class='ocrx_word' id='word_1_666' title='bbox 326 3812 428 3850; x_wconf 87' lang='lat' dir='ltr'><strong>Ven.</strong></span> <span class='ocrx_word' id='word_1_667' title='bbox 465 3831 512 3843; x_wconf 66' lang='grc' dir='ltr'>ο-</span> <span class='ocrx_word' id='word_1_668' title='bbox 571 3811 598 3851; x_wconf 92' lang='lat' dir='ltr'><strong>l.</strong></span> <span class='ocrx_word' id='word_1_669' title='bbox 620 3811 659 3853; x_wconf 85' lang='lat'><strong>3.</strong></span> <span class='ocrx_word' id='word_1_670' title='bbox 701 3808 834 3867; x_wconf 85' lang='grc' dir='ltr'>γάμος</span> <span class='ocrx_word' id='word_1_671' title='bbox 871 3808 949 3867; x_wconf 80' lang='grc' dir='ltr'>γὰρ</span> <span class='ocrx_word' id='word_1_672' title='bbox 979 3807 1038 3863; x_wconf 72' lang='grc' dir='ltr'>ὤς</span> <span class='ocrx_word' id='word_1_673' title='bbox 1065 3807 1240 3867; x_wconf 80' lang='grc' dir='ltr'>ἀληθῶς</span> <span class='ocrx_word' id='word_1_674' title='bbox 1273 3803 1392 3862; x_wconf 74' lang='grc' dir='ltr'>οὗτος</span> <span class='ocrx_word' id='word_1_675' title='bbox 1418 3813 1520 3854; x_wconf 86' lang='lat' dir='ltr'><strong>ven.</strong></span> <span class='ocrx_word' id='word_1_676' title='bbox 1553 3836 1606 3846; x_wconf 90' lang='lat'>—-</span> <span class='ocrx_word' id='word_1_677' title='bbox 1661 3813 1690 3853; x_wconf 94' lang='lat'><strong>1.</strong></span> <span class='ocrx_word' id='word_1_678' title='bbox 1709 3814 1747 3856; x_wconf 86' lang='lat'><strong>6.</strong></span> <span class='ocrx_word' id='word_1_679' title='bbox 1790 3812 1886 3864; x_wconf 80' lang='grc' dir='ltr'>καὶ,</span> <span class='ocrx_word' id='word_1_680' title='bbox 1929 3823 2024 3857; x_wconf 81' lang='lat' dir='ltr'>ante</span> 
     </span>
    </p>
   </div>
  </div>
 </body>
</html>
