2508 4134
529 291 754 332 PANARn
783 290 885 331 Lm.
914 290 984 329 m.
1013 288 1147 330 ΤοΜ.
1170 292 1201 330 1.
1230 289 1396 329 HAER.
1421 289 1619 329 Lxxnl.
1915 267 1918 269 ’
1963 273 2027 323 75

122 390 296 459 templo
321 390 484 441 sedem
516 407 650 440 suam
684 388 778 438 iam
814 404 940 438 nunc
970 404 1024 437 se
1057 387 1400 438 collocaturum
1432 387 1666 451 minatur,
1708 382 2029 436 defectionem

120 492 206 545 per
240 492 351 525 sese
389 481 686 543 comparent.

261 556 415 627 Igitur
447 559 563 608 fides
604 565 768 607 nostra
802 556 860 606 ad
902 564 1084 624 patrem
1116 562 1164 604 et
1194 554 1336 604 lilium
1368 563 1415 603 et
1455 554 1671 622 spiritum
1706 561 1923 605 sanctum
1949 569 2027 603 re-

119 645 292 694 fertur.
370 640 454 694 Sic
489 642 613 692 enim
651 641 872 691 dominus
901 649 1068 690 noster
1106 637 1244 689 lesus
1274 635 1499 689 Christus
1528 638 1786 706 discipulos
1817 655 1932 689 suos
1958 637 2030 687 in-

120 726 294 779 stituit.
369 730 577 786 Euntes,
620 726 801 794 inquit,
842 729 1000 774 docete
1026 742 1180 773 omnes
1203 732 1394 788 gentes,
1451 724 1740 787 baptizantes
1768 741 1844 772 eos
1870 727 1917 772 z'n
1944 740 2026 772 no-

121 815 241 861 mine
279 815 433 876 patris
471 821 522 860 et
533 813 644 876 filii
685 821 731 860 et
767 813 963 875 spiritus
1000 813 1169 858 saneti.
1251 804 1418 873 Quare
1452 806 1527 873 qni
1558 806 1604 855 in
1638 806 1759 856 lianc
1793 808 1897 857 fidei
1936 808 2030 857 for-

120 914 245 946 mam
278 896 453 945 iterato
483 895 632 962 geniti
664 912 860 957 snmus,
903 893 1147 943 nominum
1178 891 1411 942 eiusmodi
1440 889 1662 940 notiones
1694 891 1919 957 religiose
1950 892 2031 942 de-

121 980 290 1031 bemus
317 979 555 1048 accipere.
630 978 807 1046 Neque
836 978 961 1028 enim
994 978 1134 1041 dixit,
1178 975 1491 1044 Baptizantes
1521 993 1606 1025 eos
1634 974 1679 1024 in
1709 975 1813 1024 eius
1840 976 2030 1026 nomine

120 1065 199 1133 qui
263 1063 423 1114 carnis
473 1079 652 1131 expers
707 1080 902 1113 carnem
945 1063 1128 1125 induit,
1198 1078 1354 1128 neque
1400 1059 1683 1110 immortalis
1740 1067 1787 1109 et
1827 1067 2027 1110 mortem

122 1148 341 1217 experti,
396 1164 552 1215 neque
592 1147 797 1214 ingeniti
836 1156 884 1197 et
921 1147 1101 1214 geniti,
1154 1146 1268 1208 sed,
1324 1149 1379 1195 In
1407 1149 1591 1195 nomine
1614 1147 1768 1210 patris
1797 1146 1965 1209 etfile'z'
1988 1154 2033 1193 et

119 1237 315 1299 spiritus
361 1236 551 1282 sancti.-
607 1240 659 1282 ut
705 1232 1053 1300 appellationes
1106 1230 1404 1280 naturalibus
1458 1246 1522 1279 ex
1575 1229 1719 1279 rebus
1773 1228 2032 1279 translatas

123 1318 381 1368 audientes
431 1325 631 1387 patrem,
667 1316 741 1366 sui
780 1316 951 1366 similis
1004 1324 1204 1366 naturae
1239 1314 1518 1383 principium
1552 1313 1904 1381 intelligamus,
1959 1313 2034 1363 iti-

121 1403 323 1470 demque
369 1401 449 1452 filii
491 1417 666 1451 nomen
707 1402 957 1451 audientes
989 1401 1131 1451 filium
1165 1399 1270 1449 eius
1300 1398 1450 1468 patris
1481 1398 1616 1450 cuius
1650 1400 1772 1450 lilius
1802 1408 1874 1451 est
1903 1398 2035 1449 simi-

122 1484 214 1537 lem
245 1503 355 1537 esse
383 1486 671 1551 cogitemus.
750 1482 1007 1537 Credimus
1035 1484 1183 1552 igitur
1209 1483 1256 1534 in
1281 1493 1462 1552 patrem
1490 1492 1538 1533 et
1566 1482 1708 1534 filium
1739 1493 1785 1534 et
1813 1484 2031 1552 spiritum

122 1579 372 1634 sanctum,
428 1588 522 1621 non
563 1570 610 1620 in
659 1579 962 1632 creatorem,
1014 1579 1061 1621 et
1092 1578 1382 1620 creaturam.
1458 1568 1605 1619 Aliud
1636 1569 1761 1619 enim
1797 1578 1871 1620 est
1900 1586 2035 1620 crea-

123 1664 200 1706 tor
225 1664 273 1705 et
299 1663 551 1718 creatura,
602 1655 726 1704 alind
760 1662 896 1723 pater
927 1662 976 1703 et
1008 1654 1152 1706 fitius.
1229 1652 1305 1705 Ob
1342 1654 1384 1704 id
1422 1661 1674 1722 utrumque
1704 1653 1899 1704 notione
1930 1652 2035 1722 ipsa

122 1747 397 1808 separatum
435 1747 529 1790 est.
604 1737 731 1789 Nam
766 1757 870 1789 cum
899 1746 1169 1789 creaturam
1201 1740 1336 1803 die-0,
1391 1738 1598 1807 priorem
1629 1756 1737 1789 esse
1766 1748 2035 1791 creatorem

122 1825 365 1892 significo.
443 1823 511 1874 At
541 1822 623 1874 filii
653 1842 749 1873 vox
783 1840 847 1873 ex
878 1823 1021 1874 rebus
1057 1833 1283 1892 usurpata
1313 1824 1592 1891 corporeiS,
1648 1832 1696 1874 et
1730 1824 1788 1874 ab
1820 1823 2037 1875 affectio-

122 1909 263 1960 nibus
302 1907 395 1959 illis
440 1926 495 1959 ac
533 1908 781 1977 profluviis
822 1907 1088 1970 seminum,
1143 1926 1265 1976 quae
1300 1908 1346 1958 in
1381 1909 1629 1977 corporeis
1658 1908 1871 1977 patribus
1902 1908 2037 1959 filiis-

124 2011 215 2061 que
241 2002 538 2056 cernunlur,
591 2000 793 2061 purgata
824 1994 1171 2060 quodammodo
1202 2011 1257 2044 ac
1288 1994 1534 2044 defaecata
1580 2002 1786 2044 mentem
1821 2001 2033 2043 nostram

122 2078 168 2128 in
201 2095 294 2128 una
330 2078 602 2146 incorporei
631 2076 715 2127 lilii
744 2076 805 2127 ab
834 2077 1123 2144 incorporeo
1154 2086 1287 2146 patre
1318 2078 1630 2146 productione
1661 2079 1847 2146 deligit.
1903 2076 2036 2146 Qua·

123 2171 321 2231 propter
359 2172 614 2213 creaturae.
646 2178 835 2229 qnoque
867 2179 932 2212 ex
965 2179 1024 2211 eo
1062 2164 1184 2229 quod
1217 2180 1501 2231 corporeum
1534 2172 1608 2214 est
1637 2164 1916 2213 translatam
1952 2180 2035 2212 no-

125 2246 301 2296 tionem
331 2247 553 2314 illigavit.
630 2245 695 2296 Et
723 2245 946 2313 quoniam
980 2255 1230 2298 creaturae
1259 2249 1381 2298 tiuda
1412 2249 1532 2298 ratio
1561 2248 1706 2298 titium
1739 2247 2037 2298 constituere

124 2331 316 2399 nequit,
369 2349 395 2380 a
426 2339 648 2381 creatore
679 2339 727 2380 et
759 2339 981 2381 creatura
1025 2332 1253 2398 quaedam
1293 2349 1557 2383 secernens
1592 2352 1616 2383 a
1649 2341 1871 2383 creatore
1900 2332 2037 2382 nimi-

124 2433 257 2478 rum,
316 2415 355 2465 si
382 2417 439 2466 ad
472 2424 741 2466 creaturam
771 2417 1039 2479 referatur,
1094 2416 1332 2484 passionis
1360 2427 1610 2486 expertem
1642 2427 1816 2468 statum
1846 2435 1872 2467 a
1902 2434 2038 2467 crea-

123 2509 228 2551 tura
266 2517 384 2550 vero
428 2500 615 2550 firmum
648 2500 867 2567 quiddam
909 2509 956 2549 et
997 2500 1232 2565 solidum,
1289 2503 1412 2569 quod
1455 2502 1512 2552 ab
1553 2510 1755 2570 experte
1799 2501 2038 2570 passionis

124 2592 348 2635 creatore
377 2586 642 2653 prolectam
676 2593 778 2647 est,
820 2592 911 2633 tam
946 2602 970 2634 a
1002 2603 1239 2653 corporeo
1276 2595 1408 2654 patre
1439 2596 1486 2637 et
1531 2587 1629 2637 l'ilio
1664 2605 1803 2654 qnam
1846 2604 1873 2637 a
1901 2604 2037 2636 crea-

124 2678 230 2719 tore
272 2678 316 2718 et
354 2677 576 2719 creatura
617 2669 875 2737 perfectam
908 2669 1045 2720 nobis
1082 2687 1138 2719 ac
1166 2670 1406 2721 sinceram
1440 2673 1497 2721 de
1527 2680 1659 2740 patre
1691 2670 1884 2738 filioque
1914 2671 2038 2721 noti-

126 2753 237 2804 tiam
279 2753 577 2803 inl'orniavit.
655 2752 848 2803 Etenim
891 2753 930 2803 si
963 2771 988 2803 a
1027 2766 1247 2805 creatura
1288 2765 1447 2807 certas
1481 2756 1735 2823 qualitates
1770 2756 2034 2820 exemeris,

124 2837 258 2888 velut
302 2838 426 2905 qnod
473 2846 612 2888 extra
652 2846 919 2887 creatorem
962 2839 1221 2902 subsistat,
1280 2842 1402 2908 qnod
1441 2859 1546 2891 cnm
1582 2840 1778 2890 materia
1809 2849 2036 2891 concreta

125 2922 214 2985 sit,
269 2922 456 2990 aliaque
501 2921 544 2972 id
589 2939 742 2988 genus
770 2939 892 2989 quae
932 2940 1195 2989 corporeae
1231 2935 1482 2976 creaturae
1515 2925 1768 2994 appellatio
1802 2925 2035 2988 continet,

125 3007 228 3057 sola
271 3007 498 3075 deinceps
539 3007 778 3075 supererit
823 3024 848 3056 a
888 3007 1110 3075 passione
1159 3018 1344 3060 remota
1393 3012 1703 3079 perfectaque
1759 3019 2031 3072 creaturae,

124 3090 324 3159 eiusque
356 3109 494 3159 quem
529 3100 722 3141 creator
753 3092 999 3160 procreari
1030 3092 1238 3143 voluerit
1268 3095 1419 3145 notio.
1497 3091 1550 3145 Si
1580 3093 1727 3161 igitur
1756 3111 1779 3143 a
1815 3102 2035 3144 creatore

122 3237 314 3283 peluntur.
348 3234 531 3274 Petavius
555 3235 772 3283 suspicatus
797 3237 849 3272 est
878 3232 949 3274 καὶ
974 3229 1052 3274 οἷον
1111 3234 1335 3285 perfectam
1366 3250 1462 3276 sane
1502 3251 1549 3276 ex
1594 3235 1794 3290 corporali
1835 3242 1952 3287 putre
1988 3248 2035 3274 ac

125 3286 330 3344 ἐβούλετο
1110 3289 1217 3336 filio,
1264 3300 1302 3330 et
1326 3307 1374 3331 ex
1401 3292 1602 3345 ‹orporali
1632 3300 1816 3332 creatore
1843 3305 1889 3329 ac
1918 3305 2036 3330 crea-

180 3354 219 3385 θ·
251 3347 411 3383 correxi
448 3344 548 3386 υἱοῦ
608 3346 715 3384 Libri
760 3347 897 3384 habent
939 3347 1053 3394 vnlqo
1108 3353 1199 3386 tura
1224 3346 1536 3401 intelligentiam
1566 3349 1616 3387 de
1644 3356 1757 3401 patie
1785 3355 1826 3385 et
1852 3346 1935 3386 filio
1962 3361 2034 3386 nos

124 3396 221 3440 υἱὸν
283 3403 325 3440 1η
366 3402 476 3439 editis
514 3403 628 3449 vnlqo
663 3403 881 3441 distinctum
917 3406 967 3440 est
999 3404 1053 3440 ita
1110 3401 1262 3442 docuit.

121 3452 267 3506 πάγιον
297 3455 460 3505 κτίζων,
492 3454 686 3509 ἐβούλετο
710 3455 801 3497 τέλε
807 3472 867 3498 tow
896 3481 943 3486 —-
975 3471 1051 3498 πα·
1165 3457 1202 3497 Q,
1247 3453 1404 3513 ὅσαπερ
1448 3461 1687 3514 σωματικοῦ
1729 3463 1946 3510 suspicatus
1983 3465 2036 3502 est

123 3508 221 3563 τρός
203 3539 235 3560 ,
266 3510 336 3552 καὶ
359 3517 439 3551 cett.
499 3515 712 3552 Cornorins
731 3518 840 3553 vertit
871 3514 917 3552 Et
944 3527 1049 3565 qno-
1106 3516 1301 3554 Petavius.

124 3566 230 3605 niam
259 3575 469 3615 creatura,
501 3581 602 3621 quae
632 3568 728 3608 ficit
755 3568 878 3608 tilium
904 3569 1049 3613 so,lum
1168 3571 1228 3609 lo.
1274 3567 1353 3612 οἷον
1396 3571 1536 3623 scripsi
1569 3575 1724 3612 Petavio
1764 3585 1921 3614 suasore
1963 3588 2035 3624 pro

124 3636 146 3661 a
176 3631 360 3662 creatore
387 3623 638 3663 alienitatem
666 3639 687 3662 a
718 3625 903 3677 passione
930 3639 1048 3664 acce-
1108 3640 1170 3675 ον,
1200 3628 1302 3675 quod
1328 3629 1414 3666 libri.
1443 3630 1633 3675 praebent
1667 3633 1698 3664 (’
1699 3632 1879 3669 ornarins
1906 3634 2033 3681 sospi-

124 3677 198 3731 pit,
229 3678 286 3717 ita
315 3687 357 3717 ut
383 3693 431 3718 ex
462 3680 633 3719 creantis
662 3680 873 3720 alienitate
904 3696 926 3720 a
952 3696 1050 3733 pas-
1107 3687 1215 3721 colus
1244 3693 1320 3720 esse
1358 3685 1510 3722 videtur
1535 3680 1631 3725 καῖ
1658 3679 1724 3738 η’ν.
1778 3688 1898 3725 Vertit
1931 3689 2032 3726 enim

124 3733 239 3772 sione
283 3733 369 3787 ipsa
414 3744 596 3775 creatura
640 3736 856 3782 subsistat,
906 3746 1049 3788 utpote
1109 3736 1416 3789 (inulligenti-i)
1446 3738 1554 3778 iuxta
1579 3754 1697 3793 qnam
1724 3756 1862 3781 creans
1893 3755 2030 3782 creare

126 3803 245 3843 quam
277 3805 416 3831 creans
443 3791 598 3833 firmam
628 3802 751 3847 prout
778 3793 907 3835 voluit
936 3793 1049 3843 fecit,
1107 3792 1236 3832 votuit
1266 3793 1375 3849 quod
1407 3804 1583 3838 meatum
1615 3804 1689 3838 est.

2070 562 2255 616 Cap.111.

2091 713 2230 749 Matth.

2090 758 2145 801 28,
2170 757 2222 790 19.
