2508 4134
540 312 761 354 PANARn
791 312 893 351 ΜΒ.
917 312 988 351 ιη.
1015 311 1146 352 ΤοΜ.
1172 313 1202 351 1.
1234 310 1394 350 HAER.
1422 309 1620 349 Lxxw.
1929 295 2024 346 221

274 412 539 462 XXXVIII.
572 409 626 462 Si
656 409 771 459 nibil
805 425 968 458 eorum
1001 425 1121 475 quae
1150 408 1301 458 visum
1335 408 1569 475 effugiunt
1596 405 1853 473 semetipso
1881 404 2031 454 sativa

134 497 331 565 quadam
374 496 420 545 vi
456 495 587 564 prius
616 502 715 556 est,
769 501 909 560 atque
958 491 1147 541 definita
1182 500 1378 541 naturae
1423 499 1553 541 sorte
1597 490 1898 551 continetur,
1954 486 2031 554 qni

133 580 235 631 fieri
268 587 425 648 potest
465 587 514 629 ut
557 577 800 645 ingenitus
850 577 967 626 deus
1009 575 1066 625 ab
1110 574 1237 623 omni
1274 574 1525 623 sortitione
1558 575 1678 624 liber
1717 591 1849 624 suam
1883 572 2032 640 ipsius

133 664 447 715 substantiam
486 663 625 712 modo
658 661 704 711 in
733 660 894 729 genita
925 659 1092 710 sobole
1137 657 1380 708 inferioris
1421 658 1662 708 cuiusdam
1703 675 1758 708 ac
1792 656 2032 707 secundae

134 747 449 810 conditionis,
497 746 637 796 modo
666 744 716 796 in
745 744 960 811 ingenito
987 742 1240 812 primariae
1273 758 1382 791 esse
1423 741 1611 805 videat,
1664 741 1729 791 ita
1768 750 1816 790 ut
1860 739 2033 808 prioris

131 831 248 883 insit
283 848 339 882 ac
376 829 659 899 posterioris
697 830 851 880 ordo?

271 916 489 965 XXXIX.
533 911 585 965 Si
626 914 672 963 in
715 913 930 980 ingenita
972 921 1140 962 natura
1173 917 1451 978 perseverat
1489 909 1633 970 deuS‚
1692 908 2031 958 detrabendum

134 999 224 1050 boc
258 998 327 1049 illi
363 1007 469 1062 est,
519 1007 571 1049 ut
594 997 819 1065 generari
849 1014 902 1047 se
929 1005 1070 1063 atque
1100 994 1366 1063 ingenitum
1396 1009 1503 1044 esse
1535 1001 1814 1059 cognoscat.
1893 990 2032 1058 Quod

134 1083 174 1135 si
202 1083 247 1133 id
274 1082 341 1134 iIIi
373 1084 512 1133 detur
536 1091 584 1132 ut
613 1099 699 1150 per
725 1081 871 1148 geniti
903 1080 1199 1148 ingenitique
1235 1078 1554 1129 conditionem
1587 1077 1712 1127 illius
1739 1086 1903 1127 natura
1937 1085 2034 1127 tra-

134 1167 354 1232 ducatur,
394 1166 708 1218 substantiam
740 1165 843 1233 ipse
868 1182 1002 1215 suam
1033 1163 1243 1232 ignorat,
1286 1180 1391 1213 cum
1420 1162 1477 1212 ab
1502 1170 1725 1229 utraque,
1766 1162 1911 1228 geniti
1941 1161 2032 1212 sci·-

133 1251 245 1302 licet
282 1260 423 1318 atque
461 1250 691 1319 ingeniti,
734 1249 960 1317 qualitate
998 1248 1308 1299 distrahatur.

269 1337 369 1386 XL.
413 1332 467 1386 Si
506 1351 624 1386 vero
654 1334 866 1402 genitum
901 1332 1189 1384 conditionis
1230 1330 1432 1399 ingeniti
1479 1329 1717 1399 particeps
1759 1337 1859 1393 est,
1915 1338 1962 1379 et
1987 1330 2034 1380 in

134 1418 284 1486 geniti
313 1428 481 1470 natura
510 1427 739 1487 perpetuo
768 1426 947 1481 manet,
990 1433 1192 1467 necesse
1224 1424 1297 1467 est
1327 1424 1376 1466 ut
1404 1432 1456 1465 se
1483 1415 1760 1483 imperfecta
1788 1414 1835 1464 in
1865 1422 2033 1464 natura

135 1504 442 1554 constitutum
490 1520 597 1553 esse
645 1510 932 1570 cognoscat,
988 1511 1035 1552 et
1076 1501 1203 1551 illam
1246 1499 1444 1568 ingeniti
1485 1498 1865 1549 communionem
1899 1497 2036 1565 igno-

134 1597 227 1639 ret.
304 1586 478 1655 Neque
508 1587 632 1637 enim
665 1587 789 1637 idem
822 1587 879 1637 de
911 1586 1069 1655 seipso
1097 1594 1144 1635 et
1171 1584 1413 1653 ingenitae
1441 1582 1740 1635 substantiae
1770 1592 1816 1633 et
1843 1583 2034 1651 genitae

134 1672 350 1723 notitiam
389 1672 662 1742 informare·
681 1679 857 1739 potest.

272 1757 393 1805 XLI.
429 1753 482 1806 Si
512 1754 712 1823 ingeniti
743 1754 1009 1822 proprietas
1039 1754 1160 1804 levis
1196 1762 1287 1817 est,
1329 1770 1384 1803 ac
1416 1752 1595 1802 minimi
1625 1751 1870 1815 facienda,
1913 1752 2036 1819 quod
2087 1748 2089 1751 ’

135 1842 183 1893 in
219 1840 530 1892 mutationem
561 1838 788 1908 proclivis
817 1839 904 1902 sit,
948 1838 1250 1888 immutabilis
1277 1838 1546 1888 substantia
1578 1844 1778 1887 naturae
1807 1838 2035 1904 quaedam

135 1926 340 1994 dignitas
382 1933 483 1987 est,
544 1941 648 1973 cum
691 1923 904 1991 ingenita
943 1922 1208 1973 substantia
1251 1921 1461 1972 omnium
1501 1922 1806 1973 confessione
1850 1922 2035 1972 caussis

137 2010 356 2062 omnibus
395 2007 668 2059 anteceIIat.

275 2095 419 2144 XLII.
454 2089 506 2144 Si
547 2091 813 2160 ingenitum
853 2108 1070 2142 caussam
1103 2091 1276 2142 nullam
1307 2091 1494 2160 penitus
1529 2089 1697 2153 babet,
1750 2089 1938 2158 sintque
1965 2090 2037 2140 in-

135 2179 296 2248 genita
332 2177 595 2246 complura,
641 2175 921 2226 immutabili
953 2184 1122 2227 natura
1166 2176 1472 2226 constabunt.
1547 2173 1722 2242 Neque
1752 2175 1876 2225 enim
1906 2175 2038 2225 velut

136 2263 362 2314 attributa
391 2260 656 2312 communis
700 2260 944 2311 cuiusdam
978 2278 1034 2311 ac
1066 2260 1322 2329 peculiaris
1356 2269 1553 2310 naturae
1581 2258 1854 2310 conditione
1892 2259 2037 2328 parti-

137 2365 344 2418 cepsque
383 2348 508 2397 facta
548 2345 699 2396 altera
738 2345 898 2396 molita
936 2354 1040 2409 est,
1079 2346 1228 2396 altera
1268 2345 1516 2414 producta.

275 2432 443 2480 XLIII.
485 2426 538 2481 Si
574 2429 840 2480 substantia
868 2430 1023 2480 omnis
1052 2429 1263 2498 ingenita
1294 2439 1393 2493 est,
1435 2429 1550 2479 nihii
1580 2446 1606 2479 a
1633 2446 1685 2480 36
1712 2428 1919 2480 invicem
1949 2428 2035 2480 hac

138 2533 202 2567 ex
238 2520 374 2584 parte
422 2514 672 2577 different,
740 2515 860 2582 quod
901 2523 1067 2564 neutra
1110 2513 1421 2564 dominationi
1460 2513 1674 2565 subiecta
1713 2513 1775 2565 sit
1815 2513 2031 2564 alterius.

140 2598 305 2666 Quare
327 2598 515 2667 quinam
547 2598 767 2648 affirmari
793 2607 950 2666 potest
973 2599 1143 2648 mutari
1164 2616 1325 2662 unam,
1350 2599 1548 2649 alteram
1576 2607 1779 2662 mutare,
1813 2616 1917 2649 cum
1946 2598 2035 2648 deo

144 2683 339 2735 minime
378 2682 656 2752 permittant
693 2691 742 2732 ut
783 2699 846 2732 ex
885 2683 1012 2733 nulla
1050 2682 1264 2734 subiecta
1304 2682 1571 2734 substantia
1607 2684 1856 2751 producat.

276 2769 445 2819 XLIV.
485 2764 539 2818 Si
569 2766 723 2816 omnis
750 2766 1016 2818 substantia
1046 2767 1256 2834 ingenita
1281 2776 1383 2830 est,
1425 2767 1620 2835 perinde
1651 2776 1697 2817 et
1724 2767 1851 2817 nulla
1879 2767 2037 2817 varia-

139 2853 248 2904 bilis
271 2862 363 2903 est.
440 2848 580 2917 Quod
612 2850 651 2901 si
691 2850 868 2901 variari
899 2859 1071 2900 natura
1099 2869 1193 2901 non
1222 2860 1407 2919 potest,
1464 2868 1609 2919 agere
1648 2869 1703 2901 ac
1732 2850 1825 2919 pati
1856 2851 1913 2901 ad
1943 2852 2038 2900 for-

139 2938 306 2988 tuitum
338 2936 569 3004 quendam
611 2951 772 2985 casum
813 2936 1064 2985 referenda
1103 2943 1231 2985 sunt.

278 3022 422 3071 XLV.
464 3018 604 3087 Quod
643 3019 684 3069 si
721 3019 865 3069 multa
906 3019 1001 3068 sint
1035 3018 1248 3086 ingenita
1290 3028 1336 3070 et
1364 3018 1693 3083 invariabilia‚
1749 3018 1875 3068 nullo
1905 3027 2037 3068 certo

144 3123 171 3156 a
207 3121 261 3156 se
292 3104 497 3155 invicem
533 3121 732 3154 numero
765 3102 1116 3170 discrepabunt.
1191 3102 1365 3171 Neque
1404 3104 1529 3154 enim
1570 3103 1906 3170 comprehendi
1953 3121 2039 3152 nu-

143 3206 277 3240 mero
312 3197 536 3256 poterunt
565 3205 682 3256 quae
722 3187 799 3238 vel
830 3186 1046 3237 absolute
1079 3187 1154 3236 veI
1186 3187 1342 3255 aliqua
1373 3205 1438 3238 ex
1466 3195 1600 3255 parte
1637 3187 1890 3250 differant,
1934 3204 2037 3237 cum

146 3272 416 3324 differentia
449 3272 602 3323 omnis
634 3271 978 3322 determinatae
1007 3288 1207 3320 caussae
1235 3271 1282 3321 in
1310 3271 1522 3339 ingenita
1554 3279 1722 3321 natura
1749 3270 1881 3320 velut
1904 3271 2039 3321 attri-

143 3357 302 3408 butam
343 3366 521 3408 sortem
562 3356 816 3423 significet.

201 3469 267 3512 87.
298 3462 521 3523 ὑφιστάναι
547 3469 663 3519 infra.
1180 3462 1247 3508 90.
1278 3464 1405 3509 αἰτίου
1434 3466 1523 3507 dedi
1548 3479 1595 3506 ex
1616 3468 1741 3516 Refut.
1798 3468 1905 3506 Libri
1928 3470 2043 3518 vulyo

201 3524 266 3566 88.
298 3537 345 3566 τε
374 3523 446 3566 καὶ
475 3527 592 3575 infra.
1118 3525 1301 3572 praebent
1328 3521 1411 3572 ἔτι,
1450 3525 1551 3573 quod
1580 3525 1764 3563 Petavius
1802 3525 1949 3563 uncinis
1981 3527 2042 3564 in-

201 3579 266 3622 89.
296 3574 588 3633 ἀποκλήρωσίν
620 3592 708 3622 τινα
742 3581 831 3620 dedi
864 3591 911 3619 ex
942 3580 1065 3629 Refut.
1122 3581 1243 3618 clusit.
1305 3581 1512 3618 cornarius
1540 3581 1649 3618 vertit
1678 3593 1799 3632 quum
1826 3578 1955 3618 omnis
1981 3579 2042 3618 di-

148 3638 289 3687 Scripti
317 3639 402 3676 libri
429 3640 462 3675 et
488 3639 576 3676 edic.
598 3640 720 3686 princ.
758 3638 940 3686 praebent
969 3631 1067 3676 ἀπο·
1122 3632 1271 3672 stantia
1298 3642 1450 3673 sortem
1477 3648 1524 3673 ac
1551 3634 1813 3687 partitionem
1841 3634 2042 3688 quandam

148 3689 351 3746 κλήρωμα
379 3689 478 3733 τινὰ.
527 3694 712 3733 Petavius
739 3694 858 3732 edidit
886 3688 1067 3743 οἷποκλή-
1124 3689 1314 3729 ostendat
1362 3704 1522 3730 caussae
1561 3690 1786 3732 disiunctae
1836 3690 2041 3745 ingenitae

150 3762 269 3801 ρωμα
297 3747 338 3789 τί
364 3744 479 3800 τινὰ,
521 3749 587 3788 sed
617 3742 952 3801 οἷποκληρῶματά
979 3759 1068 3787 τινα
1122 3754 1305 3787 naturae.

148 3807 375 3854 suspicatus.
