2508 4134
524 319 752 361 rammi
781 320 886 360 Lm.
908 320 979 360 111.
1009 321 1144 361 ToM.
1168 322 1200 361 1.
1230 321 1394 362 HAER.
1422 321 1616 361 Lxxvi.
1912 310 2016 361 237

114 418 309 470 minime
354 416 606 482 tribuerit,
666 435 760 468 non
800 425 996 487 propter
1033 418 1175 468 ullam
1215 427 1414 469 naturae
1461 418 1866 481 imbecillitatem,
1929 419 2012 470 sed

114 502 238 571 quod
265 501 328 554 sit
353 502 481 553 omni
515 518 686 553 caussa
715 501 955 571 superior,
997 501 1138 551 velim
1172 509 1219 551 et
1249 502 1350 569 ipse
1382 502 1494 552 illud
1521 503 1788 570 intelligas,
1832 521 1926 553 non
1956 503 2012 553 ad

111 585 485 638 imbecillitatem
523 586 664 637 ullam
700 586 784 637 filii
821 603 994 638 nomen
1036 585 1309 652 pertinere,
1364 587 1446 636 sed
1478 603 1536 636 eo
1566 587 1724 654 potius
1754 588 1876 654 quod
1907 604 2012 637 cum

112 669 333 738 genitore
385 671 566 739 pariter
617 670 914 722 conveniens
964 669 1055 720 sibi
1107 668 1533 720 consubstantialis
1583 671 1727 721 decus
1778 671 2010 721 obtineat.

113 752 353 820 Quoniam
383 754 507 804 sicut
536 763 716 823 patrem
745 754 962 822 inprimis
992 754 1131 804 decet
1164 770 1384 803 caussam
1415 769 1604 803 omnem
1634 755 1905 818 excellere,
1947 754 2012 804 ita

111 837 254 888 unico
283 838 357 888 dei
397 836 523 902 lilio,
578 847 627 888 et
664 838 722 890 ab
764 856 858 889 uno
887 847 1020 905 patre
1051 855 1156 887 cum
1188 855 1282 886 uno
1328 837 1500 905 spiritu
1536 847 1703 887 sancto
1739 838 2014 906 procedenti

111 939 204 972 una
235 922 495 989 eademque
519 922 744 972 divinitas
773 921 1028 985 convenit,
1070 938 1191 989 quae
1223 921 1395 971 nullam
1425 921 1497 971 sui
1525 938 1746 971 caussam
1773 922 2008 986 admittat,

110 1023 205 1056 non
239 1006 299 1056 ob
333 1006 474 1056 ullam
508 1005 911 1068 imbecillitatem,
971 1006 1053 1056 sed
1095 1005 1217 1073 quod
1259 1004 1319 1055 iis
1358 1005 1578 1055 omnibus
1619 1022 1738 1072 quae
1769 1022 1834 1056 ex
1866 1005 2010 1056 nihilo

109 1090 237 1140 facta
273 1098 383 1140 sunt
419 1091 694 1141 antecellat.
781 1088 1022 1141 Nimirum
1065 1107 1161 1140 una
1201 1088 1425 1140 divinitas
1469 1098 1572 1153 est,
1628 1107 1748 1157 quae
1790 1089 1877 1140 snb
1921 1108 2012 1140 una

112 1173 339 1224 trinitatis
365 1175 683 1243 appellatione
714 1183 1022 1236 numeratur,
1065 1183 1111 1223 et
1140 1174 1188 1223 in
1222 1172 1397 1241 patris,
1439 1173 1519 1224 filii
1550 1192 1604 1224 ac
1631 1174 1828 1242 spiritus
1858 1175 2009 1224 sancti

110 1258 412 1321 nominibuS,
466 1259 637 1327 quibus
678 1259 809 1310 velut
847 1258 1080 1326 singulari
1121 1257 1278 1325 aliquo
1317 1257 1475 1325 sigillo
1512 1258 1777 1321 firmamur,
1834 1257 1892 1308 iis
1934 1259 2011 1325 qui

106 1342 343 1410 baptismo
378 1342 630 1394 initiantur
656 1341 920 1411 praedicari
952 1343 1105 1405 solet,
1147 1359 1202 1392 ac
1233 1340 1436 1409 denique
1468 1342 1583 1392 nihil
1611 1360 1638 1393 a
1665 1341 1823 1410 seipsa
1854 1343 2011 1392 diver-

107 1443 212 1477 sum
242 1426 482 1491 continet3
518 1445 622 1482 cum
648 1444 674 1477 a
700 1427 905 1477 veritate
935 1428 1179 1495 profectae
1207 1426 1316 1476 illae
1346 1443 1493 1477 voces
1523 1426 1694 1495 patriS,
1727 1427 1806 1477 lilii
1841 1435 1888 1477 et
1916 1426 2011 1494 spi—

109 1510 228 1560 ritus
256 1511 409 1561 sancti
438 1510 543 1560 eius
570 1512 691 1577 quod
727 1510 1001 1579 significant
1028 1510 1365 1578 aequalitatem
1393 1511 1640 1579 impleant.
1720 1508 1859 1577 Quod
1895 1527 2011 1561 vero

108 1594 335 1656 subiicis,
379 1592 501 1661 Quis
527 1595 801 1663 productam
830 1603 1049 1645 naturam
1081 1595 1140 1644 ab
1173 1612 1226 1645 ea
1258 1611 1378 1662 quae
1407 1595 1689 1663 produxerit
1715 1595 1829 1646 nihil
1860 1595 1906 1645 in
1935 1613 2011 1645 es-

105 1678 259 1728 sentia
286 1678 576 1729 discriminis
608 1678 784 1730 hahere
820 1679 1073 1742 fatebitur,
1115 1696 1221 1728 cum
1249 1678 1482 1729 eiusmodi
1513 1680 1781 1730 substantia
1809 1697 2012 1747 genera-

106 1762 284 1812 tionem
315 1780 502 1813 omncm
538 1762 798 1813 excludat?
848 1781 944 1813 uon
974 1763 1085 1813 illud
1120 1762 1491 1826 animadvertis,
1547 1782 1574 1814 a
1610 1764 1800 1815 divinae
1834 1765 2013 1815 verita-

106 1847 167 1897 tis
209 1847 485 1914 cognitione
522 1855 603 1899 tua
643 1855 687 1897 te
723 1846 859 1915 culpa
900 1847 1189 1911 abalienari,
1244 1857 1294 1897 ut
1333 1848 1409 1915 qui
1454 1866 1546 1898 non
1577 1866 1603 1898 a
1637 1849 1804 1917 spiritu
1842 1858 2011 1900 sancto

105 1931 359 1981 veritatem
389 1931 456 1982 sis
484 1932 712 1994 edoctuS‚
765 1932 850 1982 sed
882 1933 1042 1982 mundi
1072 1932 1210 1982 huius
1241 1932 1508 2001 sapientia,
1565 1950 1684 2000 quae
1706 1936 1845 1999 fatua
1872 1936 2003 1982 stoli·
2030 1947 2148 1986 mor.
2161 1953 2192 1998 1,
2208 1953 2261 1988 20.

103 2018 251 2081 daque
299 2018 480 2064 reddita
528 2026 627 2075 est,
688 2014 924 2065 subnixus
974 2017 1029 2065 ad
1088 2016 1320 2066 eoelestia
1370 2026 1416 2068 te
1474 2018 1743 2086 provehere
1793 2020 2004 2070 conaris.

105 2097 268 2166 Quare
296 2117 598 2168 consequens
630 2108 705 2150 est
733 2108 783 2150 ut
813 2108 861 2150 et
890 2100 1003 2150 illud
1033 2100 1219 2163 audias,
1263 2103 1436 2152 frustra
1464 2110 1508 2152 te
1541 2120 1680 2153 esse:
1722 2106 1867 2152 Novit
1892 2108 2008 2153 em'm
2060 2121 2197 2156 Psatm.

102 2187 213 2233 deus
236 2188 490 2250 sapientum
515 2188 847 2249 cog-z'tatzbneS‚
890 2189 1102 2250 quoniam
1131 2203 1276 2235 vanae
1303 2196 1428 2235 sunt.
1509 2185 1750 2254 Quocirca
1782 2188 1860 2255 qui
1897 2189 2007 2238 snb-
2066 2164 2122 2208 π’
2147 2165 2200 2198 u'

75 2267 283 2336 ‚sistens
312 2269 509 2319 verbum
540 2268 736 2336 genuit,
792 2269 916 2319 idem
942 2270 1140 2337 aequale
1177 2270 1268 2321 sihi
1295 2271 1488 2338 genuit,
1545 2289 1632 2322 nec
1664 2290 1692 2323 a
1719 2290 1805 2323 sua
1838 2272 2009 2324 divini-

106 2360 204 2402 tate
235 2353 504 2417 diversum3
557 2371 646 2403 nec
677 2353 769 2403 ulla
805 2362 878 2403 est
910 2354 957 2404 in
990 2354 1152 2422 genita
1189 2354 1356 2406 sobole
1386 2355 1626 2421 varietas,
1682 2375 1786 2407 cum
1816 2356 2009 2407 minime

104 2453 224 2487 sane
263 2437 429 2487 deceat
464 2437 670 2487 utillum
712 2445 929 2505 putemus
966 2439 1212 2507 indignum
1251 2440 1438 2509 seipse,
1494 2449 1541 2491 et
1579 2440 1907 2509 inaequalem,
1964 2450 2014 2494 et

102 2521 230 2571 infra
257 2520 577 2571 conditionem
607 2521 841 2586 genitoris
882 2523 1187 2574 amandatum
1218 2541 1355 2574 suum
1400 2525 1527 2575 illuni
1569 2527 1796 2593 genuisse
1838 2526 2003 2577 filium.

107 2601 260 2670 Quam
291 2604 431 2654 etiam
461 2604 520 2654 ob
550 2622 764 2656 caussam
792 2624 876 2674 per
909 2607 1050 2657 filium
1085 2625 1140 2658 ac
1171 2607 1440 2660 subsistens
1467 2610 1694 2674 verbum,
1736 2615 1886 2660 omm'a
1911 2630 2009 2661 esse

89 2690 231 2755 facta
258 2697 461 2739 testatus
488 2697 590 2751 est,
648 2698 696 2739 nt
726 2690 978 2758 ipsummet
1009 2692 1066 2741 ab
1104 2694 1331 2743 factarum
1363 2711 1522 2744 rerum
1551 2712 1751 2746 numero
1779 2713 2006 2746 secerne-

103 2781 207 2836 ret,
250 2773 540 2840 doceretque
570 2773 617 2822 in
649 2782 784 2841 patre
815 2775 1017 2825 similem
1051 2784 1192 2844 atque
1223 2778 1470 2844 aequalem
1506 2796 1641 2844 esse,
1698 2781 1820 2847 quod
1851 2781 2003 2848 ipsum

104 2857 252 2926 patris
285 2857 586 2926 appellationi
619 2867 994 2909 consentaneum
1024 2869 1125 2922 est,
1168 2877 1384 2929 semper,
1439 2864 1658 2930 inquam,
1712 2865 2003 2915 existentem

103 2941 150 2992 in
181 2941 448 2993 substantia
477 2959 583 3006 sua,
627 2960 720 2992 non
754 2943 1086 3011 peregrinum,
1127 2946 1211 2995 sed
1243 2963 1551 3012 germanum,
1605 2957 1766 3017 utpote
1797 2949 2005 3000 consub-

103 3025 371 3076 stantialem
412 3025 585 3090 filium,
628 3035 676 3077 et
711 3044 737 3076 a
776 3036 910 3095 patre
946 3027 1178 3094 genitum.

245 3109 376 3161 Aetii
407 3107 564 3178 Caput
598 3108 687 3161 lV.
730 3108 783 3162 Si
814 3120 1061 3179 perpetuo,
1104 3130 1159 3162 ac
1190 3112 1295 3163 sine
1325 3113 1422 3165 ullo
1453 3115 1542 3165 fine
1568 3116 1685 3166 deus
1711 3115 1758 3166 in
1790 3116 2002 3183 ingenita

104 3202 273 3244 natura
303 3194 536 3262 persistit,
578 3212 633 3245 ac
658 3195 699 3245 si
725 3197 884 3263 genita
919 3196 1111 3246 soboles
1141 3197 1245 3247 sine
1276 3198 1371 3248 ullo
1399 3199 1492 3249 fine
1523 3199 1682 3267 genita
1709 3209 1810 3262 est,
1855 3218 2001 3267 prava

102 3277 184 3328 illa
224 3279 281 3328 de
315 3278 598 3329 homoousio
643 3289 689 3329 et
733 3280 1043 3330 homoeousio
1071 3281 1310 3331 sententia
1343 3282 1702 3350 profligabitur3
1755 3301 1859 3334 eum
1886 3285 2000 3335 illud

101 3361 293 3412 interim
334 3362 381 3412 in
413 3363 660 3431 utriusque
705 3373 904 3415 naturae
943 3364 1171 3431 dignitate
1215 3375 1463 3417 remaneat
1503 3375 1579 3430 ut,
1633 3367 1757 3434 quod
1801 3369 1858 3418 ad
1887 3368 2002 3419 sub-

102 3446 326 3497 stantiam
355 3447 554 3510 attinet,
597 3449 862 3517 comparari
898 3448 1025 3498 inter
1062 3465 1114 3497 se
1154 3459 1411 3516 nequeant.

246 3528 445 3582 Consut.
482 3530 572 3584 1V.
651 3531 705 3583 Si
739 3540 995 3601 perpetuO,
1051 3549 1106 3580 ac
1133 3532 1238 3581 sine
1267 3534 1362 3582 ullo
1391 3533 1486 3583 fine
1523 3535 1665 3597 deuS,
1717 3543 1768 3585 ut
1794 3538 1993 3602 asseriS,

103 3613 150 3664 in
177 3613 388 3682 ingenita
425 3624 593 3667 natura
636 3625 908 3685 permanet,
962 3623 1128 3682 estque
1166 3617 1456 3684 sempiterna
1503 3618 1577 3668 dei
1616 3629 1814 3684 natura,
1870 3639 1992 3690 quae

161 3752 195 3794 1.
226 3755 375 3804 Repone
399 3751 656 3808 ὁμοιουσίου,
685 3758 727 3796 id
751 3758 852 3807 quod
877 3759 1021 3796 senten·
1132 3755 1171 3795 2.
1204 3757 1334 3805 Supra
1362 3757 1750 3812 παραφὲαρῆσεται.

103 3811 158 3849 tia
186 3812 362 3862 flagitat,
390 3822 437 3850 ex
464 3814 733 3861 superioribus.
1133 3811 1169 3854 3.
1201 3813 1351 3862 Repone
1375 3808 1622 3867 ἀσύγκριτον
1651 3828 1698 3856 ex
1725 3820 1998 3868 superioribus.
