2508 4134
579 270 806 311 PANARH
834 272 938 311 Lm.
962 271 1032 311 ut.
1062 273 1196 313 ΤοΜ.
1222 274 1253 312 1.
1283 271 1446 312 HAER.
1473 271 1648 311 Lxxv.
1974 258 2070 309 183

310 367 491 419 Eadem
533 368 636 436 ipsa
674 385 817 436 porro
861 376 1065 417 mentem
1109 368 1233 417 iltius
1263 387 1319 418 ac
1351 368 1594 437 perfidiam
1627 367 1878 419 manifeste
1912 365 2069 415 decia-
2104 378 2292 433 cap.1V.

169 461 303 515 rant,
357 468 478 518 quae
517 452 564 502 iu
605 450 845 502 bominum
884 468 1038 517 genus
1076 450 1292 518 improbo
1322 452 1522 501 artificio
1564 469 1649 520 per
1677 469 1908 502 summam
1942 449 2071 500 insa-

169 535 294 587 niam
342 534 526 586 effudit.
602 536 856 586 Adversus
898 552 1017 602 quae
1068 534 1142 584 ubi
1178 534 1342 601 paucis
1386 535 1817 601 disputaverimuS,
1874 534 2070 584 missum

168 620 297 671 illum
334 618 582 669 faciemus.
660 618 924 669 Enimvero
963 628 1110 668 totum
1147 618 1256 668 ittnd
1288 617 1564 668 stoliditatis
1598 635 1707 668 esse
1743 618 2070 686 plenissimum

167 704 378 772 prudens
423 702 623 770 quisque
665 702 802 753 facile
842 702 1088 770 perspicit.
1169 700 1315 751 Velut
1346 718 1451 750 cum
1485 701 1759 769 episcopum
1786 719 1842 751 ac
1872 700 2072 770 presby-

177 797 320 838 {erum
354 787 625 854 adaequare.
658 794 879 836 conatur.
957 785 1064 836 Hoc
1106 785 1231 835 euim
1276 793 1501 835 constare
1537 784 1613 850 qui
1653 786 1838 852 potest?
1912 782 2074 852 Siqui-

166 870 271 920 dem
300 869 632 938 episcoporum
662 871 780 920 ordo
810 871 864 919 ad
897 869 1164 938 gignendos
1199 877 1358 936 patres
1388 867 1641 934 praecipue
1669 869 1892 935 pertinet.
1970 867 2074 918 Hu-

166 955 242 1006 ius
280 954 408 1004 enim
443 963 516 1004 est
547 962 729 1021 patrum
765 953 811 1003 in
847 954 1054 1004 ecclesia
1089 952 1388 1021 propagatio.
1465 950 1607 1001 Alter
1645 968 1750 1000 cum
1783 960 1941 1019 patres
1977 970 2071 1002 uon

166 1038 345 1106 possit,
399 1036 519 1093 tilios
560 1036 796 1087 ecclesiae
837 1037 1220 1104 regenerationis
1263 1036 1442 1085 lotione
1484 1035 1731 1102 producit,
1786 1053 1877 1085 nou
1915 1046 2070 1086 tamen

164 1132 325 1191 patres
369 1130 451 1172 aut.
493 1123 769 1187 magistros.
848 1119 1054 1187 Quinam
1094 1137 1213 1170 vero
1249 1118 1348 1169 fieri
1381 1128 1537 1187 potest
1575 1128 1626 1168 ut
1658 1119 1698 1168 is
1739 1120 2070 1188 presbyterum

163 1205 422 1256 constituat
467 1205 522 1255 ad
566 1222 706 1273 quem
750 1206 1009 1255 creandum
1064 1222 1285 1254 manuum
1331 1203 1722 1271 imponendaruui
1768 1203 1841 1252 ius
1894 1204 2069 1253 nultum

163 1290 365 1340 babeat?
438 1290 538 1340 Aut
563 1290 801 1356 quomodo
830 1289 1086 1357 presbyter
1115 1288 1340 1356 episeopo
1371 1286 1460 1336 dici
1491 1295 1649 1354 potest
1675 1287 1922 1353 aequatis?
1974 1285 2072 1337 Ve-

162 1390 264 1423 rum
301 1373 500 1424 Ae'rium
540 1373 683 1423 istum
723 1373 868 1423 nimia
899 1373 1127 1439 quaedam
1170 1372 1438 1439 procacitas
1473 1370 1822 1438 aemulatioque
1862 1371 2067 1440 decepit.

305 1457 500 1508 Atenim
551 1465 603 1508 ut
652 1466 743 1506 tam
785 1457 872 1508 sibi
913 1474 1051 1524 quam
1092 1455 1390 1506 auditoribus
1427 1457 1668 1523 imponat,
1721 1454 1835 1504 ittud
1886 1454 2069 1517 obiicit,

162 1542 430 1610 apostolum
484 1541 779 1609 presbyteris
829 1550 876 1589 et
914 1540 1129 1590 diaconis
1168 1540 1414 1602 scribere,
1471 1556 1564 1589 uon
1614 1538 1872 1606 episcopis.
1955 1537 2070 1589 Item

170 1625 443 1693 episcopum
472 1625 749 1691 alloquens,
804 1628 944 1685 Noli,
989 1624 1166 1690 iuquit,
1206 1626 1395 1688 neglege
1416 1627 1650 1686 gratiam,
1694 1640 1811 1688 quae
1842 1627 1889 1672 in
1912 1633 1954 1672 te
1981 1634 2066 1681 est,
2096 1634 2324 1680 1.'rim.4,1t.

165 1727 298 1776 quam
328 1712 553 1773 accepisti
584 1726 672 1773 per
718 1727 880 1758 manus
923 1710 1300 1774 presbyterorum
1343 1710 1561 1771 eollegz‘e‘,·
1616 1708 1786 1757 deinde
1827 1708 1921 1757 alio
1962 1708 2067 1757 loco

159 1797 384 1859 epzscopz's
422 1802 470 1842 ec
495 1796 730 1853 diacones,
789 1802 839 1843 ut
880 1792 1003 1843 idem
1039 1794 1291 1860 episcopus
1325 1801 1372 1841 et
1401 1792 1659 1860 presbyter
1688 1809 1798 1842 esse
1827 1792 2068 1843 videatur.

162 1874 257 1929 Sed
290 1876 511 1927 nimirum
542 1876 763 1927 veritatis
794 1877 884 1927 iste
917 1877 1091 1927 seriem
1124 1876 1383 1944 ignoraus,
1440 1893 1529 1926 nec
1563 1876 1608 1925 in
1646 1875 1969 1926 reconditiore
2003 1876 2073 1925 bi-

159 1961 309 2011 storia
341 1971 595 2021 versatus,
654 1979 747 2011 non
788 1960 1013 2028 intettigit
1043 1961 1340 2028 apostolum,
1395 1978 1500 2010 cum
1538 1977 1709 2010 recens
1751 1960 1903 2010 adbuc
1941 1969 2072 2010 esset

161 2042 424 2096 Christiaui
464 2045 700 2114 dogmatis
742 2044 1053 2113 propagatio,
1113 2062 1197 2112 pro
1244 2061 1294 2094 re
1330 2052 1438 2094 uata
1475 2044 1750 2112 scripsisse.
1827 2042 1955 2094 Nam
1993 2044 2069 2094 ubi

159 2129 252 2180 iam
299 2129 510 2198 episcopi
548 2128 793 2180 constituti
826 2129 1044 2191 fuerant,
1098 2129 1154 2178 ad
1187 2129 1438 2197 episcopos
1470 2137 1518 2178 et
1549 2130 1776 2178 diaconos
1806 2128 2067 2178 scribebat.

157 2211 332 2281 Neque
360 2214 485 2263 euim
511 2213 713 2264 subinde
742 2213 901 2263 omnia
925 2213 982 2263 ab
1012 2213 1244 2281 apostolis
1277 2213 1488 2262 ordinari
1518 2221 1766 2281 poterant3
1809 2220 1856 2262 et
1881 2212 2069 2279 quidem

161 2297 458 2366 presbyteris
491 2298 709 2366 inprimis
740 2315 797 2347 ac
825 2297 1040 2348 diaconis
1069 2315 1187 2364 opus
1223 2305 1358 2360 erat,
1400 2315 1427 2347 a
1460 2296 1629 2365 quibus
1658 2297 1884 2348 videlicet
1907 2296 2072 2346 ambo-

159 2380 247 2431 bus
285 2381 610 2432 ecclesiastica
652 2381 845 2449 negotia
887 2381 1210 2431 administrari
1255 2390 1474 2448 possunt.
1554 2379 1721 2447 Quare
1751 2382 1828 2433 ubi
1861 2385 2068 2434 nondum

160 2465 438 2532 episcopatu
482 2465 652 2532 dignus
697 2466 867 2533 aliquis
904 2474 1211 2528 occurrerat,
1268 2466 1423 2515 nuilus
1470 2466 1513 2515 ei
1548 2466 1655 2516 loco
1692 2468 1965 2536 propositus
1998 2476 2073 2518 est.

159 2547 433 2617 episcopus.
511 2551 580 2599 At
622 2549 700 2599 ubi
742 2559 788 2599 et
817 2550 1084 2600 necessitas
1114 2550 1408 2616 postulabat,
1466 2567 1552 2599 nec
1582 2568 1746 2600 eorum
1778 2551 1855 2618 qui
1884 2552 2071 2620 episco-

160 2641 271 2701 patu
299 2633 426 2699 digui
454 2642 592 2682 eraut
617 2634 753 2701 copia
780 2634 962 2696 deerat,
1006 2634 1065 2683 ibi
1096 2634 1304 2702 episcopi
1338 2635 1602 2684 constituti.
1683 2633 1780 2686 Sed
1810 2653 1914 2685 cum
1948 2635 2068 2685 haud

160 2734 334 2784 magna
365 2717 616 2766 multitudo
645 2719 796 2779 foret,
856 2717 1056 2785 reperiri
1085 2718 1196 2768 nulli
1233 2727 1491 2786 potuerunt
1517 2719 1594 2786 qui
1636 2719 1905 2788 presbyteri
1936 2737 2072 2769 crea-

160 2809 357 2863 rentur3
417 2802 541 2851 unde
582 2800 687 2850 solo
734 2801 960 2869 episcopo
1003 2802 1214 2851 conteuti
1261 2805 1469 2853 suerunt.
1549 2800 1667 2853 Siue
1707 2804 1910 2853 diacono
1951 2821 2069 2853 vero

160 2885 413 2953 episcopus
442 2902 551 2934 esse
589 2903 681 2934 nou
713 2893 888 2952 potest.
966 2883 1130 2951 Quare
1160 2886 1206 2935 iu
1235 2887 1276 2935 id
1308 2887 1551 2955 apostolus
1578 2886 1811 2949 incubuit,
1853 2896 1904 2938 ut
1931 2886 2069 2936 mini-

159 2969 341 3019 strandi
387 2970 544 3036 gratia
589 2969 815 3036 episcopo
861 2967 1045 3018 diaconi
1094 2979 1424 3037 suppeterent.
1506 2969 1670 3038 ltaque
1713 2989 1818 3021 rum
1858 2972 2065 3021 noudum

161 3053 368 3103 ecclesia
414 3054 514 3104 suis
558 3054 778 3103 omnibus
811 3052 1133 3103 functionibus
1164 3054 1347 3122 expleri
1383 3064 1571 3122 posset,
1622 3073 1707 3123 per
1736 3054 1847 3104 iilud
1881 3063 2066 3122 tempus

159 3137 427 3187 istiusmodi
470 3138 766 3204 siugutorum
812 3137 1024 3186 locorum
1062 3146 1215 3188 status
1254 3138 1434 3188 extitit.
1510 3137 1685 3206 Neque
1717 3156 1835 3188 vero
1863 3138 1952 3187 ulia
1988 3155 2066 3188 res

160 3230 235 3271 est
277 3239 396 3288 quae
434 3222 491 3271 ab
528 3221 664 3271 initio
701 3221 800 3271 suis
840 3220 1059 3270 omuibus
1102 3221 1313 3272 muueris
1356 3223 1574 3272 absoluta
1621 3221 1793 3283 fuerit,
1844 3224 1926 3271 sed
1959 3240 2067 3289 pro-

161 3305 361 3355 cedente
404 3306 591 3355 demum
635 3314 847 3371 tempore
888 3322 974 3353 sua
1016 3304 1449 3372 opportunitatibus
1481 3305 1699 3355 omuibus
1727 3307 1781 3355 ad
1810 3305 2068 3373 perfectio-

161 3406 268 3438 nem
308 3389 525 3439 accessio
564 3389 783 3456 contigit.

300 3469 452 3524 Cuius
494 3473 765 3541 exemptum
810 3472 1037 3522 babemus
1082 3472 1127 3522 in
1155 3470 1355 3542 Moyse.
1437 3472 1526 3522 Hic
1557 3473 1681 3522 euim
1718 3474 1763 3523 in
1796 3482 1963 3524 vetere
1996 3483 2064 3524 te·
2098 3490 2195 3545 Cap.
2227 3491 2277 3530 v,

215 3585 253 3625 5.
287 3580 401 3638 μόνῳ
430 3598 505 3625 non
535 3587 645 3625 habet
673 3587 755 3625 cod.
786 3586 943 3635 Rhediy.
1198 3582 1235 3624 8.
1268 3582 1413 3637 ἐκείνῳ
1444 3596 1571 3624 omnes
1598 3587 1685 3624 libri
1711 3591 1863 3636 praeter
1893 3588 2066 3639 Rhedi9.‚

215 3639 256 3680 ὃ.
287 3638 506 3688 ἐπίσκοπος
541 3643 623 3681 cod.
659 3643 817 3689 Rhediq.
1142 3642 1207 3690 qui
1239 3642 1349 3679 habet
1380 3639 1511 3682 ἐκεῖνο
1532 3671 1542 3687 ,
1571 3643 1674 3691 quod
1700 3645 1865 3692 reposui.

162 3690 643 3794 ὴαῖἑῃῗῦἒςῡζαξπιεπάαῑῐο
673 3702 726 3735 est
760 3698 923 3737 Petavii.
982 3697 1087 3734 Libri
1203 3695 1296 3734 CAP.
1326 3697 1369 3735 V.
1403 3719 1455 3726 —-
1517 3698 1552 3736 1.
1586 3694 1661 3751 τὴν
1691 3710 1762 3737 om.
1790 3700 1872 3740 cod.
1905 3701 2063 3750 Rhediy.
