2508 4134
231 2687 317 2725 pag.
335 2678 409 2713 903.

451 260 550 313 172
1152 271 1358 314 SANCTI
1384 273 1672 315 EPJPHANH

446 366 501 421 τὸ
529 364 768 432 δυνατὸν,
805 368 890 419 ’ἵνα
917 365 985 435 μή
1012 365 1295 440 ἀμάρτυρον
1319 371 1428 440 περὶ
1457 367 1733 438 πνεύματος
1758 372 1841 424 καὶ
1870 373 1923 425 ἐν
1947 377 2019 445 τῷ
2042 371 2246 442 παρόντι
2274 394 2375 427 πα·

449 451 734 523 ρελεύσομαι
771 449 863 519 τὴν
904 450 1166 522 ὑφήγησιν.
1239 453 1421 517 Εὐθὺς
1461 456 1548 524 μὲν
1583 454 1674 526 γάρ
1714 453 1742 509 ὁ
1775 456 1935 527 πατήρ
1972 475 2096 524 φησι
2131 460 2245 526 περὶ
2281 464 2371 526 τῆς

446 544 536 591 τοῦ
559 540 676 591 υἷοῦ
700 541 976 608 παρουσίας
1001 537 1104 604 ὅτι,
1147 540 1372 608 Θήσομαι
1396 539 1451 594 τό
1484 539 1678 609 πνεῦμά
1705 563 1802 606 μου
1828 539 1903 595 ἐπ’
1931 541 2109 607 αὐτόν,
2156 544 2240 596 καὶ
2266 545 2370 612 κρί-

446 641 523 677 σιν
549 630 654 685 τοῖς
679 625 874 676 ἔθνεσιν
907 622 1190 695 ἀπαγγελεῖ,
1235 627 1319 678 ’ἴνα
1352 625 1556 696 γνήσιον
1585 626 1772 701 κηρύξῃ
1810 626 1934 681 θεὸν
1960 628 2015 682 τό
2046 626 2191 699 ἅγιον
2216 625 2370 682 αὐτοῦ

445 713 656 776 πνεῦμα,
695 714 816 762 πᾶσι
845 717 1035 772 πιστοῖς
1060 712 1129 773 εἰς
1154 714 1413 781 σωτηρίαν.
1487 714 1557 764 Εἰ
1579 714 1632 765 δὲ
1662 711 1692 766 ὃ
1720 712 1984 783 μονογενής
2009 719 2070 787 τῇ
2095 711 2223 787 αὐτῇ
2249 734 2367 783 μαρ·

445 796 590 866 τυρία
620 796 862 864 προσθεὶς
894 793 1098 862 φάσκει,
1155 801 1363 864 Πνεῦμα
1387 800 1565 868 κυρίου
1592 795 1667 850 ἐπ’
1705 799 1812 866 ἐμὲ,
1861 792 1926 852 οὗ
1962 801 2183 852 1ε’ἴνεκεν
2215 798 2372 868 ἔχρισέ

446 899 527 946 με,
564 882 647 932 ’ἵνα
679 877 713 948 ἦ
744 881 978 948 ἕνσαρκος
1003 879 1159 934 αὐτοῦ
1185 886 1460 952 παρουσία,
1497 884 1580 935 καὶ
1607 889 1676 956 τῷ
1702 881 1939 951 πνεύματι
1962 890 2031 957 τῷ
2059 881 2181 957 άγίῳ
2210 882 2371 952 ἠσφα-

442 966 665 1032 λισμένη,
721 967 806 1018 καὶ
849 973 1040 1028 πιστοῖς
1084 969 1417 1037 κηρυττομὲνη
1458 974 1631 1035 σαφῶς
1673 966 1962 1043 ὁμολογηθῇ
2006 967 2106 1022 άπό
2148 975 2234 1037 τῆς
2278 974 2370 1022 τοῦ

449 1055 672 1120 Χριστοῦ
688 1055 973 1121 μαρτυρίας,
1012 1051 1087 1105 ὅτι
1108 1052 1202 1105 οὐκ
1226 1050 1479 1123 ἀλλότριον
1501 1051 1556 1106 τὸ
1588 1053 1782 1121 πνεῦμά
1809 1056 1908 1108 ἔστι
1932 1060 2022 1107 τοῦ
2045 1060 2185 1108 θεοῦ.
2261 1052 2370 1106 Πά-

444 1143 518 1189 λιν
550 1136 602 1189 δὲ
629 1133 659 1190 o‘
689 1135 860 1206 κύριος
887 1138 1000 1206 περὶ
1034 1143 1123 1190 τοῦ
1151 1137 1431 1206 πνεύματος
1461 1136 1562 1203 ὅτι,
1621 1138 1686 1192 Τὸ
1713 1145 1905 1207 πνεῦμα
1932 1144 2021 1193 τοῦ
2057 1138 2245 1209 πατρός
2270 1137 2368 1206 μού

446 1223 546 1275 ἔστι
580 1220 635 1275 τό
663 1227 844 1275 λαλοῦν
874 1224 927 1276 ἐν
952 1220 1084 1290 ὑμῖν.
1161 1225 1261 1276 Καὶ
1290 1222 1459 1285 πάλιν,
1517 1221 1585 1286 ῶς
1622 1222 1714 1277 οὐκ
1742 1221 1995 1293 ἀλλοτρίου
2033 1230 2121 1278 τοῦ
2153 1223 2370 1292 πνεύμα-

446 1319 530 1371 τος
554 1307 878 1377 τυγχάνοντος
915 1313 1003 1376 τῆς
1041 1313 1128 1362 τοῦ
1162 1314 1291 1362 θεοῦ
1316 1307 1582 1376 θεότητος,
1625 1308 1958 1377 Ἐνεφύσησεν
1988 1311 2058 1372 εἰς
2086 1307 2141 1363 τὸ
2179 1308 2370 1380 πρόςω-

446 1414 542 1446 πον
564 1399 663 1446 τῶν
694 1400 960 1462 μαθητῶν,
998 1395 1081 1446 καὶ
1118 1391 1245 1457 εἷπε,
1283 1393 1475 1462 Λάβετε
1503 1400 1696 1462 πνεῦμα
1723 1393 1878 1464 ἅγιον.
1955 1395 2056 1447 Καὶ
2080 1393 2253 1459 πάλιν,
2289 1397 2373 1448 ἵνα

447 1481 579 1553 δείξῃ
608 1477 694 1547 τήν
734 1480 914 1532 ἑαυτοῦ
945 1478 1143 1547 ἰσότητα
1172 1481 1256 1533 καὶ
1283 1477 1641 1548 ὅμοουσιότητα
1679 1477 1805 1549 πρὸς
1832 1478 1886 1532 τὸ
1914 1485 2108 1548 πνεῦμα
2139 1479 2297 1533 αὐτοῦ
2321 1501 2373 1533 τε

445 1566 530 1617 καὶ
559 1570 648 1618 τοῦ
679 1563 866 1636 πατρὸς
890 1563 1046 1618 αὐτοῦ
1071 1562 1124 1618 τό
1155 1564 1322 1636 ἅγιον,
1361 1567 1511 1633 φησὶ,
1547 1563 1664 1619 Ἐᾶν
1694 1563 1912 1635 άγαπᾶτέ
1942 1586 2024 1634 με,
2062 1562 2150 1627 τάς
2175 1565 2373 1628 ἐντολάς

445 1672 543 1719 μου
571 1649 818 1718 τηρήσετε·
859 1649 953 1720 ἐγώ
981 1649 1207 1720 ἐρωτήσω
1235 1649 1322 1704 τόν
1348 1652 1558 1721 πατέρα,
1596 1652 1681 1704 καὶ
1711 1649 1852 1705 ἄλλον
1880 1649 2197 1722 παράκλητον
2225 1650 2372 1705 δώσει

443 1733 586 1803 ὑμῖν·
637 1733 704 1797 ῶς
738 1733 890 1788 αὐτοῦ
926 1742 1015 1789 τοῦ
1055 1740 1231 1806 κυρίου
1275 1736 1593 1805 παρακλήτου
1627 1735 1793 1801 ὄντος,
1846 1738 1931 1790 καὶ
1966 1742 2057 1790 τοῦ
2090 1736 2372 1805 πνεύματος

441 1828 531 1874 τοῦ
557 1819 700 1891 άγίου
720 1820 1135 1891 συμπαρακλήτου
1162 1820 1306 1884 ὄντος
1341 1820 1538 1890 ὁμοίως.
1618 1825 1684 1875 Οἱ
1706 1823 1757 1876 δὲ
1779 1820 2044 1876 οἷπόστολοι
2067 1821 2372 1885 δεικνύοντες

444 1906 520 1960 ὅτι
546 1905 606 1960 οὕ
637 1910 816 1960 δοῦλον
855 1906 1079 1977 τυγγάνει
1120 1906 1175 1961 τὸ
1217 1914 1438 1975 πνεῦμα,
1495 1906 1613 1960 ἀλλά
1650 1914 1738 1976 τῆς
1777 1906 1930 1975 αὐτῆς
1966 1907 2230 1976 θεότητος,
2280 1906 2371 1977 τὴν

444 1992 600 2046 αὐτοῦ
629 1991 890 2046 αὕθεντίαν
925 1991 1305 2056 ὖποδεικνύντες
1338 1995 1488 2060 φασὶ,
1541 1995 1643 2046 Καὶ
1681 1991 1786 2046 εἶπε
1821 1991 1875 2047 τό
1910 1999 2104 2059 πνεῦμα
2132 1992 2185 2047 τό
2214 1992 2370 2064 ἅγιον,

440 2075 730 2146 Ἀφορίσατέ
768 2101 851 2147 μοι
886 2078 1153 2149 Βαρνάβαν
1195 2081 1281 2132 καὶ
1318 2085 1514 2132 Σαῦλον
1553 2081 1621 2141 εἷς
1657 2076 1710 2132 τὸ
1755 2081 1899 2149 ἔργον
1935 2078 1965 2133 ὃ
2009 2081 2372 2149 προςκέκλημαι

443 2162 653 2229 αὐτοῦς,
713 2166 796 2218 καὶ
824 2163 883 2218 τά
908 2166 1031 2232 ἑξῆς.
1104 2162 1158 2217 Ὁ
1187 2166 1238 2218 δὲ
1264 2162 1535 2227 ἀπόστολος
1571 2169 1743 2229 σαφῶς
1771 2167 1880 2234 περὶ
1913 2169 1938 2201 ²
1956 2162 2108 2217 αὐτοῦ
2133 2166 2280 2234 λέγει,
2314 2162 2371 2218 Ὁ

442 2251 495 2303 δὲ
525 2249 699 2319 κύριός
732 2252 831 2304 ἐστι
869 2248 925 2303 τὸ
956 2257 1171 2318 πνεῦμα·
1221 2243 1283 2303 οὗ
1315 2250 1367 2303 δὲ
1392 2247 1446 2303 τὸ
1476 2255 1668 2317 πνεῦμα
1706 2253 1912 2319 κυρίου,
1961 2251 2063 2303 ἐκεῖ
2093 2252 2370 2321 ἐλευθερία·

441 2336 553 2400 καὶ,
583 2333 745 2404 Ὑμεῖς
772 2335 894 2398 ναὸς
921 2342 1046 2388 θεοῦ
1078 2338 1197 2400 ἐστε,
1235 2336 1319 2388 καὶ
1354 2333 1409 2388 τὸ
1447 2341 1639 2403 πνεῦμα
1664 2339 1839 2405 κυρίου
1869 2337 1998 2388 οἰκεῖ
2021 2337 2072 2388 ἐν
2098 2333 2229 2403 ὖμῖν.
2303 2337 2375 2388 Εἰ

442 2424 607 2474 τοίνυν
637 2420 778 2483 Ναός
803 2427 931 2474 θεοῦ
952 2419 1238 2489 καλούμεθα
1268 2419 1351 2474 διά
1380 2423 1574 2488 οἴκησιν
1599 2418 1744 2491 ἆγίου
1771 2420 2064 2489 πνεύματος,
2102 2424 2175 2483 τίς
2197 2420 2372 2488 τολμή-

444 2524 539 2559 σειε
588 2505 990 2576 παραιτήσασθαι
1037 2505 1091 2559 τὸ
1140 2512 1359 2574 πνεῦμα,
1413 2507 1496 2558 καὶ
1547 2504 1934 2576 ἀπαλλοτριῶσαι
1985 2511 2070 2574 τῆς
2117 2511 2206 2560 τοῦ
2243 2511 2371 2559 θεοῦ

443 2590 640 2656 οὐσίας,
692 2598 865 2658 σαφῶς
904 2598 993 2645 τοῦ
1034 2590 1310 2645 άποστόλου
1349 2593 1575 2661 λέγοντος
1615 2590 1746 2660 ἡμᾶς
1782 2591 1933 2654 ναούς
1964 2598 2091 2645 θεοῦ
2128 2595 2370 2662 γίνεσθαι,

448 2674 530 2730 διὰ
557 2675 612 2730 τὸ
640 2678 866 2730 ἐνοικοῦν
887 2683 1080 2744 πνεῦμα
1107 2676 1248 2747 ἅγιον
1276 2679 1328 2730 ἐν
1351 2684 1454 2740 τοῖς
1476 2675 1653 2742 άξίοις;
1730 2682 1851 2739 Πῶς
1878 2678 1930 2730 δὲ
1963 2676 2218 2747 ἀλλότριον
2244 2682 2371 2731 θεοῦ

443 2764 576 2816 ἔσται
614 2760 668 2815 τὸ
709 2768 900 2831 πνεῦμα
946 2761 1000 2815 τὸ
1047 2762 1188 2830 βάθη
1228 2769 1318 2815 τοῦ
1358 2769 1484 2816 θεοῦ
1523 2765 1759 2833 ἕρευνῶνς
1850 2765 1951 2815 Καὶ
1997 2761 2066 2830 μὴ
2116 2764 2220 2832 λε’γε
2267 2784 2370 2830 μοι,

440 2846 675 2923 Ἐρευνᾷ,
725 2851 807 2902 καὶ
839 2847 979 2902 οὔπω
1010 2847 1260 2919 γινώσκει,
1301 2848 1368 2910 ὥς
1394 2869 1519 2911 τινες
1545 2854 1754 2916 τολμῶσι
1777 2852 2107 2916 βλασφημεῖν,
2147 2850 2231 2901 καὶ
2257 2849 2372 2901 ἕαυ-

442 2933 561 2998 τούς
606 2933 917 2988 3οἷπολλύειν.
988 2931 1124 2986 Ἐπεὶ
1168 2933 1229 2986 ἂν
1266 2935 1350 2986 καὶ
1395 2932 1558 2987 4αὖτὸ
1590 2936 1760 2998 λέξωσι
1791 2935 1904 3003 περὶ
1934 2937 2023 2986 τοῦ
2051 2931 2257 3001 πατρὸς,
2296 2932 2371 2987 ὅτι

442 3022 526 3073 καὶ
553 3022 664 3091 περὶ
693 3018 847 3073 αὐτοῦ
875 3021 1136 3090 γέγραπται
1167 3018 1242 3072 ὅτι
1264 3020 1438 3093 ε’ρευνᾷ
1465 3027 1636 3087 ταμεῖα
1665 3023 1904 3081 5κοιλίας.
1980 3019 2081 3070 Καὶ
2109 3020 2155 3070 εί
2180 3017 2372 3086 ἀσεβῶς

441 3106 657 3174 νοήσεις,
709 3105 790 3159 διά
840 3104 928 3159 6τὸ
976 3104 1043 3173 μὴ
1090 3107 1369 3158 ἐπικεῖσθαι
1411 3111 1478 3177 τῷ
1524 3107 1729 3175 ἐρευνᾶν
1772 3103 1827 3157 τό
1871 3102 2127 3174 γινώσκειν
2165 3104 2245 3156 ἐπὶ
2282 3108 2371 3156 τοῦ

444 3191 742 3260 πνεύματος,
796 3190 1063 3259 άσεβήσαις
1109 3188 1170 3242 ἂν
1200 3191 1283 3242 καὶ
1323 3192 1434 3261 περὶ
1460 3198 1547 3244 τοῦ
1576 3188 1765 3259 πατρὸς
1798 3187 1885 3257 τήν
1919 3186 2074 3255 αὐτὴν
2105 3185 2369 3257 οἷναγκαζό-
2408 3232 2414 3240 ,

443 3298 587 3345 μενος
641 3280 1010 3347 7παρεκφὲρειν
1048 3274 1307 3328 ὑπόνοιαν.
1403 3274 1479 3328 Οὔ
1518 3297 1568 3328 τε
1599 3274 1692 3346 γάρ
1733 3277 1814 3327 ἐπὶ
1852 3271 2038 3343 πατρός
2074 3275 2371 3342 ἕρευνῶντος

442 3370 616 3430 ταμεῖα
654 3367 841 3424 κοιλίας
883 3361 1165 3431 πρόςκειται
1203 3359 1257 3413 τὸ
1297 3359 1566 3431 γινώσκειν.
1646 3358 1721 3412 Οὔ
1745 3380 1795 3411 τε
1823 3358 1914 3429 γάρ
1946 3362 2082 3427 χρεία
2110 3352 2172 3426 ἧν
2199 3361 2368 3424 εἰπεῖν,

444 3455 617 3513 σαφῶς
650 3449 954 3516 δηλουμένης
982 3454 1071 3514 τῆς
1106 3452 1194 3500 τοῦ
1229 3453 1355 3499 θεοῦ
1386 3449 1698 3517 προγνωσίας
1727 3441 1826 3498 άπὸ
1860 3450 1947 3497 τοῦ
1981 3446 2184 3514 ε’ρευνᾶν
2208 3442 2262 3497 τὸ
2297 3445 2367 3496 τὲ-

503 3591 597 3632 CAP.
615 3593 731 3633 ΧΗΙ.
764 3616 804 3622 -
850 3591 885 3634 1.
906 3591 1059 3635 εἵνεκεν
1085 3597 1239 3643 uterque
1263 3593 1375 3633 codd.
1436 3594 1568 3631 Colon.
1599 3594 1715 3639 repet.
1745 3591 1861 3629 verba
1892 3583 1917 3630 ὁ
1945 3585 1994 3631 δὲ
2023 3586 2253 3638 ἀπόστολος
2287 3602 2368 3632 σα-

444 3660 535 3689 mss.
594 3647 730 3691 ἕνεκεν
765 3651 868 3689 editi.
1435 3649 1528 3702 φῶς
1554 3641 1740 3689 madro&
1767 3645 1878 3699 λέγει
1907 3648 2062 3687 omnino
2093 3660 2170 3688 non
2210 3659 2368 3704 compa-

501 3706 540 3743 2.
571 3701 696 3746 αὐτοῦ
722 3708 871 3745 restitui
909 3718 957 3746 ex
988 3710 1146 3757 utroque
1181 3708 1277 3746 libro
1306 3718 1376 3745 ms.
1433 3709 1525 3745 rent.

446 3763 574 3801 Etiam
600 3763 811 3801 Carnarius
837 3767 1001 3802 verterat
1026 3776 1075 3802 ex
1105 3762 1207 3816 ipso.
1266 3765 1314 3802 Αι
1336 3764 1377 3802 in
1489 3761 1530 3802 3.
1563 3754 1752 3802 ἀπολύειν
1783 3761 1869 3799 edit.
1904 3759 2038 3800 Petav-

447 3820 557 3859 edt'tis
599 3820 714 3870 vulgo
753 3822 806 3859 est
844 3814 993 3862 αὐτῶν.
1053 3821 1097 3860 1η
1139 3821 1198 3860 ed.
1241 3820 1375 3865 Ρεῑαυ,
1490 3813 1527 3862 4.
1559 3810 1687 3865 αὐτὸς
1716 3817 1828 3858 codd.
1860 3827 1951 3857 mss.
