2508 4134
540 295 762 336 PANAnu
791 295 892 336 Lis.
909 296 981 336 111.
1013 297 1150 336 ΤοΜ.
1169 297 1199 337 1.
1227 296 1391 336 msa.
1419 296 1612 337 Lxxvt.
1921 279 2021 332 235

131 395 451 448 consuluisse.
529 390 651 446 Cum
695 391 819 443 enim
856 391 1148 443 necessariis
1175 393 1220 442 in
1252 393 1395 445 rebus
1424 412 1480 445 ac
1509 394 1598 444 deo
1624 389 2023 444 convenientibus

132 477 407 531 dissimilem
456 477 579 528 hunc
625 485 672 527 et
711 476 1011 545 inaequalem
1057 475 1102 526 ei
1143 493 1280 543 quem
1323 476 1490 544 genuit
1530 477 1823 539 constituas,
1882 475 2022 542 idque

131 580 305 631 magno
332 579 449 613 sane
483 578 682 624 errore,
735 560 820 611 sed
855 560 972 610 falsa
1012 560 1212 627 quadam
1241 559 1432 627 pietatis
1460 560 1620 627 specie
1650 561 1926 627 confingere
1954 556 2026 609 vi-

131 649 305 710 deare,
345 647 392 696 in
423 646 512 696 hoc
540 645 643 714 ipso
671 652 858 707 tamen,
900 644 1022 711 quod
1050 644 1140 694 deo
1168 642 1549 710 indignissimum
1576 653 1680 706 est,
1720 644 1779 694 iis
1808 660 1930 711 quae
1958 640 2028 693 di-

130 731 377 783 vinitatem
419 730 523 779 eius
553 728 746 779 minime
779 728 951 778 decent
980 726 1181 777 similem
1216 727 1485 794 praedic-aS.
1566 725 1787 794 Inprimis
1826 728 1952 777 enim
1980 725 2029 776 in

133 825 236 866 tam
253 815 374 865 altas
405 814 462 864 de
493 813 583 863 deo
608 812 928 880 cogitationes
956 829 1067 862 sese
1103 811 1402 861 committere
1438 810 1722 879 impietatiS,
1774 811 1848 861 vel
1882 810 2028 861 furio-

130 915 216 950 sae
241 897 396 966 potius
426 898 600 947 mentis
626 897 705 947 ille
735 897 917 947 fructus
947 904 1039 946 est.
1094 894 1220 946 Nam
1251 912 1354 945 cum
1381 894 1497 944 haec
1523 911 1747 962 usurpas,
1780 894 1854 944 sui
1881 895 2028 962 ipsius

131 1001 242 1036 csse
274 999 524 1044 caussam,
578 989 659 1032 aut
696 981 797 1049 ipse
838 979 929 1030 sibi
968 988 1018 1029 ut
1056 988 1188 1031 esset
1223 978 1517 1041 contulisse,
1575 987 1775 1045 utraque
1815 978 1894 1028 illa
1922 996 2029 1046 pes-

130 1068 252 1119 sima
293 1066 567 1135 suspicione
599 1065 898 1132 temetipsum
932 1063 1207 1125 confixisti3
1260 1080 1365 1114 cum
1396 1063 1440 1112 id
1475 1063 1532 1113 de
1564 1062 1653 1112 deo
1684 1062 1813 1113 velut
1839 1062 2032 1130 palpan-

132 1153 191 1203 do
221 1169 278 1202 ac
306 1150 534 1201 tentando
561 1147 837 1218 perquisisti
886 1148 1278 1215 quemadmodum
1320 1146 1492 1210 suerit,
1547 1156 1815 1197 utrumnam
1844 1163 2033 1214 semper

132 1235 379 1297 extiterit,
432 1251 488 1285 ac
515 1251 627 1284 num
656 1232 745 1283 sibi
774 1232 864 1301 ipsi
901 1241 951 1282 ut
975 1240 1106 1283 esset
1132 1231 1383 1294 tribuerit,
1441 1249 1499 1282 an
1531 1248 1645 1281 casu
1674 1230 1785 1281 illud
1815 1229 2032 1280 obtinue-

131 1321 212 1371 rit.
286 1318 524 1387 Equidem
563 1335 659 1368 non
698 1318 802 1368 sine
839 1324 968 1366 metu
1007 1316 1209 1384 quodam
1249 1324 1297 1365 et
1323 1316 1524 1366 horrore
1554 1315 1787 1384 meipsum
1817 1322 1945 1365 tuum
1974 1314 2031 1364 ad

130 1404 245 1455 illud
289 1402 548 1471 pessimum
589 1409 922 1468 argumentum
964 1400 1292 1451 accommodo.
1370 1397 1469 1450 Fac
1514 1400 1675 1467 itaque
1714 1399 1936 1460 modum,
1994 1398 2034 1450 si

131 1497 299 1557 potes,
353 1495 406 1537 ut
438 1494 488 1536 et
510 1485 602 1554 ipsi
631 1486 790 1535 facere
818 1484 1085 1553 possimuS,
1140 1484 1310 1552 quibus
1348 1484 1574 1534 idoneum
1606 1484 1716 1534 illud
1753 1501 1809 1533 ac
1838 1482 2034 1549 religio-

131 1589 238 1623 sum
264 1570 480 1632 videtur,
536 1571 676 1620 deum
705 1586 897 1637 semper
921 1569 1194 1636 intelligere
1221 1586 1276 1619 ac
1303 1585 1495 1637 semper
1520 1569 1650 1619 illum
1678 1567 1902 1619 extitisse
1930 1583 2035 1617 cre-

131 1656 264 1706 dere.
343 1653 398 1705 ln
445 1672 539 1722 quo
580 1653 768 1722 quidem
811 1652 985 1703 stolide
1033 1654 1218 1703 locutus
1272 1670 1327 1703 ac
1367 1653 1712 1715 ratiocinatus,
1767 1651 1904 1721 quasi
1946 1651 2036 1702 deo

132 1739 362 1790 honorem
403 1738 664 1789 maximum
709 1736 941 1800 habereS,
997 1736 1160 1787 dixisti
1204 1754 1291 1787 nec
1325 1737 1475 1804 ipsum
1506 1738 1598 1787 sibi
1627 1746 1677 1788 ut
1707 1745 1839 1788 esset
1870 1744 2036 1785 contu-

130 1824 266 1874 lisse.
344 1821 525 1874 Verum
546 1860 559 1886 ,
599 1821 639 1872 si
672 1822 889 1889 quidem,
932 1831 982 1871 ut
1014 1821 1255 1883 instituis,
1298 1838 1324 1871 a
1354 1822 1640 1873 dictionibus
1667 1830 1715 1872 et
1743 1820 2037 1890 syllogismis

133 1908 306 1975 pendet
335 1908 440 1957 fidei
469 1906 630 1969 saluS,
684 1905 884 1973 quaein
926 1904 1099 1955 infimis
1138 1905 1516 1973 miserrimisque
1556 1906 1839 1975 corporibus
1881 1904 2037 1955 simile

132 1991 309 2060 aliquid
339 1992 443 2042 eius
471 1990 594 2058 quod
623 2006 792 2040 narras
830 1989 1037 2040 inveniri
1072 1997 1258 2057 potest,
1318 2007 1405 2040 nec
1432 1999 1702 2041 creatarum
1746 1990 1934 2057 quidem
1959 2005 2036 2039 re-

132 2094 236 2127 rum
266 2075 360 2128 ulla
390 2074 718 2142 suimetipsius
747 2091 919 2124 caussa
950 2083 1050 2136 est,
1093 2083 1173 2124 aut
1201 2091 1225 2123 a
1251 2073 1411 2142 seipsa
1447 2083 1498 2124 ut
1526 2083 1658 2125 esset
1684 2073 1916 2136 obtinuit,
1968 2072 2037 2122 id-

134 2177 253 2227 que,
308 2160 347 2210 si
382 2178 407 2210 a
438 2158 607 2211 bestiis
643 2159 699 2208 ad
732 2157 979 2222 homines,
1038 2166 1085 2207 et
1117 2157 1174 2207 ab
1204 2157 1262 2207 iis
1292 2160 1346 2208 ad
1386 2159 1584 2226 angelos
1618 2159 1838 2227 progredi
1870 2157 2036 2208 volue-

135 2244 232 2308 ris,
287 2262 453 2296 verum
487 2260 596 2295 esse
622 2242 911 2310 comperies.
985 2241 1122 2292 Nihil
1154 2242 1279 2292 enim
1315 2260 1479 2294 eorum
1510 2260 1630 2310 quae
1659 2244 1781 2293 facta
1811 2250 1923 2293 sunt
1948 2241 2039 2292 sibi

136 2338 187 2379 ut
218 2329 456 2380 existeret
493 2327 763 2390 concessit,
820 2327 903 2377 sed
943 2326 1002 2376 ab
1042 2344 1099 2377 eo
1139 2327 1243 2377 solo
1287 2328 1412 2395 quod
1461 2336 1536 2378 est
1575 2325 1813 2378 existendi
1853 2326 2038 2376 initium

136 2412 338 2480 accepit.
414 2411 740 2479 Quamobrem
769 2428 886 2461 cave
917 2411 1150 2461 eiusmodi
1182 2411 1476 2474 rationibus,
1530 2412 1699 2480 quibus
1726 2419 1893 2480 argute
1925 2428 2040 2460 con-

136 2498 329 2548 cludere
376 2504 472 2546 tete
521 2505 687 2563 putaS,
746 2496 802 2544 ad
841 2495 885 2545 id
920 2496 1043 2562 quod
1085 2495 1238 2546 maius
1279 2514 1335 2546 ac
1368 2496 1691 2564 praestantius
1736 2505 1810 2546 est
1853 2504 2043 2564 praeter

136 2590 353 2632 naturam
396 2588 442 2629 te
483 2596 539 2629 ac
580 2578 818 2629 violenter
858 2579 1114 2629 extendas.
1194 2579 1299 2630 Hoc
1340 2581 1465 2630 enim
1505 2581 1544 2630 si
1587 2580 1788 2643 feceris,
1845 2579 2039 2630 omnino

135 2665 319 2717 viribus
356 2664 571 2713 defectus
617 2663 834 2712 excides.
912 2660 1308 2731 Quandoquidem
1351 2666 1521 2715 unicus
1562 2665 1636 2715 dei
1675 2665 1797 2715 filius
1828 2662 2043 2732 aequalis

137 2758 240 2812 est,
281 2766 337 2798 ac
363 2747 535 2798 similis
564 2746 653 2796 deo
686 2746 832 2814 patri,
887 2746 999 2796 licet
1030 2747 1119 2797 boc
1147 2748 1390 2815 diguitatis
1422 2749 1623 2813 habeat,
1680 2758 1729 2799 ut
1754 2748 1812 2799 ab
1843 2766 1901 2798 eo
1931 2766 2038 2816 pro-

137 2834 306 2883 ductus
350 2832 413 2882 sit
444 2848 500 2881 ac
532 2830 743 2898 genitus.
820 2828 954 2879 Nihil
988 2832 1115 2880 enim
1154 2832 1213 2881 ob
1243 2833 1331 2882 hoc
1368 2832 1521 2901 ipsum
1553 2833 1610 2883 ab
1639 2833 1925 2899 aequalitate
1960 2849 2039 2898 pa-

138 2917 223 2967 tris
251 2916 556 2977 abhorrebit,
599 2914 663 2964 uti
694 2931 781 2963 nec
809 2931 835 2963 a
863 2914 1191 2965 similitudine.
1268 2914 1394 2966 Nam
1424 2916 1540 2966 nibil
1572 2934 1737 2967 eorum
1768 2932 1889 2983 quae
1918 2916 2040 2965 facta

137 3008 248 3051 sunt
271 2999 361 3051 sibi
390 3008 439 3050 ut
470 3007 601 3051 esset
631 2998 857 3057 contulit,
902 2999 1294 3064 quemadmodum
1332 2992 1776 3068 praestantissimus
1804 2999 1913 3061 ille,
1970 3007 2041 3047 at-

136 3102 227 3152 que
255 3084 382 3135 omni
410 3101 476 3135 ex
506 3092 638 3151 parte
668 3083 908 3150 perfectus
927 3119 939 3143 ,
981 3081 1038 3130 ab
1071 3082 1198 3132 nullo
1225 3083 1411 3133 initium
1442 3084 1552 3134 olim
1585 3083 1772 3145 habuit,
1829 3100 1886 3132 eo
1916 3084 2040 3151 quod

137 3186 378 3235 nunquam
419 3185 529 3219 esse
569 3166 802 3235 coeperit.
878 3163 1085 3233 Semper
1122 3166 1246 3216 enim
1290 3167 1479 3230 extitit,
1536 3166 1796 3233 existitque
1828 3184 2037 3235 semper,

138 3253 327 3303 tametsi
361 3252 406 3302 in
437 3252 687 3302 identitate
719 3259 938 3312 maneat,
993 3266 1147 3316 neque
1179 3251 1266 3300 sibi
1300 3259 1351 3301 ut
1378 3259 1511 3302 esset
1548 3251 1786 3300 tribuerit.
1866 3248 1918 3300 ln
1948 3268 2040 3318 quo

136 3354 234 3387 non
258 3336 511 3403 ambiguae
543 3352 690 3386 voces
720 3334 1021 3402 quaerendae
1049 3342 1192 3396 sunt,
1233 3336 1316 3384 sed
1346 3334 1535 3384 sincera
1565 3351 1620 3383 ac
1643 3334 1805 3402 pietati
1837 3351 2041 3384 consen-

143 3429 287 3470 tanea
326 3419 593 3471 adhibenda
631 3418 975 3470 consideratio.

277 3502 343 3555 lt.
388 3502 667 3566 Praeterea,
710 3520 814 3553 cum
842 3503 911 3553 sic
940 3502 1040 3569 ipsc
1067 3500 1278 3568 disputes
1297 3539 1310 3564 ,
1353 3500 1494 3567 Quod
1523 3502 1562 3551 si
1595 3501 1684 3569 ipsi
1713 3501 1804 3553 sibi
1827 3511 1878 3554 ut
1907 3513 2038 3555 esset

192 3613 231 3655 8.
285 3618 389 3655 Verte
429 3615 517 3655 Nec
563 3614 734 3655 contulit
778 3613 939 3668 quidem
977 3612 1064 3664 ipse
1181 3613 1243 3651 10.
1275 3614 1422 3663 Scripsi
1445 3614 1506 3669 τῷ
1530 3626 1600 3664 pro
1625 3613 1710 3665 τοῦ,
1741 3616 1843 3665 quod
1868 3617 1909 3656 in
1936 3617 2043 3657 libris

137 3669 214 3709 sibi
244 3678 290 3708 ut
319 3679 440 3718 esset,
472 3685 519 3710 ex
550 3680 618 3711 tua
648 3670 878 3718 sententia,
920 3669 953 3708 si
983 3672 1063 3708 cett.
1122 3672 1174 3707 est
1201 3671 1386 3708 omnibus.

193 3725 231 3767 9.
262 3720 376 3773 ὄντος
401 3729 511 3766 codd.
537 3740 626 3768 mss.
653 3732 688 3768 et
716 3729 804 3767 edit.
827 3729 951 3776 princ.
998 3719 1062 3768 ὅν-
1179 3723 1238 3763 11.
1270 3727 1313 3763 In
1339 3727 1443 3764 libris
1485 3728 1595 3767 editis
1633 3728 1808 3768 mendose
1838 3732 2042 3771 exaratum

140 3795 224 3830 τως
252 3784 340 3822 edit.
372 3785 501 3822 Petav.
1119 3784 1170 3820 est
1199 3781 1258 3837 τῷ
1291 3775 1402 3822 εἶναι.
