2508 4134
672 287 813 328 TOM1
842 286 1054 327 PRIORIS
1086 287 1220 328 PARS
1250 288 1566 329 Pos‘rssmoss.
1969 278 2072 328 627

284 384 414 439 Pag.
440 384 530 428 68.
583 383 612 425 1.
637 383 667 425 1.
695 383 775 438 τῆς
799 378 926 426 αὐτοῦ
956 381 1061 437 μετὰ
1089 382 1164 437 τῆν
1193 382 1274 428 άπὸ
1301 385 1381 440 τῆς
1407 382 1586 439 Πάτμου
1614 386 1751 440 (ζωῆς
1775 393 1816 425 et
1843 381 1970 428 αὐτοῦ
1996 384 2074 424 de-

174 454 288 506 sunt)
316 453 423 497 ,Vem
454 477 507 485 —
565 452 592 492 1.
611 452 652 496 3.
694 451 762 496 ἐπὶ
793 453 873 505 τῆς
898 449 1044 500 Ἀσίας
1080 453 1213 494 firmat
1243 456 1345 494 Ven.
1381 479 1428 486 -
1487 455 1514 494 l.
1534 452 1573 495 4.
1616 450 1813 508 ἐνσάρκου
1849 455 2078 509 παρουσίας

174 524 283 565 λεπτ.
313 523 415 563 ven.
443 546 498 555 —-
553 523 580 564 l.
594 521 637 565 6.
664 518 902 577 τραχύτατα
927 522 1029 561 Ven.
1064 545 1113 552 -
1171 522 1199 564 l.
1216 522 1255 564 7.
1285 522 1417 577 πλάνη
1448 523 1519 566 καὶ
1546 525 1647 563 ven.
1681 549 1728 555 --
1790 525 1871 567 LS.
1903 526 2075 579 Repone

173 605 223 632 ex
250 592 352 631 Ven.
380 587 545 642 αὐτοῖς,
591 591 663 635 καὶ
685 590 822 634 εἰπεῖν.
858 614 907 622 —-
964 590 991 630 l.
1015 591 1074 630 10.
1119 590 1192 632 καὶ
1232 585 1345 634 ἄλλοι
1383 593 1443 646 (οἱ
1480 592 1615 647 deest)
1649 595 1749 634 Ven.
1781 618 1834 625 —
1891 594 2006 636 1.12.
2040 598 2074 634 A

173 662 275 700 Ven.
305 659 422 700 abest
443 659 512 704 τὸν
537 668 632 715 post
655 660 864 714 νομίσητε.
885 682 941 690 -
982 659 1009 699 l.
1031 659 1090 700 13.
1124 658 1183 701 ἔκ.
1209 655 1325 712 ὑμῶν
1350 656 1429 704 οἷπό
1455 675 1501 703 τε
1529 662 1718 714 γεννᾶται
1741 665 1841 703 Ven.
1862 687 1917 694 —-
1957 664 1985 704 l.
2009 661 2073 706 14.

172 726 318 783 λόγος,
351 726 373 772 ὁ
400 727 490 778 υἱὸς
518 732 621 772 Ven.
658 753 703 761 -
762 729 789 770 l.
818 731 875 771 18.
907 724 988 772 ἀπὸ
1017 725 1173 783 χρόνων
1198 731 1269 771 τοῦ
1297 726 1506 783 ζΑβροιάμ,
1538 725 1633 773 οὔτε
1655 732 1771 783 Νῶε,
1803 728 1898 776 οὔτε
1919 729 2073 787 Ἀδὰμ,

173 792 268 841 οὕτε
308 794 389 842 άπὸ
427 799 619 854 πέμπτης
661 800 759 854 (τῆς
794 798 931 852 deest)
970 795 1048 851 τῖμ.
1091 800 1191 838 Ven.
1222 821 1277 830 --
1332 798 1359 838 l.
1380 800 1446 840 20.
1491 796 1608 849 ἐξότε
1638 798 1660 844 ὁ
1689 798 1861 855 οὐρανὸς
1887 804 1989 842 Ven.
2020 825 2075 834 —

170 866 196 907 1.
219 869 285 909 21.
317 866 362 917 ἐξ
389 863 461 910 δ’τε
489 867 648 923 κόσμος
677 865 721 923 (ὁ
748 868 880 920 deest)
908 869 1008 908 Ven.
1041 891 1093 898 —-
1152 867 1178 908 l.
1199 864 1265 908 24.
1308 868 1447 921 ἴδομεν
1476 871 1575 909 Ven.
1607 894 1662 902 —-·
1718 870 1744 911 1.
1764 872 1831 913 26.
1862 871 2075 925 μαρτυρη-

172 950 236 979 σει
263 936 328 977 ed.
354 938 492 980 Petav.
525 964 574 970 -
634 940 660 980 l.
680 939 744 982 27.
776 934 954 991 πάντες,
983 945 1080 991 post
1103 937 1195 991 ἵνα,
1227 951 1307 976 om.
1342 939 1443 978 ven.
1472 963 1526 969 —-
1584 939 1609 979 l.
1626 939 1666 981 6.
1694 940 1744 980 ab
1770 941 1845 980 inf.
1879 940 1923 991 ἐξ
1951 941 2074 995 αἵμα-

169 1018 249 1054 τος.
283 1031 333 1037 —-
390 1007 418 1048 1.
441 1010 480 1049 5.
509 1009 560 1049 ab
585 1008 659 1049 inf.
689 1005 740 1049 Ὁ
768 1005 910 1062 λόγος,
940 1007 1073 1062 φησὶ,
1106 1005 1209 1061 σὰρξ
1236 1005 1297 1060 ἐγ.
1322 1007 1394 1049 καὶ
1421 1006 1659 1062 ἐσκήνωσεν
1690 1011 1793 1050 Ven.
1825 1035 1877 1041 -
1935 1010 2007 1052 1.3
2035 1019 2075 1050 et

169 1076 208 1117 2.
237 1076 288 1116 ab
314 1076 389 1116 inf.
421 1074 572 1126 πάντες
599 1075 727 1132 ἡμεῖς
761 1079 862 1118 Ven.

278 1146 408 1203 Pag.
429 1148 514 1191 ⁷0.
569 1148 596 1188 1.
625 1153 653 1188 Ι.
694 1146 855 1201 ἐγένετο
880 1145 920 1189 ἐν
950 1147 1077 1197 Bait,
1110 1145 1151 1190 ἐν
1180 1146 1228 1191 δὲ
1255 1143 1394 1196 ἄλλοις
1425 1149 1526 1188 Ven.
1587 1151 1674 1189 Bas.
1706 1149 1830 1190 habet
1859 1149 2073 1204 Βηὲαμα-

170 1213 235 1270 ρά.
266 1240 321 1247 -
377 1217 403 1256 l.
426 1218 465 1257 2.
494 1216 672 1274 Βιῇανίᾳ
701 1220 730 1257 V
737 1232 800 1257 en.
832 1241 885 1248 --
941 1218 968 1258 l.
988 1218 1027 1260 3.
1063 1215 1168 1271 μετὰ
1190 1220 1324 1260 ταῦτα
1348 1214 1482 1261 πάντα
1509 1221 1634 1261 δεικν.
1667 1220 1770 1259 Ven.
1829 1219 1943 1260 Idem
1970 1219 2074 1260 liber

170 1300 249 1325 om.
281 1285 496 1327 articulum
538 1288 610 1332 τοῦ
640 1295 735 1328 ante
760 1283 968 1329 Ἰωάννου.
1000 1311 1051 1318 -
1110 1287 1136 1327 l.
1161 1289 1198 1329 5.
1245 1282 1502 1340 Acue‘'Qpa.
1534 1313 1587 1319 -—
1644 1288 1669 1328 l.
1694 1289 1731 1330 7.
1764 1284 1890 1336 αὐτὸς
1913 1291 2075 1342 πρῶτος

169 1357 272 1396 Ven.
303 1380 358 1387 —
414 1356 497 1398 ta.
527 1355 597 1400 τὸν
621 1356 811 1399 Μεσσίαν
836 1358 940 1397 Veu.
971 1357 1133 1400 Μεσίαν
1160 1360 1246 1397 BaS.
1282 1381 1329 1387 —
1388 1357 1498 1398 1.15.
1530 1359 1629 1407 τοῦ,
1660 1367 1755 1398 ante
1782 1353 1964 1412 Ἰωσὴφ,
1995 1373 2073 1398 om.

169 1426 272 1467 Ven.
303 1450 356 1458 —-
415 1426 442 1466 l.
467 1428 527 1467 15.
556 1424 756 1478 Ναζαρὲὲ
782 1425 886 1482 (bis)
913 1428 1014 1468 Ven.
1045 1451 1093 1458 -
1155 1426 1182 1467 l.
1209 1427 1269 1469 17.
1302 1423 1350 1480 ὁ,
1381 1434 1476 1466 ante
1508 1426 1733 1480 Φίλιππος,
1780 1442 1858 1468 om.
1885 1430 1985 1469 Ven.
2024 1452 2071 1459 —-

167 1494 196 1536 l.
213 1496 278 1536 21.
314 1493 445 1550 συκῆν
470 1496 555 1539 ἴδον
586 1510 634 1539 σε
659 1498 758 1537 Ven.
790 1520 843 1528 -
901 1496 927 1539 l.
948 1498 1013 1538 22.
1047 1494 1097 1538 σὺ
1127 1494 1166 1539 εἷ
1191 1493 1213 1539 ὅ
1240 1494 1436 1552 βασιλεὺς
1461 1497 1533 1539 τοῦ
1559 1493 1745 1551 Ἰσραὴλ.
1802 1494 1974 1551 Ἀπεκρ.
2001 1495 2074 1539 αὖ·

166 1567 227 1621 τῷ
257 1562 278 1608 ὁ
303 1562 472 1619 Ἰησοῦς
503 1567 604 1607 Ven.
633 1590 687 1597 —
743 1566 768 1606 l.
790 1564 856 1607 ¹24.
900 1567 984 1609 ἴδον
1019 1566 1096 1620 (ita
1132 1566 1392 1621 plerumque)
1434 1565 1481 1609 σὲ
1517 1568 1622 1608 Ven.
1651 1591 1702 1598 —-
1762 1567 1862 1607 lbid.
1907 1567 2075 1620 μείζονα

168 1636 271 1675 Ven.
303 1659 354 1666 —-
410 1635 436 1675 1.
456 1635 523 1677 28.
555 1633 661 1690 μετὰ
686 1634 998 1689 τεσσαράκοντα
1025 1633 1121 1688 (τοὶς
1147 1636 1283 1687 deest)
1312 1639 1415 1677 Ven.
1446 1660 1499 1667 —
1555 1637 1570 1676 l
1602 1626 1720 1678 &ab
1749 1636 1825 1677 inf.
1854 1638 1909 1693 τῇ
1942 1635 2075 1680 ἐπαύ-

168 1719 273 1758 ριον,
315 1701 375 1753 ὥς
402 1704 538 1759 λέγει,
580 1706 645 1749 ἴδε
673 1702 695 1748 ὁ
721 1702 853 1760 οἷμνός
882 1708 982 1746 Ven.
1013 1728 1067 1737 -
1123 1706 1149 1745 l.
1168 1706 1208 1746 5.
1238 1706 1289 1746 ab
1316 1706 1392 1746 inf.
1424 1706 1560 1747 Verba
1585 1706 1774 1760 γέγονεν,
1819 1702 1886 1750 ὅτι
1909 1705 2076 1761 πρῶτος

168 1789 246 1828 μου
276 1788 357 1815 om.
395 1776 498 1817 Ven.

276 1846 406 1902 Pag.
428 1845 513 1890 72.
571 1846 598 1887 l.
622 1846 662 1887 3.
693 1842 775 1889 οἷπό
805 1846 885 1899 τῆς
912 1845 1141 1894 Γαλιλαίας
1170 1847 1273 1885 ven.
1305 1870 1359 1876 —
1416 1846 1441 1885 l.
1469 1843 1506 1887 4.
1540 1847 1710 1900 Repone
1737 1841 1804 1889 ἔτι
1829 1847 2071 1901 particulam

169 1922 266 1968 post
302 1913 373 1958 Διὸ
415 1914 549 1969 λέγει,
593 1929 695 1970 quae
729 1915 983 1955 desideratur
1014 1915 1135 1955 etiam
1162 1915 1205 1955 in
1235 1916 1298 1956 ed.
1326 1917 1464 1956 Petav.
1494 1917 1637 1957 Colon.
1670 1940 1721 1946 —-—
1781 1917 1806 1956 l.
1836 1917 1896 1958 13.
1927 1917 2073 1971 μεσίαν

172 1984 248 2038 <uti
276 1985 420 2039 saepe)
454 1986 543 2025 Bas.
573 2009 628 2016 ——
684 1985 709 2024 l.
742 1986 803 2026 15.
852 1985 1018 2038 Corrige
1051 1986 1223 2039 Κηφᾶς.
1282 1986 1355 2025 Ed.
1396 1987 1533 2027 Petav.
1572 1986 1696 2026 etiam
1735 1986 1862 2027 habet
1901 1985 2073 2041 Κηφας.

170 2057 216 2094 ln
245 2056 345 2095 Ven.
373 2063 436 2095 est
462 2053 535 2097 καὶ
564 2052 623 2102 ὥς
649 2053 741 2097 ἐκεῖ
761 2052 792 2108 ἦ
818 2050 958 2106 άκολ.,
989 2054 1144 2095 omissis
1171 2070 1274 2110 quae
1301 2064 1524 2110 sequuntur
1548 2056 1680 2096 verbis
1711 2051 1775 2099 ὅτι
1801 2054 1911 2099 εἶπεν
1940 2052 2073 2113 αὐτῷ,

168 2122 236 2167 Σὺ
263 2122 480 2180 κληῧησῃ.
511 2148 565 2155 -
622 2124 649 2165 l.
672 2127 733 2166 15.
776 2127 904 2178 φησὶν
942 2139 1021 2165 om.
1049 2127 1152 2166 Ven.
1186 2150 1236 2157 -
1294 2125 1322 2165 1.
1351 2126 1410 2169 17.
1456 2126 1590 2166 Verba
1623 2125 1671 2168 ἐκ
1701 2127 1782 2180 τῆς
1805 2122 1966 2174 πόλεως
1993 2141 2072 2166 om.

168 2196 269 2234 Ven.
295 2218 347 2225 —
403 2194 512 2236 1:21.
545 2195 703 2249 εἴρηκε,
733 2192 804 2238 διὰ
831 2192 876 2239 τὸ
909 2189 1056 2248 ὅμορον
1086 2197 1188 2236 Ven.
1215 2219 1268 2226 —
1324 2195 1351 2235 l.
1368 2197 1435 2236 22.
1469 2196 1639 2250 Repone
1665 2196 1880 2237 articulum
1905 2195 1952 2240 τὸ
1977 2206 2073 2237 ante

165 2259 409 2320 ὁμότεχνον,
454 2264 523 2319 qui
547 2264 802 2305 desideratur
831 2264 952 2304 etiam
982 2264 1022 2304 in
1051 2264 1150 2304 edit.
1180 2266 1320 2305 Petav.
1354 2265 1496 2305 Colon.
1528 2290 1579 2297 -
1638 2266 1664 2306 l.
1684 2266 1750 2308 27.
1779 2267 1858 2321 τῆς
1884 2281 2075 2322 πραγμα-

164 2333 278 2382 τείας
306 2330 464 2388 ταύτης
489 2330 521 2388 τί
545 2329 779 2378 οἷκολουέϊία.
813 2337 914 2375 Ven.
947 2358 998 2364 --
1055 2334 1083 2374 l.
1105 2334 1171 2376 29.
1203 2329 1292 2388 ἥδη
1319 2336 1476 2389 μαδητ.
1503 2334 1575 2377 καὶ
1600 2333 1676 2390 την
1705 2335 1809 2379 ἰδίαν
1835 2336 1983 2392 τέχνην
2009 2336 2075 2391 ἐρ-

165 2402 383 2457 γαζόμενοι
409 2403 480 2446 καὶ
505 2405 558 2459 τῇ
589 2404 801 2460 μαδητείᾳ
828 2406 931 2445 Ven.
964 2428 1019 2435 —
1076 2404 1102 2446 l.
1122 2404 1189 2446 31.
1222 2407 1300 2445 Pro
1333 2404 1516 2459 ἔρουσιν,
1546 2405 1657 2460 quod
1682 2406 1872 2447 mendum
1900 2407 2075 2447 transla-

164 2481 252 2512 tum
292 2482 354 2514 est
390 2488 438 2514 ex
477 2473 541 2514 ed.
584 2474 725 2514 Petav.
767 2474 938 2524 Colon.,
982 2487 1139 2528 repone
1173 2473 1345 2530 ἔχουσιν.
1376 2500 1427 2505 -
1487 2475 1513 2515 1.
1535 2476 1602 2518 32.
1637 2476 1693 2531 τῇ
1723 2470 1861 2532 αὔριον
1888 2479 1990 2517 Ven.
2018 2500 2075 2508 ——

165 2541 194 2583 l.
216 2544 254 2584 5.
286 2544 337 2584 ab
366 2543 443 2584 inf.
472 2542 545 2585 καὶ
574 2539 816 2592 ὑποθέσεως
849 2547 950 2587 Ven.

276 2613 407 2669 Pag.
426 2613 512 2656 ⁷4.
566 2612 594 2653 l.
619 2616 648 2652 Ι.
679 2613 864 2654 Restitue
888 2628 937 2655 ex
963 2618 1123 2657 Veneto
1151 2613 1283 2658 ἐλὲὠν
1308 2614 1552 2671 παρῴκησε.
1580 2641 1633 2647 -
1689 2616 1717 2656 l.
1734 2616 1773 2658 2.
1803 2622 1943 2672 χεῖραν
1970 2619 2071 2658 Ven.

167 2706 213 2714 —-
247 2682 274 2723 l.
295 2681 335 2723 4.
367 2678 413 2724 οὗ
438 2680 600 2736 μακρὰν
630 2683 844 2724 confirmat
872 2686 974 2726 Ven.
1006 2708 1059 2717 -
1116 2685 1142 2725 l.
1163 2688 1203 2727 5.
1232 2683 1431 2736 διασώζοι
1460 2688 1548 2725 Bas.
1578 2687 1724 2726 Venet.
1751 2687 1876 2727 habet
1901 2683 2069 2741 άνῆκεν.

165 2777 208 2783 -
247 2752 275 2793 l.
294 2752 332 2794 6.
364 2749 519 2805 ταύτην
548 2750 626 2806 τήν
653 2747 897 2796 άκολουὲῐίαν
927 2755 1030 2795 Ven.
1060 2779 1116 2787 —-
1172 2756 1199 2795 l.
1230 2757 1287 2799 13.
1320 2757 1511 2810 Καφαρν.
1540 2753 1659 2799 πάλιν
1686 2754 1935 2812 κατῴκησεν
1965 2758 2068 2796 Ven.

165 2823 305 2863 Recte.
336 2847 390 2854 —
445 2823 563 2865 1.,15.
591 2819 669 2871 τὰ,
700 2830 797 2876 post
824 2820 1062 2878 βάλλοντας,
1095 2840 1174 2866 om.
1202 2828 1302 2865 Ven.
1335 2849 1386 2855 —
1445 2825 1471 2866 l.
1498 2824 1560 2866 16.
1591 2824 1655 2879 τὸ,
1685 2835 1782 2866 ante
1806 2825 1956 2875 τέλεον,
1990 2839 2071 2867 om.

164 2894 271 2934 Ven.
288 2915 342 2923 —
370 2891 396 2932 l.
418 2890 480 2933 19.
510 2887 840 2945 οἷμεταστρεπτεὶ
854 2895 955 2933 Ven.
980 2918 1029 2924 —
1073 2895 1097 2934 l.
1117 2896 1183 2937 21.
1214 2891 1365 2951 ἀνέβην
1383 2897 1486 2934 Ven.
1515 2919 1568 2926 —
1610 2896 1635 2936 l.
1653 2895 1720 2936 23.
1752 2895 1909 2936 Petavii
1926 2894 2071 2934 conie-

165 2973 320 3004 cturam
347 2958 475 3005 αὐτοῦ
501 2957 644 3010 αὐτοῖς
670 2962 802 3002 firmat
824 2964 923 3003 Ven.
945 2987 1000 2994 —
1056 2962 1163 3006 1.2-’1.
1196 2960 1269 3008 ’ὅτε
1295 2965 1405 3019 λέγει
1421 2967 1523 3005 Ven.
1554 2989 1608 2995 -
1665 2966 1775 3007 1.3Ο.
1807 2964 1944 3020 ἐπὶτῇ
1960 2960 2071 3021 ἄγρᾳ

163 3048 198 3076 τ.
227 3033 308 3089 ἰχὲἲ.
336 3028 472 3075 αὐτῶν
503 3029 807 3086 θαυμασάντων
825 3035 928 3072 Ven.
961 3057 1011 3063 —
1071 3034 1097 3074 1.
1116 3035 1182 3076 31.
1213 3034 1399 3088 λέγοντος
1423 3030 1502 3088 ὅτι,
1530 3030 1719 3088 Ἐξῆλξτε
1744 3037 1845 3075 Ven.
1878 3057 1929 3065 -—
1986 3034 2013 3075 l.
2027 3034 2068 3076 6.

163 3103 214 3144 ab
239 3102 315 3142 inf.
345 3101 417 3144 καὶ
442 3100 690 3155 ἐπιπρέψαι
717 3103 821 3143 ven.
853 3126 905 3134 -
963 3103 990 3143 1.
1012 3105 1052 3144 5.
1083 3104 1133 3143 ab
1158 3104 1231 3143 inf.
1274 3105 1443 3158 Repone
1474 3119 1522 3144 ex
1548 3107 1708 3144 Veneto
1733 3103 1804 3146 καὶ
1829 3102 1905 3158 τήν
1933 3104 2069 3147 πᾶσαν

165 3172 362 3227 ἐργασίαν
392 3173 474 3225 τῆς
502 3168 623 3220 οἱλίας
650 3173 751 3212 ven.
784 3196 836 3202 —
893 3172 920 3211 l.
943 3171 982 3213 4.
1008 3172 1059 3213 ab
1082 3172 1155 3212 inf.
1201 3174 1348 3215 Venet.
1373 3174 1477 3214 bene
1502 3171 1605 3217 ἀλλὰ
1633 3173 1693 3216 ἔτι
1720 3171 1903 3217 δύναται.
1934 3198 1987 3204 -
2044 3174 2069 3214 l.

165 3243 323 3298 penult.
357 3239 430 3285 σὺν
458 3246 544 3290 τοῖς
574 3237 767 3297 μετόχοις
800 3250 938 3282 tuetur
967 3244 1068 3283 Ven.
1100 3256 1271 3297 quoque.

275 3313 406 3370 Pag.
425 3313 512 3356 28.
567 3311 649 3353 l.3.
680 3311 864 3351 Restitue
894 3326 943 3351 ex
965 3313 1067 3352 ven.
1096 3311 1255 3366 ἔφημεν
1278 3312 1590 3367 διανενοημένοι.
1617 3336 1672 3343 -
1732 3312 1833 3354 lbid.
1864 3311 1967 3356 εἶναι
1991 3313 2072 3357 πά-

165 3385 223 3427 λιν
250 3381 360 3438 τάχα
384 3371 486 3423 vein.
519 3406 573 3413 —
630 3379 715 3424 1.-1.
757 3379 827 3424 διά
854 3396 900 3424 τε
928 3380 974 3425 τὸ
1008 3395 1168 3435 συνεργ.
1195 3384 1300 3421 Ven.
1331 3406 1383 3435 ‚—
1442 3383 1470 3422 l.
1491 3382 1530 3424 6.
1560 3385 1704 3432 πλοῖα,
1749 3382 1822 3425 καὶ
1846 3380 1990 3432 ἁπλῶς
2018 3380 2073 3427 ἅ-

163 3468 323 3502 παντα,
365 3449 424 3500 ὥς
451 3451 601 3506 φησὶν,
645 3447 822 3505 οἷφέντες
847 3449 898 3494 τὰ
925 3453 1047 3494 πλοῖα
1077 3450 1137 3499 εἰς
1164 3449 1240 3504 τὴν
1268 3451 1346 3504 γῆν
1371 3461 1495 3505 auget
1522 3454 1715 3493 Venetus.
1747 3477 1800 3483 —
1856 3453 1882 3493 l.
1906 3454 1942 3496 7.
1974 3451 2071 3498 οὐδὲ

166 3522 242 3577 μία
279 3524 409 3576 Van„
456 3522 513 3562 uti
550 3522 671 3562 solet.
700 3546 754 3552 —
811 3520 914 3561 lbid.
956 3517 1044 3564 οὐδ’
1079 3518 1316 3574 ἐναντιότης
1344 3523 1445 3561 Ven.
1477 3546 1531 3552 —-
1589 3522 1675 3564 1.8.
1717 3518 1817 3565 ου’δὲ
1845 3522 1957 3576 παρὰ
1986 3529 2072 3573 τοῖς
2138 3543 2141 3546 ‘

166 3593 268 3632 Ven.
299 3615 353 3622 --
409 3591 437 3632 1.
462 3591 524 3634 13.
567 3590 769 3634 ἐπιτελεῖ.
786 3586 892 3639 ὤςτε
916 3588 1019 3633 εἶναι
1044 3588 1269 3641 ἐξάπαντος
1294 3587 1370 3643 την
1398 3587 1515 3633 οἷκολ.
1545 3586 1680 3640 οὕτως
1704 3594 1807 3634 Ven.
1839 3617 1891 3626 -—
1946 3594 1975 3634 l.
2004 3597 2069 3635 15.

163 3658 311 3715 Ἀἓυρὶ
335 3664 453 3711 δωδ.,
484 3658 544 3709 ὦς
569 3660 728 3716 ἔφημεν
757 3663 858 3701 Ven.
883 3684 939 3691 —
994 3660 1105 3702 1.16.
1138 3657 1213 3713 ἧμ.
1242 3657 1409 3713 πλήρης
1430 3668 1568 3701 tuetur
1594 3663 1740 3702 Venet.
1771 3677 1943 3718 quoque.
1993 3664 2070 3703 Ce-

163 3739 298 3772 terum
327 3745 402 3785 pro
429 3729 626 3785 πλῆρων,
668 3731 779 3786 quod
806 3730 845 3770 in
878 3738 991 3770 textu
1023 3730 1201 3784 legitur,
1245 3730 1401 3784 corrige
1431 3730 1632 3784 πληρέων.
1661 3756 1715 3762 -
1772 3733 1873 3773 lbid.
1903 3727 1936 3789 ἦ
1962 3733 2070 3777 ἐστιν

163 3799 243 3856 ἤμ.
272 3802 352 3856 τῆς
377 3798 501 3844 αὐτοῦ
536 3817 574 3844 κ.
605 3815 642 3843 σ.
676 3798 915 3856 γεννήσεως
943 3803 1046 3842 ven.
1075 3824 1132 3832 —-
1187 3800 1214 3841 1.
1240 3800 1303 3843 19.
1345 3798 1443 3854 μὲν,
1489 3810 1584 3841 ante
1614 3796 1724 3851 ἕντι,
1768 3817 1847 3844 om.
1876 3806 1980 3845 Veu.
2015 3826 2069 3835 —-

1604 3874 1731 3927 40*
