2508 4134
424 336 647 378 PANARn
678 335 781 376 Lm.
810 335 879 374 111.
921 334 1054 374 ΤοΜ.
1085 336 1133 373 n.
1174 334 1360 374 Exros
1391 334 1494 374 Fu).
1525 332 1755 375 carnot..
1938 321 2028 371 491

145 434 314 503 quibus
357 435 563 503 prudens
601 433 710 484 illud
754 432 953 499 quisque
999 430 1136 481 facile
1180 441 1338 499 potest
1370 432 1753 482 animadvertere
1793 440 1841 480 et
1878 447 1941 480 ex
1981 446 2036 480 ea

143 518 424 586 quaestione
446 516 678 580 indicare,
719 524 904 584 tempus
932 532 1074 565 omne
1097 513 1145 564 in
1170 513 1320 564 LXll
1346 515 1685 582 generationes
1712 515 1768 566 ad
1794 512 2038 566 Christum

142 618 294 670 usque
321 602 566 652 redactum
603 600 776 663 fuisse,
833 608 1084 667 propterea
1120 598 1242 666 quod
1272 599 1497 666 deinceps
1528 607 1632 666 post
1663 596 1936 661 Christum,
1991 606 2043 648 ut

144 701 207 736 ex
236 685 295 735 iis
327 701 449 752 quae
477 685 713 753 disputata
742 691 852 733 sunt
887 691 1111 751 apparet,
1162 681 1323 731 mundi
1351 690 1566 750 tempora
1600 700 1693 732 non
1724 683 1924 751 amplius
1958 699 2043 749 per

142 768 452 836 genealogias
493 768 676 835 digesta
711 776 840 818 sunt.
917 765 1012 834 Qui
1045 766 1232 833 quidem
1264 766 1466 816 mundus
1495 766 1542 815 in
1574 783 1667 816 una
1693 766 1773 817 illa
1806 783 2037 816 annorum

143 852 427 903 collectione
462 851 805 920 perfectionem
836 851 1033 918 adeptus
1061 858 1155 913 est,
1197 867 1335 917 quam
1366 848 1673 900 immutabilis
1700 867 1754 899 ac
1784 850 1935 900 solida
1966 850 2039 899 dei

142 936 364 987 voluntas
390 935 679 1003 obsignavit.
747 932 912 1002 Quare
937 933 995 984 ab
1023 933 1109 984 hac
1138 934 1301 984 eadem
1330 933 1528 1001 abrupta
1558 934 1906 1001 terminataque
1934 950 2043 985 sae-

141 1020 235 1070 culi
264 1019 642 1082 consummatio,
685 1027 732 1069 et
760 1019 815 1069 ad
845 1035 1016 1068 aevum
1052 1018 1259 1067 futurum
1289 1025 1339 1067 nt
1369 1016 1625 1085 impleatur
1655 1018 1888 1068 traducta.
1966 1015 2043 1069 Ob

141 1105 186 1154 id
217 1103 415 1166 dicitur,
463 1107 560 1153 Una
589 1113 662 1152 est
685 1104 892 1152 columba
922 1119 1045 1161 mea,
1084 1103 1294 1166 perfecta
1321 1119 1447 1162 mea,·
1501 1101 1636 1168 quasi
1670 1100 1717 1150 in
1752 1101 1901 1168 ipsam
1938 1101 2042 1151 nni-

140 1204 282 1240 versa
311 1187 558 1250 desinant,
601 1195 814 1255 tempora
843 1186 1093 1248 videlicet,
1150 1184 1262 1235 anni
1289 1203 1343 1235 ac
1374 1185 1739 1252 generationum
1767 1185 2039 1249 intervalla,

139 1270 245 1323 sive
292 1288 376 1340 per
413 1288 554 1339 reges
574 1309 586 1332 ‚
641 1272 743 1323 sive
774 1287 858 1338 per
889 1270 1141 1333 consules,
1197 1269 1301 1321 sive
1331 1286 1416 1338 per
1446 1265 1756 1337 Olympiadas
1786 1278 1868 1318 aut
1896 1269 2043 1337 magi·
2071 1283 2177 1318 eant.
2196 1283 2275 1326 6,3.

140 1363 321 1406 stratus
347 1364 614 1424 temporum
643 1356 792 1423 spatia
832 1362 1163 1405 numerentur.
1242 1350 1505 1421 Octoginta
1534 1370 1677 1421 porro
1707 1352 1902 1421 pellices
1934 1362 2044 1404 sunt

139 1439 269 1490 inter
296 1440 489 1507 reginas
516 1439 825 1501 interiectae,
867 1439 1009 1489 etiam
1044 1435 1256 1500 Christi,
1299 1455 1390 1506 qua
1422 1437 1563 1487 1101110
1591 1446 1692 1498 351,
1733 1453 1883 1504 regno
1919 1437 2043 1503 prio-

138 1540 240 1587 res,
281 1523 372 1574 hoc
397 1532 471 1573 est
491 1523 580 1573 fide
609 1522 805 1591 ipsaque
830 1539 1007 1591 sponsa
1035 1523 1214 1590 pariter
1236 1539 1290 1571 ac
1314 1521 1500 1590 virgine
1521 1531 1569 1572 et
1592 1521 1774 1572 illibata
1802 1521 2039 1584 columba,

141 1625 262 1676 quae
302 1606 439 1658 unica
479 1607 616 1658 matri
657 1616 731 1658 est
768 1615 911 1674 atque
949 1606 1191 1673 genitrici.

279 1689 525 1760 Siquidem
557 1691 761 1742 ecclesia
795 1691 854 1741 ab
883 1708 975 1741 una
1007 1690 1095 1741 fide
1123 1691 1313 1758 genita,
1363 1707 1420 1740 ac
1451 1707 1537 1758 per
1568 1689 1786 1758 spiritum
1827 1698 2041 1741 sanctum
2076 1694 2264 1749 Cap.V1.

138 1775 186 1826 in
217 1776 371 1826 lucem
413 1775 568 1839 edita,
623 1774 762 1825 unica
805 1784 880 1825 est
917 1777 996 1825 uni
1036 1775 1354 1842 genitricique
1391 1791 1526 1825 51133.
1605 1773 1732 1823 Τ11111
1763 1790 1880 1824 vero
1908 1784 2045 1842 quot·

139 1877 340 1928 cumque
369 1868 476 1927 post
501 1859 648 1921 illam,
692 1859 768 1909 vel
792 1868 902 1909 ante
932 1859 1231 1927 prodierunt,
1275 1859 1468 1927 pellices
1495 1857 1821 1908 nominantur.
1900 1855 2039 1925 Quae

138 1944 250 1994 licet
276 1961 301 1993 a
333 1951 650 2006 testamento,
702 1952 750 1993 et
794 1943 1058 1994 hereditate
1106 1961 1199 1993 nou
1232 1960 1428 2011 prorsus
1463 1941 1649 1992 alienae
1689 1942 1894 2004 fuerint,
1938 1942 2041 1992 nul-

139 2028 230 2078 lam
261 2036 419 2078 tamen
448 2045 475 2077 a
504 2027 652 2078 verbo
688 2027 847 2077 dotem
872 2027 1211 2091 obtinuerunt,
1254 2045 1342 2077 nec
1379 2027 1703 2077 infundentem
1736 2043 1788 2077 sc
1826 2026 2043 2095 spiritum

139 2119 356 2162 sanctum
387 2112 434 2162 in
474 2112 649 2179 seipsis
682 2120 1008 2179 exceperunt,
1062 2112 1146 2162 sed
1177 2112 1327 2162 solam
1356 2130 1460 2162 cum
1489 2111 1638 2161 verbo
1667 2111 1714 2162 in
1747 2110 2043 2161 conscientia

137 2211 225 2245 sua
255 2195 659 2246 necessitudinem
698 2195 985 2246 babuerunt.
1062 2194 1322 2247 Praeclare
1356 2196 1480 2246 enim
1511 2195 1632 2263 apud
1669 2194 1920 2246 Hebraeos
1943 2198 2045 2260 pel-

139 2283 241 2329 licis
282 2280 536 2348 appellatio
578 2280 874 2348 concipitur,
931 2298 1035 2330 cum
1075 2283 1428 2345 Phelegesestlza
1469 2280 1660 2330 dicitur.
1754 2278 1845 2330 Est
1883 2288 2039 2330 autem

135 2367 307 2428 Plzeleg
342 2364 490 2414 latine
524 2367 787 2424 dz'mz'dz‘um5
840 2368 971 2413 estha
999 2364 1248 2415 mulierem
1287 2365 1554 2432 siguificat,
1611 2373 1663 2414 ut
1699 2365 1824 2414 idem
1854 2364 1915 2414 sit
1947 2364 2046 2432 pel-

137 2447 247 2509 lex,
289 2465 345 2498 ac
373 2447 615 2497 dimidiata
643 2448 831 2499 mulier.
908 2447 1036 2499 Nam
1067 2449 1191 2516 quod
1226 2449 1282 2498 ad
1311 2449 1551 2499 domiuum
1583 2457 1797 2517 spectat,
1852 2449 2047 2499 univer-

138 2548 220 2581 sos
248 2531 324 2581 ille
350 2530 547 2580 liberam
577 2532 632 2582 ad
661 2533 812 2583 lucem
843 2533 1065 2596 vocavit,
1108 2532 1179 2583 bis
1207 2533 1399 2596 verbis,
1451 2538 1568 2582 Dum
1610 2536 1754 2582 lucem
1784 2535 1962 2582 habetis
2000 2537 2046 2583 z'n
2103 2546 2232 2580 Ioann

139 2617 293 2675 vobis,
335 2616 580 2664 ambulate.
661 2612 753 2667 Cui
786 2617 1101 2685 adstipulatur
1126 2618 1403 2686 apostolus,
1449 2622 1564 2677 Vos,
1606 2618 1778 2685 inquit,
1819 2621 1915 2667 diez
1937 2622 2046 2667 estzls
2079 2588 2257 2667 1.¹'²1'h{⁵si³.

124 2702 256 2763 filii,
297 2709 344 2748 et
371 2702 489 2748 luetis·
511 2701 632 2764 filie.
712 2697 830 2750 Item
865 2701 995 2751 alio
985 2719 1030 2751 111
1062 2701 1329 2770 scripturae
1357 2701 1490 2764 loco,
1534 2706 1627 2765 Quz
1645 2705 1763 2751 male
1789 2706 1907 2767 agzsst
1950 2706 2047 2751 odet
2068 2673 2298 2758 10313115330.

138 2787 300 2843 lucem,
342 2802 426 2833 nec
451 2787 635 2832 aceedit
661 2787 724 2832 ad
751 2787 912 2833 lucem
994 2782 1076 2834 Sic
1099 2785 1246 2852 igitur
1272 2786 1467 2853 pellices
1504 2804 1597 2836 non
1625 2787 1778 2854 palam
1809 2787 1971 2854 peric(
1978 2795 2046 2836 te

138 2885 259 2936 que,
304 2885 391 2919 nec
423 2868 614 2917 dotatae
643 2868 879 2917 ducuntur
910 2885 934 2916 a
971 2868 1119 2931 viris,
1161 2887 1215 2919 ac
1248 2870 1439 2919 tametsi
1470 2871 1745 2920 nonnullam
1779 2888 1884 2920 cum
1916 2870 2045 2920 viro-

137 2969 241 3002 rum
269 2951 549 3020 corporibus
588 2951 992 3001 neccssitudinem
1027 2953 1343 3016 contrahant,
1399 2954 1578 3004 liberae
1614 2954 1921 3004 nibilominus
1960 2954 2045 3004 ho-

138 3053 256 3086 nore
289 3036 507 3103 coniugis
536 3044 584 3085 et
613 3035 964 3103 appellatione,
1006 3053 1061 3085 ac
1093 3037 1346 3100 firmitate,
1389 3038 1528 3101 dote,
1585 3038 1875 3106 nuptialibus
1906 3039 2043 3088 donis

139 3138 193 3171 ac
219 3120 516 3183 muneribus,
558 3119 771 3187 legitima
794 3119 999 3186 denique
1028 3121 1366 3171 coniunctione
1396 3130 1580 3172 carent.
1660 3120 1911 3172 Eiusmodi
1933 3130 2046 3171 sunt

137 3205 379 3273 octoginta
406 3204 515 3254 illae
547 3203 822 3271 singillatim
852 3221 879 3253 a
910 3220 985 3252 me
1017 3204 1316 3270 percensitae
1347 3205 1592 3256 haereses.
1671 3204 1723 3255 In
1755 3206 1924 3272 quibus
1959 3206 2044 3255 mi-

137 3305 241 3338 rum
271 3289 382 3339 illud
413 3290 565 3340 videri
597 3287 771 3339 nemini
804 3287 962 3348 debet,
1004 3287 1042 3337 si
1072 3287 1118 3336 in
1144 3305 1429 3356 unaquaque
1459 3290 1659 3356 regione
1692 3289 1909 3355 singulae
1938 3290 2041 3340 aliis

138 3372 416 3439 quibusdam
452 3373 721 3423 nominibus
765 3371 882 3421 affici
917 3370 1123 3421 soleant.
1203 3369 1333 3437 Quin
1373 3381 1421 3422 et
1454 3374 1564 3423 illud
1601 3373 1940 3423 observatione
1974 3374 2065 3425 di-.

138 3473 283 3523 gnum
311 3465 413 3518 est,
467 3473 815 3525 saepenumero
848 3455 1105 3522 quamlibet
1135 3471 1219 3520 per
1249 3472 1358 3505 sese
1400 3456 1620 3506 haeresin
1658 3456 1859 3506 scissam
1892 3474 1946 3507 ac
1973 3458 2042 3507 di-

137 3539 290 3589 visam
324 3540 483 3591 varias
511 3542 557 3590 in
584 3550 746 3608 partes
778 3549 826 3589 et
853 3538 1087 3590 vocabula
1116 3538 1333 3588 distrahi.
1411 3537 1578 3605 Quod,
1634 3548 1683 3589 ut
1711 3540 1837 3602 dixi,
1892 3542 2041 3591 admi-

139 3623 234 3673 rari
277 3641 372 3673 non
413 3634 631 3692 oportet3
690 3642 745 3674 ac
783 3625 921 3692 plane
955 3623 1020 3672 ita
1052 3639 1161 3672 sese
1200 3640 1277 3672 res
1310 3623 1469 3673 babet.
1547 3621 1777 3674 Ceterum
1806 3622 2039 3675 LXXXI

139 3763 238 3812 dite,
284 3767 326 3802 ut
364 3765 478 3813 solet,
522 3769 766 3813 exponentem
800 3767 838 3802 V.
876 3765 929 3803 cl.
960 3765 1061 3803 Hase
1117 3766 1237 3803 Bonn.
1256 3793 1268 3813 ,
1315 3766 1380 3803 ubi
1408 3766 1523 3804 etiam
1555 3766 1654 3805 hunc
1680 3767 1811 3806 citavit
1839 3768 2034 3818 Epiphani

143 3820 182 3857 in
212 3820 347 3861 Leonis
380 3821 486 3862 Diae.
515 3822 610 3863 Hist.
650 3833 743 3873 pay.
766 3816 848 3862 430
876 3832 929 3871 sq.
948 3849 958 3869 ,
1001 3822 1058 3861 ed.
1119 3821 1251 3860 locum.
