2508 4134
232 713 320 748 pag.
341 702 439 740 1054.

243 1916 353 1972 Κεφ.
367 1913 446 1972 κγ’.

461 257 564 306 440
1168 264 1371 307 SANCTI
1399 265 1680 307 EPn’HANu

461 360 529 429 μὴ
569 360 688 433 δόξῃ
716 363 786 423 εἰς
812 359 957 429 ὕβριν
993 365 1139 413 τινῶν
1174 366 1318 414 τοῦτο
1351 363 1607 431 εἰρηκέναι.
1674 363 1893 432 Ἐρρέθη
1924 363 1978 416 δὲ
2010 364 2078 425 εἰς
2103 363 2390 434 κατάκρισίν

458 468 608 498 τινων
631 452 729 498 τῶν
755 444 823 513 μή
844 445 1092 499 θελόντων
1117 453 1223 518 θεῷ
1247 446 1505 514 σχολάζειν,
1545 444 1665 514 μετά
1689 445 1742 500 τό
1774 446 1900 500 κατά
1925 445 2011 501 τὸν
2042 446 2197 516 νόμον
2225 452 2389 517 βιοῦν,

462 531 547 583 καὶ
590 528 802 601 εὐλόγως
843 533 1108 601 ἐπιγνῶναι
1156 529 1210 583 τὸ
1253 528 1407 585 αὐτοῦ
1445 538 1620 594 σκεῦος
1656 534 1725 594 εἰς
1749 535 2093 586 παιδοποιΐαν·
2133 530 2201 596 ὥς
2229 535 2313 586 καὶ
2342 534 2396 586 οἱ

463 617 662 668 παλαιοὶ
702 617 905 685 πατέρες
935 613 1075 683 ήμῶν
1101 614 1258 688 τούτῳ
1287 622 1357 688 τῷ
1382 619 1498 670 εἴδει
1525 618 1803 686 κέχρηνται·
1857 614 1926 678 ὥς
1948 619 2032 669 καί
2056 639 2156 671 που
2182 615 2392 686 εὖρήκα-

465 721 552 768 μεν
576 701 815 770 λέγουσαν
843 699 932 767 τὴν
959 698 1181 770 γραφὴν,
1217 698 1442 770 Ῥεβέκκα
1470 702 1523 754 δὲ
1551 704 1599 764 ἐξ
1626 700 1737 763 ἕνὸς
1764 705 1932 768 κοίτην
1959 702 2146 769 ἔχουσα.
2228 701 2293 756 Τὸ
2322 702 2392 767 δὲ,

455 785 541 849 Ἐξ
579 783 716 848 ἕνδς,
771 784 923 838 εἰπών
963 785 1251 854 σεμνότερον
1277 793 1303 823 ‘²
1316 787 1403 854 μὲν
1427 785 1720 856 διηγήσατο,
1774 787 1921 849 ἔδειξε
1959 786 2011 838 δὲ
2038 784 2129 854 τὴν
2155 785 2395 854 σύλληψιν

465 873 662 923 δικαίαν
697 863 864 924 οὖσαν.
941 869 1090 924 Μετοὲ
1126 869 1218 941 γάρ
1249 869 1302 924 τὸ
1337 873 1588 939 ἐσχηκέναι
1613 872 1758 923 τέκνα
1789 873 2006 924 δείκνυσι
2029 872 2198 938 μηκέτι
2221 877 2281 945 τῇ
2309 893 2395 942 γυ-

462 956 599 1008 ναικὶ
635 953 787 1008 αὐτὸν
832 957 1166 1021 συναφθέντα.
1238 954 1357 1008 Ἀλλ’
1399 954 1660 1025 ἐπειδήπερ
1699 953 1877 1029 ῥᾴδιον
1913 957 1999 1009 καὶ
2039 955 2229 1026 εὐχερές
2266 958 2398 1010 ἐστιν

465 1041 544 1094 ἐπὶ
585 1037 645 1091 τοὶ
673 1046 839 1106 φαῦλα
879 1047 1058 1107 μᾶλλον
1095 1042 1363 1111 τρέπεσθαι
1388 1039 1476 1108 τὴν
1514 1038 1740 1094 διάνοιαν
1768 1039 1892 1111 ἥπερ
1923 1042 2007 1094 ἐπὶ
2038 1040 2098 1094 τά
2133 1041 2393 1112 ἀναγκαῖα,
2451 1086 2454 1088 ,

466 1123 736 1196 ὀλισθηροῦ
765 1124 904 1188 ὄντος
939 1131 1027 1179 τοῦ
1066 1123 1304 1196 ἡμετέρου
1347 1125 1674 1195 ἀνθρωπίνου
1705 1131 1965 1197 λογισμοῦ,
2017 1127 2100 1180 καὶ
2140 1124 2200 1180 οὗ
2229 1126 2396 1196 τάχιον

468 1210 772 1279 εὐθύνοντος
814 1210 971 1264 αὐτοῦ
1007 1208 1093 1277 τήν
1128 1208 1285 1280 ὁρμὴν
1310 1212 1391 1264 ἐπὶ
1416 1208 1733 1280 τήνεῦθεῖαν
1761 1208 1881 1265 όδὸν
1905 1216 1994 1264 τοῦ
2021 1215 2224 1282 κυρίου,
2276 1211 2396 1266 ἀλλὰ

468 1300 721 1359 κλίναντος
764 1295 835 1364 πὴ
863 1297 950 1364 μὲν
976 1296 1058 1348 ἐπὶ
1085 1295 1145 1347 τοὶ
1176 1294 1336 1360 δεξιά,
1388 1294 1459 1363 πή
1491 1296 1544 1349 δὲ
1571 1297 1653 1349 ἐπὶ
1689 1295 1749 1348 τά
1789 1293 2040 1367 ἀριστερά,
2091 1298 2176 1349 καὶ
2205 1299 2397 1367 βαρέως

466 1388 769 1450 πληροῦντος
786 1381 840 1435 td
867 1379 1002 1451 παρά
1029 1385 1096 1452 τῷ
1117 1387 1403 1449 Σολομῶντι
1429 1382 1702 1484 εἰρημένον,
1741 1380 1837 1450 Μή
1860 1385 2028 1456 κλίνῃς
2055 1383 2136 1436 ἐπὶ
2161 1380 2219 1436 τά
2246 1381 2396 1447 δεξιά,

469 1468 592 1535 μηδὲ
621 1468 703 1520 ἐπὶ
728 1489 788 1519 τα
815 1465 1071 1536 ἀριστερα,
1110 1465 1258 1519 πάλιν
1282 1464 1434 1528 άλλως
1463 1464 1582 1535 ἡμῖν
1609 1468 1943 1537 στρεφομένης
1966 1473 2053 1535 τῆς
2081 1471 2254 1530 κακίας
2284 1469 2399 1569 περὶ

467 1575 586 1615 τους
616 1550 802 1614 αὐτους
828 1550 1106 1621 λογισμοὺς,
1143 1553 1227 1604 καὶ
1259 1549 1495 1620 ωθούσης
1521 1574 1663 1620 ημων
1690 1551 1744 1605 τό
1775 1558 1980 1623 σῶφρον
2009 1551 2087 1620 ἐφ’
2114 1554 2277 1620 ἐτέρας
2305 1552 2398 1606 πά-

467 1644 542 1690 λιν
589 1635 740 1698 οδοῦς
781 1640 1020 1705 βαδίζειν,
1077 1635 1508 1704 3οἰσφαλισώμεθα
1553 1631 1643 1690 οῦν
1681 1636 1749 1705 μή
1793 1659 1901 1700 πως
1946 1661 2001 1692 το
2046 1639 2400 1709 περισσοτέρως

471 1722 771 1793 ἐγκωμιάσαι
796 1720 885 1790 τήν
913 1723 1173 1793 παρθένον
1205 1723 1400 1792 γένηταί
1426 1744 1522 1776 τινι
1549 1724 1618 1785 εἰς
1647 1721 1759 1777 ὅὶλλο
1789 1722 2083 1794 πρόςκομμα
2109 1727 2394 1791 φαντασίας.

615 1895 680 1946 Oi
706 1893 793 1961 μὲν
817 1891 911 1963 γάρ
941 1895 1009 1955 εἰς
1035 1892 1121 1947 τόν
1147 1892 1259 1947 υἱόν
1287 1897 1718 1963 βλασφημοῦντες,
1769 1893 2004 1966 καθάπερ
2034 1917 2118 1963 μοι
2143 1873 2251 1950 ι’ίνω
2277 1917 2397 1966 προ-

469 1976 762 2053 δεδήλωται,
801 1978 947 2044 φύσει
974 1978 1330 2049 ἀπαλλοτριοῦν
1358 1978 1512 2033 αὐτόν
1537 1986 1624 2047 τῆς
1654 1986 1674 2017 ¹
1693 1986 1781 2033 τοῦ
1812 1978 1999 2050 πατρός
2024 1979 2264 2049 θεότητος
2290 1983 2397 2048 ἐφι-

469 2063 802 2131 λοτιμήσαντο.
863 2062 1029 2118 ’Ἀλλοι
1059 2065 1111 2118 δὲ
1141 2064 1288 2118 πάλιν
1321 2066 1495 2136 ἑτέρως
1526 2063 1887 2134 φρονήσαντες,
1945 2062 2013 2128 οἷς
2040 2069 2196 2134 δῆθεν
2222 2072 2401 2135 2τιμῆ-

401 2156 405 2157 ’
472 2167 553 2202 σαι
590 2150 946 2219 περισσοτέρως
984 2152 1343 2220 προαχθέντες,
1395 2150 1481 2204 τὸν
1522 2147 1673 2203 αὐτόν
1719 2147 1840 2203 εἶναι
1880 2151 2066 2221 πατέρα
2098 2148 2265 2215 εἶπον,
2315 2153 2400 2205 καὶ

245 3451 330 3487 pag.
352 3444 448 3479 1⁰55.

469 2233 555 2287 τὸν
594 2233 746 2288 αὐτόν
793 2233 932 2299 υἷὸν,
983 2237 1065 2288 καὶ
1108 2234 1161 2288 τό
1205 2234 1325 2289 αὐτὸ
1371 2235 1513 2306 ἅγιον
1549 2241 1765 2302 πνεῦμα·
1821 2237 1960 2289 3ἔστι
1997 2236 2051 2289 δὲ
2080 2243 2183 2298 τοῖς
2210 2237 2402 2308 μέρεσιν

472 2318 771 2390 ἀμφοτέροις
798 2319 995 2382 ἀνίατος
1018 2318 1050 2388 ἡ
1077 2322 1250 2390 πληγή.
1333 2320 1476 2374 Οὕτω
1505 2321 1618 2390 περὶ
1641 2326 1726 2388 τῆς
1754 2317 1897 2391 ἀγίας
1921 2321 2102 2390 ταύτης
2133 2323 2217 2374 καὶ
2248 2345 2402 2390 μακα-

471 2409 655 2475 ρίτιδος
679 2405 1016 2475 ἀειπαρθένου
1033 2447 1045 2469 ,
1084 2408 1136 2458 οἷ
1160 2407 1247 2473 μὲν
1273 2408 1521 2477 ἐξυβρίσαι
1545 2404 1920 2474 τετολμήκασιν,
1961 2404 2029 2469 οἷς
2057 2415 2401 2473 συναφθεῖσαν

473 2488 626 2557 αὐτὴν
667 2492 810 2560 σαρκὶ
850 2489 968 2557 μετά
1005 2488 1095 2558 τὴν
1125 2494 1351 2560 μεγίστην
1381 2494 1567 2559 ἐκείνην
1600 2493 1684 2546 καὶ
1717 2489 1969 2562 ἀκραιφνῆ
1997 2494 2285 2560 οἰκονομίαν
2313 2499 2403 2547 τοῦ

471 2579 675 2645 κυρίου,
727 2582 815 2643 τῆς
847 2574 1087 2645 ἐνσιὲρκου
1122 2574 1275 2629 αὐτοῦ
1305 2581 1589 2647 παρουσίας.
1667 2579 1768 2630 Καὶ
1813 2579 1912 2631 ἔστι
1945 2584 2098 2632 τοῦτο
2127 2577 2290 2647 πάσης
2313 2601 2402 2646 μο-

473 2664 685 2730 χθηρίας
713 2667 739 2698 4
756 2662 1146 2728 δυσσεβέστατον.
1215 2659 1301 2724 Ὡς
1333 2663 1386 2715 δὲ
1413 2662 1560 2716 τοῦτό
1587 2683 1752 2730 φαμεν
1781 2664 2082 2732 ἐνηχηθῆναί
2106 2686 2241 2727 τινας
2271 2664 2400 2719 οὕτω

473 2747 841 2814 τετολμηκέναι,
897 2744 1133 2820 ὃρᾴστως
1160 2749 1418 2801 ἐπιδοῦναι
1444 2746 1649 2810 ἑαυτούς
1684 2754 1744 2822 τῇ
1776 2745 2012 2822 ἁμαρτία,
2070 2747 2199 2802 οὕτω
2230 2751 2314 2803 καὶ
2344 2749 2398 2804 τὸ

475 2833 635 2901 ἕτερον
663 2830 1043 2899 τεθαυμάκαμεν
1076 2829 1224 2885 πάλιν
1265 2830 1544 2901 ἀκηκοότες.
1603 2832 1812 2896 ’Ἄλλους
1840 2832 1931 2905 γάρ
1958 2832 2105 2887 πάλιν
2130 2835 2397 2904 ἀφραίνον-

475 2939 562 2978 τας
601 2919 668 2978 εἷς
707 2915 795 2984 τὴν
823 2915 945 2987 ’ὑπὲρ
973 2924 1058 2984 τῆς
1087 2918 1238 2986 αὐτῆς
1277 2916 1418 2988 ἁγίας
1448 2917 1780 2989 ἀειπαρθένου
1808 2916 2079 2983 ὑπόθεσιν,
2135 2918 2246 2973 ἀντὶ
2275 2927 2401 2974 θεοῦ

472 3001 657 3070 ταύτην
683 3001 992 3072 παρειςάγειν
1021 3002 1413 3069 ἐσπουδακότας,
1452 3005 1536 3057 καὶ
1564 3003 1955 3069 σπουδάζοντας,
2003 3006 2086 3057 καὶ
2113 3006 2165 3058 ἐν
2194 3007 2400 3076 ἐμβρον-

473 3089 610 3154 τήσει
649 3089 745 3141 τινὶ
787 3089 872 3141 καὶ
912 3082 1268 3162 φρενοβλαβεία
1312 3091 1629 3157 φερομένους.
1707 3096 2007 3160 Διηγοῦνται
2042 3088 2133 3160 γάρ
2173 3090 2241 3153 ὥς
2275 3112 2401 3155 τινες

475 3180 703 3243 γυναῖκες
729 3176 881 3227 ἐκεῖσε
908 3175 959 3226 ἐν
988 3179 1046 3245 τῇ
1074 3171 1277 3247 Ἀραβία
1304 3173 1403 3227 ἀπό
1433 3181 1531 3228 τῶν
1561 3181 1722 3245 μερῶν
1747 3181 1833 3242 τῆς
1862 3172 2062 3247 Θρᾴκης
2089 3174 2234 3228 τοῦτό
2264 3197 2317 3245 γε
2342 3175 2398 3230 τὸ

474 3253 803 3327 κενοφῶνημα
836 3257 1147 3327 ἐνηνόχασιν,
1199 3257 1267 3321 οἷς
1309 3262 1378 3322 εἰς
1409 3258 1566 3327 ὄνομα
1609 3266 1696 3329 τῆς
1737 3257 2111 3329 θάειπαρθένου
2142 3264 2399 3331 κολλυρίδα

475 3342 584 3396 nvo}
615 3346 869 3409 ἐπιτελεῖν,
917 3346 1001 3397 καὶ
1039 3342 1339 3415 συνάγεσθαι
1382 3345 1670 3410 ἐπιτοαυτὸ,
1722 3346 1805 3398 καὶ
1848 3346 1916 3406 εἷς
1954 3341 2113 3411 ὄνομα
2142 3352 2230 3413 τῆς
2257 3343 2400 3418 ἀγίας

483 3431 740 3499 παρθένου
769 3428 892 3498 ὖπὲρ
930 3428 983 3482 τό
1022 3431 1197 3498 μέτρον
1223 3452 1267 3482 τι
1304 3436 1573 3499 πειρᾶσθαι
1601 3429 1818 3502 ἀθεμίτῳ
1862 3430 1946 3482 καὶ
1982 3430 2256 3504 βλασφήμῳ
2296 3434 2398 3486 ἐπι-

475 3522 651 3584 χειρεῖν
679 3514 948 3586 πράγματι,
985 3517 1069 3567 καὶ
1097 3517 1165 3577 εἰς
1193 3514 1348 3582 ὄνομα
1380 3515 1531 3583 αὐτῆς
1559 3519 1825 3586 ἱερουργεῖν
1853 3511 1937 3566 διά
1965 3522 2238 3583 γυναικῶν·
2275 3516 2397 3587 ὅπερ

532 3630 572 3670 2.
604 3628 676 3684 μὲν
703 3633 812 3672 codd.
830 3644 917 3672 mss.
934 3633 1011 3672 Ien.
1037 3635 1071 3671 et
1096 3634 1255 3684 Rhedi9.
1287 3637 1321 3673 et
1348 3634 1409 3673 ed.
1463 3634 1568 3683 9ilur
1593 3635 1635 3673 in
1663 3632 1752 3672 edit.
1782 3631 1917 3671 Petav.
1935 3661 1948 3681 ‚
1989 3636 2170 3674 revocavi
2205 3645 2253 3674 ex
2284 3635 2396 3705 οοάᾱ.

477 3688 610 3726 Ρειαυ.
672 3686 729 3740 μή
761 3690 846 3727 edit.
877 3692 1000 3738 princ.
1463 3700 1553 3728 mss.
1583 3693 1616 3728 et
1646 3689 1734 3727 edit.
1763 3689 1889 3737 princ.

534 3741 573 3781 ὃ.
605 3739 932 3797 οἷσφαλισόμεξΰα
960 3748 1044 3785 cod.
1068 3747 1226 3796 Rhediy.
1277 3781 1280 3784 ,
1521 3747 1560 3784 2.
1601 3745 1775 3797 τιμῆται
1809 3745 1987 3786 mendose
2022 3747 2133 3787 habet
2168 3749 2227 3789 ed
2256 3749 2393 3791 Petav

538 3797 633 3838 CAP.
654 3800 813 3840 xxm
839 3824 892 3831 —
955 3803 990 3843 1.
1011 3802 1100 3850 τοῦ,
1130 3803 1232 3855 quod
1254 3814 1331 3843 non
1356 3804 1408 3842 le·
1467 3802 1597 3842 Coton.
1625 3804 1738 3852 repet.
