2508 4134
402 236 505 287 456
1017 257 1021 265 ·
1109 245 1317 287 SANCTI
1346 246 1627 289 EPIPHANII

403 345 485 394 καί
511 357 659 407 φησι,
703 343 802 393 Καὶ
834 344 1028 408 εἰς’ἥλθε
1056 340 1182 410 πρὸς
1207 340 1296 410 τὴν
1324 350 1596 413 προφῆτιν,
1637 344 1956 415 διηγούμενος
1991 347 2102 415 περὶ
2131 351 2217 412 τῆς
2243 350 2332 398 τοῦ

407 423 622 495 Γαβριὴλ
671 425 984 495 εὖαγγελικῆς
1030 426 1250 493 εἰςόδου,
1306 427 1363 491 ὃς
1411 426 1653 497 ἀπεστάλη
1698 428 1798 484 »find
1839 437 1966 484 θεοῦ
2003 430 2333 501 διηγήσασθαι

406 509 496 576 τῆν
535 518 834 581 μονογενοῦς
871 514 988 564 υἱοῦ
1024 518 1113 565 τοῦ
1155 519 1282 566 θεοῦ
1317 516 1506 576 εἷ’ςοδον
1542 518 1610 577 εἰς
1649 514 1733 568 τὸν
1772 514 1960 583 κόσμον
1995 518 2079 569 καὶ
2109 517 2334 586 γέννησιν

409 594 506 649 ἄπὸ
540 600 758 666 Μαρίας.
834 599 933 649 Καὶ
961 599 1013 650 ἐν
1037 599 1204 667 γαστρὶ
1233 600 1399 666 ἔλαβε,
1438 602 1587 667 φησὶ,
1627 602 1712 653 καὶ
1746 603 1904 653 ἔτεκεν
1929 599 2064 654 υἱόν·
2115 602 2200 654 καὶ
2230 597 2333 652 εἷπε

407 680 577 751 κύριος
599 679 726 749 πρὸς
756 682 840 749 μὲ,
883 681 1106 736 Κάλεσον
1132 681 1185 736 τὸ
1214 682 1373 752 ὄνομα
1402 683 1579 750 αὐτοῦ,
1630 686 1811 754 ταχέως
1839 685 2130 748 σκύλευσον,
2183 685 2335 748 ὀξέως

408 765 771 836 προνόμευσον·
824 769 942 836 πρὶν
981 766 1016 835 ἢ
1051 774 1233 838 γνῶναι
1270 768 1325 822 τό
1364 773 1565 822 παιδίον
1603 777 1764 823 καλεῖν
1805 772 2014 839 πατέρα,
2065 770 2099 839 ἢ
2134 772 2334 839 μητέρα,

408 851 617 921 λήψεται
659 851 873 918 δύναμιν
911 859 1211 920 Δαμασκοῦ,
1261 856 1345 906 καὶ
1383 854 1442 906 τοὶ
1480 862 1649 915 σκῦλα,
1667 859 1950 926 Σαμαρείας
1988 857 2072 908 καὶ
2113 843 2173 908 τά
2210 857 2334 922 ἑξῆς.

413 940 512 990 Καὶ
559 936 719 990 πάντα
758 944 910 990 ταῦτα
952 937 1093 992 οὔπω
1137 933 1198 1007 ῆν
1236 940 1550 1007 τετελεσμένα.
1611 939 1813 1005 ’Ἡμελλε
1849 941 1903 993 δὲ
1937 946 2082 994 τοῦτο
2114 944 2337 1010 γίνεσθαι

412 1026 464 1076 ἐν
502 1029 569 1095 τῷ
607 1026 699 1095 υἱῷ
739 1029 826 1076 τοῦ
868 1030 1017 1091 θεοῦ,
1068 1026 1150 1077 καὶ
1194 1030 1509 1093 πληροῦσθαι
1547 1024 1664 1092 μετά
1703 1029 1828 1094 χίλια
1868 1027 1949 1094 ἔτη
1990 1027 2075 1079 καὶ
2111 1023 2340 1089 ἑξακόσια

412 1113 560 1162 πλείω
604 1108 801 1162 ἐλάσσω.
880 1111 980 1161 Καὶ
1013 1108 1131 1176 μετά
1171 1110 1411 1172 τοσαύτας
1445 1109 1612 1180 γενεάς
1643 1109 1703 1163 τά
1732 1113 1960 1178 μέλλοντα
1993 1108 2060 1172 ὦς
2082 1108 2178 1178 ἤδη
2204 1108 2346 1180 γενό-

413 1217 530 1263 μενα
557 1194 687 1263 ἑώρα
712 1192 741 1247 ὁ”
763 1194 1038 1265 προφήτης.
1125 1188 1273 1264 ιἎρα
1297 1201 1496 1263 ψεῦσμα
1521 1189 1613 1264 ῆνς
1652 1195 1720 1265 μή
1743 1198 1945 1266 γένοιτο.
2018 1193 2157 1248 Ἀλλά
2180 1195 2340 1260 ἀσφα-

410 1287 508 1343 λῶς
531 1280 586 1333 τὸ
615 1278 750 1349 παρά
779 1283 868 1332 τοῦ
895 1287 1020 1333 θεοῦ
1049 1281 1411 1348 οἰκονομηθὲν,
1461 1279 1529 1343 ω’ς·
1559 1280 1655 1349 ἤδη
1693 1282 2084 1349 τετελειωμένον,
2139 1279 2341 1351 ἐκηρύτ-

411 1388 544 1431 τετο,
597 1369 679 1419 ἵνα
711 1364 776 1433 μὴ
817 1364 1073 1439 ἆπιστηθῇ
1107 1364 1397 1434 ήᾶλήθεια·
1449 1369 1530 1420 ’ἵνα
1570 1365 1637 1435 μή
1674 1369 1743 1428 εἰς
1781 1365 2045 1437 δισταγμὸν
2085 1368 2209 1437 ἔλθῃ
2247 1367 2342 1419 2ἐν

412 1449 627 1523 ὑπονοίᾳ
669 1457 757 1503 τοῦ
797 1451 1062 1520 προφήτου
1099 1450 1153 1504 τὸ
1193 1458 1422 1506 τοιοῦτον
1461 1454 1720 1520 ἕκθαμβον
1749 1454 1835 1505 καὶ
1863 1454 2135 1519 ἔκπληκτον
2163 1450 2343 1519 μυστή-

415 1559 520 1607 ριον
551 1539 722 1605 μέλλον
759 1538 972 1589 ἔσεσθαι.
1033 1535 1107 1589 ”H
1126 1536 1214 1605 οὐχ
1242 1535 1366 1611 ὁρᾷς
1393 1535 1512 1590 αὐτὸ
1541 1535 1595 1591 τὸ
1625 1536 1854 1607 κήρυγμα
1879 1536 1934 1591 τὸ
1966 1534 2342 1606 ἐπιφερόμενον,

417 1620 483 1684 ὦς
508 1623 631 1692 λέγει
657 1619 806 1683 αῦτὸς
834 1619 863 1674 ὅ
886 1620 1024 1692 ἅγιος
1043 1620 1268 1688 Ἡσαΐας,
1318 1620 1404 1685 Ὡς
1431 1622 1682 1694 πρόβατον
1711 1625 1790 1676 ἐπὶ
1825 1621 2021 1693 σφαγὴν
2039 1620 2209 1690 ἤχθη,
2258 1623 2344 1675 καὶ

417 1705 484 1769 οἷς
514 1705 670 1774 ἆμνὸς
710 1709 927 1760 ἐναντίον
957 1714 1049 1760 τοῦ
1090 1712 1339 1779 κείροντος
1377 1707 1532 1762 αὐτὸν
1561 1706 1789 1775 ἄφωνος,
1842 1707 2001 1770 οὕτως
2035 1708 2129 1762 οὐκ
2159 1705 2345 1777 ἇνοίγει

415 1792 469 1846 τό
500 1792 656 1860 στόμα
687 1793 865 1845 αὐτοῦ·
918 1791 1007 1861 τὴν
1039 1793 1092 1847 δὲ
1118 1793 1288 1864 γενεάν
1327 1792 1482 1847 αὐτοῦ
1511 1797 1581 1856 τίς
1610 1792 1919 1864 διηγήσεταις
1970 1792 2046 1848 ὅτι
2074 1795 2260 1863 αἴρεται
2291 1794 2346 1846 ἐκ

415 1886 503 1946 τῆς
526 1885 617 1949 γῆς
647 1875 681 1946 ἡ
704 1877 803 1945 ζωή
841 1877 1020 1944 αὐτοῦ,
1074 1881 1158 1932 καὶ
1199 1878 1341 1932 δώσω
1383 1877 1497 1942 τοῦς
1535 1877 1785 1950 πονηρους
1816 1877 1926 1932 ἀντὶ
1954 1885 2041 1947 τῆς
2068 1884 2232 1946 ταφῆς
2260 1877 2345 1931 αὖ-

416 1970 532 2026 τοῦ,
583 1965 666 2016 καὶ
695 1962 754 2017 τά
786 1965 895 2032 ἑξῆς
907 1987 922 2028 ,·
1000 1966 1097 2018 Καὶ
1123 1966 1269 2033 βλέπε
1300 1971 1408 2027 πῶς
1437 1965 1498 2019 τά
1524 1971 1696 2036 πρῶτα
1735 1964 1912 2034 ῦστερα
1949 1968 2210 2034 διηγεῖται,
2259 1965 2346 2016 καὶ

418 2048 477 2102 τοὶ
506 2048 683 2119 ὕστερα
712 2047 779 2111 ὥς
801 2051 1033 2120 γεγονότα
1062 2050 1340 2121 ἓρμηνεύει,
1391 2050 1579 2119 φήσας,
1627 2049 1716 2112 Ὡς
1747 2049 2001 2122 πρόβατον
2031 2051 2114 2104 ἐπὶ
2149 2048 2346 2119 σφαγήν

418 2132 566 2202 ἤχθη.
646 2137 1014 2208 Παρῳχημένον
1046 2137 1098 2189 δὲ
1128 2138 1314 2206 λέγεται
1344 2133 1482 2189 εἶναι.
1563 2134 1637 2188 Οὗ
1668 2134 1761 2206 γάρ
1798 2133 1958 2200 εἶπεν,
1998 2134 2226 2206 ''Ay-evm,
2263 2136 2348 2188 καὶ

423 2218 566 2273 οῦπω
606 2214 670 2288 ῆν
702 2220 875 2288 ἀχθεὶς
904 2219 933 2275 ὅ
959 2219 1057 2274 ὖπὸ
1094 2220 1295 2275 Ἡσαΐου
1329 2220 1699 2292 κηρυττόμενος.
1765 2220 1982 2291 Ἐλέγετο
2025 2222 2079 2274 δὲ
2119 2227 2188 2294 τῷ
2228 2241 2348 2291 προ-

422 2305 579 2379 φήτῃ,
635 2304 702 2369 ὥς
745 2305 840 2375 ἤδη
883 2308 1230 2377 γεγεννημένον
1263 2305 1318 2360 τό
1344 2309 1499 2377 ἔργον.
1571 2304 1912 2375 Ἀπαράβατος
1937 2304 2029 2377 γάρ
2059 2300 2120 2374 ῆν
2161 2304 2196 2374 ἦ
2223 2311 2350 2359 θεοῦ

423 2396 749 2462 μυσταγωγία.
819 2390 900 2455 Ἐξ
927 2392 1082 2461 αὐτῆς
1110 2393 1162 2444 δὲ
1187 2390 1473 2460 ὖποβαίνων
1501 2391 1666 2446 οὐκέτι
1695 2390 1762 2455 ὥς
1789 2391 2022 2463 γενόμενα
2049 2394 2228 2462 ἔλεγεν,
2265 2394 2350 2444 ἵνα

188 2489 391 2535 pag-1⁰64·
426 2477 494 2546 μή
534 2476 725 2545 πλάνην
765 2475 914 2530 πάλιν
951 2478 1297 2548 ἀπεργάσηται.
1370 2475 1534 2543 Ἀλλά,
1589 2479 1740 2545 φησὶ,
1792 2481 1975 2548 αἴρεται
2015 2479 2068 2531 ἐκ
2096 2484 2184 2545 τῆς
2206 2473 2352 2546 γῆςή

424 2562 522 2631 ζωὴ
551 2562 719 2616 αὐτοῦ.
790 2561 872 2615 Ἐκ
900 2564 951 2616 δὲ
977 2569 1076 2616 τῶν
1111 2563 1202 2616 δύο
1235 2561 1531 2633 προφάσεων
1572 2567 1787 2617 δείκνυσι
1823 2561 1912 2631 τήν
1944 2561 2214 2631 ἀλήθειαν,
2272 2560 2354 2625 ὅτι

423 2648 504 2713 τό,
537 2646 732 2716 ’Ήχθη,
770 2646 866 2716 ἤδη
897 2651 1185 2713 ἐτελειοῦτο,
1238 2650 1321 2702 καὶ
1352 2647 1434 2714 τὸ,
1486 2651 1717 2720 Αἴρεται,
1769 2650 2020 2718 μετέπειτα
2056 2651 2350 2717 ἐπληροῦτο,

424 2736 507 2786 ’ἵνα
539 2731 636 2786 dud
669 2739 759 2786 τοῦ
795 2735 1042 2803 γεγονέναι
1074 2733 1256 2807 νοήσῃς
1283 2733 1336 2787 τὸ
1368 2734 1554 2802 ἀληθὲς
1578 2737 1659 2788 καὶ
1688 2733 1742 2788 τὸ
1774 2733 1959 2805 πάγιον
1983 2740 2072 2803 τῆς
2099 2740 2191 2787 τοῦ
2220 2737 2350 2786 θεοῦ

427 2821 733 2889 ἐπαγγελίας,
789 2817 887 2872 άπὸ
929 2820 980 2872 δὲ
1018 2826 1104 2873 τοῦ
1148 2822 1403 2888 μέλλοντος
1441 2822 1642 2873 ἔσεσθαι
1681 2819 1768 2874 τόν
1809 2822 1989 2891 χρόνον
2035 2816 2355 2878 3ἆπεικάσεις

426 2912 524 2959 τῶν
561 2903 1041 2974 άποκαλυπτομένων
1079 2909 1374 2977 μυστηρίων.

214 3349 323 3404 Κεφ.
356 3350 404 3402 ζ’.
582 3335 726 3388 Οὕτω
754 3337 838 3388 καὶ
862 3336 941 3388 ἐπὶ
972 3340 1032 3407 τῇ
1059 3338 1240 3407 Μαρία
1268 3333 1298 3388 ὅ
1322 3333 1519 3405 ἅγγελος
1552 3335 1807 3403 προέλεγεν
1845 3331 1966 3399 ὅπερ
1994 3331 2181 3397 ἔμελλεν
2210 3330 2355 3398 εἰςερ-

432 3420 637 3490 χόμενος
676 3418 705 3474 o‘
736 3420 896 3490 πατὴρ
934 3419 1113 3487 ταύτης
1149 3423 1217 3482 εἰς
1256 3418 1340 3474 τᾶν
1383 3417 1521 3473 οἶκον
1561 3417 1646 3472 τὸν
1684 3421 1811 3471 ἴδιον
1852 3413 1987 3485 παρά
2015 3421 2140 3468 θεοῦ
2169 3418 2354 3482 κομίζε-

434 3515 581 3572 σθαι,
634 3505 687 3559 vd
716 3504 776 3559 δι’
801 3503 944 3574 εὐχῆς
971 3507 1174 3574 αἰτηθὲν
1204 3504 1286 3558 διά
1314 3511 1400 3573 τῆς
1429 3510 1518 3558 τοῦ
1545 3501 1728 3573 πατρὸς
1765 3502 1848 3554 καὶ
1880 3498 2062 3570 μητρός
2102 3499 2353 3567 αἰτήσεως,

434 3590 533 3655 ὅτι,
581 3590 711 3645 Ἰδού
741 3590 775 3660 ή
798 3589 924 3662 γυνή
957 3609 1047 3645 σου
1077 3597 1400 3660 συνειληφυΐα
1430 3592 1480 3644 ἐν
1508 3591 1696 3659 γαστρί·
1745 3588 1828 3639 ἰ’να
1855 3589 2066 3653 βεβαίως
2103 3584 2354 3658 περαιώσῃ

494 3733 589 3774 CAP.
619 3736 688 3775 VI.
717 3760 771 3766 -—
830 3734 866 3778 1.
897 3728 981 3790 ἆρα
1003 3737 1115 3778 codd.
1135 3747 1226 3777 mss.
1284 3728 1369 3790 ἄρα
1481 3732 1522 3774 2.
1539 3733 1747 3789 ιΑιτίοιιῑιιε
1771 3727 1826 3783 ἦ,
1858 3741 1970 3780 quem
1991 3732 2082 3770 editi
2106 3733 2245 3771 habent
2269 3733 2358 3769 ante

434 3792 538 3830 editi.
1425 3788 1489 3843 ἐν,
1519 3789 1751 3840 typographi
1778 3789 2010 3828 Basileensis
2039 3789 2193 3828 debetur
2222 3788 2355 3829 errori.
2383 3818 2393 3828 2
