2508 4134
562 276 790 317 rammi
818 276 924 317 Lm.
943 277 1015 318 111.
1046 277 1181 319 ΤοΜ.
1203 279 1234 320 1.
1259 278 1425 320 HAER.
1454 278 1652 319 Lxxm.
1966 267 2064 318 119

150 375 231 427 illa
263 374 559 445 praedicant.
634 373 811 426 Nullus
840 374 966 426 enim
999 375 1091 425 iam
1124 375 1231 426 illos
1261 378 1413 444 pudor
1447 378 1686 437 retardat,
1745 393 1900 445 neque
1929 394 2064 428 man-

152 461 263 510 dato
302 459 398 509 ullo
438 459 635 511 coe‘reiti
677 458 1033 510 simulationem
1075 460 1310 526 quandam
1355 477 1410 510 ac
1448 462 1658 529 speeiem
1699 477 1812 529 prae
1851 478 1904 512 se
1935 462 2063 512 ferre

154 551 421 612 coguntur,
477 560 537 594 ne
565 558 691 596 nova
720 551 767 594 et
794 543 1022 595 inusitata
1052 543 1284 611 quaedam
1313 544 1495 610 agitare
1525 544 1799 596 videantur.
1878 543 1976 597 Sed
2006 546 2063 597 il-

151 629 244 680 lam
290 627 400 679 fidei
439 628 723 692 formulam,
781 626 1172 696 quamAcacius
1213 643 1318 678 cum
1362 626 1463 677 suis
1504 626 1602 678 illic
1641 629 1916 697 proposuit,
1977 649 2068 683 una

153 730 258 764 cum
291 730 457 764 eorum
495 711 573 780 qui
605 711 648 762 ei
675 713 863 781 synodo
890 712 1216 763 iuterfuerunt
1244 711 1597 780 subscriptione
1631 711 1747 763 libet
1781 713 1856 765 hie
1886 715 2070 767 adscri-

155 797 288 848 bere.
367 795 440 847 Ea
481 803 557 846 est
594 795 847 848 eiusmodi.

292 879 387 949 Qui
429 878 580 931 variis
623 897 649 929 e
695 881 956 949 provinciis
1006 879 1361 948 religiosissimi
1403 879 1711 948 imperatoris
1750 883 1902 934 nostri
1932 875 2066 936 Con·
2136 895 2235 949 Cap.

150 966 311 1017 stantii
341 970 564 1021 mandato
591 966 848 1021 Seleuciae
875 966 922 1016 in
955 963 1142 1017 Isauria
1170 963 1487 1016 convenimus
1514 964 1752 1033 episcopi,
1794 966 1910 1018 haec
1937 986 2066 1020 com·
2122 952 2263 1039 {ffigff

149 1051 278 1102 muni
318 1070 561 1105 consensu
600 1050 931 1103 decrevimus:
2085 1047 2284 1124 Effissl'ffi‘

2073 1132 2290 1210 fflffiffia

290 1219 535 1273 Hesterna
558 1220 666 1284 die,
726 1237 848 1289 quae
881 1227 986 1270 erat
1016 1217 1081 1269 A.
1118 1216 1182 1269 D.
1218 1215 1283 1268 V.
1322 1214 1431 1269 Cal.
1468 1213 1580 1269 Oct.
1604 1257 1617 1282 ,
1666 1217 1796 1269 omni
1821 1219 1979 1271 studio
2008 1238 2064 1273 ac
2110 1217 2293 1294 {5333}

152 1305 480 1356 moderatione
519 1305 568 1356 in
609 1304 656 1355 id
700 1303 1003 1355 incubuimus
1049 1312 1101 1353 ut
1138 1319 1303 1371 pacem
1346 1301 1580 1353 ecclesiae
1621 1302 1948 1368 sanciremuS,
2007 1323 2063 1357 ac
2107 1302 2271 1338 EDITA.

150 1398 450 1440 constantem
487 1397 537 1440 et
566 1389 766 1440 solidam
807 1388 914 1439 fidei
958 1387 1174 1455 regulam
1207 1385 1643 1451 constitueremus,
1697 1405 1781 1456 pro
1818 1406 1876 1439 eo
1907 1406 1963 1440 ac
1990 1390 2064 1441 dei

151 1474 506 1524 amantissimus
546 1473 810 1542 imperator
851 1481 1018 1523 noster
1052 1469 1369 1524 Constantius
1409 1471 1576 1535 iussit,
1633 1489 1697 1522 ex
1727 1473 2066 1542 prophetarum

151 1558 386 1621 oraculis3
442 1557 512 1608 sic
545 1566 595 1608 ut
622 1558 737 1608 nihil
768 1566 960 1626 praeter
987 1574 1234 1607 sacrarum
1262 1556 1507 1606 literarum
1538 1557 1874 1608 auctoritatem
1909 1558 1956 1608 iu
1986 1576 2066 1609 ec-

150 1641 468 1692 clesiasticam
515 1642 651 1692 fidem
694 1641 1055 1692 inveheremus.
1135 1638 1232 1692 Sed
1273 1640 1496 1707 quoniam
1536 1641 1582 1691 in
1622 1642 1809 1710 synodo
1849 1643 2066 1694 nonnulli

149 1725 269 1778 alios
301 1743 327 1776 e
359 1725 538 1778 nostris
567 1725 870 1777 contumeliis
900 1727 1186 1788 affecerunt,
1228 1725 1335 1775 aliis
1366 1725 1607 1776 silentium
1640 1726 1935 1787 indixerunt,
1976 1745 2066 1778 nec

149 1828 271 1879 quae
303 1811 485 1862 vellent
514 1810 672 1878 eloqui
707 1811 1038 1878 permiserint,
1093 1809 1214 1860 alios
1241 1809 1421 1860 invitos
1448 1810 1790 1875 excluserunt,
1847 1820 1944 1862 tum
1978 1829 2063 1863 eos

149 1894 228 1964 qui
270 1895 472 1964 depositi
516 1903 655 1946 erant
699 1895 849 1945 variis
896 1912 923 1945 e
965 1894 1226 1962 provinciis
1264 1893 1614 1959 adhibuerunt,
1674 1896 1902 1963 quosdam
1942 1913 2064 1947 vero

151 1987 347 2050 praeter
386 1997 618 2030 canonem
654 1996 818 2030 secum
861 1980 1194 2043 adduxerunt,
1252 1988 1302 2029 ut
1338 1980 1669 2048 undecumque
1709 1980 2065 2032 turbulentissi-

149 2081 253 2115 mus
281 2072 412 2115 esset
438 2064 517 2115 ille
549 2081 839 2128 consessus,
898 2064 1292 2132 quemadmodum
1326 2063 1622 2115 clarissimus
1652 2081 1813 2115 comes
1843 2062 2060 2129 LeonaS,

147 2157 196 2199 et
226 2148 523 2200 clarissimus
562 2147 842 2217 provinciae
883 2149 1157 2216 praefectus
1190 2146 1451 2200 Lauricius
1490 2148 1641 2199 oculis
1671 2149 1771 2200 suis
1805 2148 2058 2201 viderunt:

145 2250 249 2283 eam
285 2233 345 2284 ob
373 2250 593 2284 caussam
629 2232 779 2301 palam
813 2233 1099 2302 profitemur
1135 2233 1251 2283 nihil
1281 2249 1369 2283 nos
1401 2232 1769 2300 subterfugere,
1812 2242 1860 2284 et
1885 2234 2060 2303 prima-

146 2317 263 2368 riam
295 2317 424 2368 illam
454 2317 566 2367 fidei
593 2317 864 2383 formulam,
906 2334 1027 2386 quae
1055 2317 1104 2368 in
1131 2317 1468 2369 Antiochenae
1498 2317 1736 2370 ecclesiae
1759 2318 2060 2369 dedicatione

144 2401 389 2472 proposita
422 2409 524 2464 est,
565 2400 613 2451 in
643 2402 845 2453 medium
875 2403 1114 2471 proferre.
1193 2399 1344 2454 Cuius
1373 2411 1598 2453 auctores
1625 2411 1786 2471 patres
1813 2402 1879 2453 illi
1906 2402 2061 2453 nostri

145 2488 202 2538 ad
235 2485 471 2538 eiusmodi
511 2486 844 2554 quaestionem
881 2487 1238 2556 disceptandam
1281 2505 1368 2556 per
1406 2487 1520 2538 illud
1562 2496 1747 2556 tempus
1790 2496 2059 2539 conventus

144 2570 432 2622 habueruut.

284 2651 407 2706 Cum
439 2654 672 2705 hactenus
701 2653 956 2706 Homousii
993 2664 1041 2706 et
1070 2654 1387 2707 Homoeousii
1433 2655 1667 2707 vocabula
1707 2655 1961 2724 plerosque
1999 2657 2058 2708 ad

148 2740 430 2791 hodiernum
465 2749 649 2808 tempus
679 2756 831 2807 usque
867 2740 1218 2808 perturbarint,
1279 2748 1327 2791 et
1357 2758 1384 2791 a
1413 2741 1656 2791 nonnullis
1696 2740 1954 2792 etiamnum
1984 2741 2057 2791 in-

145 2824 317 2875 novari
348 2824 473 2876 istud
506 2826 683 2885 ferant,
726 2832 777 2874 ut
809 2825 1052 2875 dissimilis
1079 2825 1201 2894 patri
1235 2824 1364 2876 filius
1398 2842 1507 2876 esse
1532 2826 1746 2889 dicatur,
1803 2826 1862 2876 ob
1891 2826 1934 2876 id
1961 2831 2058 2875 Ho-

146 2913 337 2969 mousii,
380 2908 470 2960 hoc
496 2917 571 2959 est
603 2910 1021 2958 consubstantmlzts
1049 2926 1216 2960 vocem
1252 2918 1476 2978 tanquam
1505 2927 1531 2960 a
1558 2911 1710 2961 sacris
1740 2909 1892 2961 literis
1921 2927 2057 2978 pere-

143 2993 328 3062 grinam
374 2993 647 3057 reiicimuS,
699 2997 984 3042 Anomoezem
1026 3010 1170 3057 vero,
1227 2994 1315 3045 hoc
1348 3003 1422 3045 est
1449 2998 1710 3054 Dzksz’mz’le,
1766 2995 2056 3044 condemna-

146 3096 271 3140 mus,
314 3087 362 3129 et
391 3078 676 3147 quicumque
705 3078 936 3129 eiusmodi
964 3086 1076 3127 sunt
1102 3078 1160 3128 ab
1188 3079 1393 3130 ecclesia
1427 3080 1612 3130 alienos
1642 3096 1751 3129 esse
1778 3095 2052 3129 censemus·

149 3161 365 3215 Similem
397 3180 514 3213 vero
546 3163 694 3232 patris
726 3180 834 3213 esse
875 3161 1021 3211 filium
1062 3171 1225 3230 aperte
1266 3164 1574 3230 profitemur,
1629 3173 1676 3213 et
1709 3163 1975 3230 apostolum
2005 3163 2054 3213 in

145 3263 203 3297 eo
234 3247 504 3315 sequimur,
559 3247 636 3315 qui
670 3248 727 3297 de
757 3247 856 3297 filio
889 3247 1121 3314 loquenS‚
1165 3249 1259 3310 Qui
1279 3257 1373 3308 est,
1416 3247 1599 3315 inquit,
1654 3251 1805 3311 imago
1833 3250 1912 3297 dei
1936 3251 2053 3297 z‘nve‘-
2080 3255 2161 3292 σοι.
2177 3256 2209 3302 1,
2231 3256 2283 3294 15.

142 3333 308 3380 se'bz'lz's.
388 3328 696 3383 Confitemur
722 3340 880 3382 autem
910 3338 956 3380 et
986 3330 1224 3382 credimus
1253 3332 1302 3382 in
1337 3350 1479 3382 unum
1519 3333 1686 3394 deum,
1740 3331 1861 3399 patri
1900 3331 2054 3382 omni-

199 3498 240 3539 2.
283 3501 343 3540 Ita
383 3502 470 3539 libri
509 3511 648 3540 omneS.
707 3501 891 3542 Petcvius
926 3499 1075 3548 supplet
1184 3497 1223 3539 3.
1255 3495 1294 3541 οἷ
1318 3511 1397 3550 09⁰·
1454 3490 1488 3553 ἦ
1516 3501 1697 3539 ΡεΙαυίιιε
1728 3503 1886 3541 volebat.
1944 3504 2052 3543 Libri

144 3551 198 3597 τὰ
222 3554 311 3607 τῆς.
368 3557 448 3606 Eyo
471 3558 625 3595 mallem
654 3555 749 3607 περὶ
774 3556 862 3607 τῆς.
903 3558 962 3595 Ita
985 3558 1073 3596 δια·
1129 3556 1265 3594 habent
1303 3555 1350 3596 οἱ.
1423 3557 1599 3595 Cornorii
1633 3559 1781 3596 versio.-
1824 3556 1890 3596 ubi
1929 3559 2051 3599 etiam

146 3610 367 3666 λαμβάνειν
395 3611 489 3663 περί
512 3625 617 3659 τινος
645 3614 850 3652 habuimus
881 3613 983 3651 haer.
1006 3609 1073 3658 51,
1129 3610 1302 3649 maxime
1333 3619 1468 3663 patres
1511 3610 1639 3650 nostri
1678 3611 1749 3653 illo
1782 3621 1970 3669 tempore
1998 3615 2051 3656 ad

145 3663 185 3706 4.
214 3664 283 3715 04,
306 3667 370 3707 53.
402 3667 471 3716 66,
496 3667 556 3706 15.
588 3667 657 3715 73,
679 3668 773 3716 31„
815 3670 919 3706 alibi.
982 3667 1073 3705 Cor·
1130 3665 1352 3705 subiectam
1382 3667 1660 3720 quaestionem
1692 3679 1995 3719 concurrerunt.

146 3725 281 3762 narius
306 3725 417 3762 vertit
441 3730 484 3761 et
509 3722 630 3762 fldem
657 3723 826 3762 firmiter
851 3720 1073 3774 distingue·
1186 3718 1224 3761 4.
1257 3719 1472 3777 ὁμοούσιον
1501 3725 1610 3764 codd.
1641 3736 1729 3765 mss.

146 3791 291 3818 remus.
527 3794 529 3796 ·
