2528 4134
235 1085 320 1122 pag.
339 1075 413 1111 soe.
459 1060 655 1117 ΤΑΔΕ
691 1060 974 1116 ΕΝΕΣΤΙ
1004 1054 1177 1116 *ΚΑΙ
1208 1061 1309 1117 ΕΝ
1338 1060 1468 1116 ΤΩΙ
1501 1060 1786 1116 ΠΡΩΤΩΙ
1815 1061 2053 1117 ΤΟΜΩΙ
2086 1060 2398 1141 ΤΟΥ,ΤΡΙ-
2440 1088 2443 1090 ·

458 1160 603 1216 ΤΟΥ
653 1159 979 1230 ΒΙΒΛΙΟΥ,
1039 1159 1287 1215 ΕΚΤΟΥ
1325 1159 1419 1214 ΔΕ
1466 1160 1721 1215 ΟΝΤΟΣ
1770 1160 2053 1232 ΤΟΜΟΥ,
2109 1159 2261 1217 ΚΑΘ
2295 1159 2395 1216 ΟΝ

533 1258 859 1315 ΑΡΙΘΜΟΝ
901 1258 1423 1329 ΠΡΟΕΙΠΟΜΕΝ,
1468 1257 1571 1314 ΕΝ
1615 1258 1695 1314 ΩΙ
1740 1259 1947 1314 ΕΙΣΙΝ
1997 1258 2341 1316 ΑΙΡΕΣΕΙΣ

712 1356 915 1412 ΕΠΤΑ
935 1400 950 1428 ,
995 1357 1140 1413 ΣΥΝ
1189 1357 1363 1412 Tol}
1409 1356 1831 1413 ΣΧΙΣΜΑΣΙΝ
1874 1357 2143 1413 ΟΥΤΩΣ.

598 1515 657 1569 α’.
692 1523 711 1555 ¹
733 1516 1009 1571 Αύδιανῶν-
1027 1515 1342 1585 άφηνιασμὸς
1362 1519 1450 1570 καὶ
1475 1520 1666 1585 σχίσμα,
1695 1514 1757 1570 ού
1787 1517 1877 1585 μέν
1903 1509 1978 1570 τοι
2005 1518 2203 1586 αἵρεσις.
2231 1510 2402 1572 Ὀὗτοι

458 1602 547 1670 μὲν
574 1600 822 1672 διαγωγὴν
848 1605 930 1655 καὶ
957 1605 1066 1670 βίον
1094 1596 1150 1655 εὗ
1173 1604 1463 1671 τεταγμένον
1491 1603 1774 1669 κέκτηνται,
1829 1607 1855 1638 ²
1872 1604 1965 1654 εἶσὶ
1987 1603 2039 1655 δὲ
2067 1601 2192 1655 κατά
2239 1600 2402 1656 πάντα

456 1685 546 1754 τὴν
591 1690 753 1739 πίστιν
798 1689 987 1755 ἔχοντες
1027 1685 1094 1749 ὦς
1141 1685 1172 1754 ἦ
1210 1685 1458 1754 καθολικὴ
1492 1688 1745 1754 ἐκκλησία.
1836 1684 2167 1756 Μοναστήρια
2217 1687 2313 1741 36ὲ
2354 1689 2406 1741 οἱ

458 1775 657 1833 πλείους
681 1778 969 1831 κατοικοῦσι
985 1793 998 1806 ·
1038 1773 1296 1840 κέχρηνται
1327 1772 1380 1824 δὲ
1405 1772 1490 1824 καὶ
1515 1770 1839 1840 ἇποκρύφοις
1866 1777 2066 1832 πολλοῖς
2089 1770 2399 1842 κατακόρως·

457 1855 518 1910 οὗ
559 1862 586 1893 4
604 1855 918 1924 συνεύχονται
942 1856 995 1908 δὲ
1022 1853 1169 1923 ἡμῖν,
1220 1857 1458 1925 ψέγοντες
1481 1853 1599 1916 τούς
1626 1853 1742 1925 παρ’
1774 1852 1894 1922 ἡμῖν
1918 1855 2226 1918 ἐπισκόπους
2253 1862 2402 1910 πλου-

455 1945 619 2004 σίους,
675 1943 801 1993 ὁκαὶ
836 1938 1035 2006 ἄλλους,
1087 1938 1204 1992 άλλά
1240 1942 1324 1992 καὶ
1354 1939 1437 1992 διά
1465 1938 1520 1993 τό
1552 1938 1731 2008 Πάσχα
1769 1947 1929 1993 ποιεῖν
1958 1939 2265 2006 ἰδιαζόντως,
2317 1940 2398 1994 ὅτε

458 2027 552 2078 6οἷ
585 2023 819 2078 Ἰουδαῖοι
860 2031 1107 2078 ποιοῦσιν.
1168 2023 1372 2091 ’Ἐχουσι
1407 2025 1461 2077 δὲ
1496 2025 1582 2077 καὶ
1621 2024 1876 2078 ἰδιωτικόν
1903 2047 1950 2078 τι
1976 2027 2061 2078 καὶ
2096 2023 2396 2091 φιλόνεικον,

454 2108 696 2180 ξηρότατα
732 2108 786 2162 τό
825 2091 930 2162 κἀἔ
967 2108 1136 2162 εἰκόνα
1173 2108 1536 2178 ἑρμηνεύοντες.

597 2192 656 2261 β’.
685 2197 1021 2254 Φωτεινιανοί.
1084 2187 1245 2255 Οὗτος
1272 2191 1302 2246 ό
1324 2192 1576 2256 Φωτεινὸς
1600 2191 1698 2247 άπὸ
1721 2198 1935 2262 Σιρμίου
1957 2191 2193 2263 ύπάρχων
2219 2195 2291 2247 ἔτι
2314 2196 2398 2247 καὶ

457 2281 605 2344 δεῦρο
640 2278 960 2347 περιενόστει·
1000 2277 1055 2340 ὃς
1083 2276 1143 2330 τά
1173 2276 1299 2330 αύτά
1331 2277 1518 2351 Παύλῳ
1547 2285 1616 2351 τῷ
1639 2285 1924 2345 Σαμοσατεῖ
1945 2278 2203 2347 ἐφρόνησε.
2256 2279 2398 2332 Κατά

455 2384 503 2415 τι
535 2362 588 2414 δὲ
612 2361 739 2430 πρὸς
767 2365 953 2416 ἐκεῖνον
981 2364 1328 2432 διαφέρονται,
1367 2365 1452 2417 καὶ
1478 2361 1621 2417 αύτοὶ
1663 2371 1678 2401 ¹
1698 2364 1749 2417 δὲ
1774 2362 1872 2418 άπό
1903 2367 2112 2436 Μαρίας
2138 2365 2222 2418 καὶ
2247 2367 2396 2434 δεῦρο

455 2444 542 2499 τόν
583 2446 801 2513 Χριστόν
839 2450 1252 2515 διαβεβαιοῦνται.

599 2530 655 2602 γ’.
681 2536 1065 2600 Μαρκελλιανοί.
1097 2531 1225 2585 'And
1250 2533 1549 2603 Μαρκέλλου
1575 2539 1665 2586 τοῦ
1703 2540 1718 2570 ¹
1741 2531 1840 2587 άπὸ
1867 2531 2108 2603 Ἀγκύρας
2134 2539 2223 2601 τῆς
2245 2539 2399 2587 Γαλα-

454 2619 574 2678 τίας.
654 2610 813 2678 Οὗτος
854 2619 906 2670 ἐν
941 2617 1064 2691 ἀρχῇ
1103 2621 1455 2687 παραπλησίως
1492 2621 1742 2690 Σαβελλίῳ
1777 2617 2034 2688 φρονήσας
2075 2621 2396 2686 διεφημίσθη.

451 2702 544 2762 Εἰς
587 2699 857 2771 ἀπολογίας
902 2703 955 2755 δὲ
991 2701 1228 2764 πολλάκις
1264 2700 1448 2771 ἐλθών,
1502 2703 1586 2755 καὶ
1626 2701 1887 2773 ἐγγράφως
1930 2701 2400 2772 ’ὶᾶπολογισάμενος

456 2783 592 2853 παρά
625 2791 816 2838 πολλῶν
856 2794 959 2848 τοῖς
999 2785 1167 2849 αύτοῖς
1196 2788 1418 2855 ἐμμένειν
1458 2786 1797 2857 κατηγορήθη.
1857 2785 2004 2849 Ἴσως
2039 2786 2097 2840 δὲ
2128 2786 2400 2856 μεταγνούς

455 2869 577 2937 τάχα
607 2868 783 2923 ἑαυτὸν
817 2876 839 2907 ³
860 2871 1215 2940 διωρθώσατο,
1253 2870 1286 2939 ἢ
1317 2873 1369 2924 οἵ
1391 2868 1547 2924 αύτοῦ
1574 2876 1808 2939 μαθηταί.
1886 2869 2070 2939 4Ὗπὲρ
2100 2868 2253 2924 αὐτοῦ
2283 2869 2397 2943 γάρ,

460 2951 538 3021 ῡῆ
575 2951 700 3025 ύπὲρ
743 2961 840 3008 τῶν
884 2955 1040 3009 αὐτοῦ
1082 2962 1332 3024 μαθητῶν
1380 2952 1649 3026 ὄρθόδοξοί
1685 2977 1813 3019 τινες
1852 2957 2011 3024 μέσως
2060 2951 2400 3025 θῦπεραπελο-

456 3059 654 3108 γουντο.

599 3121 655 3176 δ’.
680 3120 967 3192 Ἡμιάρειοι.
1031 3126 1095 3176 Οἵ
1127 3124 1342 3193 Χριστόν
1371 3125 1459 3191 μὲν
1483 3129 1660 3193 κτίσμα
1686 3123 2055 3194 ὁμολογοῦντες,
2096 3126 2318 3197 εἰρωνείᾳ
2344 3124 2398 3178 δὲ

234 3232 320 3270 pag.
341 3220 419 3259 8⁰⁹.
461 3209 637 3274 κτίσμα
669 3205 822 3261 αύτόν
850 3196 1149 3275 φάσκοντες,
1201 3206 1297 3261 ἀλλ’
1324 3208 1416 3277 οὐχ
1446 3206 1514 3272 οἷς
1533 3213 1593 3263 ’ἓν
1615 3215 1715 3263 τῶν
1746 3207 2050 3276 κτισμάτων,
2100 3204 2249 3273 άλλά,
2300 3229 2397 3275 φα-

516 3418 539 3443 *
570 3417 643 3460 καὶ
670 3432 744 3460 om.
774 3423 859 3462 cod.
883 3424 1042 3474 Rhediy.
1455 3420 1502 3465 τὸ
1524 3420 1670 3477 πάσχα
1695 3422 1878 3465 ποιοῦσιν
1909 3419 2135 3472 ἰδιάζοντες
2158 3420 2266 3476 μετὰ
2289 3419 2395 3466 Ἰου-

516 3475 549 3513 Ῑ.
581 3496 633 3504 -
670 3477 703 3515 l.
732 3471 984 3520 Αὖδινιανῶν
1014 3480 1097 3518 cod.
1130 3480 1290 3529 Rhediy.
1457 3477 1585 3521 δαίων
1611 3481 1662 3520 10.
1690 3481 1874 3519 Damaso.
1932 3473 2103 3525 ἄλλους,
2143 3490 2163 3518 e
2192 3481 2293 3519 clero
2321 3481 2396 3520 sci-

517 3529 557 3569 2.
587 3528 683 3582 ἴσην
712 3529 760 3572 δὲ
788 3537 839 3572 10.
876 3537 1149 3575 Damascenus.
1454 3537 1539 3574 licet
1567 3538 1716 3584 pariter
1750 3537 1890 3575 divites
1916 3539 2014 3575 recte
2041 3536 2314 3585 interpretatus
2342 3539 2397 3576 est

517 3584 557 3625 3.
590 3583 663 3626 καὶ
689 3587 774 3625 cod.
804 3589 964 3639 Rhed1'9.
1456 3592 1680 3631 Salmasius
1733 3590 1895 3645 (Franc.
1943 3593 2138 3642 Francus)
2197 3592 2393 3642 Confutat.

518 3637 558 3679 4.
589 3639 826 3695 συνέχονται
852 3647 935 3684 cod.
965 3647 1125 3698 Rhediy.
1456 3647 1845 3687 Animadversionum
1870 3649 1955 3687 Ant.
1987 3648 2172 3687 cer-coetis·
2196 3658 2237 3695 p.
2263 3651 2317 3688 δί)
2335 3659 2391 3698 sq.

518 3695 558 3734 5.
589 3690 893 3746 ἀποκαλοῦντες
930 3700 1003 3741 καὶ
1045 3698 1193 3751 ἄλλους
1236 3697 1398 3750 ἄλλους.
1511 3702 1551 3743 6.
1584 3701 1622 3744 οἰ
1648 3714 1723 3743 om.
1753 3704 1836 3743 cod.
1869 3704 2026 3753 Rhediy.
2060 3705 2095 3742 et
2125 3703 2317 3753 anaceph„

461 3749 625 3793 ποιοῦσι
652 3748 700 3794 δὲ
731 3761 830 3792 cett.
888 3755 962 3796 καὶ
999 3751 1147 3807 ἄλλους
1187 3756 1247 3807 εἰς
1279 3754 1397 3802 ἄλλα.
1513 3758 1565 3797 11.
1592 3779 1650 3788 —-
1681 3760 1716 3799 1.
1749 3756 1823 3801 καὶ
1851 3753 1933 3802 ἀπὸ
1963 3759 2056 3800 editi
2084 3758 2186 3798 libri.
