2508 4134
285 1037 396 1094 Κεφ.
411 1033 494 1081 κα’.

513 231 614 283 528
1216 241 1418 284 SANCTI
1447 243 1731 284 EPIPHANH

511 341 675 407 ρεσίαν
717 342 964 408 γυναικῶν
1008 337 1242 405 5μόνων,
1294 338 1376 392 διὰ
1420 337 1509 407 τήν
1540 339 1836 409 σεμνότητα,
1885 339 1950 395 ἂν
1985 345 2117 413 χρεία
2150 344 2436 410 κατασταίη,

510 429 722 493 λουτροῦ
742 424 896 488 ἕνεκα,
934 420 968 489 ἢ
993 423 1298 490 ἐπισκέψεως
1318 422 1573 492 σωμάτων,
1612 427 1697 479 καὶ
1725 419 1869 479 αὗται
1894 426 1947 479 δὲ
1970 427 2244 498 μονόγαμοι
2269 430 2439 498 ἐγκρα-

511 506 820 576 τευσάμεναι,
869 505 902 574 ἢ
934 507 1265 578 6χηρεύσασαι
1308 507 1406 563 «ind
1452 514 1779 580 μονογαμίας,
1828 510 1862 578 ἢ
1899 508 2226 583 ἆειπάρθενοί
2254 507 2434 567 ἐοῦσαι.

513 591 635 647 Εἴθ’
678 595 786 662 ἑξῆς
819 592 1031 658 τούτων,
1083 595 1392 664 ἐπορκισταὶ,
1430 597 1513 649 καὶ
1545 597 1831 665 ἓρμηνευταὶ
1860 594 2077 666 γλώσσης
2109 599 2178 661 εἰς
2205 604 2440 669 γλῶσσαν,

512 678 548 747 ἢ
574 681 626 733 ἐν
652 687 759 743 ταῖς
786 676 1135 748 ἀναγνώσεσιν,
1171 678 1204 748 ἢ
1226 682 1279 733 ἐν
1304 688 1411 743 ταῖς
1435 684 1787 751 προςομιλίαις.
1861 679 2058 735 Λοιπὸν
2082 683 2134 737 δὲ
2157 684 2243 736 καὶ
2267 704 2441 737 κοπια-

510 766 619 830 ταὶ,
659 767 711 817 οἷ
731 761 791 816 τά
816 764 1014 832 σώματα
1040 766 1418 836 περιστέλλοντες
1443 772 1541 819 τῶν
1563 767 1910 834 κοιμωμένων,
1946 768 2030 821 καὶ
2056 770 2283 841 θυρωροὶ
2303 812 2316 834 ,
2355 769 2441 823 καὶ

513 847 544 918 ἦ
580 847 714 902 πάσα
750 846 957 913 εὐταξία.

659 1020 899 1085 Συνάξεις
925 1021 976 1075 δὲ
1005 1020 1371 1090 ἐπιτελούμεναι
1398 1024 1652 1089 ταχθεῖσαί
1678 1024 1799 1075 εἰσιν
1830 1021 1930 1076 ἆπὸ
1968 1027 2067 1076 τῶν
2103 1030 2120 1060 ¹
2137 1022 2439 1090 ἀποστόλων,

511 1106 719 1178 τετράδι,
757 1108 840 1160 καὶ
867 1107 1228 1180 προσαββάτῳ,
1265 1108 1351 1159 καὶ
1376 1113 1613 1180 κυριακῇ·
1651 1107 1847 1179 τετράδι
1875 1108 1928 1161 δὲ
1953 1109 2039 1161 καὶ
2070 1109 2123 1162 ἐν
2156 1109 2442 1179 προσαββά-

484 1217 577 1267 ,τῳ
606 1195 658 1246 ἐν
693 1196 889 1266 νηστείᾳ
918 1194 1010 1255 ἕως
1038 1193 1170 1262 ὥρας
1199 1190 1388 1260 ἐνάτης,
1428 1191 1689 1264 ἐπειδήπερ
1721 1191 2074 1267 ἐπιφωσκούσῃ
2107 1193 2300 1266 τετράδι
2327 1211 2438 1248 συν-

277 1984 363 2023 pag.
384 1974 479 2010 1105.

513 1277 708 1347 ελήφθη
741 1275 770 1332 o‘
799 1278 998 1348 κύριος,
1050 1279 1233 1350 καὶτῷ
1278 1275 1611 1350 προσαββάτῳ
1650 1278 1969 1351 ἐσταυρώθη,
2018 1281 2104 1333 καὶ
2148 1280 2442 1351 παρέδωκαν

513 1366 564 1418 οἱ
588 1362 848 1417 ἀπόστολοι
875 1365 929 1417 ἐν
959 1361 1159 1425 ταύταις
1184 1366 1407 1430 νηστείας
1432 1365 1771 1430 ἐπιτελεῖσθαι,
1803 1366 2145 1437 πληρουμένου
2169 1370 2258 1419 τοῦ
2286 1367 2441 1436 ῤἠτοῦ

512 1448 604 1515 ὅτι,
626 1449 784 1502 “va
810 1449 1018 1522 ἀπαρθῇ
1049 1445 1134 1502 ἄπ’
1164 1445 1328 1502 αὐτῶν
1354 1446 1382 1502 ὅ
1405 1453 1646 1517 νυμφίος,
1684 1449 1792 1504 τότε
1820 1449 2205 1519 2νηστεύσουσιν
2237 1453 2290 1505 ἐν
2318 1453 2436 1506 ἐκεί-

513 1557 622 1598 ναις
649 1542 755 1598 ταῖς
789 1532 1007 1606 ήμέραις.
1083 1536 1184 1586 Καὶ
1223 1532 1310 1603 ούχ
1338 1537 1421 1588 ’ἵνα
1450 1533 1592 1606 χάριν
1621 1535 1905 1604 ποιήσωμεν
1938 1542 2008 1611 τῷ
2036 1534 2161 1608 ὑπὲρ
2192 1534 2331 1606 ἡμῶν
2355 1557 2436 1590 πε-

514 1619 728 1674 πονθότι
747 1662 762 1686 ,
812 1618 845 1688 ή
873 1623 1068 1689 νηστεία
1094 1617 1211 1688 ἡμῖν
1242 1622 1613 1691 προςτέτακται,
1666 1619 1764 1674 ἄλλ’
1801 1621 1939 1684 ὅπως
1965 1619 2342 1693 ὁμολογήσωμεν
2373 1623 2441 1684 εἷς

512 1704 654 1775 ’ἡμῶν
681 1709 925 1776 σωτηρίαν
952 1704 1007 1759 vo*
1035 1712 1126 1759 τοῦ
1153 1710 1329 1777 κυρίου
1357 1705 1550 1773 πάθος,
1602 1707 1631 1761 ὃ
1659 1704 1784 1778 ’ὑπὲρ
1812 1705 1955 1776 ήμῶν
1992 1706 2142 1770 αὐτὸς
2167 1705 2439 1772 ἀνεδέξατο,

512 1794 595 1845 καὶ
631 1791 768 1855 ὅπως
791 1789 915 1862 ὑπὲρ
942 1797 1040 1845 τῶν
1069 1790 1211 1860 ήμῶν
1247 1789 1501 1863 άμαρτιαῖν
1530 1795 1585 1846 αἱ
1617 1800 1833 1861 νηστεῖαι
1866 1791 1985 1861 ήμΐν
2028 1791 2296 1865 εύλόγιστοι
2333 1798 2441 1866 θεῷ

512 1879 758 1949 γένωνται.
834 1878 936 1930 Καὶ
975 1874 1037 1930 δι’
1071 1877 1190 1931 ὅλου
1235 1879 1322 1946 μὲν
1359 1884 1448 1932 τοῦ
1486 1880 1624 1941 ἔτους
1661 1876 1695 1947 ἦ
1730 1882 1927 1947 νηστεία
1969 1878 2258 1946 φυλάττεται
2295 1880 2348 1932 ἐν
2380 1883 2442 1952 τῇ

514 1963 642 2038 αὐτῇ
670 1961 784 2036 ἆγία
813 1969 1057 2037 καθολικῇ
1087 1965 1340 2037 ἐκκλησίᾳ,
1380 1967 1509 2033 φημὶ
1537 1965 1590 2017 δὲ
1618 1963 1827 2035 τετριάδι
1855 1966 1940 2018 καὶ
1965 1964 2313 2037 προσαββάτῳ,
2351 1965 2443 2026 ἕως

515 2049 648 2120 ὥρας
675 2048 873 2116 ἐνάτης,
924 2051 1032 2117 δίχα
1062 2048 1219 2117 μόνης
1248 2056 1334 2118 τῆς
1368 2056 1713 2118 Πεντηκοστῆς
1738 2049 1854 2117 ὅλης
1875 2056 1974 2103 τῶν
1996 2050 2300 2118 πεντήκοντα
2325 2046 2439 2118 ἦμε-

514 2141 639 2206 ρῶν,
691 2136 743 2188 ἐν
780 2132 859 2198 αἷς
899 2132 1011 2188 οὔτε
1051 2139 1353 2204 γονυκλισίαι
1393 2139 1634 2206 γίνονται,
1690 2133 1802 2189 οὔτε
1841 2138 2038 2203 νηστεία
2077 2136 2440 2206 προςτέτακται.

510 2218 638 2274 Ἀντὶ
673 2221 725 2273 δὲ
761 2227 859 2274 τῶν
890 2218 1017 2291 πρὸς
1048 2218 1137 2288 τήν
1174 2220 1349 2290 ἐνάτην
1376 2221 1623 2284 συνάξεων
1663 2219 1909 2292 τετράδων
1952 2222 2034 2274 καὶ
2062 2219 2440 2290 προσαββάτων,

515 2304 581 2369 ὥς
610 2309 661 2360 ἐν
688 2303 846 2378 ἡμέρᾳ
874 2313 1106 2379 κυριακῇ,
1144 2305 1268 2359 κατά
1294 2305 1383 2369 τοὶς
1412 2305 1633 2377 πρωϊνοὶς
1658 2309 1713 2359 αἱ
1736 2304 1957 2370 συνάξεις
1984 2295 2333 2372 ἐπιτελοῦνται,
2371 2307 2442 2359 ἔτι

513 2392 566 2445 δὲ
593 2394 644 2445 ἐν
672 2398 778 2454 ταῖς
816 2390 856 2445 ν’
886 2389 1092 2461 ἡμέραις
1127 2388 1207 2454 αἷς
1244 2399 1484 2463 προεῖπον
1512 2398 1600 2460 τῆς
1641 2398 1989 2460 Πεντηκοστῆς
2027 2391 2122 2446 οὐκ
2157 2393 2288 2446 ἔστιν
2310 2386 2441 2445 ὀὔτε

513 2479 731 2544 νηστεία,
783 2474 895 2530 οὔτε
921 2478 973 2530 ἐν
999 2482 1058 2549 τῇ
1089 2474 1247 2550 ήμέρα
1278 2483 1376 2530 τῶν
1401 2476 1732 2545 Ἐπιφανίων,
1784 2477 1863 2531 ὅτε
1893 2477 2134 2548 ἐγεννήθη
2164 2480 2216 2532 ἐν
2239 2479 2383 2549 σαρκὶ
2413 2473 2443 2530 ὅ

514 2561 715 2632 κύριος,
768 2563 917 2625 ἔξεστι
951 2567 1234 2630 νηστεῦσαι,
1282 2561 1377 2616 κάν
1417 2585 1468 2616 τε
1507 2562 1739 2637 περιτύχῃ
1777 2563 1970 2634 τετράς,
2018 2562 2053 2632 ἢ
2080 2562 2440 2636 προσάββατον.

519 2649 815 2718 Προαιρέσει
839 2648 892 2700 δὲ
914 2645 1084 2721 άγαθῇ
1111 2650 1162 2701 οἱ
1181 2646 1332 2716 αὐτῆς
1360 2649 1566 2718 ἀσκηταὶ
1594 2648 1881 2714 διαπαντός,
1918 2651 2066 2721 χωρὶς
2091 2654 2330 2720 κυριακῆς
2356 2649 2440 2702 καὶ

519 2738 886 2801 Πεντηκοστῆς,
924 2731 1238 2801 νηστεύουσι,
1278 2736 1361 2787 καὶ
1389 2731 1662 2805 άγρυπνίας
1692 2733 1957 2797 διαπαντὸς
1983 2737 2263 2789 ἐπιτελοῦσι.
2344 2731 2443 2796 Τάς

515 2819 569 2872 δὲ
596 2818 836 2890 κυριακοὶς
863 2816 1060 2881 ἁπάσας
1084 2818 1334 2891 τρυφεράς
1362 2819 1546 2892 ήγεῖται
1568 2819 1602 2889 ή
1629 2819 1743 2892 άγία
1771 2820 1896 2888 αῦτη
1927 2817 2168 2887 καθολική
2194 2820 2438 2886 ἐκκλησία,

512 2905 599 2957 καὶ
623 2903 844 2968 συνάξεις
870 2902 956 2971 ἀφ’
978 2907 1137 2959 ἕωθεν
1166 2908 1385 2972 ἐπιτελεῖ,
1414 2907 1473 2960 οὗ
1503 2906 1735 2975 νηστεύει.
1805 2904 2172 2960 Ἀνακόλουθον
2195 2902 2286 2975 γάρ
2313 2906 2442 2959 ἐστιν

517 2992 570 3043 ἐν
598 2996 812 3064 κυριακῇ
838 2989 1099 3058 νηστεύειν.
1184 2990 1284 3059 Τήν
1312 2993 1364 3045 δὲ
1390 2991 1776 3063 τεσσαρακοστὴν
1807 2991 1895 3060 τήν
1922 2990 2019 3061 πρὸ
2048 2996 2147 3044 τῶν
2179 2988 2301 3043 ἑπτά
2325 2987 2442 3059 ήμε-

518 3081 619 3146 ρῶν
649 3082 738 3129 τοῦ
763 3073 907 3146 άγίου
940 3075 1118 3145 Πάσχα
1145 3075 1376 3141 ὥςαύτως
1403 3077 1661 3145 φυλάττειν
1688 3081 1864 3132 εἴωθεν
1891 3074 1925 3144 ἦ
1952 3074 2076 3144 αύτή
2107 3077 2348 3143 ἐκκλησία,
2388 3077 2440 3130 ἐν

515 3164 757 3229 νηστείαις
783 3164 1097 3228 διατελοῦσα,
1157 3162 1244 3225 τοὶς
1287 3164 1341 3217 δὲ
1381 3163 1621 3235 κυριακοὶς
1663 3162 1765 3218 οὐδ’
1795 3163 1947 3226 ὅλως,
1999 3159 2109 3214 οὔτε
2138 3163 2191 3214 ἐν
2221 3161 2349 3235 αὐτῇ
2378 3166 2441 3235 τῇ

516 3253 889 3320 τεσσαρακοστῇ.
971 3245 1070 3309 Τάς
1098 3248 1150 3301 δὲ
1170 3252 1225 3312 ἓξ
1256 3246 1440 3319 ἡμέρας
1464 3255 1554 3303 τοῦ
1585 3251 1758 3317 Πάσχα
1787 3251 1838 3302 ἐν
1864 3249 2141 3318 ξηροφαγίᾳ
2170 3249 2440 3302 διατελοῦσι

516 3331 695 3394 πάντες
722 3335 772 3385 οἱ
794 3334 930 3398 λαοὶ,
983 3339 1004 3369 3
1022 3335 1151 3401 φημὶ
1181 3334 1232 3387 δὲ
1262 3332 1391 3407 ἄρτῳ
1422 3336 1508 3388 καὶ
1536 3332 1611 3387 ἁλὶ
1639 3336 1723 3388 καὶ
1747 3333 1889 3386 ῦδατι
1910 3331 2017 3385 τότε
2042 3330 2284 3401 χρώμενοι
2312 3330 2440 3403 πρός

517 3418 740 3489 ἑσπέραν.
810 3415 951 3470 {Amo}
985 3420 1070 3471 καὶ
1109 3421 1161 3471 οἱ
1189 3424 1456 3473 σπουδαῖοι
1484 3423 1725 3484 4διπλᾶς,
1776 3419 1860 3470 καὶ
1887 3421 2115 3487 τριπλᾶς,
2161 3419 2247 3470 καὶ
2275 3424 2438 3489 τετραὲ

517 3508 642 3564 πλᾶς
682 3500 1053 3574 ύπερτίθενται,
1103 3506 1186 3557 καὶ
1226 3503 1347 3573 ὅλην
1384 3503 1474 3573 τήν
1510 3504 1758 3573 ἑβδομάδα
1798 3501 1924 3563 τινὲς
1965 3498 2074 3571 ὄῖχρι
2104 3498 2440 3574 άλεκτρυόνων

573 3620 612 3658 5.
646 3616 782 3672 μόνων
822 3621 935 3661 codd.
971 3632 1061 3662 mss,
1102 3624 1269 3672 uterque.
1331 3619 1452 3675 μόνον
1510 3623 1540 3672 Ι,
1567 3633 1661 3672 pay,
1683 3618 1748 3659 22.

517 3676 610 3715 editi
638 3678 738 3717 libri.
1559 3678 1598 3717 2.
1629 3671 1897 3728 νηστεύουσιν
1925 3675 2009 3714 cod.
2036 3676 2199 3727 Rhediy.

574 3730 612 3771 6·
644 3730 956 3788 χηρευσᾶμεναι
985 3735 1069 3774 cod.
1098 3733 1261 3784 Rhediy.
1563 3732 1601 3773 3.
1634 3725 1758 3786 φημή
1785 3732 1923 3771 vitium
1947 3735 2001 3771 est
2027 3733 2115 3772 edit.
2142 3733 2278 3774 Petav.
2303 3733 2436 3773 Colon-

578 3786 673 3828 CAP.
694 3789 813 3828 XXI.
846 3813 897 3820 -
960 3789 995 3831 1.
1030 3791 1088 3841 Cf.
1118 3791 1244 3830 Grabe
1269 3789 1450 3840 Spiciley.
1504 3792 1620 3840 repet.
