2508 4134
272 2592 357 2629 pag.
380 2582 457 2619 136.

462 226 564 276 552
1169 230 1375 274 SANCTI
1402 232 1688 284 EPIPHANII

465 328 661 397 75μετιῑῖι
698 327 753 382 τὸ
797 329 1204 402 εὖαγγελισθῆναι
1230 326 1446 399 Μαριάμ
1483 330 1534 382 ἐν
1577 329 1824 400 Ναζαρὲτ,
1873 330 1954 381 καὶ
1986 335 2046 368 ⁷⁶
2063 336 2390 398 συνειλῆφθαι

461 415 548 469 τόν
577 414 725 485 λόγον
756 413 843 467 τόν
877 412 995 467 ὄντα
1023 412 1109 466 ἀπ’
1141 414 1361 484 οὐρανοῦ
1402 416 1456 468 ἐκ
1492 413 1692 468 κόλπων
1728 411 1996 487 πατρῴων,
2046 417 2394 486 γεγεννημένον

465 499 688 571 ἀχρόνως
728 501 812 553 καὶ
845 498 1099 569 ἀνάρχως,
1151 499 1359 552 ἐλθόντα
1386 500 1437 552 δὲ
1463 497 1537 553 ἐπ’
1566 498 1778 568 ἐσχάτων
1817 505 1913 552 τῶν
1940 496 2136 571 ἡμερῶν
2161 500 2286 554 θεὸν
2313 498 2394 553 λό-

464 607 554 657 γον
580 583 700 639 ὅντα
729 587 783 639 ἐκ
811 591 940 638 θεοῦ
966 582 1151 655 πατρὸς
1178 583 1431 652 ἀληθινῶς
1456 586 1801 656 γεγεννημένον
1817 626 1830 650 ,
1884 581 2151 652 ὁμοούσιον
2182 583 2300 639 ὄντα
2324 590 2392 659 τῷ

464 672 641 740 πατρὶ,
690 672 776 723 καὶ
821 670 970 722 οὐδὲν
1010 667 1146 739 παρά
1187 668 1274 723 τόν
1304 672 1491 740 πατέρα
1533 668 1965 738 77ἠλλοιωμένον,
2016 668 2115 724 ἀλλ’
2154 667 2395 742 ἄτρεπτον

466 755 582 810 ὄντα
617 758 700 809 καὶ
730 753 1078 820 ἀναλλοίωτον,
1130 753 1307 823 ἀπαθῆ
1332 776 1382 807 τε
1412 754 1562 819 ὅλως,
1614 753 1962 823 συμπάσχοντα
1998 756 2051 809 δὲ
2077 762 2144 829 τῷ
2173 754 2394 829 ἡμετέρῳ

463 843 615 913 γένει,
652 842 737 894 καὶ
768 839 980 894 ἐλθόντα
1011 838 1095 893 ἀπ’
1124 838 1368 909 ούρανοῦ,
1423 841 1827 910 ἐγκυμονηθέντα
1869 839 1963 894 ούκ
1995 838 2092 894 ἀπὸ
2121 842 2396 910 σπέρματος

466 924 679 997 ἀνδρὸς,
736 923 836 980 ἀλλ’
877 923 977 980 ἀπὸ
1022 924 1303 993 πνεύματος
1343 922 1488 995 ἆγίου
1533 923 1807 992 ἀληθινῶς,
1864 931 2004 994 σῶμα
2046 923 2146 979 ἀπδ
2188 929 2397 997 Μαρίας

467 1012 730 1081 ἐσχηκότα,
785 1009 1133 1064 ἀνακλάσαντα
1174 1013 1332 1083 ἑαυτῷ
1359 1009 1449 1076 τὴν
1477 1008 1635 1080 σάρκα
1663 1008 1761 1064 ἀπὸ
1790 1018 1879 1079 τῆς
1911 1010 2097 1082 μήτρας
2123 1016 2208 1078 τῆς
2237 1008 2396 1080 ἆγίας,

466 1096 637 1166 ψυχὴν
664 1095 753 1165 τὴν
781 1096 1107 1168 ἀνθρωπίνην
1145 1095 1408 1163 εἰληφότα,
1462 1097 1547 1148 καὶ
1573 1103 1720 1162 νοῦν,
1772 1098 1855 1149 καὶ
1882 1102 1997 1150 πᾶν
2014 1099 2062 1150 εἷ’
2077 1119 2125 1150 τι
2153 1098 2284 1149 ἔστιν
2313 1092 2399 1149 ἄν·

468 1193 693 1255 θρωπος
714 1186 782 1245 εἰς
813 1181 988 1236 ἓαυτὸν
1014 1188 1073 1255 τῇ
1115 1183 1292 1234 ἑαυτοῦ
1328 1179 1530 1248 θεότητι
1556 1180 1924 1248 συνενώσαντα,
1977 1184 2322 1253 γεγεννημένον
2348 1203 2399 1235 τε

469 1272 522 1324 ἐν
547 1269 800 1337 Βηθλεὲμ,
838 1268 1230 1339 περιτμηθέντα,
1264 1269 1647 1337 προςενεχθέντα
1678 1270 1731 1322 ἐν
1759 1265 2139 1338 Ἰεροσολύμοις,
2194 1270 2398 1338 ἐναγκα-

468 1356 699 1408 λισθέντα
739 1351 838 1407 ύπὸ
881 1352 1115 1421 Συμεών,
1167 1351 1642 1423 άνθομολογηθέντα
1679 1351 1778 1407 ύπὸ
1809 1352 1997 1421 ’Ἀννης
2032 1359 2121 1422 τῆς
2162 1360 2250 1407 τοῦ
2294 1358 2397 1406 Φα-

469 1439 624 1509 νουὴλ
651 1439 987 1510 προφήτιδος,
1041 1439 1374 1506 7ξ’ληςρθέντα
1412 1441 1480 1501 εἰς
1526 1440 1772 1509 Ναζαρὲτ,
1828 1439 2039 1493 ἐλθόντα
2067 1444 2138 1512 τῷ
2169 1440 2278 1507 ἓξῆς
2304 1441 2399 1492 ἔνι·

473 1532 605 1598 αυτῷ
631 1524 859 1593 ὀφθῆναι
887 1523 1098 1578 ε’νώπιον
1125 1528 1328 1593 κυρίου,
1365 1523 1626 1595 γενόμενόν
1653 1546 1702 1577 τε
1729 1527 1780 1579 ἐν
1812 1525 2036 1593 Βηθλεὲμ
2063 1522 2145 1578 διά
2170 1522 2258 1592 τὴν
2286 1541 2400 1595 συγ-

470 1614 691 1684 γένειαν,
742 1608 840 1664 ύπὸ
883 1617 970 1678 τῆς
1018 1608 1199 1679 μητρὸς
1238 1609 1622 1678 βασταζόμενον,
1681 1604 1834 1673 αὖθις
1876 1609 2025 1663 πάλιν
2066 1612 2134 1672 εἰς
2180 1610 2403 1680 Ναζαρὲτ

473 1696 786 1767 ἀπαρθέντα,
837 1697 918 1748 καὶ
961 1694 1083 1748 κατα
1112 1697 1343 1765 δευτέραν
1370 1699 1606 1766 περίοδον
1638 1697 1877 1750 ἐνιαυτῶν
1905 1699 1974 1759 εἷς
2004 1693 2064 1748 τά
2091 1693 2403 1767 Ἱεροσόλυμα

471 1781 771 1851 ἐληλυθότα,
810 1781 1166 1850 βασταζόμενον
1192 1779 1292 1834 ύπὸ
1318 1788 1407 1850 τῆς
1436 1784 1563 1844 ἰδίας
1590 1780 1800 1853 μητρός·
1854 1783 1907 1835 ἐν
1934 1782 2159 1850 Βηθλεὲμ
2183 1784 2244 1836 ἐν
2268 1784 2402 1855 οἰκίᾳ

470 1868 773 1922 κατελθόντα
802 1865 893 1920 σύν
921 1874 981 1941 τῇ
1010 1869 1110 1939 ἰδία
1143 1868 1290 1937 μητρὶ
1314 1869 1399 1920 καὶ
1423 1865 1633 1935 Ἰωσὴφ,
1686 1869 1878 1938 γέροντι
1906 1865 2037 1930 ὄντι,
2076 1866 2167 1920 σύν
2195 1873 2254 1941 τῇ
2286 1873 2404 1919 Μα-

473 1953 589 2025 ριάμ
610 1954 671 2016 ,δὲ
696 1951 822 2018 ὄντι,
862 1950 1057 2005 κάκεῖσε
1082 1958 1153 2025 τῷ
1182 1954 1393 2026 δευτέρῳ
1420 1955 1514 2007 ἔτει
1540 1959 1628 2020 τῆς
1658 1953 1815 2006 αὐτοῦ
1841 1952 2107 2023 γεννήσεως
2135 1974 2401 2007 κατοπτευ-

471 2040 652 2105 θέντα,
704 2041 843 2109 δῶρα
871 2038 1110 2106 λαβόντα,
1163 2039 1248 2091 καὶ
1277 2040 1329 2091 ἐν
1358 2037 1486 2112 αὐτῇ
1521 2043 1654 2112 79τῇ
1680 2040 1818 2092 νυκτὶ
1846 2037 1944 2092 find
1978 2038 2183 2109 ἀγγέλου
2210 2044 2278 2111 τῷ
2301 2036 2399 2092 Ἰω-

473 2125 577 2192 σὴφ
605 2127 987 2195 χρηματίσαντος
1015 2126 1082 2186 εἷς
1106 2126 1364 2193 Αἴγυπτον
1393 2130 1452 2161 ⁸⁰
1469 2125 1886 2193 παραληφθέντα,
1925 2126 2007 2177 καὶ
2035 2122 2402 2191 κατεληλυθότα

474 2213 667 2264 ἐκεῖθεν
701 2209 876 2275 πάλιν,
916 2208 998 2262 διά
1030 2208 1121 2262 δύο
1156 2212 1277 2263 ἐτῶν
1321 2207 1685 2277 ἀνεληλυθότα,
1734 2209 2104 2278 τελευτήσαντος
2131 2215 2222 2263 τοῦ
2249 2207 2401 2280 Ἡρώ-

474 2300 594 2362 δου,
629 2293 890 2367 Ἀρχελάου
929 2295 982 2347 δὲ
1019 2295 1386 2362 διαδεξαμένου.

623 2388 702 2454 Τῷ
743 2379 836 2452 γάρ
879 2386 1150 2451 τριακοστῷ
1189 2382 1335 2452 τρίτῳ
1374 2376 1624 2448 Ἡρώδου,
1679 2386 2046 2454 τεσσαρακοστῷ
2093 2381 2146 2434 δὲ
2191 2381 2402 2453 δευτέρῳ

474 2464 769 2537 Αὐγούστου
797 2473 886 2519 τοῦ
909 2467 1162 2533 βασιλέως,
1200 2470 1427 2535 γεννᾶται
1454 2461 1483 2517 ὅ
1510 2464 1669 2536 σωτὴρ
1699 2468 1751 2519 ἐν
1778 2467 2005 2534 Βηθλεὲμ
2029 2471 2117 2534 τῆς
2139 2466 2402 2528 Ἰουδαίας.

483 2551 685 2605 Κάτεισι
719 2552 772 2604 δὲ
799 2553 868 2613 εἰς
903 2554 1164 2620 Αἴγυπτον
1207 2555 1276 2622 τῷ
1320 2556 1592 2623 τριακοστῷ
1634 2552 1841 2625 πέμπτῳ
1868 2550 2092 2620 Ἡρώδου
2105 2594 2118 2617 ,
2171 2550 2323 2604 ἄνεισι
2352 2551 2405 2605 δὲ

475 2637 562 2693 ἀπ’
599 2636 861 2707 Αἰγύπτου
909 2635 1029 2705 μετὰ
1073 2634 1163 2703 τὴν
1205 2633 1429 2705 Ἡρώδου
1473 2636 1708 2705 τελευτήν.
1783 2636 1862 2690 Δι’
1904 2631 1973 2690 ῶν
2018 2639 2098 2691 ἐπὶ
2141 2635 2404 2705 τριάκοντα

475 2720 597 2777 ἑπτά
638 2725 759 2776 ἔτεσι
800 2728 887 2791 τῆς
929 2722 1084 2789 αὐτῆς
1123 2728 1213 2774 τοῦ
1240 2719 1464 2791 Ἡρώδου
1501 2721 1656 2792 ἀρχῆς
1682 2717 1744 2791 ἧν
1774 2721 1801 2776 ὁ
1834 2731 1951 2786 παῖς
1980 2721 2226 2792 τεσσάρων
2265 2724 2404 2788 ἐτῶν,

476 2808 555 2863 ὅτε
593 2806 816 2879 Ἡρώδης
859 2807 1146 2877 τριακοστόν
1188 2809 1403 2874 ἕβδομον
1437 2808 1702 2877 πληρώσας
1745 2810 2116 2879 81κατέστρεψε
2155 2806 2241 2861 τόν
2279 2812 2403 2876 βίον.

467 2895 731 2964 Ἀρχέλαος
756 2895 806 2947 δὲ
835 2895 974 2947 ἐννέα
1013 2895 1095 2960 ἔτη
1123 2892 1393 2960 βασιλεύει,
1450 2899 1508 2930 82
1526 2891 1594 2956 ώς
1623 2892 1764 2957 ἐξιών
1798 2892 1979 2962 Ἰωσὴφ
2009 2892 2110 2961 ἅμα
2134 2899 2195 2966 τῇ
2226 2896 2405 2966 Μαρία

475 2982 560 3033 καὶ
586 2984 656 3051 τῷ
681 2983 890 3053 παιδίῳ,
931 2977 1150 3041 ἀκούσας
1178 2976 1263 3031 τὸν
1293 2976 1548 3048 Ἀρχέλαον
1577 2977 1876 3048 βασιλεύειν,
1915 2977 2217 3049 ἀνεχώρησεν
2250 2981 2316 3041 εἰς
2344 2978 2405 3031 τά

479 3066 601 3135 μέρη
636 3072 693 3104 83
711 3068 986 3130 Γαλιλαίας,
1024 3066 1107 3117 καὶ
1135 3064 1415 3137 κατῷκησεν
1440 3066 1510 3126 εἰς
1538 3070 1597 3102 84
1614 3066 1851 3135 Ναζαρέτ.
1879 3055 2152 3133 Δ’,Αρχέλαος
2180 3064 2234 3116 δὲ
2258 3069 2405 3138 γεννᾷ

476 3149 562 3203 τὸν
586 3149 811 3221 Ἡρώδην
837 3149 921 3203 τὸν
947 3150 1206 3221 νεώτερον,
1255 3152 1338 3203 καὶ
1368 3149 1606 3218 βασιλεύει
1632 3147 1853 3221 Ἡρώδης
1875 3155 1942 3221 τῷ
1980 3147 2163 3221 ἐννάτῳ
2193 3150 2286 3202 ἔτει
2316 3156 2405 3218 τῆς

479 3242 566 3289 τοῦ
594 3235 780 3307 πατρός
804 3239 1049 3304 βασιλείας
1069 3234 1334 3305 Ἀρχελάου
1359 3233 1486 3288 κατά
1510 3234 1762 3304 διαδοχήν.
1815 3237 1917 3289 Καὶ
1941 3235 2106 3304 γέγονε
2125 3235 2406 3304 λογιζόμενα

479 3325 705 3392 δεκατρία
738 3323 819 3390 ἔτη
844 3329 904 3396 τῇ
936 3320 1156 3394 ἐνσάρκῳ
1185 3326 1404 3391 Χριστοῦ
1433 3325 1694 3394 παρουσίᾳ.
1767 3317 2194 3393 Ὀἱτωκαιδεκάτῳ
2228 3322 2281 3374 δὲ
2311 3323 2406 3375 ἔτει

534 3494 602 3537 75.
650 3498 862 3546 Petavius,
922 3508 999 3535 ποη
1048 3497 1181 3546 aynito
1229 3498 1416 3536 orationis
1472 3503 1607 3535 autem
1639 3501 1856 3548 postquam
1886 3493 2073 3533 nuntium
2104 3498 2186 3534 cett.

478 3554 722 3602 anacolutho,
752 3554 1010 3602 supplendum
1030 3555 1186 3603 putavit
1210 3564 1257 3591 ex
1277 3553 1413 3593 Pana·
1527 3550 1593 3594 76.
1639 3548 1958 3604 συνειληφῖτέναι
1997 3552 2079 3590 cod.
2109 3554 2188 3592 len.
2221 3556 2257 3592 et
2297 3554 2404 3593 editi.

476 3611 536 3647 rio
563 3608 607 3650 αἱ
633 3608 854 3662 μετέπειτα
890 3609 1022 3651 πᾶσαι
1049 3606 1262 3662 γεγόνασιν
1302 3607 1413 3660 αἱρέ-
1472 3605 1817 3661 συνειληφὲταῖναι
1854 3608 1937 3646 cod.
1980 3609 2141 3659 Rhediy.
2218 3610 2404 3661 συνειλη-
2454 3625 2456 3627 ’

481 3677 593 3712 σεις,
637 3663 750 3719 4λέγω
798 3662 870 3717 δή.
946 3668 995 3705 Et
1042 3669 1254 3705 eornm-ius
1300 3668 1413 3705 vertit
1469 3664 1590 3716 φέναι
1613 3666 1725 3704 habet
1755 3675 1891 3713 margo
1920 3666 2086 3712 exempli
2112 3667 2277 3715 Schott„
2306 3668 2405 3716 siylo

480 3720 684 3773 Deinceps
712 3736 809 3761 vero
829 3730 926 3775 post
944 3721 1071 3774 ipsius
1090 3721 1312 3760 adventum
1334 3735 1411 3773 po-
1468 3723 1518 3760 M.
1579 3722 1785 3769 adscripto.
1857 3720 2131 3775 συνειλῆφὲαι
2188 3723 2405 3763 emendavit

479 3776 672 3816 steriores
702 3791 841 3817 omues
868 3778 1056 3818 haereses
1089 3778 1280 3828 fuerunt,
1314 3776 1407 3817 dico
1467 3781 1549 3818 iam
1579 3779 1779 3817 Petavius.
