2508 4134
558 290 782 330 PANARH
812 290 1008 330 Lmffl.
1037 290 1223 330 ToM.1.
1256 292 1634 333 HAER.LXXV1.
1942 281 2040 332 313

150 408 245 441 non
273 387 492 441 omnibus
521 386 744 439 divinitas
770 387 1032 451 tribuatur,
1073 388 1156 445 sed
1189 389 1269 439 uni
1299 407 1411 456 prae
1443 391 1644 454 ceteriS‚
1700 407 1821 459 quae
1849 398 1920 441 est
1950 407 2043 440 una

148 474 198 525 in
227 472 437 524 trinitate
464 470 715 536 divinitas,
757 471 865 539 quid
894 471 1081 521 tandem
1111 472 1309 538 egregio
1333 472 1399 522 illi
1429 474 1754 542 relinquetur,
1796 493 1889 543 quo
1916 475 2044 525 veri-

149 557 260 609 tatis
301 555 409 606 liliis
460 563 695 606 terrorem
734 554 1192 622 admirationemque
1236 555 1386 623 possit
1420 556 1671 609 incutere?
1737 556 1858 629 ‚Sed
1896 567 1945 609 et
1975 558 2043 609 al-

151 650 251 692 tera
282 640 339 691 ab
370 639 522 689 altera
559 639 876 708 discrepabit,
930 656 987 689 eo
1016 639 1139 706 quod
1179 638 1368 690 trinitas
1407 649 1568 703 creat,
1623 651 1782 692 cetera
1823 660 1940 694 vero
1981 643 2040 694 ab

148 725 252 794 ipsa
277 732 504 774 creantur
527 723 704 774 omnia.
782 720 868 773 llla
894 722 1068 773 nullius
1093 723 1356 773 dominatui
1382 724 1598 775 subiecta
1625 735 1698 775 est
1716 764 1728 788 ‚
1770 726 1888 778 haec
1917 727 2042 778 illius

147 808 370 878 potestati
414 815 526 858 sunt
564 807 770 858 subdita.
858 807 934 857 Ad
980 807 1096 858 hacc
1138 807 1230 857 ista
1272 808 1614 859 mutationibus
1655 810 1866 861 obnoxia
1908 819 2037 874 sunt,

145 891 227 943 illa
268 900 435 960 suapte
479 899 651 942 natura
688 891 995 942 immutabilis
1035 900 1140 953 est,
1203 900 1251 941 et
1288 891 1519 943 inferiora
1562 894 1720 943 omnia
1763 903 2039 958 commutat,

145 993 346 1045 quorum
374 984 572 1026 naturas
599 983 649 1026 et
678 975 971 1027 substantias
1001 993 1027 1026 e
1055 974 1202 1026 nihilo
1230 976 1495 1043 producere
1526 986 1701 1046 potest.
1779 977 1884 1028 Hoc
1913 979 2040 1029 enim

146 1062 236 1111 deo
270 1059 521 1128 congruit,
577 1067 628 1110 ut
655 1076 719 1110 ex
756 1060 885 1110 nulla
924 1060 1166 1111 substrata
1205 1060 1405 1110 materia
1440 1069 1484 1110 et
1515 1078 1579 1111 ex
1610 1061 1756 1111 nihilo
1787 1063 2040 1130 producta-

143 1163 249 1197 rum
276 1161 305 1196 a
336 1161 390 1195 se
418 1161 578 1194 rerum
617 1160 674 1194 ac
699 1143 1060 1196 subsistentium
1095 1143 1310 1195 ordinem
1349 1145 1806 1213 dispositionemque
1845 1165 1930 1216 pro
1954 1165 2039 1199 sua

144 1230 392 1281 voluntate
430 1236 597 1279 mutet.

281 1311 416 1364 Aetii
448 1309 607 1381 Caput
638 1314 831 1364 XXXV.
920 1311 974 1365 Si
1020 1313 1285 1364 substantia
1325 1313 1480 1365 omnis
1525 1314 1736 1380 ingenita
1780 1324 1881 1379 est,
1936 1333 2043 1384 per-

142 1398 253 1449 inde
284 1407 332 1447 et
361 1398 488 1448 nulla
519 1396 764 1448 variabilis
790 1405 884 1448 est.
961 1395 1102 1464 Quod
1142 1398 1182 1448 si
1222 1397 1402 1450 variari
1446 1398 1710 1449 substantia
1742 1417 1837 1449 non
1863 1409 2038 1468 potest,

143 1498 316 1550 agere,
370 1490 419 1532 et
444 1481 539 1550 pati
568 1482 627 1532 ad
656 1481 899 1532 fortuitum
935 1482 1170 1549 quendam
1203 1499 1365 1533 casum
1400 1483 1654 1533 referenda
1692 1493 1821 1534 sunt.
1900 1481 2041 1550 Quod

142 1566 184 1616 si
213 1566 357 1616 multa
388 1574 499 1616 sunt
537 1566 751 1633 ingenita
790 1574 838 1616 et
867 1564 1199 1629 invariabilia,
1261 1566 1388 1617 nullo
1422 1575 1554 1617 certo
1584 1585 1610 1617 a
1637 1585 1689 1618 se
1719 1567 1926 1619 invicem
1958 1586 2044 1620 nu-

143 1667 277 1700 mero
326 1649 684 1718 discrepabunt.
774 1647 950 1718 Neque
997 1651 1122 1700 enim
1164 1650 1505 1719 comprehendi
1548 1669 1746 1702 numero
1794 1661 2038 1721 poterunt,

142 1751 263 1802 quae
306 1734 383 1784 vel
421 1733 670 1797 absolute,
722 1733 801 1784 vel
838 1734 994 1802 aliqua
1039 1751 1103 1785 ex
1145 1744 1277 1803 parte
1319 1735 1575 1799 differunt,
1629 1754 1734 1787 cum
1774 1736 2042 1787 differentia

141 1818 296 1869 omnis
324 1817 670 1868 determinatae
708 1835 910 1868 caussae
936 1819 983 1868 in
1012 1818 1225 1886 ingenita
1258 1828 1426 1870 natura
1467 1820 1599 1870 velut
1630 1821 1904 1873 attributam
1936 1839 2042 1872 sor-

141 1911 235 1954 tem
275 1903 530 1970 significet.

280 1983 481 2039 Confut.
527 1987 722 2036 XXXV.
812 1984 927 2036 Non
967 1987 1122 2038 omnis
1162 1987 1430 2039 substantia
1473 1989 1689 2057 ingenita
1728 1990 1817 2040 dici
1860 1998 2037 2059 potest,

139 2072 263 2140 quod
290 2072 367 2122 vel
398 2071 557 2121 animo
589 2069 845 2138 concipere
873 2071 1094 2122 stolidum
1128 2081 1228 2134 est,
1283 2081 1423 2140 atque
1453 2074 1510 2123 ab
1539 2075 1784 2142 gentilium
1814 2074 2042 2142 ignoran-

139 2156 204 2207 tia
230 2173 287 2206 ea
314 2155 391 2206 vel
421 2154 650 2222 cogitatio
681 2157 758 2204 vel
786 2156 1025 2206 sententia
1054 2156 1399 2224 proficiscitur,
1455 2159 1559 2209 sive
1591 2160 1893 2223 affirmando,
1935 2160 2039 2211 sive

141 2240 486 2307 interrogando
513 2239 667 2290 solum
696 2237 869 2290 Aetius
898 2240 988 2290 ista
1017 2239 1287 2308 protulerit.
1366 2239 1666 2310 Quamquam
1696 2244 2040 2311 interrogando

139 2323 262 2375 istud
293 2324 481 2391 quidem
513 2340 773 2391 usurpasse
805 2323 1010 2374 videtur.
1090 2323 1255 2392 Quare
1296 2325 1353 2375 de
1388 2327 1646 2394 gentilibus
1685 2328 1776 2378 ista
1823 2330 2040 2380 sciscite-

142 2416 247 2471 tur,
302 2415 444 2474 atque
473 2407 530 2458 ab
556 2407 650 2458 illis
683 2407 803 2471 hoc,
859 2409 981 2476 quod
1018 2409 1065 2458 in
1092 2410 1473 2477 interrogatione
1507 2429 1594 2463 sua
1625 2430 1688 2463 ex
1714 2413 2042 2464 ratiocinatio-

141 2491 278 2542 nibus
320 2491 519 2542 collecta
557 2492 745 2559 posuit,
801 2493 1093 2544 concedatur
1139 2494 1290 2556 ultr0‚
1344 2496 1591 2546 materiam
1636 2514 1745 2547 esse
1782 2498 2037 2565 quandam,

140 2592 260 2643 quae
292 2584 507 2644 tempore
546 2592 649 2625 cum
684 2576 773 2626 deo
812 2575 875 2626 sit
912 2578 1152 2645 aequalis;
1210 2579 1294 2628 sed
1329 2587 1378 2629 et
1408 2598 1501 2630 una
1539 2599 1645 2632 cum
1675 2582 1769 2632 illis
1797 2582 1959 2632 eadem
1999 2583 2039 2633 si

137 2661 315 2711 sentiat
352 2659 667 2710 convincatur
704 2659 899 2712 Aetius.
972 2660 1099 2712 Nam
1149 2662 1330 2714 veritas
1371 2665 1557 2732 quidem
1606 2665 1708 2734 ipsa
1747 2684 1886 2716 unam
1930 2684 2039 2718 esse

138 2752 304 2795 censet
331 2743 611 2795 efficientem
653 2761 903 2806 caussam3
960 2746 1081 2812 quod
1111 2746 1158 2796 in
1189 2765 1283 2798 una
1313 2756 1361 2798 et
1390 2749 1553 2799 eadem
1585 2750 1851 2800 substantia
1882 2753 2040 2819 perse-

137 2837 212 2879 cta
242 2829 431 2879 trinitas
458 2828 561 2878 sine
591 2827 680 2877 ulla
712 2828 995 2879 confusione
1026 2840 1322 2882 numeretur.
1398 2831 1607 2901 Reliqua
1634 2851 1749 2886 vero
1779 2836 1936 2885 omnia
1969 2836 2038 2885 fa-

136 2922 213 2964 cta
256 2930 310 2963 ac
356 2922 608 2981 procreata
649 2921 791 2975 sunt,
844 2930 938 2962 non
978 2914 1220 2981 ingenita,
1273 2915 1496 2967 divinitas
1534 2934 1651 2967 vero
1688 2936 1714 2968 a
1746 2919 1873 2969 nullo
1903 2936 2037 2969 crea-

136 3006 241 3060 tur,
299 2998 382 3048 sed
414 3006 547 3066 pater
591 2995 771 3064 gignit,
829 2996 951 3047 lilius
996 2998 1187 3064 genitus
1231 3009 1333 3064 est,
1386 3001 1583 3068 spiritus
1613 3011 1807 3052 sanctus
1841 3020 1867 3052 a
1902 3012 2037 3071 patre

133 3083 310 3133 missus
341 3090 440 3144 est,
494 3090 542 3132 et
571 3098 597 3131 a
630 3081 726 3131 filio
758 3080 958 3148 accipit,
1013 3090 1174 3136 cetera
1206 3100 1325 3133 vero
1359 3094 1523 3135 creata
1556 3095 1698 3149 sunt3
1751 3095 1892 3153 atque
1935 3088 2034 3154 ipse

135 3167 252 3217 deus
290 3165 598 3216 immutabilis
639 3165 814 3214 virtute
858 3181 1143 3232 permanens
1185 3178 1511 3235 congruenter
1542 3169 1591 3219 in
1627 3171 1838 3220 trinitate
1877 3172 2035 3221 consi-

135 3251 234 3301 stit.
313 3247 541 3301 Ceterum
570 3249 794 3300 divinitas
818 3249 972 3298 omnis
1001 3250 1058 3298 ad
1090 3259 1270 3316 patrem
1303 3254 1542 3316 refertur,
1586 3255 1707 3321 quod
1734 3254 1796 3304 ita
1828 3272 2033 3305 consen-

135 3342 324 3384 taneum
354 3334 443 3397 sit,
499 3334 638 3401 idque
671 3342 718 3383 et
749 3333 806 3382 ad
836 3333 1065 3383 unitatem
1101 3333 1398 3385 retinendam
1419 3375 1431 3398 ,
1489 3345 1537 3386 et
1563 3337 1890 3405 multiplicium
1920 3341 2031 3390 deo-

131 3435 235 3468 rum
264 3418 523 3469 vanitatem
556 3418 865 3468 refellendam
905 3418 1158 3484 pertineat.
1238 3415 1322 3469 Sic
1353 3420 1478 3469 enim
1508 3420 1814 3472 immutabilis
1848 3432 1921 3473 est
1949 3442 2033 3476 na-

131 3509 267 3553 turae
297 3501 487 3552 divinae
516 3502 688 3563 virtus,
731 3510 783 3554 ut
807 3509 1131 3568 congruenter
1159 3502 1239 3551 filii
1266 3504 1324 3552 ad
1353 3512 1532 3571 patrem
1560 3505 1851 3573 spiritusque
1877 3510 2031 3559 sancti

133 3594 457 3636 consentanea
489 3585 611 3636 ratio
646 3586 1032 3654 comparatioque
1071 3595 1313 3636 servetur.
1391 3585 1529 3653 Quae
1575 3606 1678 3638 cum
1713 3590 1775 3639 ita
1805 3608 1914 3643 sese
1948 3593 2031 3644 ha-

130 3670 305 3734 beant,
348 3671 590 3738 captiosae
616 3659 1160 3737 illius'interrogationis
1198 3681 1515 3722 commentum
1546 3674 1733 3742 penitus
1765 3674 2025 3729 intercidit.

240 3767 279 3812 6.
309 3764 628 3822 ἅνωφερομένης
654 3772 790 3810 vitium
814 3773 866 3809 est
888 3770 944 3808 ed.
972 3771 1104 3809 Petav.
1139 3770 1265 3809 Colon.
1293 3773 1407 3820 repet.
