2508 4134
426 285 652 326 PANARII
681 287 785 326 LIB.
812 287 883 326 ΙΙΙ.
906 287 1042 327 ΤΟΜ.
1066 288 1115 326 Π.
1147 287 1335 327 EXPOS.
1366 287 1470 326 FlD.
1502 286 1736 327 CATHOL.
1933 276 2029 325 511

131 383 462 434 tractationem
496 401 552 433 ac
583 383 1061 452 comprehensionem
1093 383 1420 451 imperfectam
1454 401 1656 435 necesse
1687 383 1778 434 erit
1806 384 2029 451 relinqui.

131 465 371 535 Scriptum
415 476 489 517 est
530 468 686 530 enim,
740 470 1130 516 Adolescentulae
1169 486 1364 532 quarum
1405 487 1495 517 non
1531 477 1603 516 est
1641 486 1875 517 numerus.
1959 466 2031 517 Ad

127 568 242 618 quas
281 567 420 600 sacra
451 551 529 602 illa
575 551 814 619 pertinent
857 568 976 617 quae
1013 552 1058 600 in
1095 551 1265 619 oppido
1298 550 1380 602 Sai
1413 562 1460 601 et
1485 549 1701 615 Pelusii,
1757 551 1956 603 Bubasti
1986 560 2034 601 et

126 634 285 702 Abydi
314 645 576 702 geruntur,
620 653 708 685 nec
738 652 830 684 non
863 644 909 684 et
942 635 1142 684 Antinoi
1179 634 1372 685 delubra
1394 674 1406 697 ,
1460 653 1566 685 cum
1596 637 1867 703 mysteriis,
1911 654 2032 703 quac

124 718 221 768 illic
250 718 505 768 obeuntur.
586 714 704 769 Item
734 727 782 769 et
810 736 930 786 quae
962 716 1220 782 Pharbeti,
1264 727 1345 768 aut
1377 719 1547 785 quibus
1581 720 1742 771 hircus
1772 740 1796 770 a
1830 719 2034 770 Mende-

125 802 209 852 siis
248 803 447 864 colitur,
504 811 553 852 et
593 821 713 870 quae
768 803 815 853 in
862 801 1139 853 Busiritana
1183 804 1515 870 praefectura,
1576 800 1915 867 Sebennitica‚
1975 822 2031 854 ac

127 883 459 954 Diospolitana
504 887 830 938 celebrantur.
909 885 1006 937 Sed
1050 895 1096 935 et.
1127 886 1300 936 alicubi
1331 885 1379 935 in
1412 886 1642 937 bonorem
1685 886 1833 950 Seth,
1892 905 2029 955 quem

127 969 478 1039 Typhoneum,
520 980 706 1038 putant,
749 971 885 1021 asino
919 970 1040 1020 ritus
1069 987 1124 1020 ac
1152 970 1452 1020 ceremonias
1483 981 1736 1038 peragunt.
1814 971 1912 1021 Alii
1944 971 2032 1022 Ti-

126 1053 422 1117 thramboni,
477 1072 616 1122 quam
659 1056 1037 1123 interpretantur
1065 1053 1316 1118 Hecaten,
1373 1053 1451 1103 alii
1483 1052 1712 1123 Nepthy,
1768 1055 1844 1104 alii
1873 1054 2032 1106 Ther-

125 1139 270 1202 muti,
330 1139 407 1188 alii
454 1137 566 1189 lsidi
611 1138 879 1189 initiantur.
973 1135 1254 1189 Cuiusmodi
1299 1138 1480 1188 infinita
1536 1138 1645 1189 alia'
1667 1139 1757 1189 dici
1811 1149 2029 1207 possunt,

123 1239 244 1290 quae
269 1221 516 1291 speciatim
545 1233 592 1274 ut
618 1231 968 1273 recenseantur
992 1223 1221 1290 temporis
1249 1222 1498 1290 plurimum
1526 1223 1820 1273 desiderent.
1898 1221 2032 1289 Quo-

124 1307 249 1357 circa
291 1307 560 1358 summatim
609 1308 681 1358 his
732 1307 895 1357 verbis
944 1307 1160 1357 concludi
1206 1315 1363 1374 potest
1402 1308 1618 1357 oratioz'
1645 1310 2034 1357 Adolescentulae
2066 1319 2283 1362 Cantor.

122 1409 317 1457 quarum
355 1410 446 1440 non
473 1402 546 1441 est
565 1410 800 1454 numerus.
881 1389 1005 1442 Sunt
1043 1390 1169 1441 enim
1203 1391 1296 1440 alia
1332 1408 1475 1459 porro
1516 1391 1749 1460 mysteria
1787 1393 2032 1460 quamplu-

121 1475 273 1538 rima,
317 1485 364 1525 et
392 1484 630 1526 sectarum
666 1493 720 1525 ac
747 1475 1056 1526 schismatum
1083 1475 1362 1537 architecti,
1406 1475 1539 1525 velut
1565 1476 1688 1544 apud
1720 1474 1896 1526 Persas
1925 1474 2032 1526 Ma-

122 1559 320 1627 gusaei,
377 1561 498 1628 apud
531 1558 803 1627 Aegyptios
845 1560 1133 1628 prophetae,
1191 1561 1443 1628 adytorum
1476 1568 1525 1610 et
1556 1577 1804 1610 sacrorum
1846 1561 2034 1610 antisti-

123 1653 216 1694 tes.
299 1642 414 1694 ltem
456 1649 575 1712 apud
618 1641 915 1712 Babylonios
959 1643 1037 1711 qui
1082 1642 1329 1694 Gazareni
1378 1653 1643 1707 vocantur,
1700 1645 1945 1712 sapientes
1988 1654 2035 1694 et

120 1728 468 1778 incantatores.
548 1725 735 1793 Quibus
778 1738 827 1778 et
861 1726 1084 1778 ludorum
1122 1727 1279 1779 Evilei
1319 1747 1374 1778 ac
1407 1727 1736 1779 Brachmanes
1777 1730 2029 1788 accedunt,

51 1807 54 1810 ’
121 1820 170 1862 et
198 1810 497 1863 Graecorum
524 1811 869 1880 hierophantae
901 1822 948 1862 et
977 1813 1173 1864 aeditui.
1249 1811 1360 1882 Nec
1394 1831 1487 1863 non
1520 1814 1721 1882 cynicae
1750 1823 1942 1876 sectae,
1984 1821 2032 1864 et

122 1896 322 1947 aliarum
362 1898 705 1964 propemodum
745 1896 1037 1946 infinitarum
1079 1906 1304 1948 auctores
1343 1897 1633 1966 philosophi.

258 1980 400 2048 Apud
431 1978 611 2030 Persas
644 1980 790 2047 igitur
817 1979 1103 2048 Magusaei‚
1146 1991 1194 2031 ut
1220 1983 1351 2046 dixi,
1413 2000 1518 2032 cum
1547 1981 1672 2032 idola
1703 1982 2023 2045 detestentur,
2052 1990 2283 2046 Cap.Xttt.

119 2064 285 2115 eadem
328 2073 485 2114 tamen
526 2064 602 2114 illa
644 2074 971 2127 venerantur,
1026 2066 1184 2133 ignem
1226 2066 1482 2129 videlicet,
1546 2066 1705 2117 lunam
1751 2084 1808 2117 ac
1855 2067 2024 2117 solem.

119 2148 217 2199 Alii
256 2157 507 2218 praeterea
551 2158 662 2199 sunt
710 2150 786 2216 qui
834 2151 880 2200 in
929 2149 1136 2200 Graecia
1180 2149 1312 2219 Mysi
1366 2160 1414 2199 et
1457 2150 1569 2200 Abii
1620 2160 1886 2215 vocantur,
1950 2152 2028 2219 qui

119 2232 294 2300 equino
321 2234 442 2284 lacte
476 2233 723 2297 victitant,
782 2243 829 2284 et
864 2243 1103 2302 agrestem
1145 2244 1286 2302 atque
1331 2234 1558 2285 incultam
1598 2236 1740 2303 plane
1780 2236 2028 2304 regionem

118 2317 349 2368 habitant.
429 2315 584 2384 Quam
624 2319 770 2369 multa
813 2319 871 2368 ab
903 2319 1120 2369 humanis
1149 2319 1358 2386 ingeniis
1390 2319 1548 2386 colligi
1590 2329 1823 2387 possunt,
1878 2322 1935 2371 de
1968 2322 2027 2370 iis

118 2401 196 2469 qui
230 2402 348 2452 tanti
379 2419 435 2452 ac
463 2411 557 2452 tam
591 2404 892 2454 excellentes
935 2404 1199 2468 habentur,
1255 2413 1302 2454 et
1330 2422 1418 2471 qua
1449 2405 1507 2454 ad
1539 2404 1844 2455 laudabilium
1874 2409 2029 2454 adole-

115 2489 429 2535 scentularum
455 2504 606 2554 genus
637 2487 844 2538 adscribi
876 2489 1082 2551 debent,
1138 2507 1335 2554 quarum
1365 2508 1456 2538 noa
1486 2499 1560 2538 est
1584 2508 1819 2538 numerus.
1899 2488 2026 2540 Nam

118 2571 239 2622 aliae
277 2572 682 2621 commendandae
728 2581 869 2635 sunt,
926 2573 1048 2623 aliae
1085 2573 1439 2641 vituperatione
1482 2574 1673 2640 dignae.
1751 2572 1878 2624 Nam
1908 2593 2027 2624 non-

119 2654 234 2705 nulli
263 2656 570 2723 reperiuntur
595 2656 670 2722 qui
700 2673 761 2706 ex
787 2657 974 2725 privato
1002 2658 1198 2725 ingenio
1221 2675 1442 2709 severam
1469 2659 1704 2725 quandam
1732 2658 1859 2710 vitae
1886 2658 2027 2709 disci-

117 2739 293 2808 plinam
327 2737 383 2790 ac
417 2739 570 2806 legem
619 2739 929 2808 sibimetipsis
969 2741 1316 2805 condiderunt,
1374 2760 1427 2792 ac
1471 2742 1735 2810 prolixiore
1777 2762 1912 2794 coma
1946 2762 2027 2812 pa·

117 2823 210 2873 lam
244 2824 364 2873 etin
401 2824 609 2873 omnium
650 2824 801 2873 oculis
840 2826 1122 2892 procedunt.
1200 2826 1295 2876 Alii
1327 2843 1445 2876 vero
1480 2827 1632 2876 sancti
1672 2830 1847 2878 fratres
1879 2828 1925 2878 in
1960 2829 2026 2878 ci-

117 2907 227 2957 licio
256 2916 304 2957 et
327 2906 491 2958 cinere
526 2908 651 2957 domi
696 2925 804 2957 sese
835 2910 1112 2972 continent,
1169 2910 1250 2961 alii
1291 2911 1494 2978 denique
1532 2913 1798 2980 asperrimo
1832 2913 2026 2962 vivendi

117 2991 336 3042 instituto
383 3010 438 3042 ac
468 2991 735 3043 durissimis
781 2992 973 3043 ieiuniis
1017 3003 1064 3043 et
1096 2995 1339 3045 laboribus
1375 2995 1447 3044 dei
1483 3013 1653 3046 caussa
1686 2996 1923 3064 susceptis
1952 2996 2025 3045 iu-

117 3076 262 3126 venili
289 3077 489 3144 quadam
519 3077 796 3126 fortitudine
824 3086 871 3126 et
897 3079 1111 3144 perfecta
1147 3096 1263 3146 erga
1292 3094 1519 3148 sponsum
1546 3080 1844 3131 conscientia
1873 3081 2025 3130 omni-

116 3159 207 3210 bus
241 3159 454 3211 numeris
482 3160 748 3211 absolutam
784 3161 929 3210 vitam
963 3163 1259 3229 exprimunt.
1337 3163 1435 3213 Alii
1469 3164 1684 3227 demum,
1727 3165 1849 3231 quod
1884 3164 2024 3231 paulo

118 3252 229 3294 ante
261 3244 393 3308 dixi,
450 3263 545 3295 non
579 3245 797 3308 sincere,
855 3246 938 3295 sed
979 3246 1300 3296 obstinatione
1332 3249 1532 3314 quadam
1565 3248 1737 3310 animi,
1790 3249 1921 3298 velut
1950 3258 2023 3316 ty-

116 3384 322 3410 sacrorum
370 3378 411 3410 et
451 3386 661 3424 magorum
683 3349 693 3354 ·
709 3370 830 3410 duces
867 3375 1048 3412 convert-it
1157 3373 1195 3411 2.
1228 3374 1345 3411 Vertit
1365 3375 1576 3412 Cor-narius
1600 3373 1678 3412 Alii
1703 3387 1802 3412 vero
1822 3382 1915 3413 sunt
1938 3389 2025 3414 rur-

121 3428 345 3466 Carnarius.
1100 3443 1165 3467 sus
1206 3428 1247 3466 in
1275 3428 1445 3467 Graecia
1482 3428 1616 3481 Mysi,
1655 3429 1849 3482 appellati
1883 3431 1972 3469 Abii
2003 3447 2025 3471 a

183 3483 242 3523 13.
290 3482 538 3537 Βραχμᾶνες
574 3479 789 3536 εΕλλήνων
828 3487 1044 3524 coniectura
1101 3483 1184 3522 vita
1225 3483 1423 3535 neglecta.
1485 3486 1541 3534 Cf.
1587 3487 1738 3524 Homer.
1776 3488 1820 3525 Il.
1851 3488 1966 3537 XIII,
1998 3490 2023 3527 5

117 3542 170 3577 est
199 3541 360 3578 Petavii.
417 3542 490 3579 Nec
518 3552 563 3579 ea
593 3545 646 3579 est
673 3543 948 3590 improbabilis.
1098 3545 1131 3579 et
1162 3539 1201 3580 o.
1259 3542 1510 3579 scribendum
1538 3542 1697 3589 fortasse
1717 3537 1858 3596 ’Ἅβιοι
1896 3543 2023 3595 γάλα-

178 3591 240 3633 14.
288 3596 580 3635 Rescribendum
618 3600 791 3646 suspicor
830 3593 1039 3649 νεωκόροι,
1099 3594 1165 3637 κτί
1187 3609 1232 3636 τε
1254 3594 1387 3636 ἵππων
1415 3597 1515 3645 κτλ.,
1548 3598 1601 3635 ad
1623 3600 1868 3638 secernendos
1890 3611 1915 3638 a
1938 3602 2023 3649 My-

121 3647 193 3690 καὶ
217 3649 418 3691 Κυνικῶν.
478 3655 689 3691 Cornarius
713 3655 891 3692 convertit
919 3654 1039 3691 ssare·
1098 3654 1150 3690 sis
1182 3653 1302 3691 Abies.

125 3718 202 3744 ma.
279 3705 396 3759 Apud
441 3706 619 3746 Graecos
661 3708 954 3761 hierophantae
1003 3717 1042 3747 et
1154 3707 1190 3748 3.
1223 3705 1296 3748 καὶ
1321 3711 1448 3748 omiss.
1471 3711 1512 3748 in
1535 3710 1622 3749 edit.
1651 3711 1782 3750 Petav.
1809 3713 1938 3751 Colon.
1963 3724 2022 3751 're-

121 3760 378 3800 sacerdotum
409 3762 649 3816 Cynicorum
680 3764 899 3803 multitudo
930 3769 1007 3804 cett.
1096 3769 1171 3813 pet.

180 3816 274 3859 CAP.
298 3819 415 3858 Xllt.
449 3842 493 3847 -—
556 3821 590 3859 l.
619 3821 801 3869 Suspicor
829 3819 889 3862 δὲ.
1153 3819 1191 3860 4.
1223 3823 1399 3861 Fortasse
1425 3819 1653 3875 νεανιότητί
1680 3836 1726 3864 τε
1753 3823 1807 3878 τῇ
1837 3825 1925 3865 κτλ.
