2508 4134
537 269 763 313 PANAmr
791 269 898 310 me.
921 270 992 309 111.
1021 269 1155 309 ToM.
1178 270 1229 309 11.
1258 269 1422 310 HAER.
1445 268 1662 309 Lxxvn.
1956 258 2051 308 341

156 388 360 440 unquam
401 368 583 420 audiit?
631 367 735 435 quis
765 366 954 429 docuit,
1009 365 1262 417 didicitve!
1339 370 1460 416 Nam
1488 387 1513 417 e
1541 371 1655 417 Sion
1685 370 1927 431 egreditur
1952 384 2054 415 ver-
2098 375 2161 410 Es.
2182 375 2216 419 2,
2235 375 2266 410 3.

156 458 257 505 bum
294 457 493 513 domini,
546 462 594 502 et
627 455 704 501 leoe
734 454 812 500 dez·
837 470 897 499 ex
923 452 1231 500 Hierusalem.
1310 450 1376 500 At
1421 451 1538 501 haec
1581 452 1706 501 unde
1746 452 2058 520 prodierunt?

155 538 361 606 Quinam
393 537 536 588 inferi
568 535 680 586 illud
708 542 1014 594 eructarunt,
1070 533 1481 584 consubstantiale
1518 535 1754 586 divinitati
1786 536 1921 586 verbi
1949 552 2058 586 cor-

153 640 239 692 pus
270 621 381 672 illud
410 638 518 673 esse
549 620 672 688 quod
708 635 735 669 a
763 616 924 669 Maria
952 617 1164 686 genitum
1196 619 1303 668 est?
1343 627 1423 668 aut
1460 619 1656 669 verbum
1692 621 1847 688 ipsum
1871 620 1921 670 in
1953 637 2058 670 car-

153 724 290 768 nem,
331 722 470 768 ossa,
513 704 738 771 capilloS‚
779 720 834 753 ac
865 711 1012 752 totum
1044 701 1249 769 denique
1280 719 1455 769 corpus
1493 720 1602 753 esse
1634 721 1953 767 conversum,
2011 712 2060 754 et

151 808 176 840 a
205 798 372 858 suapte
403 798 571 840 natura
600 788 864 838 mutatum?
938 784 1062 852 Quis
1092 786 1286 836 omnino
1323 786 1380 835 de
1408 783 1701 837 Christianis
1730 789 1878 838 audiit
1911 789 2055 839 lilium

152 875 227 925 dei
258 874 416 943 specie
447 891 504 924 ac
535 871 726 923 fictione
756 872 856 922 sola
887 888 1091 938 corpus,
1143 888 1238 920 non
1278 878 1448 920 natura
1484 871 1731 936 gessisse?
1789 870 1928 938 Quis
1962 882 2055 923 tam

151 958 321 1027 impius
358 957 442 1008 fuit
473 966 523 1007 ut
548 958 799 1025 ipsammet
830 955 1041 1005 eiusdem
1077 953 1375 1004 divinitatem
1406 954 1734 1005 circumcisam
1770 973 1878 1005 esse
1914 964 2056 1023 atque

149 1042 474 1111 imperfectam
519 1059 545 1092 e
585 1043 801 1109 perfecta
843 1039 1075 1089 redditam
1118 1038 1265 1090 fuisse
1305 1035 1509 1088 sentiret
1553 1056 1609 1088 ac
1649 1039 1864 1088 diceret?
1935 1037 2058 1090 Item

147 1125 262 1177 illud
303 1127 487 1195 ipsum,
531 1126 653 1190 quod
687 1125 733 1175 in
766 1124 894 1191 ligno
923 1124 1144 1173 suffixum
1177 1131 1278 1185 est,
1334 1141 1428 1173 non
1465 1140 1638 1191 corpus
1667 1123 1917 1187 extitisse,
1972 1125 2057 1175 sed

149 1211 464 1262 substantiam
496 1210 645 1278 ipsam
678 1218 882 1259 naturae
918 1207 1065 1258 totius
1099 1207 1351 1276 opificem?
1425 1206 1548 1274 Quis
1581 1224 1686 1257 cum
1716 1207 1844 1257 istud
1873 1208 2052 1272 audiat,

151 1314 245 1346 non
271 1313 296 1345 e
325 1293 516 1357 Maria,
572 1294 655 1344 sed
687 1311 751 1344 ex
781 1291 970 1361 propria
1002 1292 1268 1342 substantia
1303 1291 1377 1341 dei
1417 1292 1616 1342 verbum
1650 1291 1914 1342 obnoxium
1947 1310 2057 1360 pas-

149 1379 274 1431 sioni
305 1379 393 1429 sibi
421 1396 594 1446 corpus
625 1378 869 1428 effinxisse
889 1416 901 1440 ,
945 1373 1275 1426 Christianum
1304 1377 1380 1444 qui
1409 1377 1528 1427 haee
1557 1376 1736 1426 dixerit
1762 1376 2057 1427 arbitretur?

151 1462 272 1531 Quis
301 1464 604 1514 execrandae
635 1462 760 1512 illius
793 1460 1052 1530 impietatis
1091 1468 1259 1510 auctor
1301 1470 1404 1524 est,
1463 1470 1513 1511 ut
1551 1461 1784 1511 eiusmodi
1823 1462 2056 1528 quaedam

149 1549 308 1599 animo
343 1547 600 1616 concipere
645 1555 727 1597 aut
769 1546 924 1614 eloqui
960 1544 1153 1595 minime
1187 1545 1499 1595 formidaret?
1554 1563 1691 1607 eum,
1745 1545 1823 1612 qui
1854 1545 2058 1595 domini-

148 1650 254 1683 cum
283 1649 309 1682 e
335 1630 496 1682 Maria
527 1649 700 1699 corpus
734 1647 841 1680 esse
872 1639 1033 1680 natum
1068 1639 1286 1694 asserat,
1346 1648 1440 1680 non
1479 1630 1772 1693 trinitatem,
1825 1630 1907 1679 sed
1941 1647 2058 1698 qua-

150 1717 425 1768 ternitatem
469 1715 705 1767 divinitati
748 1715 991 1765 tribuere?
1064 1715 1204 1764 Adeo
1242 1723 1292 1764 ut
1332 1715 1407 1782 qui
1438 1715 1503 1765 ita
1531 1714 1747 1764 sentiunt
1773 1731 1965 1764 carnem
1999 1714 2057 1764 il-

146 1802 269 1864 lam,
323 1817 460 1868 quam
505 1800 715 1850 salvator
754 1817 779 1850 e
812 1797 968 1850 Maria
1008 1798 1196 1865 virgine
1236 1799 1479 1867 suscepit,
1540 1816 1605 1849 ex
1638 1799 1742 1867 ipsa
1785 1798 2054 1848 substantia

147 1885 374 1936 trinitatis
404 1902 513 1935 esse
552 1886 811 1935 fateantur.
889 1881 988 1933 Iam
1024 1900 1141 1933 vero
1175 1884 1411 1933 undenam
1443 1901 1603 1951 parem
1644 1883 1751 1933 hnic
1782 1901 1838 1933 ac
1868 1900 2057 1950 germa-

145 1988 252 2021 nam
282 1969 574 2038 impietatem
605 1985 832 2020 evomere
859 1968 937 2017 alii
964 1968 1150 2035 quidam
1179 1968 1225 2017 in
1255 1969 1463 2019 animum
1495 1968 1811 2031 induxerunt,
1853 1967 1919 2017 uti
1948 1985 2055 2017 eor-

145 2072 231 2124 pus
258 2054 410 2123 ipsum
440 2072 534 2104 non
565 2054 814 2104 divinitate
847 2052 980 2104 verbi
1015 2052 1287 2115 recentius,
1348 2041 1430 2103 sed
1465 2062 1803 2116 coaeternum,
1860 2070 1917 2103 ac
1949 2070 2056 2121 per-

145 2148 288 2208 petuo
316 2157 420 2189 cum
449 2139 530 2189 illo
559 2138 865 2188 coniunctum
898 2137 1122 2187 extitisse
1153 2137 1410 2199 deliniant,
1453 2137 1832 2204 quandoquidem
1861 2138 1919 2188 ab
1950 2139 2055 2207 ipsa

145 2223 380 2292 sapientia
409 2223 720 2274 constitutum
749 2224 856 2272 est?
928 2220 1155 2272 Potuitne
1189 2218 1482 2272 Christianis
1510 2221 1567 2271 ab
1594 2221 1864 2272 hominibus
1894 2223 1941 2272 in
1969 2223 2055 2273 du-

144 2308 270 2359 bium
302 2308 495 2370 vocari,
536 2317 803 2358 utrumnam
834 2306 1052 2357 dominus
1085 2314 1254 2356 noster
1284 2306 1341 2355 de
1368 2304 1525 2356 Maria
1553 2306 1741 2374 virgine
1771 2316 1910 2358 natus
1942 2307 2055 2357 sub-

146 2394 319 2444 stantia
353 2400 619 2459 naturaque
650 2391 724 2441 dei
757 2391 878 2441 fitius
905 2391 1152 2454 extiterit,
1208 2391 1468 2440 secundum
1516 2407 1709 2440 carnem
1753 2409 1872 2442 vero
1902 2409 1927 2441 e
1955 2389 2056 2442 Da-

146 2477 271 2528 vidis
317 2477 495 2544 stirpe,
548 2493 603 2525 ac
644 2485 985 2526 sacrosanctae
1034 2474 1234 2542 virginis
1283 2492 1426 2525 carne
1474 2478 1758 2543 susceptus?
1844 2475 2055 2543 Quinam

147 2579 291 2630 porro
332 2569 460 2612 tanta
498 2561 768 2611 temeritate
800 2570 848 2610 et
879 2560 1076 2610 audacia
1114 2560 1337 2622 fuerunt,
1392 2568 1444 2609 ut
1473 2555 1718 2610 Christum
1751 2559 1880 2610 illum
1923 2578 2056 2611 asse-

146 2654 312 2696 rerent
339 2646 416 2714 qui
444 2646 492 2696 in
520 2662 666 2695 carne
696 2661 895 2713 passus,
936 2653 984 2694 et
1013 2645 1061 2694 in
1092 2661 1283 2703 crucem
1315 2652 1450 2693 actus
1482 2652 1584 2707 est,
1640 2662 1735 2694 non
1766 2661 1876 2696 esse
1906 2644 2057 2695 domi-

147 2748 257 2781 num
301 2747 356 2780 ac
394 2730 716 2791 salvatorem,
777 2737 824 2778 et
869 2729 1037 2791 deum,
1097 2726 1342 2796 patrisque
1383 2728 1565 2779 fllium?
1650 2727 1872 2795 Quonam
1915 2738 2054 2797 pacto

149 2812 454 2867 Christianos
492 2813 719 2882 appellari
748 2830 801 2862 se
834 2812 1000 2863 volunt
1041 2812 1118 2879 qui
1152 2812 1199 2862 in
1229 2821 1446 2863 sanetum
1490 2812 1730 2863 hominem
1777 2813 1974 2881 perinde
2003 2821 2056 2862 ut

145 2898 193 2949 in
240 2899 444 2966 aliquem
487 2899 545 2948 de
585 2897 919 2966 prophetarum
974 2914 1174 2946 numero
1225 2897 1467 2965 delapsum
1518 2914 1626 2947 esse
1672 2897 1899 2964 verbum,
1957 2914 2053 2946 non

145 2983 399 3050 ipsummet
437 2982 676 3033 hominem
723 2983 897 3031 factum
938 2997 1045 3030 esse
1081 2980 1391 3048 profitentur,
1449 2999 1552 3032 cum
1588 2999 1651 3032 ex
1681 2979 1841 3032 Maria
1878 2997 2052 3047 corpus

145 3067 411 3130 induisset,
453 3067 537 3116 sed
569 3066 770 3117 alterum
801 3081 910 3115 esse
940 3061 1211 3128 Christum,
1266 3065 1466 3116 alterum
1503 3065 1577 3116 dei
1606 3066 1779 3128 filium,
1833 3065 1912 3131 qui
1941 3072 2053 3114 ante

146 3149 354 3201 Mariam
394 3160 441 3202 et
478 3159 590 3201 ante
630 3149 824 3200 saecula
864 3148 1021 3198 omnia
1064 3148 1185 3198 filius
1218 3165 1282 3199 ex
1320 3158 1457 3217 patre
1487 3150 1749 3217 prodierit?
1822 3147 1901 3198 An
1934 3165 2051 3199 vero

148 3233 408 3287 Christiani
438 3253 548 3287 esse
581 3243 781 3304 possunt
815 3233 898 3300 qui
932 3232 1073 3282 alium
1105 3249 1215 3283 esse
1242 3234 1410 3297 deum,
1466 3234 1591 3284 aliud
1623 3242 1670 3283 et
1697 3233 1754 3284 ab
1783 3233 1865 3283 illo
1894 3232 2053 3283 diver-

151 3337 253 3371 sum
295 3319 371 3369 dei
410 3320 606 3371 verbum
647 3317 956 3387 praedicant?

285 3402 421 3453 Haec
459 3404 506 3453 in
539 3403 633 3454 illis
680 3400 1038 3452 commentariis
1082 3401 1453 3451 continebantur
1499 3401 1803 3469 pronuntiata
1835 3401 2048 3468 diverse,

204 3502 266 3543 12.
297 3500 445 3555 σοφίας
473 3503 516 3541 Β.
1181 3498 1243 3539 18.
1276 3496 1410 3551 ἕτερον
1437 3501 1483 3539 Β.

203 3558 268 3600 13.
301 3556 446 3598 ἑαυτοῦ
476 3559 520 3596 Β.
1182 3552 1242 3594 19.
1275 3549 1378 3614 εἶναι
1406 3553 1648 3606 Χριστιανοὶ
1676 3552 1866 3598 δύνανται
1896 3556 1935 3597 οἱ
1962 3559 2007 3597 Β.

205 3611 268 3654 14,
299 3609 400 3654 εἶναι
427 3609 500 3664 τὴν
529 3615 573 3653 Β.
1179 3610 1245 3649 20-
1280 3613 1383 3652 εἰναι
1411 3609 1480 3653 τὸν
1508 3609 1607 3662 υἱὸν,
1637 3611 1710 3654 καὶ
1738 3606 1855 3654 ἄλλον
1882 3610 1950 3655 τὸν
1977 3613 2050 3657 τοῦ

204 3671 266 3710 15.
295 3670 376 3718 τῆς
405 3663 550 3714 οὐσίας
575 3668 653 3721 τῆς
685 3667 831 3722 σοφίας
860 3670 903 3707 Β.
1125 3667 1164 3708 3.
1196 3667 1229 3706 λ.
1259 3667 1304 3706 Β.

204 3723 266 3765 16.
298 3723 346 3767 δὲ
375 3718 456 3776 ἄρα
487 3727 526 3764 Β.
1184 3721 1279 3761 Cu».
1301 3722 1351 3763 V.
1384 3745 1433 3752 —
1480 3723 1515 3762 1.
1546 3718 1791 3781 ἀδιαφόρως
1816 3727 1927 3766 codd.
1954 3738 2046 3772 mss.

204 3780 266 3823 17.
299 3779 370 3824 καὶ
397 3792 473 3821 non
503 3782 613 3821 habet
641 3782 723 3820 cod.
754 3782 912 3833 Rhedig.
1124 3782 1278 3829 uterque
1308 3782 1342 3819 et
1370 3781 1428 3820 ed,
1458 3781 1582 3831 princ.

2097 3414 2181 3471 Cap
2190 3445 2200 3456 .
2227 3416 2278 3459 V.
