2508 4134
395 256 498 309 278
1104 264 1309 306 sANc'rt
1337 261 1625 306 ΕΡῙΡΗΑΝΠ

395 362 454 417 τά
484 360 738 429 θελήματα
775 362 860 414 καὶ
897 363 952 414 αἱ
976 361 1191 415 διάνοιαι
1219 363 1483 432 σφαλεραὶ,
1538 359 1709 428 ἐπειδὴ
1739 358 1937 427 φύσεώς
1970 361 2112 428 ἔσμεν
2136 362 2220 415 καὶ
2243 359 2335 416 οὖσ-

397 453 502 510 σίας
530 446 774 514 τοιαύτης.
854 445 1013 508 Φύσις
1054 447 1107 500 δὲ
1144 448 1326 518 λέγεται
1356 449 1441 500 καὶ
1480 445 1625 500 ούσία
1661 452 1815 500 &soff
1881 448 1981 499 Καὶ
2014 444 2077 500 ού
2105 444 2239 516 παρά
2271 444 2327 501 τό

394 532 548 600 φύσιν
578 534 659 586 καὶ
700 533 855 598 φύσιν
894 529 1025 599 ἡμᾶς
1063 531 1291 598 ἀκούειν,
1343 535 1429 586 καὶ
1466 530 1709 586 ιιοὐσίαν
1744 533 1829 584 καὶ
1863 532 2069 597 οὐσίαν,
2120 530 2211 602 χρὴ
2243 530 2330 586 τὸν

397 617 694 689 ἀσύγκριτον
722 617 847 671 θεὸν
871 623 932 691 τῇ
955 615 1165 691 ἡμετέρᾳ
1197 621 1474 688 συγκρίνειν
1512 617 1671 683 φύσει.
1751 616 1923 688 Οὕτως
1948 619 2034 671 καὶ
2065 619 2148 671 ἐπὶ
2179 622 2331 672 πᾶσιν

399 701 474 766 οἷς
518 701 604 756 ἐάν
645 705 787 776 εἴπῃς
820 704 931 772 περὶ
971 708 1126 768 θεοῦ,
1187 697 1228 756 ὦ
1264 701 1440 768 Ἀέτιε,
1498 701 1618 756 adv&
1663 702 1780 756 ὅλον
1821 704 1951 756 ἐστὶν
1989 699 2330 771 οἷσύμπλοκον,

398 786 716 859 άσύγκριτον,
758 789 948 841 τέλειον
984 790 1035 841 έν
1068 789 1254 861 ἑαυτῷ,
1309 787 1376 856 μὴ
1406 787 1720 855 ἒπιδεόμενόν
1760 810 1917 849 τινος·
1973 787 2332 856 αὗτοαίσθησις

397 873 491 946 γάρ
522 876 648 938 ἐστι,
700 875 784 926 καὶ
822 874 1150 940 αὖτοθέλημα.
1226 872 1321 927 Διὸ
1364 871 1657 944 άσύγκριτον
1687 879 1924 944 μονογενῆ
1962 872 2076 927 υἷόν
2101 872 2332 943 ἆσυγκρί-

397 981 494 1021 τως
521 957 756 1028 γεννήσας
796 956 908 1012 οὔτε
937 965 1025 1026 τῆς
1061 960 1241 1012 ἑαυτοῦ
1283 960 1530 1027 ἐστέρηται
1564 958 1762 1023 οὐσίας,
1815 957 1928 1013 οὔτε
1959 966 2047 1027 τῆς
2079 960 2332 1013 12ἑαυτοῦ

397 1044 484 1098 τόν
515 1045 863 1114 γεγεννημένον
902 1043 1057 1112 μόνον
1096 1046 1149 1098 ἐκ
1187 1042 1372 1111 μόνου,
1423 1044 1507 1096 καὶ
1546 1041 1599 1096 vd
1620 1042 1775 1147 'dytov
1814 1043 1968 1098 αὐτοῦ
1995 1050 2215 1111 πνεῦμα,
2264 1042 2332 1113 μή

398 1132 566 1198 ἔχοντα
596 1127 722 1199 πρὸς
747 1151 806 1182 τα
833 1127 948 1182 άλλα
978 1131 1177 1196 ἰσότητα
1206 1127 1240 1197 ἢ
1268 1126 1633 1196 ἀξιώματος,
1609 1127 1643 1196 η’
1671 1127 1895 1194 φύσεως,
1944 1128 1977 1198 η’
2006 1132 2173 1198 ἑτέρας
2199 1129 2334 1194 τινὸς

398 1214 710 1277 ὑποθέσεως·
767 1214 856 1283 οὐχ
894 1214 1037 1268 ἒαυτὸ
1077 1216 1352 1284 ἐστέρησεν,
1392 1212 1517 1267 οὕτε
1550 1236 1674 1266 κατα
1701 1215 1825 1279 ἕξιν,
1876 1212 1988 1268 οὔτε
2011 1237 2135 1268 κατα
2162 1213 2334 1273 οὐσίαν

397 1307 486 1368 τῆς
512 1299 807 1371 ἆσυγκρίτου
837 1298 992 1353 αὐτοῦ
1013 1299 1282 1367 θεότητος,
1320 1299 1431 1352 οὔτε
1456 1298 1510 1352 τό
1541 1301 1590 1362 ἐξ
1618 1298 1792 1362 αὐτοῦ,
1833 1296 1901 1360 οἷς
1926 1299 2080 1368 ἔφην,
2117 1302 2333 1370 γέννημα

402 1388 649 1457 ἐστέρηται
679 1393 765 1454 τῆς
787 1391 876 1439 τοῦ
902 1384 1089 1455 πατρὸς
1116 1384 1261 1448 ἀξίας
1288 1385 1372 1438 καὶ
1404 1383 1654 1452 ἰσότητος,
1705 1382 2000 1453 ασύγκριτον
2035 1383 2119 1450 ὃν,
2167 1407 2253 1438 και
2277 1383 2332 1439 vd

185 1510 272 1547 mg
294 1500 369 1537 961
401 1471 544 1543 άγιον
569 1470 725 1525 αὐτοῦ
753 1477 947 1537 πνεῦμα
974 1470 1100 1539 πρὸς
1133 1477 1233 1522 πᾶν
1261 1468 1433 1523 ὁτιοῦν
1463 1470 1584 1539 όπερ
1621 1471 1721 1524 ἐστὶ
1755 1491 1892 1538 τριας
1924 1473 2102 1536 τελεία,
2158 1472 2336 1533 τέλειος

400 1555 430 1612 6
454 1556 642 1628 πατὴρ,
692 1558 868 1618 τέλειος
905 1554 935 1610 6
966 1555 1101 1620 υἱὸς,
1151 1557 1332 1608 τέλειον
1372 1553 1427 1608 τὸ
1469 1577 1610 1625 αγιον
1642 1561 1862 1622 πνεῦμα,
1916 1554 1976 1608 οὗ
2016 1555 2335 1624 1ἶ’3συναλιφή

400 1667 473 1708 τις
502 1637 652 1708 ουσα,
706 1641 821 1696 οὐδὲ
852 1639 978 1711 πρὸς
1014 1639 1192 1709 ἕαυτην
1230 1642 1601 1711 διαφυρομένη,
1655 1638 1774 1694 οὐδέ
1809 1663 1855 1693 τι
1886 1642 1992 1693 ἐν
1969 1647 2118 1716 εαυτῇ
2156 1644 2334 1711 ἔχουσα

398 1726 742 1799 ύποβεβηκὸς,
780 1730 862 1781 ’ἵνα
890 1726 957 1795 μή
984 1725 1038 1781 τὸ
1071 1726 1447 1796 διακρινόμενον
1474 1725 1689 1800 ἆφανίζῃ
1714 1724 1768 1780 vd
1798 1725 2119 1797 ἀσύγκριτον,
2169 1729 2250 1781 καὶ
2278 1726 2333 1782 τὰ

398 1814 728 1885 ἠλλοιωμένον
754 1815 975 1882 στέρησιν
1000 1819 1090 1867 τοῦ
1125 1811 1250 1866 εἶναι
1279 1811 1566 1882 ἐργάσηται,
1605 1813 1699 1875 ἕξει
1726 1810 1883 1879 μόνον
1907 1811 2195 1883 λεγόμενον,
2249 1816 2335 1868 καὶ

402 1902 495 1956 οὐκ
528 1901 764 1972 ἀληθείᾳ,
814 1899 848 1967 η’
873 1897 941 1961 ὥς
969 1905 1100 1971 ψιλῷ
1132 1897 1261 1971 λόγῳ
1296 1896 1657 1966 ὀνομαζόμενον
1684 1899 1737 1951 ἐν
1768 1896 2000 1971 παρόδῳ,
2054 1901 2136 1953 καὶ
2165 1897 2233 1967 μὴ
2259 1897 2334 1965 ὃν,

404 1985 471 2050 ὥς
509 1985 543 2055 ἡ
567 1984 629 2055 σὴ
656 1985 854 2048 πάντως
890 1992 1184 2055 περινοεῖται
1221 1982 1442 2048 διάνοια,
1491 1982 1796 2047 ἀποξενῶσαι
1823 1985 2099 2054 πειρωμένη
2137 1991 2225 2038 τοῦ
2251 1989 2337 2054 τῆς

403 2077 611 2134 πίστεως
632 2071 810 2141 λόγου,
858 2077 912 2108 ¹4
931 2070 1005 2124 ὅτι
1040 2069 1283 2124 πιστεύειν
1313 2073 1392 2122 δεῖ
1414 2067 1500 2122 τόν
1524 2067 1910 2138 προςερχόμενον
1936 2075 2070 2143 θεῷ,
2120 2069 2195 2124 ὅτι
2217 2072 2335 2135 ἔστι,

400 2161 485 2213 καὶ
514 2165 616 2220 τοῖς
644 2159 924 2225 ἐκζητοῦσιν
953 2154 1103 2209 αὐτόν
1128 2153 1502 2223 μισθαποδότης
1525 2157 1733 2224 γίνεται·
1782 2154 1903 2225 ὅπερ
1935 2157 1986 2208 ἓν
2019 2157 2168 2226 πατρὶ
2197 2154 2335 2230 μόνῳ

404 2244 466 2299 οὗ
500 2243 704 2296 δύναται
743 2248 1077 2309 τελειωθῆναι.
1149 2239 1204 2293 ‘0
1231 2239 1324 2310 γάρ
1362 2237 1430 2308 μὴ
1458 2242 1581 2308 ἔχων
1614 2238 1702 2293 τὸν
1736 2237 1851 2293 υἱόν
1879 2238 1994 2293 οὐδὲ
2036 2238 2123 2295 τόν
2147 2243 2336 2313 πατέρα

405 2331 524 2398 ἔχει,
561 2330 648 2382 καὶ
684 2325 713 2381 6
750 2325 836 2381 τόν
873 2325 984 2380 υἷὸν
1019 2327 1172 2396 λέγων
1210 2325 1270 2378 οὐ
1310 2324 1513 2379 δύναται
1553 2323 1692 2388 ἐκτός
1728 2323 2009 2393 πνεύματος
2048 2323 2206 2397 άγίου.

530 2836 670 2892 ’Ἐστι
711 2836 806 2908 γάρ
847 2836 913 2900 ὥς
948 2838 1151 2905 ἀληθῶς
1190 2835 1219 2892 6
1253 2835 1413 2908 πατὴρ
1453 2835 1694 2905 ἀληθινός
1734 2835 1881 2901 θεὸς,
1938 2835 2006 2900 ὥς
2046 2845 2284 2908 μαρτυρεῖ
2307 2860 2333 2893 ο

404 2923 541 2990 υἵὸς,
580 2922 608 2978 6
636 2921 780 2985 εἰδώς
810 2922 896 2976 τόν
922 2925 1120 2993 πατέρα.
1197 2924 1299 2976 Καὶ
1326 2921 1571 2990 άληθινόν
1601 2928 1711 2989 φῶς
1737 2920 1766 2976 6
1793 2921 1929 2988 υἱός,
1983 2920 2013 2976 6
2040 2922 2334 2992 γινωσκόμε-

404 3034 490 3073 νος
520 3008 617 3064 ind
649 3015 739 3063 τοῦ
769 3007 981 3078 πατρὸς,
1030 3010 1114 3061 καὶ
1150 3007 1567 3079 μαρτυρούμενος.
1643 3010 1744 3061 Καὶ
1784 3014 1975 3076 πνεῦμα
2010 3005 2248 3075 ἀληθείας
2272 3009 2329 3063 τό

404 3102 627 3165 πνεῦμα,
680 3093 734 3148 τὸ
762 3094 854 3148 οὐκ
882 3092 1132 3163 άλλότριον
1162 3092 1247 3157 ὂν,
1300 3091 1398 3147 ἄλλ’
1426 3092 1525 3147 άπὸ
1555 3092 1742 3163 πατρὸς
1773 3092 2188 3163 ἐκπορευόμενον,
2240 3096 2332 3147 καὶ

404 3188 495 3236 τοῦ
525 3185 641 3235 υἷοῦ
676 3178 943 3248 λαμβάνον.
1026 3185 1188 3231 Ταῦτα
1213 3180 1266 3233 δὲ
1293 3178 1573 3249 ἀφαιρεῖται
1612 3177 1777 3232 ’πᾶσάν
1816 3196 1907 3231 σου
1945 3184 2112 3231 ¹⁵w3v
2153 3177 2330 3249 λόγων,

405 3267 555 3322 ’Λέτιε
572 3310 585 3333 ,
622 3263 985 3336 συλλογιστικήν
1012 3268 1344 3334 μυθολογίαν,
1394 3266 1478 3318 καὶ
1512 3264 1606 3318 οὐκ
1631 3265 1868 3332 ἐνδέχεται
1894 3260 2025 3330 ἡμᾶς
2052 3266 2334 3333 προτρέψα·

405 3362 527 3406 σθαι
557 3350 786 3420 μαθητάς
814 3351 1042 3420 γενέσθαι
1069 3348 1427 3419 Ἀριστοτέλους
1462 3355 1550 3403 τοῦ
1589 3355 1679 3402 σοῦ
1712 3347 1998 3412 ἐπιστάτου,
2055 3351 2140 3401 καὶ
2183 3351 2334 3409 ἐᾶσαι

406 3438 490 3491 τόν
528 3444 626 3491 τῶν
660 3439 713 3490 έν
739 3436 979 3503 πνεύματι
1021 3440 1146 3487 θεοῦ
1185 3437 1568 3503 πεφωτισμένων
1607 3431 1780 3486 ἆλιέων
1815 3431 2221 3503 ιὅάγραμμάτων
2249 3433 2331 3488 ὅν-

407 3545 501 3576 των
528 3520 652 3576 κατοὶ
683 3519 770 3575 τόν
801 3520 971 3591 λόγον,
1023 3521 1106 3573 καὶ
1137 3522 1372 3586 ἰδιωτῶν,
1423 3519 1656 3589 κηρύκων
1699 3519 1751 3571 δὲ
1779 3516 1940 3571 ὅντων
1969 3524 2056 3586 τῆς
2098 3517 2333 3588 άληθείας

469 3637 530 3677 11.
562 3634 707 3685 οὐσίας
735 3634 809 3678 καὶ
837 3631 983 3683 odotem
1010 3637 1094 3676 cod.
1125 3637 1286 3687 Rhedi9.
1398 3639 1506 3677 libris
1543 3638 1658 3686 vulyo
1694 3637 1800 3675 abest
1835 3636 2022 3675 articulus
2056 3640 2143 3686 post
2169 3634 2333 3687 ἑαυτοῦ,

470 3693 529 3733 12.
561 3692 706 3735 ἑαυτοῦ
747 3690 818 3736 τὸν
846 3695 984 3743 scripsi
1026 3695 1257 3732 carnarium
1288 3705 1348 3733 se·
1402 3705 1475 3743 pro
1504 3705 1578 3743 quo
1606 3695 1646 3732 in
1674 3693 1757 3731 cod.
1791 3692 1951 3741 Rhediy.
1981 3694 2120 3743 le9ilur
2147 3688 2286 3734 αὑτοῦ.

409 3754 545 3799 cutus,
587 3752 652 3800 qui
681 3752 792 3789 vert-it,
832 3749 899 3802 qui
929 3749 1089 3801 genitus
1129 3756 1191 3787 est
1227 3748 1337 3789 solus
1457 3749 1516 3791 13.
1550 3744 1752 3800 συναλιφή
1794 3749 1908 3788 codd.
1937 3760 2026 3788 mss.
2058 3753 2092 3788 ct
2116 3751 2176 3788 ed.
2204 3751 2328 3798 princ.

411 3821 460 3848 ex
486 3805 589 3847 solo.
649 3802 794 3847 ἑαυτοῦ
821 3803 868 3848 τὸ
896 3807 1046 3857 placuit
1075 3807 1248 3847 Pelavio.
1306 3808 1338 3847 Α
1396 3807 1560 3857 ubique,
1600 3807 1810 3858 perpaucis
1843 3805 1936 3845 locis
1964 3807 2143 3857 exceptis.
2203 3817 2331 3849 συνα-
