2508 4134
445 240 548 292 394
1138 250 1347 292 *SANcTt
1377 250 1656 291 EplpHANn

214 363 411 418 Κεφ.λε’,
589 350 691 401 Καὶ
730 346 825 419 γὰρ
861 353 934 421 ’τῷ
977 347 1064 415 μὲν
1101 345 1205 400 ὄντι
1243 352 1343 408 πᾶς
1371 346 1612 415 θεοσεβὴς
1653 343 1714 400 ού
1744 346 1871 399 κατὰ
1901 345 1987 400 τδν
2021 353 2144 400 νοῦν
2175 345 2263 402 τόν
2289 346 2374 402 άν-

440 432 704 503 θρώπινον
742 432 1070 497 πολιτεύεται,
1122 430 1241 484 ἄλλα
1282 430 1408 485 κατά
1437 430 1523 485 τόν
1552 437 1639 485 τοῦ
1676 437 1917 502 Χριστοῦ,
1955 431 2042 485 τὸν
2072 430 2171 486 &nd
2211 439 2369 504 ῑΧρι-

442 525 562 572 στοῦ
590 517 930 590 πληρούμενον
964 523 1024 592 τῇ
1059 519 1274 583 συνέσει,
1325 515 1412 571 τὸν
1451 515 1576 570 κατά
1608 515 1694 570 τὸν
1725 515 1943 587 Χριστόν
1975 516 2285 587 λογιζόμενον
2320 520 2374 573 ἐν

442 603 757 678 δικαιοσύνῃ,
813 602 898 657 τόν
941 605 992 656 ε’ν
1040 608 1239 675 Χριστῷ
1282 604 1695 669 πεπολιτευμένον
1738 609 1798 676 τῇ
1840 600 2100 675 ὁμολογίᾳ,
2162 603 2249 657 τόν
2289 602 2374 657 διὰ

446 689 661 760 Χριστόν
699 688 973 756 σωζόμενον
1009 691 1062 742 ἐν
1099 694 1159 762 τῇ
1197 691 1560 760 δικαιοπραγίᾳ.
1641 681 1799 749 Οὗτος
1842 686 1974 757 2γάρ
2020 690 2151 741 ἐστιν
2192 686 2223 743 ὅ
2253 695 2375 753 νοῦς

447 781 665 845 Χριστοῦ
693 773 722 828 ὅ
751 777 803 837 ἐν
829 772 947 842 ἡμῖν
975 773 1250 840 δυνάμενος
1284 771 1406 826 εἶναι
1445 775 1526 825 καὶ
1560 775 1613 825 ἕν
1644 771 1781 845 τόπῳ
1818 780 2104 847 περιεκτικῷ
2129 773 2215 828 τὸν
2248 780 2373 845 Χρι-

443 859 556 914 στὸν
593 859 661 928 μὴ
696 861 925 928 κατέχειν.
1007 860 1178 927 Πάντη
1220 858 1311 929 γάρ
1356 861 1484 911 ἐστιν
1521 855 1550 910 ὅ
1579 855 1739 924 πατὴρ
1781 859 1864 910 καὶ
1902 855 1933 911 o‘
1965 857 2076 921 υἷὸς
2112 862 2196 912 καὶ
2233 859 2374 930 ἅγιον

443 953 652 1014 πνεῦμα,
689 947 776 998 καὶ
805 947 858 999 ἐν
879 942 997 1013 ἡμῖν
1021 943 1225 1013 ὑπάρχει
1255 949 1613 1011 πνευματικῶς,
1653 941 1738 995 ἐάν
1763 942 1917 995 αὐτοῦ
1939 941 2065 1006 ἄξιοι
2089 942 2371 1014 γενώμεθα·

2194 1027 2205 1047 ἱ
2237 1029 2265 1048 H

442 1030 504 1085 οῦ
531 1053 661 1093 τινος
683 1033 845 1085 τόπου
872 1034 1227 1101 περικλείοντος
1251 1027 1402 1082 αὗτὸν
1428 1030 1511 1081 καὶ
1536 1028 1623 1081 τὸν
1653 1025 1806 1081 αὐτοῦ
1833 1029 2019 1099 πατέρα
2040 1030 2126 1082 καὶ
2153 1051 2206 1083 το
2230 1051 2374 1100 αγιον

1006 1123 1027 1153 3
1048 1115 1099 1168 δὲ
1126 1113 1334 1181 δυνάμει
1369 1120 1458 1181 τῆς
1486 1113 1640 1166 αὐτοῦ
1667 1111 1905 1181 θεότητος
1934 1115 1987 1167 ἐν
2015 1113 2170 1168 ἅπασι
2201 1113 2376 1185 τυγχά-

935 1122 958 1133 ω

441 1117 598 1170 αὐτοῦ
626 1122 850 1184 πνεῦμα,
897 1138 956 1189 τῃ

442 1225 542 1257 νων
570 1204 693 1266 ἐστὶ,
749 1204 833 1255 καὶ
866 1199 1046 1271 ἀμιγὴς
1092 1199 1294 1253 πάντων
1337 1201 1462 1263 ἐστὶ,
1513 1197 1595 1252 διά
1626 1197 1717 1267 τὴν
1753 1198 1909 1252 αὐτοῦ
1942 1198 2375 1270 ἆσυγκοινοόνητόν

442 1309 494 1341 τε
531 1290 616 1341 καὶ
658 1286 952 1357 ἀσύγκριτον
993 1285 1167 1339 οὐσία-ν
1208 1286 1293 1338 καὶ
1342 1283 1593 1355 άκραιφνῆ
1632 1286 1714 1338 καὶ
1759 1284 2102 1352 ἀκατάληπτον
2143 1285 2372 1354 θεότητα.

426 1373 584 1428 ’Όταν
609 1377 635 1410 4
657 1374 708 1426 δὲ
735 1376 849 1446 εἴπῃ
878 1369 907 1425 o‘
936 1370 1235 1436 ἀπόστολος,
1286 1368 1450 1438 Ἡμεῖς
1478 1371 1531 1423 δὲ
1555 1375 1680 1424 νοῦν
1713 1376 1929 1437 Χριστοῦ
1961 1372 2155 1438 ἔχομεν,
2194 1369 2293 1442 ὄῖρα
2320 1391 2375 1442 γε

442 1463 486 1512 τί
512 1458 838 1530 λογισόμε-θα,
898 1455 1018 1524 Εἶχε
1045 1455 1132 1510 τόν
1162 1459 1290 1509 ἰ’διον
1318 1454 1671 1526 ἀνθρώπινον,
1732 1455 1808 1507 ’Ἠ
1834 1462 1924 1509 τοῦ
1964 1461 2181 1525 Χριστοῦ
2221 1459 2373 1525 ἐμφο-

443 1544 685 1616 ρούμενος
719 1549 844 1596 νοῦν
874 1541 960 1595 τὸν
987 1543 1074 1610 μὲν
1103 1545 1232 1595 ἴδιον
1262 1541 1581 1609 ἇπεβάλλετο,
1637 1548 1761 1594 νοῦν
1789 1542 1842 1594 δὲ
1873 1547 2089 1612 Χριστοῦ
2117 1539 2239 1611 εἶχεν
2267 1540 2375 1596 άντὶ

439 1637 530 1683 τοῦ
557 1632 686 1683 ἰδίου
696 1652 710 1693 3
791 1626 864 1681 Ού
889 1626 1099 1690 πάντως.
1174 1625 1598 1697 Συνομολογήσειε
1619 1626 1711 1697 γάρ
1736 1629 1937 1690 ἕκαστος
1961 1633 2060 1680 τῶν
2085 1624 2375 1681 άκουόντων

441 1715 516 1769 ὅτι
541 1715 630 1769 τὸν
657 1715 743 1783 μὲν
770 1717 898 1767 ἴδιον
926 1710 1046 1782 εἶχε,
1101 1720 1191 1766 τοῦ
1223 1733 1274 1765 τε
1308 1718 1530 1780 Χριστοῦ
1563 1715 1870 1781 ἐνεφορεῖτο,
1919 1719 2008 1766 τοῦ
2036 1711 2376 1781 κοσμήσαντος

440 1800 593 1854 αὐτὸν
618 1800 744 1854 κατά
771 1797 860 1867 τὴν
884 1801 1176 1866 θεοσέβειαν
1203 1800 1288 1852 καὶ
1316 1804 1495 1869 γνῶσιν
1525 1800 1610 1851 καὶ
1634 1804 1762 1851 θεοῦ
1788 1802 2034 1852 πολιτείαν
2060 1798 2372 1869 ἐπουράνιον.

438 1890 510 1940 Εἰ
536 1891 703 1940 τοίνυν
731 1883 817 1938 τόν
845 1888 976 1938 ἴδιον
1007 1887 1128 1953 ἔχων
1154 1891 1276 1938 νοῦν
1309 1890 1532 1954 Χριστοῦ
1554 1886 1833 1954 ἐνεφορεῖτο
1873 1890 2013 1950 νοῦν,
2046 1891 2070 1922 ⁵
2087 1882 2183 1954 ὅρα
2208 1905 2262 1954 γε
2289 1885 2374 1938 καὶ

447 1971 662 2043 Χριστός
694 1970 845 2032 αὐτὸς
874 1968 904 2023 ὅ
927 1969 1072 2041 λόγος
1100 1976 1220 2032 νοῦς
1251 1964 1337 2038 ἦν·
1378 1973 1426 2023 εἷ’
1446 1991 1500 2040 γε
1538 1969 1695 2032 οὕτως
1727 1972 1843 2022 θδεῖ
1861 1971 2043 2040 λέγειν,
2082 1968 2253 2038 ἐπειδή
2280 1986 2376 2024 τισι

440 2066 584 2113 τοῦτο
613 2064 637 2095 7
658 2060 820 2121 ἔδοξε,
859 2062 981 2110 νοῦν
1010 2063 1173 2109 καλεῖν
1198 2056 1338 2110 θεόν.
1406 2054 1535 2125 Ἐγώ
1569 2056 1622 2108 δὲ
1647 2055 1733 2108 τὸν
1761 2061 1885 2108 νοῦν
1911 2054 1999 2109 τόν
2025 2053 2261 2124 »ἡμέτερον
2285 2054 2376 2124 οὐχ

439 2143 708 2198 ύπόστασιν
739 2140 981 2212 ἡγοῦμαι,
1040 2142 1159 2195 οὐδέ
1185 2164 1257 2203 τις
1290 2148 1387 2195 τῶν
1413 2144 1536 2194 υἷῶν
1566 2147 1655 2208 τῆς
1689 2143 1965 2208 ἐκκλησίας,
2005 2137 2102 2195 ἄλλ’
2132 2139 2377 2210 ἐνέργειαν

439 2254 546 2284 τινα
575 2233 629 2283 ἐκ
655 2235 781 2283 θεοῦ
813 2231 865 2283 ἐν
899 2226 1016 2296 ἡμῖν
1045 2229 1310 2295 δεδομένην
1343 2229 1427 2280 καὶ
1452 2221 1620 2279 οὖσαν.
1703 2224 1800 2279 Τὸν
1826 2227 1880 2279 δὲ
1915 2224 2132 2296 Χριστόν
2165 2224 2378 2280 ύπόστα-

441 2335 517 2370 σιν
543 2318 689 2386 λέγω,
741 2313 809 2376 οἷς
834 2315 917 2367 καὶ
948 2313 1126 2374 πάντες
1155 2314 1323 2365 πιστοὶ
1356 2310 1673 2382 ὁμολογοῦσι,
1730 2313 1813 2364 καὶ
1841 2310 1963 2365 θεὸν
1991 2310 2242 2382 ὁμολογῶ,
2292 2314 2375 2366 καὶ

442 2402 559 2456 ὄντα
584 2401 760 2471 κύριον
787 2402 840 2453 ἐκ
873 2397 1059 2467 πατρὸς
1085 2400 1459 2468 γεγεννημένον,
1508 2399 1686 2450 τέλειον
1715 2400 1768 2451 ἐκ
1804 2401 2013 2463 τελείου,
2063 2399 2145 2450 καὶ
2179 2403 2290 2464 φῶς
2321 2399 2375 2452 ἐκ

2261 2481 2347 2502 ‘u

442 2486 633 2554 φωτός,
687 2487 773 2538 καὶ
810 2484 934 2537 θεὸν
973 2486 1028 2537 ἐκ
1057 2490 1197 2536 θεοῦ.
1263 2482 1390 2535 Ἀλλ’
1422 2482 1559 2550 ὅμως
1594 2482 1718 2536 κατά
1756 2481 1843 2536 τόν
1879 2481 2042 2536 αὐτῶν
2072 2482 2220 2552 λόγον
2247 2505 2270 2537 ο
2306 2504 2377 2537 ων

442 2576 494 2627 ἐν
524 2574 719 2644 δὲαυτῷ
753 2577 900 2634 νοῦς,
959 2570 1119 2638 ὥςπερ
1166 2566 1195 2621 ὅ
1229 2569 1366 2639 ἅγιος
1408 2567 1681 2630 ἅπόστολος
1718 2568 1940 2622 διδάσκει
1975 2571 2088 2638 περὶ
2118 2567 2272 2622 αὐτοῦ
2300 2567 2375 2622 ὅτι

438 2655 603 2725 Ἡμεῖς
633 2657 685 2708 δὲ
717 2662 839 2709 νοῦν
874 2661 1093 2723 Χριστοῦ
1119 2656 1317 2722 ἔχομεν,
1370 2651 1493 2722 εἶχεν
1520 2652 1697 2719 αὐτὸς,
1752 2656 1837 2707 καὶ
1874 2657 1926 2707 οἷ
1960 2651 2044 2707 ’ὑπ’
2073 2654 2230 2708 αὐτοῦ
2256 2676 2378 2722 μαρ-

207 2771 293 2808 pag.
316 2761 412 2798 1⁰2⁹.
447 2742 772 2813 τυρούμενοι,
821 2739 908 2794 τόν
956 2744 1085 2793 ἴδιον
1134 2738 1309 2792 ἑαυτὸν
1356 2746 1492 2793 νοῦν.
1569 2743 1671 2792 Καὶ
1719 2739 1867 2793 πάλιν
1916 2742 2238 2810 ἐνεφοροῦντο
2285 2744 2376 2792 τοῦ

448 2834 667 2898 Χριστοῦ
698 2833 813 2892 νοῦ,
870 2825 1029 2888 οὕτως
1071 2827 1348 2893 δυναμένης
1390 2832 1477 2893 τῆς
1508 2824 1703 2895 χάριτος
1742 2825 1902 2879 αὐτοῦ
1942 2827 1993 2878 ἐν
2037 2827 2270 2887 9ἕαυτοῖς
2303 2842 2374 2877 τε·

440 2919 710 2967 λειοῦσθαι.

217 3278 416 3334 Rem-ks!-
573 3252 704 3324 ’Ἆρα
742 3248 832 3308 οῦν
871 3252 1019 3307 οῦδὲν
1048 3257 1218 3307 διοίσει
1246 3250 1345 3305 άπὸ
1382 3258 1472 3304 τοῦ
1507 3250 1832 3320 κατάντικρυς
1860 3247 2169 3318 ὅμοιιόματος
2200 3248 2256 3303 vo*
2288 3251 2374 3304 καὶ

446 3343 525 3394 ἐπὶ
559 3347 778 3410 Χριστοῦ
816 3346 959 3393 τοῦτο
999 3337 1293 3406 λαμβάνειν,
1349 3337 1422 3391 ὅτι
1455 3335 1669 3405 Χριστὸς
1707 3335 1776 3389 div
1814 3338 1866 3389 ἐν
1903 3337 2058 3407 ἑαυτῷ
2090 3334 2236 3400 θεός,
2297 3337 2380 3388 Ῑεί

445 3428 528 3479 καὶ
558 3434 737 3495 μετεῖχε
764 3432 857 3479 Ινοῦ
886 3422 1240 3495 άνθρωπίνου,
1293 3420 1360 3485 ὥς
1386 3423 1470 3475 καὶ
1499 3420 1679 3491 σαρκός
1705 3423 1894 3490 μετέσχε
1918 3422 2003 3473 καὶ
2031 3423 2251 3488 αἵματος,
2288 3422 2373 3474 καὶ

506 3571 603 3611 Cn.
622 3572 811 3613 XXXV.
847 3595 897 3602 —
944 3572 979 3612 1.
1003 3570 1076 3613 τοῦ
1094 3568 1280 3623 Χριστοῦ
1298 3570 1381 3609 cod·
1440 3563 1479 3611 δ’
1512 3566 1608 3616 εἴπη
1637 3567 1698 3606 ed.
1728 3568 1862 3605 Petav.

446 3630 604 3679 Rhediy.
1497 3626 1536 3665 5.
1567 3608 1650 3676 ἄρα
1681 3623 1806 3662 codd·
1825 3634 1917 3661 mss.

501 3686 539 3723 2·
575 3681 772 3737 πάρεστιν
801 3686 884 3730 cod.
917 3686 1080 3732 Rhediq.
1491 3679 1530 3721 6.
1567 3682 1637 3723 δεῖ
1662 3681 1800 3729 scripsi
1821 3691 1894 3728 pro
1922 3676 1976 3733 δή
1997 3711 2007 3728 ,
2038 3682 2142 3731 qnod
2165 3682 2280 3730 vulyo
2305 3691 2373 3720 ex-

504 3740 543 3780 3.
575 3738 622 3781 δὲ
650 3755 725 3781 non
755 3744 867 3782 habet
895 3743 979 3781 cod.
1008 3741 1169 3791 Rhediy.
1438 3741 1494 3777 tat
1524 3739 1564 3777 in
1598 3738 1718 3775 libris.
1777 3737 1907 3774 Etiam
1933 3740 2149 3779 cornarius
2174 3738 2286 3777 vertit
2311 3735 2371 3775 si-

502 3793 540 3838 4.
572 3793 619 3839 δὲ
659 3797 754 3854 εἴπῃ
794 3799 906 3839 codd.
943 3809 1032 3838 mss.
1075 3800 1109 3836 et
1152 3798 1211 3839 ed‘
1252 3797 1380 3849 princ.
1440 3792 1604 3847 quidem
1633 3791 1691 3831 sic
1721 3790 1859 3832 dicere
1889 3801 2070 3847 oportet.
