2508 4134
787 307 1042 351 ANACEPH
1051 308 1319 348 ALAeosis.
1898 292 1997 342 575

103 409 321 479 privatim
351 410 518 462 eodem
547 426 640 477 quo
672 406 831 458 ludaei
868 414 1084 474 tempore
1121 406 1385 456 celebrant.
1467 402 1555 453 Est
1583 411 1630 453 et
1663 402 1882 470 quiddam
1918 418 1997 469 pe-

101 494 281 545 culiare
313 494 459 562 ipsis,
502 493 623 560 quod
651 491 912 542 defenduut
939 507 1121 539 summa
1156 489 1483 539 contentione.
1562 485 1750 555 Quippe
1781 487 1903 554 quod
1937 486 1996 536 ad

99 578 352 645 imaginem
394 577 620 645 scriptum
660 585 734 626 est
772 574 936 624 durius
974 573 1373 640 interpretantur.

239 658 533 712 Photiniani.
609 658 842 711 Photinus
870 657 961 708 iste
992 656 1170 706 Sirmio
1197 657 1426 706 oriundus
1455 657 1510 706 ad
1540 655 1819 706 hodiernum
1850 670 1997 721 usque

102 754 284 813 tempus
327 753 597 813 supererat.
675 742 769 810 Qui
803 742 990 810 quidem
1021 741 1187 790 eadem
1220 758 1323 789 cum
1358 738 1505 789 Paulo
1536 738 1857 790 Samosateno
1889 755 2000 787 sen—

101 828 174 880 tit.
249 826 497 879 Nonnulla
523 836 635 879 sunt
665 836 821 878 tamen
849 825 896 876 in
925 825 1095 893 quibus
1120 824 1178 873 ab
1209 825 1374 875 eodem
1403 823 1620 874 dissidet.
1698 822 1814 874 ltem
1843 840 1867 872 e
1892 819 2000 872 Ma-

98 913 170 963 ria
210 909 454 963 Christum
494 911 679 962 initium
719 909 906 978 penitus
945 908 1193 977 accepisse
1233 916 1382 975 putat.

236 994 561 1047 Marcelliani.
638 995 822 1047 Horum
848 992 1112 1049 Marcellus
1141 1001 1309 1042 auctor
1334 992 1524 1054 extitit,
1566 991 1795 1060 Ancyrae
1822 990 1869 1041 in
1899 989 1997 1041 Ga-

98 1080 212 1131 latia
243 1082 516 1148 episcopuS.
595 1077 689 1146 Qui
731 1096 835 1129 cum
872 1077 1007 1127 initio
1047 1094 1131 1144 pro
1161 1074 1440 1127 Sabelliano
1481 1076 1719 1126 communi
1750 1078 1871 1126 sama
1906 1084 1999 1126 tra-

99 1165 268 1215 ductus
301 1174 459 1228 esset,
501 1163 710 1233 seipsum
740 1164 881 1213 etiam
909 1161 1088 1229 scripto
1120 1177 1469 1228 saepenumero
1504 1168 1784 1228 purgasset,
1838 1178 1864 1209 a
1899 1161 1994 1229 ple-

99 1249 260 1316 risque
288 1258 448 1299 tamen
482 1248 713 1299 creditum
742 1256 815 1297 est
847 1246 903 1296 ad
934 1246 1125 1296 easdem
1157 1244 1309 1312 ipsum
1341 1244 1592 1312 opiniones
1623 1244 1991 1295 adhaerescere.

99 1330 233 1383 Fieri
263 1341 422 1401 potest
452 1342 503 1383 ut
529 1332 606 1383 vel
643 1332 744 1400 ipse
787 1339 966 1382 mutata
1008 1328 1248 1380 sententia
1291 1329 1537 1378 meliorem
1570 1329 1627 1379 ad
1656 1338 1862 1378 mentem
1889 1346 1997 1379 sese

100 1416 433 1480 revocaverit,
489 1417 567 1467 vel
609 1415 713 1466 eius
756 1414 991 1483 discipuli.
1069 1411 1194 1463 Nam
1227 1431 1312 1480 pro
1353 1413 1566 1480 utrisque
1598 1413 1855 1463 orthodoxi
1897 1413 1997 1480 qui-

100 1501 203 1551 dam
244 1518 354 1551 sese
391 1500 675 1551 defensores
714 1499 1124 1567 interposuerunt.

239 1582 548 1645 Semiariani.
626 1580 872 1634 Christum
914 1581 980 1632 illi
1024 1590 1290 1631 creaturam
1336 1599 1445 1632 esse
1484 1581 1674 1644 dicunt,
1730 1582 1812 1632 sed
1855 1582 2000 1633 cavil-

96 1670 240 1720 ·lando
272 1677 429 1718 tamen
457 1676 634 1735 negant
659 1677 927 1717 ceterarum
959 1675 1289 1716 creaturarum
1320 1682 1430 1716 esse
1454 1666 1677 1728 similem,
1718 1667 1800 1716 sed
1835 1666 1998 1730 filium,

98 1751 346 1820 inquiunt,
396 1750 525 1802 illum
558 1751 789 1812 dicimus,
848 1768 1012 1800 verum
1047 1767 1104 1799 ne
1145 1767 1209 1799 ex
1238 1750 1552 1817 generatione
1588 1750 1687 1818 ipsa
1724 1751 1817 1801 ulla
1843 1751 1887 1800 in
1921 1770 2002 1819 pa-

100 1845 220 1888 trem
252 1836 442 1887 affectio
476 1835 748 1896 derivetur,
792 1835 995 1885 eundem
1027 1843 1239 1884 creatum
1275 1835 1576 1885 confitemur.
1656 1833 1800 1885 lidem
1830 1844 1875 1885 et
1906 1836 1999 1902 spi-

100 1921 242 1971 ritum
274 1929 490 1970 sanctum
520 1919 715 1970 omnino
745 1927 1015 1969 creaturam
1046 1935 1154 1968 esse
1186 1919 1444 1980 definiunt,
1488 1936 1688 1987 cumque
1720 1914 1998 1984 ὁμοούσιον,

99 2006 145 2055 id
180 2014 254 2055 est
289 2003 745 2055 consubstantialem
788 2002 1070 2070 repudient,
1125 1998 1435 2066 ὁμοιούσιον,
1490 2003 1578 2053 hoc
1622 2012 1696 2053 est
1732 2004 1998 2054 substantia

100 2089 302 2140 similem
341 2087 612 2139 admittunt.
692 2084 831 2153 Quod
873 2087 1025 2155 ipsum
1066 2095 1225 2137 tamen
1277 2088 1462 2154 quidam
1514 2105 1576 2137 ex
1614 2086 1708 2138 illis
1747 2099 1996 2157 respuunt..

236 2171 679 2223 pneumatomachi.
759 2169 832 2221 De
874 2167 1071 2221 Christo
1113 2171 1189 2221 isti
1235 2189 1328 2221 non
1368 2172 1489 2222 male
1529 2172 1773 2236 sentiunt,
1828 2173 1911 2224 sed
1953 2174 1999 2224 in

99 2257 314 2326 spiritum
355 2265 587 2306 sanctum>
617 2255 932 2306 contumelias
971 2254 1178 2317 iaciunt,
1234 2273 1338 2306 cum
1380 2264 1426 2306 et
1455 2266 1668 2308 creatum
1697 2267 1998 2320 asseverent,

100 2351 149 2392 et
176 2358 204 2391 a
232 2339 480 2391 divinitate
515 2339 767 2402 reiiciant,
825 2340 921 2389 imo
953 2357 1070 2390 vero
1110 2339 1343 2390 abusione
1391 2342 1589 2407 quadam
1631 2342 1764 2392 vocis
1808 2351 2004 2411 propter

99 2424 334 2476 actionem
365 2423 517 2492 ipsam
547 2433 758 2474 creatum
788 2440 896 2474 esse
927 2423 1104 2486 dicant,
1149 2441 1237 2474 nec
1263 2423 1387 2475 aliud
1414 2442 1523 2476 esse
1550 2427 1819 2494 quicquam,
1863 2445 2001 2497 prae·

101 2517 176 2560 ter
211 2508 306 2561 vim
347 2508 695 2560 sanctificandi.

239 2592 458 2643 Ae'riani.
533 2591 713 2643 Ae‘rius
739 2608 765 2642 e
791 2590 948 2642 Ponto
974 2592 1205 2644 oriundus
1232 2593 1465 2662 hodieque
1496 2613 1666 2664 magna
1695 2597 1885 2648 humani
1915 2616 1998 2667 ge-

100 2676 232 2728 neris
285 2676 555 2727 calamitate
604 2685 842 2744 superest.
930 2674 1114 2727 Fuerat
1165 2678 1275 2727 olim
1327 2677 1569 2730 Eustathii
1623 2681 1864 2750 episcopi,
1920 2684 1998 2751 qui

100 2760 273 2812 Ariani
319 2761 500 2810 erroris
540 2759 843 2811 insimulatus
887 2778 943 2810 ac
980 2761 1223 2829 depositus
1267 2771 1368 2826 est,
1423 2764 1703 2832 presbyter,
1758 2768 1835 2834 qui
1875 2770 1997 2834 quod

101 2844 354 2913 episcopus
388 2862 473 2912 pro
506 2842 762 2894 Eustathio
794 2852 982 2894 creatus
1016 2862 1111 2894 uon
1147 2855 1304 2910 esset,
1360 2848 1502 2898 multa
1536 2850 1768 2900 adversus
1799 2850 1998 2901 catholi-

101 2947 203 2979 cam
245 2928 497 2979 ecclesiam
542 2929 760 2995 dogmata
805 2936 1101 2979 commentus
1147 2938 1238 2980 est.
1315 2931 1420 2993 Ac,
1474 2933 1595 2999 quod
1632 2933 1688 2983 ad
1717 2934 1852 2984 fidem
1887 2936 1996 2985 atti-

101 3023 207 3078 net,
260 3030 519 3081 germanus
566 3011 670 3062 Arii
711 3020 923 3063 sectator
950 3020 1041 3061 est.
1119 3011 1215 3064 Sed
1245 3015 1445 3082 amplius
1478 3016 1696 3083 quiddam
1726 3019 1993 3086 profitetur.

103 3094 385 3149 Oblationes
424 3114 509 3164 pro
553 3095 752 3146 mortuis
791 3113 885 3145 non
919 3093 1027 3146 esse
1062 3096 1332 3161 faciendas,
1391 3098 1569 3151 ieiunia
1607 3110 1803 3167 quartae
1847 3104 1997 3154 feriae

103 3191 152 3232 et.
177 3179 475 3232 Parasceues
509 3198 564 3230 ac
593 3178 1038 3246 Quadragesimae,
1083 3197 1170 3230 nec
1201 3199 1294 3231 non
1324 3192 1368 3232 et
1388 3181 1670 3247 Paschatis,
1724 3185 1992 3251 interdicit3

102 3282 265 3317 rerum
295 3266 504 3316 omnium
533 3264 938 3314 renuntiationem
967 3264 1236 3330 praedicat,
1294 3268 1506 3317 earnium
1543 3286 1597 3317 ac
1628 3269 1906 3321 deliciarum
1937 3276 1996 3325 ad

102 3349 250 3400 vitam
281 3367 421 3400 omne
452 3366 604 3417 genus
641 3347 849 3398 adhibet.
927 3345 1067 3413 Quod
1110 3349 1149 3398 si
1180 3349 1283 3416 quis
1312 3359 1603 3402 sectatorum
1642 3370 1836 3405 suorum
1874 3355 1995 3407 ieiu-

157 3515 223 3558 76.
254 3514 291 3559 οἳ
316 3516 353 3559 οἱ
377 3518 487 3557 codd.
515 3529 605 3558 mss.
637 3520 669 3555 et
692 3518 778 3555 edit.
812 3518 933 3565 princ.
963 3518 1019 3554 vi·
1132 3515 1195 3557 50.
1229 3512 1328 3559 αὐτὸ
1353 3520 1462 3558 habet
1488 3524 1741 3561 summarium
1772 3525 1936 3565 Panarii
1959 3532 1994 3567 et

102 3575 203 3613 tiose.
1074 3573 1205 3612 loann.
1238 3575 1418 3614 Damaso.

158 3628 222 3671 77.
255 3623 377 3671 αὔτόν
401 3628 557 3682 κτίσμα
582 3631 733 3669 invertit
757 3630 837 3667 cod.
857 3629 1017 3678 Rhediy.
1128 3627 1195 3668 81.
1224 3630 1406 3679 Suspicor
1431 3633 1500 3672 τοῦ
1532 3630 1587 3680 ἐν,
1647 3636 1707 3683 Cf.
1736 3641 1989 3678 summarium

158 3683 222 3724 78.
254 3686 359 3724 Libri
384 3688 564 3735 praebent
591 3687 705 3735 vulyo
734 3679 960 3737 ἆμοούσιον.
1076 3684 1239 3723 Panarii
1263 3697 1301 3733 p.
1331 3683 1422 3726 809.

156 3737 221 3780 79.
252 3741 311 3779 Ita
348 3743 619 3781 restituendum
656 3745 736 3779 erat
767 3753 814 3780 ex
845 3741 1018 3780 Panario
1127 3740 1192 3780 82.
1223 3738 1389 3793 τετράδι
1426 3745 1536 3784 codd.
1575 3757 1665 3786 mss.
1697 3751 1729 3787 et
1755 3750 1842 3789 edit.
1864 3753 1988 3800 princ.

103 3798 136 3835 et
159 3796 299 3835 Ioanne
323 3797 504 3837 Damaso.
559 3799 666 3837 Libri
689 3798 802 3846 vulyo
827 3794 1013 3848 ἐκτίσῇη.
