2508 4134
597 329 825 372 PANAan
855 327 957 368 Lis.
989 328 1061 367 111.
1090 329 1224 369 TOM.
1251 330 1282 369 1.
1311 329 1477 369 HAER.
1501 328 1642 368 Lxx.
2009 317 2070 366 21

161 433 273 479 ciem
297 431 452 493 patris
481 431 592 488 mei,
634 430 720 493 qm·
741 430 789 474 in
820 426 961 474 coelis
989 434 1074 473 est.
1153 423 1377 488 Atenim,
1420 425 1546 476 dicet
1575 424 1777 493 aliquis,
1821 421 2076 492 Scriptura

162 513 300 562 deum
328 511 508 562 vidisse
535 509 793 579 prophetas
823 507 1027 570 asserit,
1069 507 1154 557 sed
1187 517 1346 557 mente
1375 508 1786 576 intelligentiaque
1815 508 2073 569 duntaxat,

161 604 212 645 ut
249 611 311 645 ex
349 594 438 644 hoc
477 594 584 644 loco
622 591 781 659 colligi
825 598 1011 659 potest:
1070 593 1255 654 Angelz'
1299 609 1454 639 eorum
1504 596 1661 641 vident
1702 593 1870 656 factem
1912 594 2070 655 patris
2092 602 2232 637 Matth.
2247 604 2281 648 5,
2295 603 2327 638 e.

160 682 274 741 mei,
328 681 413 743 qm·
437 681 485 727 in
513 679 654 726 coelis
681 684 772 724 est:
831 675 942 724 item
974 666 1156 724 ex'hoc
1185 674 1320 723 loco:
1379 678 1518 722 Beati
1542 678 1708 724 mundo
1737 678 1900 734 eorde,
1962 691 2075 738 quo—

159 766 281 811 m'am
330 764 425 826 ipsi
467 763 599 810 deum
649 760 881 808 videbunt.
978 756 1117 824 Quod
1171 756 1249 824 qui
1299 756 1506 818 dixerit,
1563 766 1612 806 et.
1658 757 1763 807 illas
1804 756 2074 825 scripturae

160 844 427 895 sententias
467 843 590 911 apud
639 859 693 893 se
733 840 1020 902 contulerit,
1078 841 1277 908 perinde
1325 839 1639 889 arbitrabitur
1688 856 2075 907 unumquemque

160 929 298 978 deum
334 935 526 990 mente,
580 943 675 976 non
717 924 868 976 oculis
907 924 1094 974 videre.
1173 921 1358 973 Verum
1395 921 1536 972 facile
1575 922 1665 971 iste
1704 922 1851 972 divini
1891 940 2076 973 sermo-

159 1011 235 1061 nis
259 1011 542 1061 auctoritate
575 1009 831 1071 refellitur,
875 1025 980 1057 cum
1014 1006 1243 1075 propheta
1273 1004 1427 1055 lsaias
1456 1006 1602 1069 dicat,
1641 1008 1791 1053 Miser
1818 1024 1921 1069 ego,
1964 1024 2077 1071 quo·
2107 1022 2193 1056 lsai.
2218 1022 2251 1067 6,
2276 1022 2309 1056 5.

158 1098 281 1144 niam
307 1096 522 1159 confioeus
546 1111 646 1142 sum
662 1130 675 1152 ,
732 1110 784 1140 eo
816 1094 940 1156 qnod
972 1093 1105 1139 Immo
1143 1093 1337 1154 impuris
1374 1091 1511 1138 labiis
1548 1092 1594 1137 in
1634 1092 1778 1137 medio
1799 1092 1967 1152 populi
1991 1094 2075 1137 z‘m-

153 1195 277 1243 pura
303 1179 426 1227 labia
454 1178 665 1226 habenh's
692 1193 778 1239 ego
802 1175 977 1234 habito,
1019 1183 1065 1222 et
1086 1177 1315 1222 dominum
1342 1176 1629 1221 exercituum
1657 1175 1919 1221 vz'dz’ocule's
1944 1176 2070 1221 meis.

157 1259 272 1312 Non
312 1258 481 1311 Mente
520 1259 671 1323 dixit,
715 1276 809 1308 non
852 1254 1193 1325 Cogitatione,
1235 1257 1318 1306 sed
1361 1253 1560 1318 OculiS‚
1603 1272 1793 1322 unaque
1824 1271 1990 1305 veram
2020 1271 2077 1304 ac

159 1344 358 1395 solidam
399 1344 538 1394 fidem
579 1342 764 1414 statuit.
843 1340 1028 1408 Ecquid
1067 1358 1186 1407 ergo
1225 1340 1454 1403 dicimus,
1509 1357 1616 1389 cum
1655 1339 1961 1404 evangelium
2001 1357 2077 1389 asn

161 1436 319 1490 serat,
375 1431 521 1476 Deum
561 1444 589 1476 a
617 1430 796 1476 nemine
832 1442 1031 1490 unquam
1061 1442 1161 1473 esse
1189 1433 1506 1488 conspectum,
1569 1423 1832 1491 prophetae
1870 1438 1990 1474 vero
2030 1431 2079 1472 et

159 1510 393 1579 apostoli,
435 1511 529 1560 imo
560 1510 780 1560 dominus
805 1509 937 1575 ipse,
996 1507 1290 1558 contrarium
1324 1507 1592 1557 affirment?
1664 1507 1742 1557 An
1774 1505 1931 1572 aliqua
1966 1514 2080 1555 sunt

159 1594 208 1644 in
240 1594 476 1662 scriptura
506 1610 629 1661 quae
658 1593 749 1643 sibi
782 1591 988 1642 invicem
1020 1592 1324 1659 repugnent?
1378 1589 1581 1641 Minime
1610 1589 1655 1639 id
1689 1588 1899 1656 quidem.
1978 1587 2078 1639 Sed

160 1677 423 1746 prophetae
463 1676 584 1727 haud
624 1676 764 1727 dubie
805 1684 851 1726 et
881 1675 1085 1744 apostoli
1126 1675 1263 1724 deum
1304 1674 1555 1736 viderunt,
1596 1673 1738 1740 idque
1776 1672 1931 1740 ipsum
1972 1689 2079 1721 eer-

159 1759 395 1811 tissimum
425 1769 528 1825 est,
569 1761 655 1811 sed
681 1760 912 1810 hactenus
939 1759 1163 1809 viderunt
1189 1767 1424 1825 quatenus
1450 1765 1674 1826 poterant
1695 1756 1814 1824 ipsi,
1856 1764 1901 1805 et
1930 1773 2078 1822 quan-

159 1853 256 1894 tum
298 1844 499 1908 licebat,
550 1861 605 1894 ac
637 1843 1032 1911 quemadmodum
1061 1841 1214 1893 voluit
1251 1842 1396 1904 deuS‚
1440 1858 1493 1891 se
1531 1840 1789 1891 videndum
1829 1839 1901 1889 his
1941 1856 2079 1907 prae-

158 1927 279 1977 buit.
358 1926 547 1996 Quippe
597 1927 757 1977 omnia
809 1935 917 1977 sunt
957 1925 1004 1975 in
1045 1926 1149 1975 eius
1199 1933 1438 1993 potestate
1489 1923 1666 1992 posita.
1743 1922 1918 1990 Neque
1958 1940 2077 1973 vero

162 2010 354 2061 dubium
387 2020 461 2060 est
493 2011 605 2078 quin
636 2011 754 2060 deus
784 2009 938 2060 videri
971 2009 1406 2076 comprehendique
1439 2015 1675 2074 nequeat,
1717 2007 1856 2073 idque
1886 2007 1933 2056 in
1963 2023 2079 2056 con-

164 2095 294 2145 fesso
333 2104 408 2144 est
445 2095 568 2163 apud
607 2110 795 2143 omneS.
875 2091 973 2143 Sed
1015 2101 1062 2142 et
1099 2092 1208 2142 illud
1249 2091 1450 2160 proinde
1490 2100 1702 2153 certum,
1763 2106 1907 2158 posse
1944 2089 2074 2139 illum

162 2196 284 2246 quae
333 2178 453 2231 velit
501 2178 710 2229 efficere.
800 2179 976 2225 Nullus
1024 2185 1097 2224 est
1142 2179 1261 2224 enim
1311 2179 1396 2240 qui
1439 2179 1538 2224 eius
1588 2177 1822 2222 volantati
1863 2177 2070 2222 resistat.
2099 2191 2327 2236 Esth.13‚9.

160 2261 327 2330 Quare
366 2279 472 2312 cum
512 2270 560 2311 et
590 2269 762 2311 natura
793 2260 947 2311 visum
983 2276 1174 2309 omnem
1213 2259 1435 2326 effugiat,
1479 2267 1527 2308 et
1555 2257 1706 2326 ipsius
1735 2256 2077 2324 comprehendi

159 2346 312 2412 gloria
351 2354 584 2413 nequeat,
640 2353 798 2394 tamen
839 2343 1028 2411 quoties
1063 2342 1270 2404 homini,
1327 2360 1466 2409 quem
1507 2341 1763 2410 produxit,
1820 2341 2079 2390 videndum

160 2446 212 2479 se
260 2429 494 2496 praebere
547 2428 784 2490 voluerit,
843 2427 958 2477 nibil
1005 2426 1108 2476 eius
1158 2426 1395 2475 voluntati
1453 2425 1735 2475 reluctatur.
1827 2422 2079 2491 Siquidem

160 2511 288 2562 nulla
328 2512 376 2562 in
408 2513 497 2562 deo
535 2511 664 2562 inest
700 2511 889 2561 affectio
928 2527 1084 2578 neque
1125 2510 1219 2577 pati
1249 2510 1499 2576 quicquam
1530 2518 1715 2576 potest,
1758 2516 1810 2557 ut
1841 2515 1922 2557 aut
1953 2507 2079 2573 qnod

160 2595 277 2646 velit
317 2613 411 2645 non
451 2596 695 2663 perficiat,
750 2603 831 2644 aut
869 2596 993 2662 quod
1034 2593 1153 2643 nolit
1190 2593 1381 2643 efficiat.
1459 2591 1551 2642 Est
1589 2593 1714 2642 enim
1763 2599 2074 2661 praepotens,

164 2688 213 2729 et
251 2679 584 2746 quodcumque
622 2679 806 2729 libitum
846 2687 919 2728 est
959 2677 1182 2739 molitur,
1227 2677 1291 2727 ita
1331 2685 1489 2726 tamen
1530 2685 1582 2726 ut
1619 2693 1739 2744 quae
1780 2674 2078 2726 divinitatem

160 2764 311 2832 ipsius
350 2764 554 2813 deceant
592 2771 822 2829 perpetuo
863 2762 1022 2811 faciat.
1101 2759 1226 2811 Nam
1268 2760 1383 2810 nihil
1417 2768 1520 2823 est,
1564 2770 1615 2810 ut
1653 2759 1784 2822 dixi,
1827 2758 1951 2825 quod
1991 2775 2077 2807 vo-

161 2847 330 2898 luntati
372 2846 522 2914 ipsius
560 2846 879 2907 adversetur,
921 2863 1013 2911 quo
1044 2844 1200 2894 minus
1233 2861 1353 2911 quae
1390 2845 1509 2894 velit
1547 2862 1634 2912 pro
1664 2861 1722 2894 eo
1752 2860 1808 2893 ac
1839 2840 2080 2891 divinitati

162 2948 279 2981 suae
319 2929 548 2980 convenit
585 2937 874 2996 exequatur.
954 2927 1109 2978 Deum
1143 2928 1331 2995 quidem
1362 2927 1546 2991 videri,
1590 2926 1875 2996 praesertim
1903 2925 1961 2975 ab
1993 2925 2078 2973 hu-

162 3030 303 3064 mana
341 3022 544 3076 natura,
604 3030 698 3063 non
740 3029 882 3080 posse
932 3012 1166 3075 fatemur,
1226 3029 1381 3079 neque
1421 3012 1544 3079 quod
1586 3010 1879 3079 aspectabile
1918 3017 1991 3057 est
2032 3007 2078 3056 id

162 3098 286 3165 quod
326 3098 478 3147 videri
515 3096 711 3147 omnino
752 3113 845 3145 non
887 3104 1046 3163 potest
1085 3096 1258 3145 intueri
1293 3098 1365 3146 fas
1396 3105 1638 3163 putamus.
1718 3091 1814 3143 Sed
1855 3092 1978 3142 idem
2010 3101 2078 3141 ta-

163 3198 271 3230 men
311 3180 567 3232 invisibilis
606 3181 723 3231 deus
763 3197 848 3247 pro
887 3197 974 3228 sua
1015 3178 1308 3229 humanitate
1347 3197 1402 3229 ac
1442 3178 1653 3247 potentia
1700 3175 1985 3226 imbecillam
2027 3194 2078 3225 a-

163 3264 283 3314 ciem
323 3265 388 3314 ita
436 3263 614 3315 virtute
657 3282 744 3314 sua
783 3263 1103 3313 corroborare
1145 3263 1392 3329 dignatur,
1451 3272 1502 3311 ut
1539 3262 1663 3328 quod
1704 3259 1855 3309 videri
1901 3259 2080 3326 alioqui

164 3366 258 3398 non
291 3356 451 3415 potest
476 3348 695 3416 aspiciat.
772 3345 928 3397 Porro
968 3364 1073 3395 cum
1113 3344 1354 3396 invisibile
1391 3345 1505 3395 illud
1539 3353 1588 3394 et
1612 3344 1845 3393 infinitum
1886 3342 2075 3410 aspicit,

164 3449 258 3482 non
289 3439 524 3498 quatenus
563 3431 797 3481 inlinitum
839 3439 913 3479 est
943 3429 1054 3479 illud
1092 3429 1333 3492 intuetur,
1388 3430 1470 3478 sed
1517 3436 1744 3495 quantum
1784 3425 1910 3476 illius
1953 3426 2078 3492 quod

165 3514 455 3564 imbecillum
496 3523 572 3564 est
610 3523 777 3564 natura
816 3530 990 3580 capere
1021 3521 1209 3580 potest,
1264 3512 1500 3562 eiusmodi
1532 3512 1579 3562 vi
1610 3528 1664 3560 ac
1694 3510 1873 3560 virtute
1902 3511 2077 3560 confir-

165 3607 321 3660 mata,
377 3606 428 3647 ut
459 3598 514 3646 ad
555 3597 763 3665 potentis
804 3597 931 3647 illius
974 3596 1189 3645 notitiam
1233 3596 1503 3662 adaequare
1548 3612 1601 3645 se
1644 3594 1815 3663 possit.
1895 3591 2077 3659 Quam-

164 3681 328 3731 obrem
360 3667 476 3730 nihil
514 3690 587 3731 est
618 3681 664 3730 in
698 3680 851 3731 sacris
882 3679 1033 3730 literis
1072 3697 1097 3728 a
1130 3696 1182 3728 se
1207 3678 1312 3746 ipso
1347 3679 1655 3747 discrepans,
1709 3696 1804 3728 non
1835 3677 2076 3728 sententia

164 3764 257 3814 ulla
298 3781 418 3832 quae
459 3764 517 3814 ab
556 3764 649 3814 alia
688 3764 929 3814 sententia
969 3762 1216 3813 dissideat.
