2508 4134
235 1401 323 1437 pag.
346 1389 442 1425 1⁰91.

249 2838 360 2894 Κεφ.
385 2837 424 2881 ι’.

460 231 561 280 504
1171 240 1379 282 smc‘m
1406 242 1692 283 EPIPHANH

457 339 620 407 ἥλιον,
658 339 743 390 καὶ
773 335 861 390 τὸν
905 335 1164 405 Ῑδκόσμον
1201 337 1416 405 μύστας,
1453 339 1538 392 καὶ
1567 339 1683 402 τούς
1718 340 1960 410 κατόχους
1997 347 2095 395 τῶν
2126 344 2282 394 θείων
2318 359 2389 392 τε·

457 421 598 486 λετάς
634 424 774 493 ἔλεγε.

603 506 827 578 Περσεὺς
861 507 920 560 τοὶ
958 506 1085 559 αὐτοὶ
1127 505 1323 575 Ζήνωνι
1361 508 1661 579 ἐδογμάτισε.

606 594 935 663 Χρύσιππος,
973 590 1004 645 ὁ
1035 593 1320 658 19Σολεύς,
1369 593 1554 662 νόμους
1585 597 1799 666 ἔγραψεν
1824 593 1884 649 οὗ
1914 596 2166 663 θεμιτούς.
2225 595 2392 667 Ἔλεγε

459 679 553 752 γάρ
584 682 686 731 δεῖν
722 682 994 748 μίγνυσθαι
1022 686 1130 741 ταῖς
1170 677 1378 749 μητράσι
1416 678 1534 742 τούς
1574 685 1782 746 παῖδας,
1833 688 1937 743 τοῖς
1979 682 2033 736 δὲ
2059 682 2271 752 πατράσι
2304 681 2394 744 τοὶς

458 765 753 836 θυγατέρας.
832 766 927 825 Εἰς
963 764 1016 816 δὲ
1053 762 1113 816 τά
1152 762 1268 816 ἅλλα
1312 764 1629 833 συνεφώνησε
1673 765 1867 834 Ζήνωνι
1900 772 1970 839 τῷ
2000 772 2171 820 Κιτιεῖ.
2250 765 2392 838 Πρὸς

459 850 654 912 τούτοις
695 850 747 902 δὲ
786 851 912 920 ἔλεγε
951 851 1036 902 καὶ
1077 855 1135 885 ²⁰
1151 848 1580 919 ἀνθρωποβορεῖν.
1643 849 1813 921 ’Ἑλεγε
1851 852 1902 904 δὲ
1934 851 1988 905 τὸ
2021 853 2156 914 τέλος
2194 851 2394 906 πάντων

457 935 512 990 τὸ
553 933 893 1003 Μήδυπαθὲς
929 932 1067 987 εἶναι.

605 1021 874 1091 Διογένης,
914 1018 942 1073 ὁ
970 1018 1316 1088 Βαβυλώνιος,
1355 1021 1484 1089 ἔλεγε
1519 1018 1579 1072 τά
1616 1019 1892 1088 σύμπαντα
1913 1025 2236 1076 συνίστασθαι
2263 1024 2311 1086 ἐξ
2337 1020 2393 1091 ή-

462 1111 627 1175 δονῆς.

606 1194 902 1256 Παναίτιος,
942 1188 971 1243 ὅ
999 1188 1216 1255 Ῥόδιος,
1254 1189 1340 1243 τόν
1369 1188 1559 1258 κόσμον
1584 1193 1741 1261 ἔλεγεν
1768 1192 2048 1258 ἀθάνατον,
2086 1194 2173 1246 καὶ
2200 1197 2261 1243 22
2277 1193 2396 1264 ἀγή-

463 1301 559 1350 ρω·
613 1279 698 1331 καὶ
724 1282 813 1344 τῆς
840 1280 1066 1344 μαντείας
1108 1274 1213 1328 κατ’
1252 1276 1402 1329 οὐδὲν
1442 1278 1789 1347 ἐπεστρέφετο,
1838 1279 1922 1331 καὶ
1950 1276 2009 1331 τά
2036 1281 2148 1348 περὶ
2183 1286 2244 1317 2³
2261 1285 2397 1333 θεῶν

466 1363 697 1435 λεγόμενα
745 1361 931 1436 ἀνῄρει.
988 1360 1158 1432 ’Ἑλεγε
1192 1360 1285 1432 γάρ
1324 1360 1593 1430 φλήναφον
1644 1360 1770 1416 εἶναι
1804 1362 1890 1417 τὸν
1922 1365 2035 1435 περὶ
2070 1370 2199 1418 θεοῦ
2234 1363 2392 1436 λόγον.

612 1541 673 1571 24
692 1531 1057 1598 Ποσειδώνιος,
1107 1530 1383 1600 Ἀπαμεύς,
1431 1535 1560 1604 ἔλεγε
1596 1533 1726 1588 25τὸ
1769 1536 1995 1606 μέγιστον
2029 1538 2081 1590 ἐν
2108 1533 2399 1608 ἀνθρώποις

464 1618 666 1692 ἀγαθὸν
709 1616 832 1671 εἶναι
870 1623 1083 1672 πλοῦτον
1118 1619 1204 1670 καὶ
1241 1615 1421 1688 ὑγείαν.

604 1703 977 1773 Ἀθηνόδωρος,
1042 1701 1282 1773 Ταρσεύς,
1333 1703 1394 1757 τὰ
1435 1704 1562 1758 αὐτοὶ
1602 1709 1882 1780 Χρυσίππῳ
1932 1704 2158 1772 ἐδόξασε,
2210 1710 2296 1761 καὶ
2337 1705 2398 1761 τά

464 1791 593 1846 αὐτοὶ
634 1789 833 1860 Ζήνωνι
869 1788 1197 1860 ἐδογμάτισεν.

604 1875 924 1947 Ἐπίκουρος,
982 1873 1012 1929 ὁ
1052 1883 1112 1914 2⁶
1131 1877 1439 1942 Νεοκλέους,
1495 1879 1548 1930 έν
1574 1875 1814 1946 Ἀθήναις
1842 1879 2074 1947 τραφεὶς,
2127 1877 2400 1946 φιλήδονον

465 1967 576 2033 βίον
606 1969 841 2031 μετῆλθε,
891 1962 976 2014 καὶ
1008 1959 1101 2014 οὐκ
1136 1961 1361 2032 ἠρυθρία
1400 1965 1594 2033 γυναιξὶ
1633 1961 1796 2015 συνῶν
1841 1965 2052 2035 δημοσίᾳ
2091 1961 2398 2028 ἀκολάστοις,

466 2046 578 2118 μεθ’
607 2047 638 2101 ἃ
663 2047 839 2119 πρώην
868 2048 981 2117 περὶ
1009 2044 1162 2100 αὐτοῦ
1189 2050 1404 2114 εἴπομεν.
1483 2047 1645 2101 Πάλιν
1674 2051 1802 2118 ἔλεγε
1833 2046 1900 2116 μὴ
1931 2044 2056 2101 εἶναι
2082 2046 2260 2114 θεοὺς,
2301 2047 2399 2102 ἀλλ’

465 2134 500 2202 ἢ
533 2133 687 2202 μόνον
726 2132 876 2202 τύχην
918 2136 1124 2185 διοικεῖν
1163 2132 1223 2184 τά
1261 2131 1448 2198 πάντα,
1502 2136 1587 2186 καὶ
1634 2135 1786 2202 μηδὲν
1826 2131 1950 2186 εἶναι
1992 2140 2090 2187 τῶν
2122 2136 2174 2187 ἓν
2209 2140 2276 2208 τῷ
2305 2138 2398 2208 βίῳ

468 2218 727 2285 ἑκούσιον,
765 2218 883 2287 μήτε
909 2217 1161 2286 μάθησιν,
1212 2217 1330 2287 μήτε
1358 2217 1706 2284 ἀπαιδευσίαν,
1756 2219 1874 2287 μήτε
1904 2216 2016 2272 ἄλλο
2048 2221 2229 2288 μηδὲν,
2281 2217 2400 2272 ἀλλά

465 2304 628 2359 πάντα
665 2303 874 2359 ἀκούσια
913 2308 1139 2374 γίνεσθαι
1178 2309 1317 2357 πᾶσι.
1393 2306 1492 2356 Καὶ
1533 2303 1594 2357 οὗ
1637 2303 1729 2374 χρὴ
1766 2306 1938 2375 ψέγειν
1971 2303 2105 2370 τινά,
2161 2304 2229 2367 ῶς
2259 2323 2399 2373 φησι,

468 2389 581 2445 οὔτε
609 2392 850 2444 ἐπαινεῖν·
903 2388 962 2444 οὐ
999 2388 1092 2460 γάρ
1131 2388 1324 2451 ἑκόντες
1361 2396 1512 2442 ταῦτα
1540 2388 1848 2457 ὑφίστανται.
1907 2389 2075 2461 ’Έλεγε
2112 2392 2166 2444 δὲ
2194 2389 2261 2459 μὴ
2299 2395 2402 2444 δεῖν

467 2480 763 2544 φοβηθῆναι
788 2474 873 2529 τὸν
897 2474 1135 2528 θάνατον.
1212 2478 1566 2543 Διεβεβαιοῦτο
1600 2477 1680 2541 δὲ,
1736 2474 1803 2538 ὥς
1832 2474 1929 2544 ἥδη
1964 2479 2092 2545 ἔφην
2104 2519 2118 2542 ,
2159 2482 2222 2514 ²⁷
2237 2478 2323 2530 καὶ
2350 2478 2400 2540 ἒξ

467 2559 664 2629 ἀτόμων
700 2560 753 2615 τὸ
786 2567 887 2614 πᾶν
922 2559 1013 2628 τὴν
1041 2559 1270 2613 σύστασιν
1308 2563 1455 2629 ἔχειν,
1493 2563 1578 2615 καὶ
1618 2560 1703 2616 τόν
1739 2560 1929 2631 κόσμον
1968 2564 2020 2616 έν
2045 2560 2231 2635 ἀπείρῳ
2263 2559 2399 2616 εἶναι.

612 2819 713 2870 Καὶ
742 2810 880 2871 οὗτοι
911 2817 1000 2884 μὲν
1028 2819 1081 2870 οἷ
1103 2819 1151 2880 ἐξ
1179 2814 1422 2886 Ἑλλήνων
1452 2821 1522 2880 εἷς
1547 2824 1728 2888 γνῶσιν
1753 2816 1896 2887 ήμῶν
1922 2817 2227 2886 ἐληλύθασιν.
2286 2815 2400 2870 ’Ἀλ-

466 2910 541 2957 λοι
576 2904 628 2957 δὲ
660 2903 767 2957 ὅσοι
815 2901 940 2956 κατά
976 2901 1066 2970 τήν
1104 2902 1390 2974 βάρβαρον,
1442 2906 1526 2957 καὶ
1555 2901 1784 2969 Ἑλλάδα,
1831 2902 2070 2971 Ῥωμαίαν
2098 2923 2176 2967 τε,
2228 2904 2313 2955 καὶ
2339 2902 2400 2955 τοὶ

466 2987 584 3041 ἄλλα
621 2993 827 3057 κλίματα
866 2995 952 3056 τῆς
993 2991 1316 3057 οἰκουμένης,
1366 2988 1705 3057 ἐβδομήκοντα
1738 2992 1830 3042 δύο
1871 2990 1958 3057 μὲν
1983 2988 2150 3057 ἀηδεῖς
2197 2994 2399 3054 φιλοσο-

469 3077 592 3140 φίαν
632 3077 684 3128 έν
715 3081 776 3148 τῇ
807 3080 903 3127 τῶν
933 3072 1100 3127 Ἰνδῶν
1142 3077 1436 3146 ἕμφέρονται
1473 3079 1685 3147 φατρία,
1735 3080 1835 3127 τῶν
1872 3095 1921 3126 τε
1963 3079 2397 3140 Γυμνοσοφιστῶν,

467 3165 567 3212 τῶν
591 3181 641 3212 τε
669 3158 999 3230 Βραχμάνων,
1041 3162 1307 3213 ἐπαινετῶν
1335 3160 1524 3214 τούτων
1556 3159 1749 3228 μόνων,
1801 3165 1900 3212 τῶν
1924 3180 1975 3211 τε
2011 3157 2399 3228 Ψευδοβραχμά-

468 3268 568 3299 νων
585 3288 600 3311 ,
638 3251 737 3299 τῶν
757 3266 808 3298 τε
837 3245 1212 3316 Νεκυοφάγων,
1264 3252 1363 3299 τῶν
1390 3267 1440 3298 τε
1472 3249 1845 3317 Αἰσχροποιῶν,
1899 3250 1997 3296 τῶν
2025 3264 2073 3295 τε
2092 3243 2398 3314 Ἀπηλγημέ-

526 3446 588 3489 18.
633 3449 795 3488 Lobeck.
831 3450 1020 3500 Aglaoph.
1059 3462 1100 3499 p.
1136 3447 1228 3490 130.
1266 3450 1406 3500 refinyi
1464 3461 1562 3500 que,
1590 3452 1624 3488 et
1651 3449 1742 3488 edit.
1767 3449 1894 3496 princ.

463 3507 616 3544 volebat
655 3503 814 3557 κόσμον
858 3503 1149 3558 τελεστήριον,
1195 3504 1268 3547 καὶ
1307 3503 1406 3553 τοὺς
1520 3504 1584 3545 21.
1635 3507 1708 3544 Aut
1753 3499 1916 3549 οἷπαὲῐὲς
1964 3504 2274 3553 rescribendum,
2330 3509 2401 3544 aut

464 3558 672 3616 κατόχους
697 3564 779 3603 τῶν
808 3561 932 3604 ἒςείων
958 3561 1134 3615 μύστας.
1192 3565 1296 3602 Nihil
1319 3574 1406 3602 mu-
1463 3564 1556 3602 haec
1576 3564 1657 3600 loco
1672 3571 1741 3598 suo
1758 3563 1864 3598 mota
1885 3560 2129 3606 censendum,
2162 3565 2196 3599 et
2221 3563 2399 3611 Di09eni‚

465 3621 630 3658 taverim
669 3621 745 3658 nisi
783 3617 980 3666 τελετὰς,
1026 3621 1129 3669 quod
1166 3621 1207 3658 in
1235 3617 1406 3666 τελέτας
1462 3621 1528 3668 qui
1564 3618 1741 3667 proxime
1778 3618 1974 3665 sequitur,
2017 3617 2217 3656 reddenda
2255 3619 2400 3657 censuit

464 3676 524 3712 vel
554 3672 756 3721 τελεστάς
784 3677 1069 3715 rescribendum
1097 3677 1262 3715 videtur.
1466 3675 1682 3713 Gataherus
1719 3674 1772 3711 ad
1810 3674 1986 3711 Antonin.
2011 3684 2051 3721 p.
2079 3673 2169 3712 102.
2230 3674 2286 3723 Cf.
2316 3676 2398 3713 eius

528 3728 589 3768 19.
624 3728 785 3778 σωλεύς
814 3734 926 3771 codd.
957 3745 1046 3772 mss.
1079 3736 1113 3770 et
1142 3733 1230 3771 edit.
1260 3734 1386 3781 princ.
1463 3732 1641 3771 Adverss.
1671 3729 1827 3767 Miscell.
1856 3741 1896 3777 p.
1921 3725 2015 3768 814.

524 3785 591 3825 20.
634 3783 985 3843 οἷνὲτρωποβορρεῖν
1022 3790 1136 3829 codd.
1172 3799 1263 3827 mss.
1303 3792 1405 3831 uler-
1519 3785 1584 3826 22.
1637 3779 1809 3838 ἅτρῆρω
1850 3786 1960 3826 codd.
2003 3797 2093 3825 mss.
2135 3791 2317 3839 uterque,
2363 3789 2397 3827 et
