2508 4134
481 269 583 324 590
1187 284 1393 328 SANCTI
1418 286 1706 330 EPIP-HANH

476 385 581 450 θεῷ
623 380 994 448 συνηνωμένην,
1043 382 1217 448 μηκέτι
1256 383 1310 436 δὲ
1345 377 1500 436 οὖσαν
1527 384 1652 438 κατά
1681 382 1863 456 σάρκα,
1911 381 2033 440 ἀλλά
2060 386 2187 441 κατὰ
2211 393 2405 457 πνεῦμα

477 462 785 534 ἁγιωσύνης,
848 468 898 529 ἐξ
944 464 1256 531 ἀναστάσεως
1311 467 1562 537 8οἸησοῦ
1612 476 1833 539 Χριστοῦ
1878 477 1970 524 τοῦ
2014 477 2192 543 κυρίου
2241 471 2406 542 ήμῶνή

482 556 532 586 ⁸¹
552 556 728 603 τοῦτον
756 548 884 619 ὁμοῦ
908 550 1033 605 θεὸν
1060 553 1237 620 ἔχουσα
1248 596 1262 619 ,
1315 551 1496 624 ἀπαθῆ
1534 557 1619 608 καὶ
1659 554 1913 624 παθόντα,
1964 559 2047 611 καὶ
2074 560 2290 626 ταφέντα
2321 562 2406 613 καὶ

479 634 774 703 ἀναστάντα,
826 637 911 689 καὶ
937 636 1210 692 ἀνελθόντα
1246 641 1298 692 ἐν
1326 639 1475 713 δόξῃ,
1526 640 1792 711 ἐρχόμενον
1824 649 1988 712 κρῖναι
2015 649 2196 708 ζῶντας
2222 646 2307 698 καὶ
2330 665 2406 698 νε-

475 719 650 791 κρούς,
690 720 758 784 ὥς
793 739 967 790 φησιν,
1007 725 1060 777 ἐν
1096 722 1331 798 ἀληθεία,
1371 719 1432 779 οὗ
1467 732 1556 794 τῆς
1590 730 1836 794 βασιλείας
1872 727 1968 781 οὐκ
2005 730 2137 782 ἔσται
2172 730 2323 792 τέλος.

619 979 721 1031 Καὶ
762 975 855 1049 γάρ
897 980 981 1053 καὶ
1016 979 1228 1033 πιστεύει
1277 979 1496 1049 82’ἡμῶν
1541 981 1666 1050 αῦτη
1707 981 1741 1050 ἦ
1773 981 1887 1054 ἀγία
1917 985 2170 1052 ἐκκλησία,
2220 987 2306 1039 καὶ
2332 982 2407 1048 ὥς

476 1060 600 1137 αὐτῇ
627 1063 832 1131 ἀληθῶς
862 1063 1183 1135 κεκήρυκται,
1226 1068 1386 1119 83καὶ
1415 1065 1619 1134 ἀληθῶς
1651 1070 2092 1138 84προςτέτακται·
2129 1069 2204 1124 ὅτι
2233 1092 2407 1139 κοιμη-

473 1148 743 1217 θησόμεθα
779 1148 983 1214 πάντες,
1030 1152 1117 1203 καὶ
1157 1149 1540 1219 ἀναστησόμεθα
1583 1152 1676 1206 σῦν
1708 1154 1895 1222 σώματι
1921 1153 2107 1228 τούτῳ,
2146 1154 2237 1209 σῦν
2264 1162 2406 1229 ψυχῇ

473 1234 650 1309 ταύτῃ,
703 1234 795 1288 σύν
821 1237 965 1288 παντὶ
991 1240 1061 1307 τῷ
1089 1233 1305 1309 ἡμετέρῳ
1339 1236 1528 1303 σκεύει,
1582 1241 1667 1291 ἵνα
1702 1241 1904 1303 ἕκαστος
1946 1239 2179 1314 ἀπολάβῃ
2215 1239 2342 1312 πρός
2373 1240 2406 1293 ἃ

475 1319 694 1391 ἕπραξενζ
774 1319 951 1373 85’ἾΟτι
991 1318 1256 1384 ἀνάστασις
1298 1329 1485 1393 νεκρῶν
1524 1326 1608 1377 καὶ
1649 1328 1808 1395 κρίσις
1846 1324 2048 1388 αἰώνιος
2073 1327 2158 1379 καὶ
2187 1329 2407 1394 βασιλεία

477 1404 704 1477 οὐρανῶν
726 1407 812 1459 καὶ
837 1403 1115 1468 ἀνάπαυσις
1141 1415 1247 1469 τοῖς
1272 1410 1484 1471 δικαίοις
1509 1411 1594 1462 καὶ
1616 1414 1913 1481 κληρονομία
1942 1417 2128 1465 πιστῶν
2151 1413 2237 1465 καὶ
2261 1411 2406 1481 χορὸς

475 1490 573 1559 μετ’
613 1491 829 1562 ἀγγέλων
868 1497 966 1544 τῶν
1004 1491 1343 1562 τετηρηκότων
1384 1493 1474 1562 τήν
1500 1498 1686 1558 πίστιν,
1740 1498 1822 1549 καὶ
1855 1494 1943 1564 τήν
1979 1493 2176 1567 ἁγνείαν
2204 1499 2289 1551 καὶ
2316 1496 2406 1565 τὴν

475 1581 646 1630 ἐλπίδα
674 1579 759 1630 καὶ
789 1575 874 1639 τάς
900 1582 989 1630 τοῦ
1016 1581 1196 1647 κυρίου
1227 1578 1449 1645 ἐντολάς,
1489 1578 1692 1648 ἀληθῶς
1719 1583 1845 1646 ἐστι,
1888 1583 1970 1634 καὶ
2000 1582 2298 1652 κεκήρυκται
2320 1584 2404 1636 καὶ

260 1686 348 1723 pag.
369 1677 444 1712 15⁷.
476 1661 769 1731 ἥσφάλισται
800 1664 886 1716 καὶ
922 1663 1198 1717 πιστεύεται
1235 1664 1311 1719 ’ὅτι
1347 1659 1489 1718 οὗτοι
1525 1663 1883 1735 ἀναστήσονται
1917 1670 1986 1730 εἰς
2020 1666 2150 1736 ζωὴν
2185 1667 2402 1732 αἰώνιον,

473 1750 554 1802 καὶ
586 1742 725 1802 οὗτοι
751 1751 819 1811 εἰς
846 1751 1006 1819 κρίσιν
1030 1748 1252 1816 αἰώνιον,
1291 1749 1416 1804 κατά
1445 1750 1499 1804 τό
1528 1754 1861 1823 γεγραμμένον
1883 1755 1936 1806 ἐν
1962 1761 2065 1816 τοῖς
2093 1751 2403 1824 εὐαγγελίοις.

457 1834 589 1887 ’Ὅσα
616 1832 710 1905 γάρ
733 1836 856 1905 λέγει
884 1832 912 1888 ὁ
939 1834 1226 1900 ἀπόστολος,
1264 1838 1348 1889 καὶ
1376 1843 1530 1890 πᾶσαι
1561 1843 1619 1874 ⁸⁶
1637 1841 1692 1890 αἱ
1713 1839 1918 1909 γραφαὶ,
1957 1837 2123 1907 ἀληθῆ
2149 1836 2401 1909 τυγχάνει·

472 1922 624 1973 εἶκαὶ
656 1919 793 1990 παρά.
820 1928 924 1983 τοῖς
957 1918 1275 1989 ἀπιστήσασι,
1327 1924 1412 1975 καὶ
1459 1927 1625 1985 κακῶς
1657 1923 1940 1992 νενοηκόσιν
1976 1925 2151 1994 ἑτέρως
2181 1922 2403 1992 ’ὑπολαμ-

472 2003 686 2074 βάνεται.
758 2003 901 2074 Ἡμῖν
926 2007 978 2059 δὲ
1007 2006 1130 2075 αῦτη
1157 2005 1191 2075 ἦ
1212 2012 1389 2072 πίστις,
1428 2010 1513 2061 καὶ
1539 2008 1664 2076 αὕτη
1690 2006 1725 2077 ἦ
1748 2007 1880 2077 τιμὴ,
1917 2010 2002 2062 καὶ
2031 2009 2154 2076 αῦτη
2182 2007 2217 2077 ή
2243 2009 2402 2079 μήτηρ

473 2091 616 2161 ἡμῶν
645 2090 679 2159 ἦ
702 2094 944 2158 ἐκκλησία,
982 2091 1066 2146 διά
1092 2097 1298 2155 πίστεως
1323 2092 1546 2158 σώζουσα
1564 2130 1579 2159 ,v
1626 2096 1710 2147 καὶ
1736 2091 1799 2146 δι’
1825 2096 2020 2156 ἐλπίδος
2042 2097 2402 2164 κρατυνομένη,

471 2179 554 2231 καὶ
584 2176 754 2251 ἀγάπῃ
785 2184 1003 2248 Χριστοῦ
1032 2180 1356 2247 τελειουμένη,
1395 2182 1447 2233 ἓν
1476 2201 1526 2232 τε
1553 2186 1614 2253 τῇ
1640 2177 1898 2252 ὁμολογίᾳ,
1937 2181 1991 2233 ἕν
2016 2201 2064 2232 τε
2086 2187 2190 2242 τοῖς
2221 2199 2401 2249 μυστη-

471 2257 690 2334 ρίοις,4έ’ν
717 2285 766 2316 τε
789 2270 849 2337 τῇ
869 2270 956 2318 τοῦ
980 2270 1191 2332 λουτροῦ
1215 2268 1474 2336 καθαρσίῳ
1500 2263 1723 2333 δυνάμει,
1754 2263 1848 2330 ὅτι,
1879 2263 2199 2328 Ἀπελθόντες
2226 2269 2399 2334 βαπτί-

471 2368 584 2402 σατε
623 2352 692 2412 εἰς
725 2348 891 2417 ὄνομα
936 2348 1125 2419 πατρός
1167 2351 1249 2403 καὶ
1277 2351 1392 2403 υἷοῦ
1420 2352 1505 2403 καὶ
1535 2348 1678 2421 άγίου
1710 2349 2013 2418 πνεύματος,
2065 2353 2135 2413 εἰς
2168 2349 2323 2420 ὄνομα
2347 2352 2401 2405 δὲ

470 2441 650 2503 θεϊκῆς
678 2434 902 2504 τριάδος,
942 2432 1209 2502 ὀνομασίας
1238 2438 1476 2503 μηδεμίαν
1508 2435 1757 2507 διαφορὰν
1785 2435 2018 2505 ἐχούσης,
2057 2433 2153 2489 ἀλλ’
2179 2436 2257 2490 ὅτι
2278 2435 2401 2500 θεός

473 2518 543 2582 εἷς
574 2518 695 2587 ἡμῖν
733 2522 784 2573 ἐν
817 2519 954 2592 νόμω
982 2522 1065 2572 καὶ
1094 2522 1146 2573 ἐν
1174 2520 1456 2589 προφήταις
1482 2523 1566 2575 καὶ
1596 2524 1648 2575 ἐν
1677 2522 1971 2592 εὐαγγελίοις
1997 2523 2081 2574 καὶ
2110 2524 2162 2575 ἐν
2189 2519 2397 2576 ἀποστό-

471 2612 572 2667 λοις
598 2607 650 2659 ἐν
690 2611 872 2677 παλαιᾷ
912 2606 998 2658 καὶ
1025 2612 1170 2679 καινῇ
1202 2606 1424 2680 διαθήκῃ
1455 2606 1776 2678 κεκήρυκται,
1827 2609 1910 2660 καὶ
1941 2605 2278 2677 κατήγγελται,
2310 2609 2401 2661 ,καὶ

471 2694 809 2756 πεπίστευται,
847 2689 1036 2762 πατὴρ,
1072 2693 1158 2744 καὶ
1186 2690 1321 2757 υἷὸς,
1358 2694 1444 2746 καὶ
1474 2691 1620 2763 ὂῖγιον
1647 2699 1862 2760 πνεῦμα,
1902 2691 2019 2760 μήτε
2051 2692 2400 2761 37συναλοιφή

471 2798 545 2838 τις
576 2771 699 2829 οὖσα
729 2774 763 2844 ή
789 2775 998 2844 θεότης,
1039 2775 1159 2829 ἀλλά
1186 2776 1326 2848 τριάς
1352 2776 1507 2840 ὅντως
1531 2781 1707 2844 τελεία,
1745 2780 1922 2840 τέλειος
1948 2774 1977 2830 ό
2002 2775 2185 2847 πατὴρ,
2222 2779 2400 2841 τέλειος
2470 2829 2476 2832 ,

1262 2862 1334 2882 *rt
1547 2868 1558 2884 Ι

473 2859 502 2915 ό
525 2860 663 2927 υἷὸς,
701 2862 877 2915 τέλειον
910 2860 965 2915 τὸ
994 2869 1187 2930 πνεῦμα
1218 2886 1273 2916 το
1301 2885 1466 2932 αγιον,
1505 2887 1591 2931 μια
1617 2862 1825 2931 θεότης,
1865 2860 1935 2924 εἷς
1958 2861 2095 2927 θεὸς,
2135 2865 2172 2935 ᾧ
2202 2860 2237 2930 ἦ
2262 2862 2396 2930 δόξα,

570 2947 580 2966 ἱ

470 2970 605 3017 τιμη,
650 2954 709 2985 ⁸⁸
726 2946 907 3019 κράτος
932 2954 1021 3000 νῦν
1046 2950 1131 3001 καὶ
1158 2947 1232 3003 ἀεὶ
1258 2950 1341 3002 καὶ
1370 2950 1439 3010 εἰς
1462 2947 1582 3011 τούς
1610 2951 1794 3011 αἰῶνας
1820 2954 1918 3002 τῶν
1945 2947 2164 3015 αἰώνων,
2197 2947 2361 3017 Ἀμήν.

524 3094 592 3136 80.
624 3093 780 3147 νεκρῶν
810 3093 882 3136 τοῦ
913 3092 1055 3147 κυρίου
1094 3088 1219 3148 ἡμῶν
1258 3089 1405 3147 Ἰησοῦ
1464 3096 1506 3134 F.
1534 3098 1589 3135 est
1617 3091 1649 3147 γῖ
1681 3089 1821 3148 μήτηρ
1851 3089 1990 3147 τῖμῶν.

469 3149 654 3205 Χριστοῦ
685 3153 773 3191 edit.
806 3152 942 3192 Petav.
1518 3150 1587 3192 83.
1617 3149 1691 3193 καὶ
1730 3153 1859 3191 omiss.
1899 3153 1942 3191 in
1979 3151 2067 3190 edit.
2097 3152 2231 3190 Petav.
2265 3150 2396 3193 Calon.

526 3209 592 3249 81.
623 3207 766 3249 τοῦτον
799 3201 1015 3260 ἄνθρωπον
1047 3204 1150 3260 ὁμοῦ
1195 3209 1303 3248 haud
1329 3210 1404 3248 im-
1459 3211 1575 3258 repet.

465 3267 718 3317 probabiliter
745 3267 965 3315 suspicatus
991 3269 1046 3305 est
1076 3266 1274 3306 Petavius.
1515 3260 1583 3305 84.
1625 3262 1900 3318 προτέτακται
1935 3263 2048 3303 codd.
2094 3275 2187 3304 mss.
2228 3268 2264 3305 et
2303 3261 2393 3306 edit.

524 3320 593 3364 82.
622 3318 653 3376 ἢ
694 3317 820 3375 ἡμῶν
855 3323 945 3362 edit.
975 3322 1111 3363 Petav.
1179 3323 1224 3362 1η
1260 3323 1404 3372 Expos.
1460 3324 1587 3372 princ.
