2508 4134
838 325 1372 367 ANACEPHALAEOSIS.
1958 306 2056 357 585

165 437 297 481 mant
322 427 422 479 alii.
501 424 730 479 Ceterum
755 423 884 475 nulla
909 424 1090 491 peccati
1120 423 1408 489 contagione
1436 420 1652 471 foedatus
1677 426 1780 482 est,
1821 433 2059 484 nunquam

165 531 219 566 os
246 513 375 564 illius
399 510 647 563 mentitum
675 517 778 559 est=
818 526 963 573 neque
991 509 1113 556 labia
1143 510 1295 556 dolum
1324 509 1477 555 locuta
1503 514 1628 564 sunt,
1672 521 1756 554 cor
1781 503 1837 553 ad
1868 500 2062 551 irritan-

164 598 274 648 dum
304 597 443 646 deum
476 613 570 646 non
598 592 879 656 declinavit,
934 607 1070 641 mens
1112 590 1168 639 ad
1201 606 1257 639 ea
1284 606 1406 657 quae
1446 590 1581 639 nel'as
1610 597 1685 639 est
1717 605 1810 638 non
1843 584 2060 646 deflexit,

165 698 278 731 caro
310 678 426 730 nihil
451 696 616 730 eorum
649 693 770 746 quae
807 676 863 727 ad
894 675 1054 726 carnis
1083 674 1373 740 voluptatem
1404 672 1645 740 pertinent
1675 671 1891 733 admisit,
1948 669 2063 720 deus

165 765 223 815 ab
253 771 453 815 aeterno
488 764 756 832 perfectuS‚
807 760 886 828 qui
924 777 1019 809 non
1065 767 1117 808 ut
1155 757 1201 807 in
1232 756 1422 806 homine
1451 755 1688 806 habitaret
1714 754 1937 818 advenit,
1978 753 2061 803 sed

165 848 364 899 verbum
395 847 548 915 ipsum
579 844 816 896 hominem
844 843 1023 905 induit,
1066 859 1161 892 non
1195 849 1364 891 natura
1399 848 1650 902 mutatum,
1691 840 1774 889 sed
1807 856 1909 889 eam
1945 854 2064 905 quae

167 932 371 983 hominis
400 931 593 999 propria
621 938 696 980 est
723 947 829 979 cum
862 927 1109 978 divinitate
1138 925 1462 992 complexum.
1539 922 1593 974 In
1622 923 1821 991 virginis
1850 932 1987 973 utero
2013 938 2066 971 re

165 1033 282 1066 vera
310 1015 531 1084 genituS,
584 1031 639 1064 ac
672 1030 759 1082 per
795 1011 1032 1080 genitales
1074 1018 1258 1060 meatus
1296 1008 1343 1058 in
1391 1009 1542 1059 lucem
1584 1007 1769 1070 edituS,
1825 1007 1930 1057 sine
1972 1005 2068 1056 ulla

167 1099 488 1169 turpitudine,
542 1098 768 1148 foeditate
807 1096 885 1146 vel
919 1095 1050 1146 labe.
1127 1092 1248 1145 Post
1286 1093 1402 1142 haec
1434 1093 1692 1155 educatuS,
1746 1100 1885 1159 atque
1915 1108 1940 1141 a
1972 1087 2067 1159 Sy-

166 1201 338 1235 meone
368 1192 415 1234 et
442 1182 586 1233 Anna
618 1182 667 1232 in
696 1180 818 1232 ulnis
852 1187 1099 1248 gestatus,
1141 1195 1167 1228 a
1194 1175 1352 1228 Maria
1386 1184 1629 1243 portatuS,
1669 1176 1761 1225 iter
1791 1184 1956 1243 postea
1987 1192 2067 1243 pe-

167 1267 302 1319 dibus
331 1266 570 1329 confecit,
610 1263 945 1334 peregrinatus
973 1272 1074 1326 est,
1113 1263 1168 1313 ad
1202 1261 1454 1331 pueritiam
1486 1259 1737 1329 pervenit,
1777 1268 1934 1310 aetate
1964 1276 2070 1309 cor-

166 1352 363 1403 boratus
399 1359 499 1414 est,
556 1350 759 1400 humana
796 1349 846 1399 in
878 1365 931 1399 se
959 1347 1117 1398 omnia
1158 1347 1371 1415 perfecte
1411 1345 1602 1408 habuit,
1656 1362 1889 1394 annorum
1936 1360 2070 1393 men-

166 1437 384 1503 siumque
428 1451 630 1486 numero
672 1450 846 1484 census
877 1441 982 1496 est,
1036 1432 1082 1482 in
1119 1429 1426 1500 praegnantis
1456 1438 1595 1480 utero
1621 1437 1866 1497 gestatus,
1903 1431 2069 1495 sactus

166 1541 191 1571 e
215 1524 432 1580 muliere,
486 1521 644 1585 sactus
668 1519 754 1566 sub
785 1520 913 1582 lege,·
965 1517 1134 1566 deiude
1174 1517 1230 1566 ad
1264 1513 1518 1565 Iordanem
1559 1514 1803 1582 profectus
1837 1522 1941 1577 est,
1981 1513 2070 1563 ibi-

167 1606 369 1671 demque
402 1621 429 1654 a
457 1603 640 1654 Ioanne
678 1603 975 1670 baptizatuS,
1029 1618 1134 1651 cum
1177 1599 1357 1650 lotione
1403 1598 1518 1649 nihil
1552 1616 1670 1667 opus
1703 1598 1929 1660 haberet,
1985 1598 2070 1648 sed

168 1697 220 1739 ut
257 1706 314 1739 ea
355 1705 476 1756 quae
518 1696 771 1754 susceptae
811 1686 1017 1736 hominis
1064 1693 1264 1735 naturae
1305 1692 1632 1735 consentanea
1675 1691 1787 1734 sunt
1827 1690 2068 1744 servaret,

166 1772 376 1823 iustitiae
401 1772 552 1838 legem
584 1771 866 1840 perturbare
899 1769 1078 1833 noluit,
1120 1779 1173 1818 ut
1198 1771 1493 1834 impleretur,
1537 1767 1932 1835 quemadmodum
1966 1765 2069 1834 ipse

169 1858 312 1920 dicit,
367 1860 512 1905 omnis
543 1859 750 1914 iustitia,
806 1863 947 1922 atque
991 1870 1155 1903 veram
1191 1871 1217 1903 a
1249 1870 1301 1904 se
1337 1870 1530 1903 carnem
1569 1869 1828 1919 veramque
1867 1850 2071 1901 hominis

169 1950 388 1992 naturam
416 1948 684 2008 susceptam
716 1956 826 1989 esse
859 1946 1169 1989 monstraret.
1246 1936 1399 2004 Igitur
1428 1938 1483 1987 ad
1519 1954 1665 2004 aquas
1693 1936 1968 1997 descendit,
2005 1935 2074 1986 ita

169 2034 326 2076 tamen
358 2032 410 2074 ut
445 2024 688 2074 conferret
714 2022 889 2091 aliquid
922 2023 1108 2090 potius,
1151 2040 1290 2089 quam
1329 2022 1588 2090 acciperet,
1632 2021 1889 2088 largiretur
1919 2020 2072 2088 magis

167 2126 307 2177 quam
350 2108 418 2158 rei
458 2108 722 2176 cuiuspiam
753 2107 1010 2175 indigeret.
1088 2104 1276 2175 Quippe
1307 2106 1498 2156 easdem
1538 2105 1645 2156 illas
1675 2123 1821 2172 aquas
1852 2122 1935 2156 sua
1966 2106 2072 2155 luce

168 2179 498 2254 collustravit,
539 2201 587 2242 et
619 2193 676 2242 ad
706 2209 871 2242 eorum
903 2208 1025 2259 quae
1052 2192 1099 2240 in
1131 2207 1241 2241 sese
1270 2190 1557 2259 perficienda
1587 2198 1744 2252 erant,
1786 2191 2072 2241 adumbran-

169 2277 273 2327 dam
301 2275 559 2344 imaginem
579 2316 593 2340 ‚
634 2277 870 2344 quandam
903 2276 997 2327 vim
1025 2275 1117 2325 illis
1148 2275 1403 2343 impertiit,
1446 2283 1498 2325 ut
1527 2274 1603 2341 qui
1634 2274 1722 2342 ipsi
1757 2291 1927 2324 revera
1966 2291 2071 2325 cre-

169 2361 366 2423 derent,
409 2377 464 2410 ac
492 2360 710 2412 veritatis
739 2368 904 2411 essent
932 2360 1022 2410 fide
1051 2360 1284 2427 praediti,
1325 2359 1652 2426 intelligerent
1680 2376 1774 2409 non
1806 2359 1934 2410 illum
1966 2359 2073 2410 ficte

170 2444 419 2494 humanam
441 2444 656 2495 induisse
683 2454 920 2508 naturam,
962 2461 1117 2512 neque
1143 2444 1250 2494 ficte
1276 2460 1385 2494 esse
1410 2444 1545 2511 aquis
1571 2443 1842 2505 intinctum,
1885 2444 2074 2494 eadem-

170 2543 260 2595 que
290 2535 339 2577 et
379 2527 469 2596 ipsi
498 2529 684 2580 ratione
725 2546 810 2597 per
836 2547 940 2579 eam
970 2546 1108 2596 quam
1139 2528 1215 2579 ille
1246 2545 1357 2596 prae
1398 2545 1507 2579 sese
1538 2528 1713 2578 tulerat.
1746 2529 2074 2578 accommoda-

169 2613 349 2662 tionem
382 2614 668 2664 accedeutes
713 2613 908 2663 inditam
951 2612 1076 2664 illius
1118 2613 1437 2663 descensione
1486 2612 1584 2663 vim
1624 2612 1672 2662 in
1716 2629 1824 2662 sese
1869 2614 2076 2663 transfe-

171 2704 299 2758 rant,
341 2694 650 2764 eiusdemque
673 2697 777 2747 luce
799 2698 1167 2764 perfundantur,
1209 2715 1302 2764 quo
1329 2697 1656 2765 propheticum
1685 2697 1940 2765 impleatur
1966 2714 2075 2747 ora-

172 2781 357 2844 culum,
426 2783 510 2829 Ad
552 2784 873 2830 immutandam
918 2785 1130 2831 virtutem
1174 2784 1600 2847 couciliaudamque
1655 2785 1849 2831 salutem
1891 2801 1950 2830 ear
1993 2784 2076 2830 illa

166 2868 306 2930 panis
335 2868 506 2913 virtute
528 2882 644 2930 quae
666 2866 725 2913 ab
747 2868 1035 2914 Hierusalem
1059 2870 1305 2931 accipitur,
1347 2884 1662 2931 aquarumque
1688 2870 1748 2914 vi.
1833 2865 1921 2915 Hic
1948 2865 2075 2915 enim

170 2952 219 3002 in
253 2948 452 3003 Christo
483 2948 619 3017 panis
648 2949 803 2999 virtus
834 2966 889 2999 ac
918 2950 992 3000 vis
1019 2966 1168 3017 aquae
1196 2950 1569 3012 corroboratur,
1611 2959 1662 2999 ut
1689 2967 1782 2999 non
1816 2949 1948 3016 panis
1975 2948 2077 3017 ipse

171 3035 234 3086 sit
262 3034 401 3085 nobis
431 3034 605 3096 virtuS‚
645 3035 728 3084 sed
760 3033 913 3083 virtus
943 3051 969 3084 a
999 3051 1120 3101 pane
1153 3035 1395 3100 profecta,
1438 3051 1493 3084 ac
1527 3034 1660 3084 cibus
1693 3034 1878 3100 quidem
1912 3042 2077 3083 noster

173 3118 309 3188 panis
339 3127 440 3182 est,
493 3119 577 3168 sed
608 3118 654 3167 in
684 3118 788 3185 ipso
816 3117 976 3167 vitalis
1011 3118 1242 3184 quaedam
1273 3118 1429 3168 virtus
1456 3118 1747 3169 continetur.
1822 3116 1997 3185 Neque
2029 3118 2074 3168 id

172 3203 324 3255 solum
356 3211 512 3253 actum
542 3210 693 3253 estut
721 3219 808 3251 nos
835 3219 955 3269 aqua
986 3211 1298 3269 repurgaret,
1340 3203 1422 3252 sed
1456 3211 1509 3252 ut
1534 3220 1686 3270 aquae
1722 3203 1767 3252 vi
1800 3219 1884 3270 per
1916 3202 2073 3265 fidem,

172 3288 408 3338 actionem
444 3294 492 3336 et
518 3303 649 3355 spem
683 3303 739 3336 ac
778 3285 1117 3355 mysteriorum
1149 3285 1465 3337 initiationem
1507 3295 1555 3336 et
1585 3286 1966 3337 consecrationis
1995 3303 2077 3353 ap-

173 3372 478 3440 pellationem
512 3372 567 3421 ad
597 3371 857 3439 perfectam
888 3369 1248 3437 absolutamque
1282 3370 1483 3420 salutem
1519 3371 1655 3420 uobis
1689 3369 1806 3438 ipsis
1835 3371 2072 3421 conferat.

173 3454 306 3522 Ergo
348 3452 571 3506 Christus
613 3454 828 3505 ascendit
871 3471 897 3503 e
927 3452 1155 3516 Iordane,
1216 3471 1382 3504 vocem
1427 3455 1573 3521 patris
1615 3454 1789 3516 audiit,
1846 3472 1985 3521 quam
2027 3464 2075 3506 et

174 3538 390 3607 discipuli
435 3539 511 3606 qui
554 3540 755 3588 aderant
795 3537 1074 3601 audierunt,
1128 3546 1179 3588 ut
1220 3538 1323 3605 quis
1356 3538 1434 3588 ille
1474 3539 1597 3588 foret
1639 3539 1712 3588 cui
1750 3539 2073 3590 testimonium

175 3651 300 3705 ῥητοῦ
330 3653 466 3701 leyitur
494 3653 534 3690 in
565 3653 738 3692 Panario
762 3663 855 3701 pag.
880 3648 993 3690 1098.
1148 3653 1188 3690 in
1211 3652 1298 3690 edit.
1318 3652 1449 3691 Petav.
1477 3649 1517 3692 ἐν
1542 3650 1714 3706 Χριστῷ
1745 3650 2076 3706 ἰσχυροποιουμέ-

228 3704 295 3748 43.
327 3705 632 3761 λαμβανομένου
677 3708 787 3747 codd.
822 3719 911 3746 mss.
941 3711 974 3745 et
1004 3708 1091 3746 edit.
1148 3720 1239 3748 νων.

171 3766 295 3814 princ.
1206 3761 1272 3804 45.
1306 3758 1381 3805 οὔκ
1406 3765 1493 3804 edit.
1516 3766 1666 3815 Petav„
1693 3766 1823 3807 invitis
1852 3766 1958 3806 libris
1985 3768 2071 3807 vett.

230 3816 297 3860 44.
326 3821 388 3861 lta
426 3821 539 3860 codd.
566 3832 657 3861 mss.
698 3825 732 3861 et
758 3821 846 3860 edit.
872 3821 995 3871 princ.
1052 3820 1100 3859 At

2115 502 2147 537 1.
2170 502 2269 536 Petr.

2139 545 2174 588 ²,
2196 545 2248 579 22.

2099 1433 2183 1469 σοι.
2208 1434 2242 1478 4,
2265 1434 2297 1468 4.

2129 1772 2268 1808 Matth.

2135 1817 2156 1850 a
2170 1843 2180 1859 ,
2205 1817 2257 1851 15.

2112 3465 2250 3502 Matth.
2273 3467 2305 3502 3.
