2508 4134
190 1319 278 1355 pag.
301 1310 377 1347 986.

412 253 513 306 316
1121 265 1325 308 SANCTI
1347 266 1631 308 EPffHANn

411 364 561 414 κτίσει
585 359 956 431 λατρευσάντων
984 359 1051 425 ὥς
1083 363 1470 434 ε’μωράνθησαν,
1523 369 1632 426 πῶς
1657 364 1752 418 οὐκ
1781 363 1844 418 ἀν
1873 362 2100 435 εὖρεθείη
2126 367 2210 419 ἐπὶ
2228 368 2340 421 -κτίψ

412 464 556 513 σματι
587 442 710 499 θεὸν
739 445 1030 515 λαμβάνειν,
1079 449 1162 501 καὶ
1194 454 1372 502 τοῦτον
1404 457 1700 520 προςκυνεῖν
1725 471 1776 503 τε
1812 452 1899 504 καὶ
1939 453 2206 521 γεραίρειν,·
2253 456 2342 520 τῆς

410 533 616 594 πίστεως
645 530 792 598 φύσει
831 532 1261 602 παρεκβαλλούσης
1283 532 1339 589 td
1368 533 1709 604 προςκυνητὸν
1736 535 1837 590 ἀπὸ
1860 541 1950 590 τοῦ
1976 541 2201 602 κτιστοῦ,
2253 537 2353 591 καὶ-

406 614 460 669 τὸ
493 614 689 670 κτιστὸν
715 616 815 671 ἀπὸ
845 624 934 672 τοῦ
964 625 1321 688 προςκυνητοῦ.
1396 622 1498 673 Καὶ
1527 619 1620 691 γάρ
1648 623 1694 674 εί
1718 620 1844 684 ὅλως
1867 626 2012 675 τοῦτο
2040 621 2188 675 οὐδὲν
2221 625 2341 677 διοί-

407 718 504 766 σει,
556 701 684 773 πρὸς
720 703 838 767 τούς
869 710 930 778 τῇ
955 708 1107 758 κτίσει
1133 703 1187 759 τὸ
1213 707 1359 774 σέβας
1382 707 1616 774 νέμοντος
1656 705 1804 760 οὐδὲν
1829 705 2098 777 πρόκριτον
2127 709 2264 762 ἔσται
2285 710 2342 762 έν

409 792 804 862 Χριστιανισμῷ,
856 791 989 844 ἔσται
1022 791 1076 844 δὲ
1103 788 1138 858 ἦ
1164 790 1365 859 τοιαύτη
1390 794 1552 853 πίστις
1578 794 1933 862 είδολολατρεία
1961 798 2142 860 μᾶλλον
2168 791 2204 862 ἢ
2222 801 2341 848 θεο-

406 874 583 941 σέβεια.
661 880 1013 945 Προςκυνοῦσι
1045 874 1138 947 γάρ
1181 877 1405 930 κάκεῖνοι
1443 876 1609 944 ἥλιον,
1666 879 1752 930 καὶ
1794 878 2028 945 σελήνην,
2080 879 2164 932 καὶ
2191 876 2341 932 δυνά-

406 980 534 1027 μεις,
584 959 805 1032 οὐρανόν
830 982 880 1014 τε
903 963 986 1015 καὶ
1013 968 1130 1032 γῆν,
1183 964 1269 1016 καὶ
1297 961 1358 1015 τά
1380 960 1499 1015 ἀλλα
1524 966 1770 1030 κτίσματα.
1846 964 1948 1016 Καὶ
1983 963 2045 1017 οὗ
2077 962 2132 1017 τὸ
2161 963 2340 1031 διάφο-

404 1067 492 1114 ρον
540 1051 640 1100 τῶν
687 1045 964 1115 κτισμάτων
1010 1055 1223 1101 ποιεῖται
1269 1047 1324 1101 τὸ
1362 1054 1562 1116 θαῦμα·
1619 1047 1740 1101 οὐδὲ
1785 1050 1957 1101 διοίσει
1998 1046 2054 1102 τὸ
2094 1050 2339 1119 ἐξαίρετον

409 1136 431 1167 ⁶
450 1131 607 1205 ἑαυτῷ
631 1129 686 1186 τὰ
715 1138 804 1201 τῆς
833 1131 1091 1200 ὅμοτιμίας
1114 1131 1198 1187 διά
1223 1131 1279 1187 τὸ
1309 1130 1602 1201 ὁμώνυμον,
1652 1129 1749 1186 κάν
1775 1153 1825 1185 τε
1855 1130 2340 1203 ὗπερτεταλάντισται

403 1215 457 1270 τό
486 1217 573 1285 μὲν
600 1216 701 1272 ἀπὸ
730 1225 819 1272 τοῦ
850 1220 1032 1289 ἑτέρου.
1108 1216 1204 1282 Εἷς
1236 1219 1327 1290 γάρ
1359 1221 1487 1273 ἐστιν
1517 1216 1547 1271 o‘
1575 1216 1636 1271 τά
1665 1216 1922 1289 ἀμφότερα
1959 1218 2199 1287 ποιήσας,
2251 1221 2338 1274 καὶ

404 1301 763 1374 ἀποκληρώσας
801 1303 1014 1378 ἑκάστῳ,
1067 1304 1160 1357 οὐκ
1201 1303 1447 1373 ὀνόματος
1482 1301 1820 1375 παραλλαγὴν,
1873 1301 1967 1357 ἀλλ’
1999 1304 2187 1367 οὐσίας.
2257 1303 2339 1359 Ἐν

405 1386 558 1442 ἅπασι
583 1387 676 1460 γάρ
712 1397 818 1452 τοῖς
850 1391 1180 1457 κεκτισμένοις
1216 1389 1272 1443 vo*
1305 1390 1486 1444 δοῦλόν
1519 1392 1618 1444 ἔστι
1646 1393 1735 1444 τοῦ
1769 1392 2034 1457 κτίσματος
2064 1388 2120 1444 τό
2158 1388 2336 1460 ὄνομα,

402 1472 502 1527 ἀλλ’
533 1474 592 1528 οὗ
633 1473 687 1529 τὸ
722 1473 996 1546 ἐλεύθερον.
1074 1478 1173 1528 Καὶ
1217 1478 1262 1529 εἰ
1287 1478 1340 1530 ἐν
1378 1478 1452 1530 ἓνὶ
1489 1476 1626 1546 μέρει
1663 1473 1719 1529 τὸ
1759 1479 1936 1529 δοῦλον
1974 1483 2336 1547 προςκυνεῖται,

402 1559 551 1613 οὐδὲν
584 1563 758 1614 διοίσει
783 1561 909 1631 πρὸς
936 1560 990 1615 vd
1016 1558 1133 1615 ἄλλο
1171 1562 1319 1632 μέρος
1343 1559 1378 1630 ἦ
1402 1559 1756 1631 προςκύνησις,
1804 1558 1899 1614 κάν
1934 1582 1984 1614 τε
2008 1559 2337 1631 ὑποβέβηκεν.

387 1642 519 1699 Ἴσον
556 1645 650 1716 γάρ
692 1648 793 1701 ἔστι
831 1653 898 1720 τῷ
930 1645 1166 1720 ἀνωτάτω
1201 1646 1538 1718 συγγενειάζον
1574 1653 1643 1720 τῷ
1674 1650 1922 1715 κτίσματι,
1975 1649 2025 1711 ἐξ
2052 1647 2148 1702 οὐκ
2180 1644 2338 1702 ὄντων

401 1728 535 1798 παρά
579 1737 669 1785 τοῦ
713 1731 856 1795 ὄντος
894 1734 1276 1804 κεκληρωμένον.
1356 1733 1624 1787 Ἐντεῦθεν
1662 1730 1716 1786 vd
1757 1731 2024 1803 ἀγέννητον
2062 1733 2338 1803 συμπρέπει

399 1822 532 1890 θεῷ,
580 1818 666 1870 καὶ
705 1816 760 1871 vd
805 1816 929 1881 θεὸς
963 1823 1032 1890 τῷ
1070 1818 1335 1893 ἀγεννήτῳ.
1380 1870 1381 1873 ,
1410 1817 1506 1873 Ani
1532 1818 1586 1873 τό
1618 1819 1835 1889 γέννημα
1859 1818 1954 1873 οὐκ
1983 1820 2126 1890 ἔργον
2155 1818 2335 1887 φαμὲν,

398 1903 514 1957 οὐδὲ
538 1906 752 1971 ποίημα,
805 1903 924 1959 ἀλλά
956 1906 1172 1975 γέννημα
1196 1905 1456 1966 οὐσιωδῶς
1485 1903 1586 1958 ἀπὸ
1617 1902 1805 1975 πατρὸς
1834 1902 2086 1974 ἀχράντως
2119 1925 2338 1975 γεγεννη-

398 1989 571 2056 μένον,
611 1986 876 2057 ὁμοούσιον
902 1996 969 2063 τῷ
996 1992 1145 2062 πατρὶ
1171 1994 1256 2045 καὶ
1282 1988 1738 2061 συμπροςκυνητὸν,
1775 1991 1859 2043 καὶ
1883 1988 1937 2043 τό
1963 1989 2107 2061 ἅγιον
2133 1997 2331 2059 πνεῦμα

397 2077 447 2138 ἐξ
478 2075 661 2141 αὐτοῦ,
714 2078 799 2129 καὶ
838 2076 932 2130 οὐκ
970 2074 1253 2147 ἀλλότριον,
1305 2075 1382 2130 διὸ
1423 2078 1508 2130 καὶ
1544 2074 1999 2145 συμπροςκυνητόν.
2071 2073 2249 2150 Ἑτέρῳ
2279 2077 2334 2131 δὲ

396 2166 494 2214 τῶν
520 2163 845 2230 κεκτισμένων
866 2161 920 2216 τὸ
948 2161 1069 2225 θεὸς
1089 2160 1248 2231 ὄνομα
1274 2163 1335 2216 οὐ
1365 2169 1776 2228 συνεκφωνεῖται,
1816 2160 1899 2214 διά
1922 2160 1977 2215 τὸ
2004 2160 2334 2231 μετηλλάχθαι

394 2253 481 2315 τῆς
506 2246 822 2317 ἀγεννησίας,
874 2248 948 2302 ὅτι
978 2251 1027 2312 ἐξ
1060 2249 1156 2302 οὐκ
1197 2246 1355 2302 ὄντων
1395 2247 1697 2317 κεκλήρωται
1731 2245 1786 2301 τὸ
1823 2245 1962 2301 εἶναι.
2032 2244 2167 2301 Ἡδὲ
2194 2246 2333 2319 τριάς

396 2334 491 2402 ἔχει
526 2332 583 2387 τὸ
621 2334 698 2386 ἀεὶ
737 2330 888 2400 εἶναι,
927 2336 1011 2387 καὶ
1049 2334 1140 2403 οὐχ
1177 2333 1343 2404 ἕτερόν
1378 2356 1426 2387 τι
1460 2332 1583 2396 θεὸς
1631 2335 1716 2387 καὶ
1752 2334 1916 2404 ἕτερον
1952 2331 2006 2387 τὸ
2045 2332 2328 2404 ἀγέννητον.

538 2767 898 2831 Συνομολογεῖς
928 2763 1008 2826 δὲ,
1054 2762 1239 2828 Ἀέτιε,
1289 2761 1376 2816 τὸν
1398 2761 1511 2816 υἴὸν
1540 2764 1594 2816 ἐκ
1625 2760 1812 2832 πατρὸς
1839 2766 2162 2832 γεγεννῆσθαι
2191 2762 2329 2829 εἰρω-

394 2851 500 2921 νείᾳ
517 2891 531 2914 ,
569 2849 655 2901 καὶ
682 2847 776 2901 οὐκ
800 2847 1023 2920 ἀληθεία.
1103 2854 1217 2901 Πᾶν
1244 2846 1336 2918 γάρ
1362 2846 1416 2901 τό
1443 2847 1676 2918 γεννητόν
1703 2848 1764 2902 οὐ
1792 2845 2003 2911 κτιστόν,
2041 2847 2126 2899 καὶ
2150 2843 2206 2899 τὸ
2229 2867 2330 2899 κτι-

396 2932 510 2988 στὸν
554 2934 616 2987 οὐ
653 2932 899 3004 γεννητόν.
975 2936 1046 2986 Εἰ
1085 2935 1138 2987 δὲ
1178 2933 1234 2987 τὸ
1270 2933 1502 3004 γεννητόν
1556 2933 1775 2998 κτιστὸν,
1823 2930 1928 2987 κατ’
1962 2930 2104 2985 ἄλλον
2142 2928 2330 3001 τρόπον

395 3022 525 3074 ἐστὶν
551 3018 772 3073 κτιστόν·
813 3015 881 3080 ὥς
914 3016 1022 3072 οἷόν
1054 3021 1182 3073 ἐστιν
1205 3022 1385 3084 εἰπεῖν,
1408 3017 1710 3089 ’Ἄνθρωποι
1736 3022 1967 3089 γεννῶσιν
1996 3014 2327 3086 ἀνθρώπους,

396 3104 494 3159 ἀλλ’
521 3106 580 3159 οὗ
612 3110 875 3170 κτίζουσιν·
916 3099 1055 3159 οὗτοι
1081 3107 1133 3159 δὲ
1161 3103 1357 3158 ἀνωθεν
1382 3107 1435 3158 ἐκ
1459 3111 1587 3158 θεοῦ
1611 3107 1702 3157 εἶσι
1727 3104 2040 3170 κεκτισμένοι.
2114 3099 2208 3155 Διὸ
2238 3102 2328 3154 αὐ-

395 3199 499 3253 τοῖς
526 3190 586 3244 τά
617 3192 704 3259 μὲν
728 3189 1009 3261 γεννώμενα
1040 3192 1346 3261 γεγέννηται,
1401 3189 1536 3260 παρά
1562 3196 1691 3243 θεοῦ
1719 3190 1771 3242 δὲ
1799 3187 1860 3242 τά
1884 3186 2045 3240 πάντα
2069 3189 2327 3242 κέκτισται.

398 3280 528 3330 Θεοῦ
554 3278 607 3330 δὲ
635 3275 777 3338 ὄντος
813 3276 1073 3341 ἀκτίστου,
1125 3276 1446 3346 γεννήσαντος
1473 3277 1526 3329 δὲ
1553 3277 1711 3347 ἑαυτῷ
1742 3272 1879 3339 υἷὸν,
1932 3275 2016 3326 καὶ
2040 3271 2101 3326 οὐ
2134 3277 2323 3327 κτίσαν-

395 3384 502 3427 τος,
554 3362 645 3431 οὐχ
670 3364 830 3431 ἕτερον
856 3365 1004 3434 γεννᾷ
1035 3360 1170 3430 παρά
1194 3361 1284 3429 τήν
1313 3362 1469 3415 αὐτοῦ
1499 3361 1686 3414 οὐσίαν.
1764 3364 1885 3420 Πῶς
1910 3353 2002 3412 οὗν
2029 3361 2161 3412 ἔσται
2190 3357 2245 3413 τὸ
2277 3360 2327 3422 ἐξ

398 3448 556 3501 αὐτοῦ
596 3449 813 3518 γέννημα
851 3445 1072 3511 κτιστόν,
1124 3453 1212 3500 τοῦ
1249 3445 1434 3517 πατρὸς
1473 3446 1706 3499 ἀκτίστου
1746 3441 2077 3513 ὑπάρχοντος,-
2163 3446 2235 3496 Εἰ
2273 3443 2327 3497 δὲ

396 3531 588 3586 κτιστὸν
614 3530 728 3602 παρ’
767 3532 903 3603 αὐτῷ
933 3531 988 3585 τὸ
1016 3534 1257 3602 γέννημα,
1309 3532 1477 3585 οὐκέτι
1503 3532 1717 3601 γέννημα
1741 3536 1970 3583 καλεῖται.
2046 3530 2147 3582 Καὶ
2172 3526 2325 3595 πολλή

397 3619 495 3670 ἐστι
519 3617 647 3688 πρὸς
676 3617 765 3686 τὴν
795 3616 1026 3685 τοιαύτην
1054 3624 1143 3685 τῆς
1170 3617 1381 3681 ἀτοπίας
1404 3615 1647 3670 ὗπόνοιον
1674 3613 1934 3684 ἀντιλογία.
1999 3615 2243 3685 Ἀπρεπὲς
2272 3614 2324 3667 δὲ

429 3759 493 3831 ἱ6.
520 3763 820 3860 Βεερνὶοεηάιὶιῃτ
840 3766 995 3804 omnino
1011 3767 1065 3803 est
1091 3761 1214 3806 ἑαυτὸ
1237 3763 1329 3817 τῆς.
1384 3764 1445 3803 Ita
1464 3773 1586 3812 supra
1604 3772 1699 3811 pay.
1721 3758 1815 3802 936.
1844 3762 1945 3801 dixit
1973 3755 2020 3803 οὔ
2045 3758 2207 3807 διοίσας
2231 3756 2325 3800 ἑαυ-

396 3832 467 3863 τον
494 3832 606 3872 παρα
635 3833 704 3861 τον
733 3834 756 3860 υ
777 3834 832 3861 ον.
