2508 4134
452 270 519 322 94
1161 276 1367 319 SANCTI
1396 278 1686 321 EPIPHANII

451 376 689 446 νεώτερον
730 376 782 428 δὲ
810 373 968 447 χρόνῳ
999 373 1084 428 τόν
1112 372 1225 428 υἱὸν
1255 380 1344 429 τοῦ
1371 373 1581 446 πατρός,
1637 372 1867 442 ἀνάθεμα
1898 376 2032 428 ἔστω.
2110 377 2210 428 Καὶ
2239 378 2288 428 εἷ’
2309 396 2384 438 τις

451 461 504 516 τό
538 460 745 529 δίχρονον
788 466 875 527 τῆς
918 465 1008 513 τοῦ
1046 466 1343 530 μονογενοῦς
1373 466 1592 530 Χριστοῦ
1634 463 1687 514 ἐκ
1728 458 1915 528 πατρός
1951 457 2267 523 ὑποστάσεως
2301 462 2382 515 ἐπὶ

450 546 540 614 τὴν
565 546 832 616 ἀγέννητον
854 551 944 598 τοῦ
972 551 1099 599 θεοῦ
1128 545 1303 599 οὐσίαν
1329 544 1588 616 ἀναφέρει,
1640 544 1707 607 ὥς
1737 545 2010 615 υἱοπάτορα
2034 542 2214 616 λέγων,
2264 545 2384 598 ἆνά-

451 642 586 700 θεμα
627 633 763 684 ἔστω.
841 632 942 683 Καὶ
986 634 1033 684 εἷ’
1066 653 1140 693 τις
1183 634 1379 704 ἐξουσίᾳ
1411 631 1540 704 μόνῃ
1581 630 1668 684 τὸν
1696 633 1882 700 πατέρα
1904 632 2037 701 λέγοι
2066 637 2155 685 τοῦ
2183 651 2385 701 μονογε-

414 787 419 791 ³
450 724 570 779 νοῦς
597 719 742 782 υἱοῦ,
792 717 879 769 καὶ
907 715 975 784 μὴ
1007 719 1205 789 ἐξουσίᾳ.
1237 714 1364 783 ὁμοῦ
1392 719 1474 770 καὶ
1505 716 1652 789 οὐσία
1691 715 1877 788 πατρὸς
1912 722 2213 787 μονογενοῦς
2248 719 2383 781 υἱοῦ,

246 1085 330 1123 pag.
354 1075 428 1111 859.

224 1851 338 1907 Κεφ.
355 1848 422 1908 ιβ’.

452 802 520 865 ὥς
562 802 721 870 μόνην
765 801 855 869 τήν
898 805 1123 865 ἐξουσίαν
1161 802 1450 870 λαμβάνων,
1504 803 1587 854 καὶ
1626 808 1926 856 κοινοποιῶν
1968 800 2121 856 αὐτόν
2160 799 2288 873 πρὸς
2324 798 2385 854 τά

449 888 596 943 λοιποὶ
627 887 905 955 ποιήματα,
943 890 1028 940 καὶ
1056 886 1117 941 οὐ
1147 889 1300 957 λέγων
1327 884 1533 954 α’ληθῶς
1559 890 1614 940 ἐκ
1638 886 1825 957 πατρός
1854 886 2055 958 γνήσιον
2083 886 2225 953 υἱδν,
2263 884 2385 940 άνά-

448 983 581 1042 θεμα
621 975 758 1027 ἔστω.
833 975 935 1025 Καὶ
977 975 1024 1025 εἴ
1053 995 1127 1035 τις
1160 975 1356 1044 ἐξουσίᾳ
1395 974 1480 1025 καὶ
1518 971 1660 1044 οὐσίᾳ
1702 976 1854 1043 λέγων
1897 971 1983 1026 τόν
2027 975 2241 1043 πατέρα,
2292 991 2386 1025 πα-

453 1062 568 1130 τέρα
607 1064 697 1112 τοῦ
733 1061 876 1123 υἱοῦ,
927 1056 1193 1127 ὁμοούσιον
1237 1059 1290 1111 δὲ
1312 1056 1347 1125 ἢ
1372 1056 1667 1111 ταύτούσιον
1692 1060 1819 1128 λέγοι
1849 1057 1937 1112 τᾶν
1971 1057 2084 1112 υἱὸν
2117 1064 2186 1132 τῷ
2217 1061 2383 1128 πατρὶ,

452 1143 683 1212 άνάθεμα
721 1146 855 1197 ἔστω.

594 1234 695 1283 Καί
732 1232 852 1283 εἰσιν
893 1232 945 1283 οἱ
975 1227 1356 1299 ὖπογράψαντες
1396 1232 1673 1293 Βασίλειος,
1727 1226 2041 1293 Εὕστάθιος,
2087 1226 2384 1298 ι’Τπερέχιος,

456 1318 743 1384 6Λητόϊος,
777 1313 1055 1385 Ἐορτικὸς,
1096 1314 1396 1382 Γυμνάσιος,
1436 1313 1750 1382 Μεμνόνιος,
1789 1312 2046 1382 Εὗτυχής,
2097 1320 2384 1384 Σευηρῖνος,

451 1401 721 1470 Εὕτύχιος,
763 1399 1125 1468 7Ἀλκι-μηδης,
1169 1400 1511 1468 Ἀλέξανδρος·
1562 1398 1692 1452 οὕτω
1721 1400 1962 1464 πιστεύω,
2019 1400 2141 1452 8καὶ
2166 1396 2236 1462 ὥς
2260 1388 2379 1453 ῦπο-
2456 1404 2460 1406 ’

450 1491 718 1561 γέγραπται
758 1484 862 1540 9δι’
898 1483 1201 1556 ὑπογραφῆς
1237 1483 1473 1554 ὁμολογῶ.

1103 1602 1124 1626 *
1155 1601 1196 1644 Ε
1226 1601 1272 1644 Π
1302 1601 1339 1643 Α
1370 1600 1417 1643 Η
1445 1601 1481 1644 P
1513 1599 1558 1642 Ω
1590 1601 1626 1643 Θ
1658 1600 1718 1643 Η.

495 1746 623 1792 ΤΩΝ
653 1746 804 1791 ΠΕΡΙ
831 1744 1168 1789 ΒΑΣΙΛΕΙΟΝ
1197 1744 1300 1787 ΚΑΙ
1334 1742 1651 1787 ΓΕΩΡΓΙΟΝ
1682 1744 1719 1786 Ο
1749 1741 2355 1787 ΥΠΟΜΝΗΜΑΤΙΣΜΟΣ.

601 1829 666 1885 Τὸ
707 1837 796 1899 τῆς
832 1828 1004 1891 οὐσίας
1030 1827 1189 1897 ὄνομα
1227 1833 1425 1898 γυμναῖς
1452 1828 1541 1895 μὲν
1567 1829 1620 1880 έν
1641 1831 1824 1900 παλαιᾷ
1854 1828 1937 1880 καὶ
1964 1832 2111 1900 καινῇ
2141 1823 2202 1879 οὕ
2232 1833 2386 1879 κεῖται

451 1923 648 1991 γραφῇ,
699 1914 729 1970 ό
768 1921 886 1977 νοῦς
923 1916 977 1968 δὲ
1013 1919 1261 1982 πανταχοῦ
1305 1914 1518 1983 φέρεται.
1595 1915 1697 1966 Καὶ
1737 1916 1934 1982 πρῶτον
1975 1911 2060 1979 ἐφ’
2102 1906 2173 1966 ὧν
2210 1909 2241 1965 o‘
2265 1908 2388 1974 θεὸς

451 2005 661 2071 πέμπων
688 2003 916 2055 Μωϋσέα
948 2003 1164 2071 εἴρηκεν,
1208 1998 1380 2061 Οῦτως
1407 2001 1532 2068 ἐρεῖς
1559 2006 1663 2061 τοῖς
1687 2001 1817 2061 υἱοῖς
1841 1995 2029 2068 Ἰσραὴλ
2046 2041 2059 2064 ,
2097 1995 2153 2050 Ὁ
2184 1996 2282 2063 ὢν,
2319 1994 2390 2060 οἷς

453 2091 537 2143 ἐπὶ
576 2095 666 2142 τοῦ
699 2085 914 2159 πρώτως
946 2086 1220 2153 νοουμένου
1258 2083 1469 2155 πατρὸς,
1524 2086 1574 2147 ἐξ
1612 2078 1675 2138 οῦ
1714 2090 1851 2137 πᾶσα
1895 2082 2077 2153 πατριοὶ
2110 2085 2162 2137 ἕν
2191 2081 2390 2156 οὐρανῷ

454 2177 539 2228 καὶ
571 2176 651 2228 ε’πὶ
673 2180 766 2244 γῆς
787 2172 1091 2241 ὀνομάζεται,
1116 2167 1143 2223 ό
1178 2169 1247 2238 μή
1269 2191 1317 2222 τε
1340 2171 1394 2222 ἔκ
1420 2191 1557 2231 τινος
1590 2168 1678 2235 αῗν,
1706 2171 1791 2223 καὶ
1816 2177 1920 2232 τοῖς
1949 2162 2092 2222 οῦσιν
2119 2172 2273 2230 αἴτιος
2302 2166 2386 2222 ὄν.

446 2259 652 2326 Ἐπειδὴ
694 2259 746 2311 δὲ
782 2259 866 2312 καὶ
909 2257 1020 2319 υἱός
1059 2259 1188 2309 ἔστιν
1229 2253 1259 2308 ὁ
1306 2253 1402 2321 ὢν,
1450 2257 1591 2323 ἔλαβε
1634 2256 1688 2309 δὲ
1727 2254 1825 2309 άπὸ
1864 2261 1955 2309 τοῦ
1995 2253 2121 2307 κατὰ
2154 2252 2389 2322 Ἰωάννην

454 2345 760 2415 εὐαγγελίου,
797 2345 1021 2413 λέγοντα,
1065 2341 1154 2393 Ἐν
1181 2338 1305 2414 άρχῇ
1338 2335 1402 2408 ἦν
1429 2337 1458 2393 ό
1488 2339 1659 2410 λόγος,
1710 2339 1945 2411 άφορμήν
1972 2339 2147 2411 εὕρατο
2186 2345 2388 2401 Παῦλος

455 2429 485 2485 ό
509 2427 854 2498 Σαμοσατεῦς,
909 2429 994 2481 καὶ
1021 2426 1337 2494 Μάρκελλος,
1392 2423 1558 2479 οὐκέτι
1593 2429 1818 2489 θέλοντες
1848 2427 2003 2497 λέγειν
2039 2424 2126 2479 τὸν
2155 2423 2269 2479 υἱόν
2297 2430 2389 2479 τοῦ

453 2522 581 2569 θεοῦ
607 2514 719 2568 υἱὸν
746 2513 977 2582 άληθῶς,
1017 2511 1136 2565 ἄλλα
1163 2510 1263 2566 α’πὸ
1299 2517 1390 2565 τοῦ
1418 2510 1563 2581 λόγος
1595 2509 1839 2580 ὀνόματος
1870 2509 2107 2582 άφορμὴν
2135 2509 2386 2579 λαβόντες,

454 2603 612 2670 φημὶ,
667 2602 720 2654 ἐκ
763 2598 1004 2668 στόματος
1039 2601 1172 2666 ῥῆμα
1215 2599 1296 2652 καὶ
1333 2599 1539 2668 φθέγμα
1576 2595 1932 2666 ἠβουλήθησαν
1974 2599 2129 2650 εἰπεῖν
2157 2595 2245 2650 τόν
2274 2594 2388 2650 υἰὸν

455 2693 546 2741 τοῦ
572 2692 722 2750 θεοῦ,
761 2683 1151 2755 ἠναγκάσθησαν
1180 2687 1230 2738 οἱ
1254 2685 1486 2754 πατέρες,
1527 2686 1579 2736 οἱ
1601 2687 1852 2754 κρίναντες
1882 2688 2084 2736 Παῦλον
2107 2681 2193 2736 τὸν
2221 2688 2389 2750 Σαμο-

454 2774 624 2838 σατέα,
674 2772 756 2825 ἐπὶ
784 2776 852 2843 τῷ
879 2771 1085 2843 τοιούτῳ
1119 2772 1395 2843 έρωτισμῷ,
1447 2772 1529 2822 ἵνα
1558 2772 1780 2833 δείξωσιν
1811 2768 1886 2823 ὅτι
1915 2766 1947 2822 ό
1975 2767 2087 2831 υἱὸς
2118 2766 2388 2822 ’ὑπόστασιν

457 2861 575 2928 ἔχει,
612 2860 712 2923 ,καὶ
738 2854 980 2926 ὑπάρχων
1006 2858 1133 2920 ἐστὶ,
1192 2863 1209 2893 1
1230 2857 1315 2908 καὶ
1348 2853 1419 2907 α’)’ν
1447 2857 1573 2920 ε’στι,
1626 2853 1731 2924 οὐχὶ
1767 2856 1819 2908 δὲ
1850 2853 1983 2925 ῥῆμά
2013 2856 2163 2919 ἔστιν,
2217 2850 2386 2906 οὐσίαν

456 2948 610 2999 εἰπεῖν
644 2945 727 2996 καὶ
767 2941 854 2996 τὸν
878 2940 1016 3006 υἱὸν,
1069 2941 1159 3009 τὴν
1197 2939 1445 3010 διαφοράν
1481 2947 1571 2994 τοῦ
1609 2962 1659 2994 τε
1701 2939 1819 2994 καθ’
1857 2938 2034 2993 ἑαυτὸν
2064 2937 2387 3008 ἀνυπάρκτου

456 3032 540 3084 καὶ
562 3035 650 3083 τοῦ
673 3027 978 3099 ’ὑπάρχοντος
1003 3033 1072 3099 τῷ
1094 3034 1182 3095 τῆς
1207 3024 1377 3088 οὐσίας
1403 3024 1610 3095 σ’νόματι
1636 3025 2007 3086 ἐπιδεικνύντες.
2089 3022 2154 3076 Τὸ
2183 3023 2270 3090 μὲν
2294 3020 2386 3093 γάρ

458 3118 593 3185 ῥῆμα
635 3112 752 3168 καθ’
793 3111 936 3167 ἓαυτό
973 3111 1286 3182 ἀνύπαρκτόν
1328 3114 1452 3177 ἐστι,
1509 3114 1592 3165 καὶ
1625 3110 1686 3165 οὗ
1718 3110 1924 3164 δύναται
1954 3107 2077 3162 εἶναι
2104 3107 2216 3170 υἱός
2243 3113 2386 3176 θεοῦ,

459 3203 561 3255 ἐπεὶ
604 3203 774 3254 πολλοί
815 3207 907 3271 2γε
934 3198 1094 3260 οὕτως
1121 3200 1314 3251 ἔσονται
1340 3199 1441 3250 υἱοὶ
1472 3203 1614 3250 θεοῦ.
1691 3195 1858 3249 Πολλοὶ
1892 3193 1984 3265 γάρ
2016 3191 2046 3247 ό
2075 3193 2238 3264 πατὴρ
2270 3191 2388 3262 ὅμο-

458 3293 667 3356 λογεῖται
694 3291 852 3339 λαλῶν
883 3290 953 3358 τῷ
979 3287 1101 3357 υἱῷ,
1153 3282 1271 3337 ὅταν
1300 3283 1444 3356 λέγῃ,
1484 3280 1754 3350 Γενηθήτω
1785 3282 2055 3351 στερέωμα,
2096 3278 2386 3348 Γενηθήτω-

514 3484 554 3528 6.
590 3486 741 3537 λιτόῖος
770 3490 883 3529 codd.
906 3500 994 3528 mss.
1031 3491 1064 3528 et
1093 3488 1182 3528 edit.
1210 3487 1334 3537 princ.
1451 3498 1629 3540 γραπται
1669 3485 1878 3524 accrevisse
1915 3487 2034 3533 patet.
2092 3483 2256 3522 Verbum
2285 3476 2385 3523 ὑπο-

515 3541 554 3585 7.
587 3539 813 3599 ἀλκιμίδης
853 3547 965 3585 codd.
993 3557 1082 3586 mss.
1110 3548 1155 3584 et.
1182 3546 1242 3583 ed.
1267 3545 1391 3593 princ.
1451 3542 1682 3597 γέγραπται
1711 3542 1923 3581 Carnarius
1949 3544 1984 3580 et
2013 3541 2198 3580 Petavius
2218 3541 2276 3578 ita
2296 3540 2388 3579 sunt

514 3599 554 3640 ὅ.
586 3599 659 3642 καὶ
685 3605 921 3651 particulam
957 3603 1164 3642 delendam
1190 3601 1394 3650 iudicavit,
1449 3600 1689 3649 interpretati
1733 3601 1922 3646 tanquam
1973 3598 2147 3647 le9issent
2198 3590 2258 3642 ὦς
2297 3586 2383 3636 ἄνω

459 3661 493 3698 et
524 3659 675 3697 uncinis
704 3660 859 3698 inclusit
891 3660 1086 3698 Petavius.
1451 3653 1703 3710 γέγραπται,
1734 3657 1802 3692 aut
1833 3651 2152 3706 προγέγραπται.
2210 3653 2264 3691 Ac
2291 3661 2384 3690 sanc

517 3712 556 3754 9.
587 3712 659 3755 καὶ
683 3708 736 3755 δι’
763 3709 1008 3768 ὕπογραφγῇν
1035 3717 1173 3755 habent
1202 3716 1291 3754 libri
1313 3718 1393 3754 tam
1447 3713 1645 3763 probabile
1669 3714 1722 3750 est
1742 3721 1815 3759 pro
1841 3704 2151 3762 ὑπογέγραπται
2175 3709 2384 3748 rescriben-

459 3772 595 3821 scripti
617 3781 738 3820 quam
761 3771 865 3810 editi.
901 3773 1034 3811 Delevi
1058 3773 1296 3821 particulam
1321 3768 1395 3812 καὶ
1451 3771 1545 3809 dum
1575 3778 1652 3807 esse
1679 3764 2001 3819 προγέγραπται.

461 3839 580 3881 quam
610 3838 658 3867 ex
696 3828 849 3875 syllaba
885 3828 997 3877 finali
1030 3829 1211 3869 vocabuli
1245 3822 1394 3880 ύπογέ-
1507 3825 1546 3876 *)
1593 3825 1714 3874 Vulyo
1757 3826 1863 3863 extat
1914 3823 2132 3863 indistincte
2182 3817 2383 3863 EIIAH-
