<?xml version="1.0" encoding="UTF-8"?>
<!DOCTYPE html PUBLIC "-//W3C//DTD XHTML 1.0 Transitional//EN"
    "http://www.w3.org/TR/xhtml1/DTD/xhtml1-transitional.dtd">
<html xmlns="http://www.w3.org/1999/xhtml" xml:lang="en" lang="en">
 <head>
  <title>
</title>
<meta http-equiv="Content-Type" content="text/html;charset=utf-8" />
  <meta name='ocr-system' content='tesseract 3.04.00' />
  <meta name='ocr-capabilities' content='ocr_page ocr_carea ocr_par ocr_line ocrx_word'/>
</head>
<body>
  <div class='ocr_page' id='page_1' title='image "./pt3corporishaere02epipuoft_0192.png"; bbox 0 0 2508 4134; ppageno 0'>
   <div class='ocr_carea' id='block_1_1' title="bbox 464 285 1670 340">
    <p class='ocr_par' dir='ltr' id='par_1_1' title="bbox 464 285 1670 340">
     <span class='ocr_line' id='line_1_1' title="bbox 464 285 1670 340; baseline 0.004 -5"><span class='ocrx_word' id='word_1_1' title='bbox 464 285 564 336; x_wconf 82' lang='lat'><strong><em>182</em></strong></span> <span class='ocrx_word' id='word_1_2' title='bbox 1159 292 1361 338; x_wconf 74' lang='lat' dir='ltr'>SANCTI</span> <span class='ocrx_word' id='word_1_3' title='bbox 1391 297 1670 340; x_wconf 74' lang='grc' dir='ltr'><strong><em>ΕΡιΡΗΑΝῐῙ</em></strong></span> 
     </span>
    </p>
   </div>
   <div class='ocr_carea' id='block_1_2' title="bbox 233 389 2395 1401">
    <p class='ocr_par' dir='ltr' id='par_1_2' title="bbox 233 389 2389 463">
     <span class='ocr_line' id='line_1_2' title="bbox 233 389 2389 463; baseline 0.006 -23"><span class='ocrx_word' id='word_1_4' title='bbox 233 406 343 462; x_wconf 70' lang='grc' dir='ltr'><strong><em>Κεφ,</em></strong></span> <span class='ocrx_word' id='word_1_5' title='bbox 379 405 431 452; x_wconf 77' lang='grc' dir='ltr'><strong><em>δ’,</em></strong></span> <span class='ocrx_word' id='word_1_6' title='bbox 465 428 470 436; x_wconf 76' lang='lat'><em>,</em></span> <span class='ocrx_word' id='word_1_7' title='bbox 604 389 941 444; x_wconf 65' lang='grc' dir='ltr'><strong><em>’Υποδεικνύει</em></strong></span> <span class='ocrx_word' id='word_1_8' title='bbox 967 395 1136 445; x_wconf 85' lang='grc' dir='ltr'><strong><em>τοίνυν</em></strong></span> <span class='ocrx_word' id='word_1_9' title='bbox 1164 391 1253 460; x_wconf 76' lang='grc' dir='ltr'><strong><em>τὴν</em></strong></span> <span class='ocrx_word' id='word_1_10' title='bbox 1294 395 1488 448; x_wconf 74' lang='grc' dir='ltr'><strong><em>ἔννοιαν</em></strong></span> <span class='ocrx_word' id='word_1_11' title='bbox 1512 397 1596 448; x_wconf 84' lang='grc' dir='ltr'><strong><em>καὶ</em></strong></span> <span class='ocrx_word' id='word_1_12' title='bbox 1622 395 1711 463; x_wconf 80' lang='grc' dir='ltr'><strong><em>τήν</em></strong></span> <span class='ocrx_word' id='word_1_13' title='bbox 1741 393 1893 449; x_wconf 75' lang='grc' dir='ltr'><strong><em>αὐτοῦ</em></strong></span> <span class='ocrx_word' id='word_1_14' title='bbox 1918 393 2166 463; x_wconf 88' lang='grc' dir='ltr'><strong><em>ἀπιστίαν,</em></strong></span> <span class='ocrx_word' id='word_1_15' title='bbox 2217 401 2300 453; x_wconf 78' lang='grc' dir='ltr'><strong><em>καὶ</em></strong></span> <span class='ocrx_word' id='word_1_16' title='bbox 2329 398 2389 453; x_wconf 82' lang='grc' dir='ltr'><strong><em>τά</em></strong></span> 
     </span>
    </p>

    <p class='ocr_par' dir='ltr' id='par_1_3' title="bbox 246 475 2395 1401">
     <span class='ocr_line' id='line_1_3' title="bbox 246 475 2389 550; baseline 0.006 -26"><span class='ocrx_word' id='word_1_17' title='bbox 246 500 331 536; x_wconf 80' lang='lat' dir='ltr'><strong>pag.</strong></span> <span class='ocrx_word' id='word_1_18' title='bbox 353 491 426 525; x_wconf 80' lang='grc'><strong><em>908.</em></strong></span> <span class='ocrx_word' id='word_1_19' title='bbox 463 475 524 528; x_wconf 86' lang='grc' dir='ltr'><strong><em>δι’</em></strong></span> <span class='ocrx_word' id='word_1_20' title='bbox 550 475 705 529; x_wconf 77' lang='grc' dir='ltr'><strong><em>αὐτοῦ</em></strong></span> <span class='ocrx_word' id='word_1_21' title='bbox 731 475 879 529; x_wconf 88' lang='grc' dir='ltr'><strong><em>πάλιν</em></strong></span> <span class='ocrx_word' id='word_1_22' title='bbox 904 483 972 549; x_wconf 78' lang='grc' dir='ltr'><strong><em>τῷ</em></strong></span> <span class='ocrx_word' id='word_1_23' title='bbox 1005 481 1098 547; x_wconf 79' lang='grc' dir='ltr'><strong><em>βίῳ</em></strong></span> <span class='ocrx_word' id='word_1_24' title='bbox 1130 480 1198 540; x_wconf 87' lang='grc' dir='ltr'><strong><em>εἰς</em></strong></span> <span class='ocrx_word' id='word_1_25' title='bbox 1233 479 1579 548; x_wconf 80' lang='grc' dir='ltr'><strong><em>κακομήχανον</em></strong></span> <span class='ocrx_word' id='word_1_26' title='bbox 1608 483 1778 549; x_wconf 89' lang='grc' dir='ltr'><strong><em>τέχνην</em></strong></span> <span class='ocrx_word' id='word_1_27' title='bbox 1810 483 2217 550; x_wconf 83' lang='grc' dir='ltr'><strong><em>έμβροντηθέντα.</em></strong></span> <span class='ocrx_word' id='word_1_28' title='bbox 2292 487 2389 547; x_wconf 81' lang='grc' dir='ltr'><strong><em>Εἰς</em></strong></span> 
     </span>
     <span class='ocr_line' id='line_1_4' title="bbox 462 559 2388 637; baseline 0.006 -25"><span class='ocrx_word' id='word_1_29' title='bbox 462 562 513 613; x_wconf 82' lang='grc' dir='ltr'><strong><em>δὲ</em></strong></span> <span class='ocrx_word' id='word_1_30' title='bbox 549 559 635 622; x_wconf 79' lang='grc' dir='ltr'><strong><em>τοὶς</em></strong></span> <span class='ocrx_word' id='word_1_31' title='bbox 672 560 801 631; x_wconf 78' lang='grc' dir='ltr'><strong><em>πρὸς</em></strong></span> <span class='ocrx_word' id='word_1_32' title='bbox 843 561 998 615; x_wconf 78' lang='grc' dir='ltr'><strong><em>αὐτόν</em></strong></span> <span class='ocrx_word' id='word_1_33' title='bbox 1039 560 1315 625; x_wconf 85' lang='grc' dir='ltr'><strong><em>ἀντιθέσεις</em></strong></span> <span class='ocrx_word' id='word_1_34' title='bbox 1357 564 1681 633; x_wconf 74' lang='grc' dir='ltr'><em>ἐλευσόμεθα,</em></span> <span class='ocrx_word' id='word_1_35' title='bbox 1736 565 1875 636; x_wconf 81' lang='grc' dir='ltr'><strong><em>ὀλίγα</em></strong></span> <span class='ocrx_word' id='word_1_36' title='bbox 1912 567 2254 637; x_wconf 85' lang='grc' dir='ltr'><strong><em>διηγούμενοι,</em></strong></span> <span class='ocrx_word' id='word_1_37' title='bbox 2304 572 2388 624; x_wconf 81' lang='grc' dir='ltr'><strong><em>καὶ</em></strong></span> 
     </span>
     <span class='ocr_line' id='line_1_5' title="bbox 462 644 2388 721; baseline 0.006 -24"><span class='ocrx_word' id='word_1_38' title='bbox 462 644 622 707; x_wconf 68' lang='grc' dir='ltr'><strong><em>οὕτως</em></strong></span> <span class='ocrx_word' id='word_1_39' title='bbox 661 646 1028 716; x_wconf 88' lang='grc' dir='ltr'><strong><em>παρερχόμενοι.</em></strong></span> <span class='ocrx_word' id='word_1_40' title='bbox 1104 651 1204 701; x_wconf 87' lang='grc' dir='ltr'><strong><em>Καὶ</em></strong></span> <span class='ocrx_word' id='word_1_41' title='bbox 1250 648 1324 702; x_wconf 77' lang='grc' dir='ltr'><strong><em>ὅτι</em></strong></span> <span class='ocrx_word' id='word_1_42' title='bbox 1356 651 1444 718; x_wconf 81' lang='grc' dir='ltr'><strong><em>μὲν</em></strong></span> <span class='ocrx_word' id='word_1_43' title='bbox 1480 648 1767 720; x_wconf 82' lang='grc' dir='ltr'><strong><em>ἀφροσύνης</em></strong></span> <span class='ocrx_word' id='word_1_44' title='bbox 1799 653 1899 705; x_wconf 78' lang='grc' dir='ltr'><strong><em>ἐστὶ</em></strong></span> <span class='ocrx_word' id='word_1_45' title='bbox 1927 651 2118 706; x_wconf 79' lang='grc' dir='ltr'><strong><em>τδπᾶν</em></strong></span> <span class='ocrx_word' id='word_1_46' title='bbox 2151 655 2388 721; x_wconf 69' lang='grc' dir='ltr'><strong><em>ἔμπλεων,</em></strong></span> 
     </span>
     <span class='ocr_line' id='line_1_6' title="bbox 460 730 2392 807; baseline 0.006 -25"><span class='ocrx_word' id='word_1_47' title='bbox 460 739 563 793; x_wconf 82' lang='grc' dir='ltr'><strong><em>τοῖς</em></strong></span> <span class='ocrx_word' id='word_1_48' title='bbox 599 730 795 784; x_wconf 84' lang='grc' dir='ltr'><strong><em>σύνεσιν</em></strong></span> <span class='ocrx_word' id='word_1_49' title='bbox 836 735 1150 800; x_wconf 80' lang='grc' dir='ltr'><strong><em>κεκτημένοις</em></strong></span> <span class='ocrx_word' id='word_1_50' title='bbox 1186 740 1331 787; x_wconf 85' lang='grc' dir='ltr'><strong><em>τοῦτο</em></strong></span> <span class='ocrx_word' id='word_1_51' title='bbox 1372 738 1534 802; x_wconf 80' lang='grc' dir='ltr'><strong><em>δῆλον.</em></strong></span> <span class='ocrx_word' id='word_1_52' title='bbox 1625 735 1691 790; x_wconf 78' lang='grc' dir='ltr'><strong><em>Τδ</em></strong></span> <span class='ocrx_word' id='word_1_53' title='bbox 1731 738 1885 807; x_wconf 87' lang='grc' dir='ltr'><strong><em>λέγειν</em></strong></span> <span class='ocrx_word' id='word_1_54' title='bbox 1927 737 2083 790; x_wconf 72' lang='grc' dir='ltr'><strong><em>αὐτᾶν</em></strong></span> <span class='ocrx_word' id='word_1_55' title='bbox 2119 741 2392 794; x_wconf 76' lang='grc' dir='ltr'><strong><em>ἐπίσκοπον</em></strong></span> 
     </span>
     <span class='ocr_line' id='line_1_7' title="bbox 461 816 2392 893; baseline 0.005 -25"><span class='ocrx_word' id='word_1_56' title='bbox 461 818 543 869; x_wconf 81' lang='grc' dir='ltr'><strong><em>καὶ</em></strong></span> <span class='ocrx_word' id='word_1_57' title='bbox 586 816 916 887; x_wconf 83' lang='grc' dir='ltr'><strong><em>πρεσβύτερον</em></strong></span> <span class='ocrx_word' id='word_1_58' title='bbox 952 821 1059 871; x_wconf 81' lang='grc' dir='ltr'><strong><em>ἴσον</em></strong></span> <span class='ocrx_word' id='word_1_59' title='bbox 1100 817 1238 872; x_wconf 81' lang='grc' dir='ltr'><strong><em>εἶναι.</em></strong></span> <span class='ocrx_word' id='word_1_60' title='bbox 1314 822 1415 871; x_wconf 87' lang='grc' dir='ltr'><strong><em>Καὶ</em></strong></span> <span class='ocrx_word' id='word_1_61' title='bbox 1452 827 1559 882; x_wconf 77' lang='grc' dir='ltr'><strong><em>πῶς</em></strong></span> <span class='ocrx_word' id='word_1_62' title='bbox 1599 824 1732 874; x_wconf 75' lang='grc' dir='ltr'><strong><em>ἔσται</em></strong></span> <span class='ocrx_word' id='word_1_63' title='bbox 1756 829 1900 875; x_wconf 83' lang='grc' dir='ltr'><strong><em>τοῦτο</em></strong></span> <span class='ocrx_word' id='word_1_64' title='bbox 1941 823 2180 889; x_wconf 80' lang='grc' dir='ltr'><strong><em>δυνατόν;</em></strong></span> <span class='ocrx_word' id='word_1_65' title='bbox 2227 822 2261 892; x_wconf 79' lang='grc' dir='ltr'><em>ἦ</em></span> <span class='ocrx_word' id='word_1_66' title='bbox 2303 825 2392 893; x_wconf 84' lang='grc' dir='ltr'><strong><em>μὲν</em></strong></span> 
     </span>
     <span class='ocr_line' id='line_1_8' title="bbox 460 901 2388 983; baseline 0.005 -30"><span class='ocrx_word' id='word_1_67' title='bbox 460 901 552 971; x_wconf 89' lang='grc' dir='ltr'><strong><em>γάρ</em></strong></span> <span class='ocrx_word' id='word_1_68' title='bbox 586 904 685 955; x_wconf 79' lang='grc' dir='ltr'><strong><em>ἔστι</em></strong></span> <span class='ocrx_word' id='word_1_69' title='bbox 720 909 737 940; x_wconf 87' lang='lat'>¹</span> <span class='ocrx_word' id='word_1_70' title='bbox 759 901 983 972; x_wconf 76' lang='grc' dir='ltr'><strong><em>πατέρων</em></strong></span> <span class='ocrx_word' id='word_1_71' title='bbox 1012 903 1270 973; x_wconf 71' lang='grc' dir='ltr'><strong><em>γεννητική</em></strong></span> <span class='ocrx_word' id='word_1_72' title='bbox 1298 904 1456 968; x_wconf 80' lang='grc' dir='ltr'><strong><em>τάξις,</em></strong></span> <span class='ocrx_word' id='word_1_73' title='bbox 1512 909 1727 976; x_wconf 81' lang='grc' dir='ltr'><strong><em>πατέρας</em></strong></span> <span class='ocrx_word' id='word_1_74' title='bbox 1750 906 1842 977; x_wconf 75' lang='grc' dir='ltr'><strong><em>γάρ</em></strong></span> <span class='ocrx_word' id='word_1_75' title='bbox 1871 913 2020 982; x_wconf 71' lang='grc' dir='ltr'><strong><em>γεννᾷ</em></strong></span> <span class='ocrx_word' id='word_1_76' title='bbox 2043 914 2106 981; x_wconf 85' lang='grc' dir='ltr'><strong><em>τῇ</em></strong></span> <span class='ocrx_word' id='word_1_77' title='bbox 2135 911 2388 983; x_wconf 73' lang='grc' dir='ltr'><strong><em>ἐκκλησίᾳ·</em></strong></span> 
     </span>
     <span class='ocr_line' id='line_1_9' title="bbox 459 985 2392 1065; baseline 0.005 -27"><span class='ocrx_word' id='word_1_78' title='bbox 459 985 494 1054; x_wconf 78' lang='grc' dir='ltr'><em>ἦ</em></span> <span class='ocrx_word' id='word_1_79' title='bbox 518 987 570 1039; x_wconf 82' lang='grc' dir='ltr'><strong><em>δὲ</em></strong></span> <span class='ocrx_word' id='word_1_80' title='bbox 600 989 853 1058; x_wconf 67' lang='grc' dir='ltr'><strong><em>2πατέρας</em></strong></span> <span class='ocrx_word' id='word_1_81' title='bbox 876 987 943 1055; x_wconf 77' lang='grc' dir='ltr'><strong><em>μὴ</em></strong></span> <span class='ocrx_word' id='word_1_82' title='bbox 970 991 1217 1056; x_wconf 80' lang='grc' dir='ltr'><strong><em>δυναμένη</em></strong></span> <span class='ocrx_word' id='word_1_83' title='bbox 1246 996 1423 1058; x_wconf 77' lang='grc' dir='ltr'><strong><em>γεννᾶν</em></strong></span> <span class='ocrx_word' id='word_1_84' title='bbox 1450 988 1533 1043; x_wconf 77' lang='grc' dir='ltr'><strong><em>διά</em></strong></span> <span class='ocrx_word' id='word_1_85' title='bbox 1558 997 1645 1059; x_wconf 79' lang='grc' dir='ltr'><strong><em>τῆς</em></strong></span> <span class='ocrx_word' id='word_1_86' title='bbox 1669 999 1757 1045; x_wconf 85' lang='grc' dir='ltr'><strong><em>τοῦ</em></strong></span> <span class='ocrx_word' id='word_1_87' title='bbox 1794 1000 2004 1062; x_wconf 81' lang='grc' dir='ltr'><strong><em>λουτροῦ</em></strong></span> <span class='ocrx_word' id='word_1_88' title='bbox 2029 999 2392 1065; x_wconf 78' lang='grc' dir='ltr'><strong><em>παλιγγενεσίας</em></strong></span> 
     </span>
     <span class='ocr_line' id='line_1_10' title="bbox 459 1074 2393 1147; baseline 0.005 -23"><span class='ocrx_word' id='word_1_89' title='bbox 459 1074 801 1147; x_wconf 73' lang='grc' dir='ltr'><strong><em>τέκνα·“γεννᾷ</em></strong></span> <span class='ocrx_word' id='word_1_90' title='bbox 839 1081 899 1147; x_wconf 83' lang='grc' dir='ltr'><strong><em>τῇ</em></strong></span> <span class='ocrx_word' id='word_1_91' title='bbox 946 1076 1190 1147; x_wconf 73' lang='grc' dir='ltr'><strong><em>ἐκκλησίᾳ,</em></strong></span> <span class='ocrx_word' id='word_1_92' title='bbox 1221 1074 1280 1127; x_wconf 84' lang='grc' dir='ltr'><strong><em>οὐ</em></strong></span> <span class='ocrx_word' id='word_1_93' title='bbox 1312 1074 1410 1142; x_wconf 80' lang='grc' dir='ltr'><strong><em>μὴν</em></strong></span> <span class='ocrx_word' id='word_1_94' title='bbox 1437 1077 1650 1144; x_wconf 78' lang='grc' dir='ltr'><strong><em>πατέρας</em></strong></span> <span class='ocrx_word' id='word_1_95' title='bbox 1676 1075 1710 1144; x_wconf 77' lang='grc' dir='ltr'><em>ἢ</em></span> <span class='ocrx_word' id='word_1_96' title='bbox 1740 1078 2078 1141; x_wconf 80' lang='grc' dir='ltr'><strong><em>διδασκάλους.</em></strong></span> <span class='ocrx_word' id='word_1_97' title='bbox 2155 1082 2255 1133; x_wconf 87' lang='grc' dir='ltr'><strong><em>Καὶ</em></strong></span> <span class='ocrx_word' id='word_1_98' title='bbox 2284 1086 2393 1144; x_wconf 75' lang='grc' dir='ltr'><strong><em>πῶς</em></strong></span> 
     </span>
     <span class='ocr_line' id='line_1_11' title="bbox 462 1153 2395 1236; baseline 0.004 -25"><span class='ocrx_word' id='word_1_99' title='bbox 462 1156 574 1211; x_wconf 88' lang='grc' dir='ltr'><strong><em>οἷόν</em></strong></span> <span class='ocrx_word' id='word_1_100' title='bbox 596 1179 646 1211; x_wconf 91' lang='grc' dir='ltr'><strong><em>τε</em></strong></span> <span class='ocrx_word' id='word_1_101' title='bbox 671 1153 735 1227; x_wconf 77' lang='grc' dir='ltr'><strong><em>ἦν</em></strong></span> <span class='ocrx_word' id='word_1_102' title='bbox 758 1157 1196 1230; x_wconf 82' lang='grc' dir='ltr'><strong><em>τὸνπρεσβύτερον</em></strong></span> <span class='ocrx_word' id='word_1_103' title='bbox 1220 1166 1465 1213; x_wconf 76' lang='grc' dir='ltr'><strong><em>καθιστᾶν</em></strong></span> <span class='ocrx_word' id='word_1_104' title='bbox 1490 1159 1558 1228; x_wconf 79' lang='grc' dir='ltr'><em>μή</em></span> <span class='ocrx_word' id='word_1_105' title='bbox 1586 1163 1757 1228; x_wconf 75' lang='grc' dir='ltr'><strong><em>ἔχοντα</em></strong></span> <span class='ocrx_word' id='word_1_106' title='bbox 1785 1168 2089 1232; x_wconf 81' lang='grc' dir='ltr'><strong><em>χειροθεσίαν</em></strong></span> <span class='ocrx_word' id='word_1_107' title='bbox 2122 1171 2209 1218; x_wconf 79' lang='grc' dir='ltr'><strong><em>τοῦ</em></strong></span> <span class='ocrx_word' id='word_1_108' title='bbox 2235 1187 2395 1236; x_wconf 68' lang='grc' dir='ltr'><strong><em>χειρο·4</em></strong></span> 
     </span>
     <span class='ocr_line' id='line_1_12' title="bbox 460 1242 2388 1322; baseline 0.005 -27"><span class='ocrx_word' id='word_1_109' title='bbox 460 1251 644 1309; x_wconf 66' lang='grc' dir='ltr'><strong><em>τονεῖνς</em></strong></span> <span class='ocrx_word' id='word_1_110' title='bbox 693 1242 727 1311; x_wconf 75' lang='grc' dir='ltr'><em>ἢ</em></span> <span class='ocrx_word' id='word_1_111' title='bbox 755 1247 907 1297; x_wconf 84' lang='grc' dir='ltr'><strong><em>εἰπεῖν</em></strong></span> <span class='ocrx_word' id='word_1_112' title='bbox 945 1243 1096 1297; x_wconf 75' lang='grc' dir='ltr'><strong><em>αὐτόν</em></strong></span> <span class='ocrx_word' id='word_1_113' title='bbox 1121 1243 1245 1297; x_wconf 78' lang='grc' dir='ltr'><strong><em>εἶναι</em></strong></span> <span class='ocrx_word' id='word_1_114' title='bbox 1271 1247 1379 1298; x_wconf 79' lang='grc' dir='ltr'><strong><em>ἰ’σον</em></strong></span> <span class='ocrx_word' id='word_1_115' title='bbox 1399 1251 1467 1317; x_wconf 77' lang='grc' dir='ltr'><strong><em>τῷ</em></strong></span> <span class='ocrx_word' id='word_1_116' title='bbox 1494 1245 1772 1319; x_wconf 73' lang='grc' dir='ltr'><strong><em>ἐπισκόπῳς</em></strong></span> <span class='ocrx_word' id='word_1_117' title='bbox 1809 1246 2057 1316; x_wconf 83' lang='grc' dir='ltr'><strong><em>Ἠπάτησε</em></strong></span> <span class='ocrx_word' id='word_1_118' title='bbox 2081 1250 2133 1302; x_wconf 81' lang='grc' dir='ltr'><strong><em>δὲ</em></strong></span> <span class='ocrx_word' id='word_1_119' title='bbox 2159 1250 2245 1304; x_wconf 81' lang='grc' dir='ltr'><strong><em>τόν</em></strong></span> <span class='ocrx_word' id='word_1_120' title='bbox 2271 1273 2388 1322; x_wconf 84' lang='grc' dir='ltr'><strong><em>προ-</em></strong></span> 
     </span>
     <span class='ocr_line' id='line_1_13' title="bbox 465 1328 1849 1401; baseline 0.001 -19"><span class='ocrx_word' id='word_1_121' title='bbox 465 1332 721 1398; x_wconf 86' lang='grc' dir='ltr'><strong><em>ειρημένον</em></strong></span> <span class='ocrx_word' id='word_1_122' title='bbox 748 1329 935 1401; x_wconf 81' lang='grc' dir='ltr'><strong><em>Ἀέριον</em></strong></span> <span class='ocrx_word' id='word_1_123' title='bbox 973 1328 1005 1397; x_wconf 75' lang='grc' dir='ltr'><em>ἡ</em></span> <span class='ocrx_word' id='word_1_124' title='bbox 1043 1328 1196 1383; x_wconf 72' lang='grc' dir='ltr'><strong><em>αὐτοῦ</em></strong></span> <span class='ocrx_word' id='word_1_125' title='bbox 1234 1332 1470 1399; x_wconf 83' lang='grc' dir='ltr'><strong><em>έρεσχελία</em></strong></span> <span class='ocrx_word' id='word_1_126' title='bbox 1508 1333 1591 1384; x_wconf 85' lang='grc' dir='ltr'><strong><em>καὶ</em></strong></span> <span class='ocrx_word' id='word_1_127' title='bbox 1629 1329 1658 1384; x_wconf 82' lang='grc' dir='ltr'><strong><em>ό</em></strong></span> <span class='ocrx_word' id='word_1_128' title='bbox 1696 1337 1849 1399; x_wconf 83' lang='grc' dir='ltr'><strong><em>ζῆλος.</em></strong></span> 
     </span>
    </p>
   </div>
   <div class='ocr_carea' id='block_1_3' title="bbox 458 1499 2396 3282">
    <p class='ocr_par' dir='ltr' id='par_1_4' title="bbox 458 1499 2396 3282">
     <span class='ocr_line' id='line_1_14' title="bbox 609 1499 2395 1571; baseline 0.004 -18"><span class='ocrx_word' id='word_1_129' title='bbox 609 1503 757 1571; x_wconf 88' lang='grc' dir='ltr'><strong><em>Φέρει</em></strong></span> <span class='ocrx_word' id='word_1_130' title='bbox 785 1501 836 1554; x_wconf 80' lang='grc' dir='ltr'><strong><em>δὲ</em></strong></span> <span class='ocrx_word' id='word_1_131' title='bbox 865 1504 934 1562; x_wconf 83' lang='grc' dir='ltr'><strong><em>εἰς</em></strong></span> <span class='ocrx_word' id='word_1_132' title='bbox 957 1502 1136 1554; x_wconf 76' lang='grc' dir='ltr'><strong><em>ἑαυτοῦ</em></strong></span> <span class='ocrx_word' id='word_1_133' title='bbox 1161 1499 1350 1567; x_wconf 88' lang='grc' dir='ltr'><strong><em>πλάνην</em></strong></span> <span class='ocrx_word' id='word_1_134' title='bbox 1376 1503 1460 1553; x_wconf 85' lang='grc' dir='ltr'><strong><em>καὶ</em></strong></span> <span class='ocrx_word' id='word_1_135' title='bbox 1486 1507 1583 1554; x_wconf 83' lang='grc' dir='ltr'><strong><em>τῶν</em></strong></span> <span class='ocrx_word' id='word_1_136' title='bbox 1615 1502 1771 1555; x_wconf 84' lang='grc' dir='ltr'><strong><em>αὐτοῦ</em></strong></span> <span class='ocrx_word' id='word_1_137' title='bbox 1801 1502 2089 1558; x_wconf 77' lang='grc' dir='ltr'><strong><em>ἀκουόντων</em></strong></span> <span class='ocrx_word' id='word_1_138' title='bbox 2115 1504 2191 1559; x_wconf 75' lang='grc' dir='ltr'><strong><em>ὅτι</em></strong></span> <span class='ocrx_word' id='word_1_139' title='bbox 2215 1504 2246 1560; x_wconf 84' lang='lat' dir='ltr'><strong><em>o‘</em></strong></span> <span class='ocrx_word' id='word_1_140' title='bbox 2270 1504 2395 1561; x_wconf 82' lang='grc' dir='ltr'><strong><em>ἀπό-</em></strong></span> 
     </span>
     <span class='ocr_line' id='line_1_15' title="bbox 461 1586 2391 1659; baseline 0.004 -20"><span class='ocrx_word' id='word_1_141' title='bbox 461 1594 630 1650; x_wconf 91' lang='grc' dir='ltr'><strong><em>στολος</em></strong></span> <span class='ocrx_word' id='word_1_142' title='bbox 656 1586 836 1658; x_wconf 82' lang='grc' dir='ltr'><strong><em>γράφει</em></strong></span> <span class='ocrx_word' id='word_1_143' title='bbox 859 1587 1209 1657; x_wconf 86' lang='grc' dir='ltr'><strong><em>πρεσβυτέροις</em></strong></span> <span class='ocrx_word' id='word_1_144' title='bbox 1235 1588 1320 1639; x_wconf 85' lang='grc' dir='ltr'><strong><em>καὶ</em></strong></span> <span class='ocrx_word' id='word_1_145' title='bbox 1353 1586 1630 1652; x_wconf 87' lang='grc' dir='ltr'><strong><em>διακόνοις,</em></strong></span> <span class='ocrx_word' id='word_1_146' title='bbox 1670 1590 1754 1640; x_wconf 81' lang='grc' dir='ltr'><strong><em>καὶ</em></strong></span> <span class='ocrx_word' id='word_1_147' title='bbox 1788 1588 1849 1641; x_wconf 84' lang='grc' dir='ltr'><strong><em>οὗ</em></strong></span> <span class='ocrx_word' id='word_1_148' title='bbox 1878 1588 2053 1659; x_wconf 85' lang='grc' dir='ltr'><strong><em>γράφει</em></strong></span> <span class='ocrx_word' id='word_1_149' title='bbox 2088 1590 2391 1655; x_wconf 80' lang='grc' dir='ltr'><strong><em>ἐπισκόποις.</em></strong></span> 
     </span>
     <span class='ocr_line' id='line_1_16' title="bbox 463 1670 2395 1746; baseline 0.003 -22"><span class='ocrx_word' id='word_1_150' title='bbox 463 1675 565 1725; x_wconf 86' lang='grc' dir='ltr'><strong><em>Καὶ</em></strong></span> <span class='ocrx_word' id='word_1_151' title='bbox 603 1679 672 1745; x_wconf 79' lang='grc' dir='ltr'><strong><em>τῷ</em></strong></span> <span class='ocrx_word' id='word_1_152' title='bbox 695 1670 948 1743; x_wconf 78' lang='grc' dir='ltr'><strong><em>έπισκόπῳ</em></strong></span> <span class='ocrx_word' id='word_1_153' title='bbox 992 1673 1141 1739; x_wconf 83' lang='grc' dir='ltr'><strong><em>φησὶ,</em></strong></span> <span class='ocrx_word' id='word_1_154' title='bbox 1196 1670 1292 1740; x_wconf 84' lang='grc' dir='ltr'><strong><em>Μὴ</em></strong></span> <span class='ocrx_word' id='word_1_155' title='bbox 1318 1670 1479 1739; x_wconf 83' lang='grc' dir='ltr'><strong><em>ἀμέλει</em></strong></span> <span class='ocrx_word' id='word_1_156' title='bbox 1510 1678 1600 1725; x_wconf 84' lang='grc' dir='ltr'><strong><em>τοῦ</em></strong></span> <span class='ocrx_word' id='word_1_157' title='bbox 1632 1675 1684 1726; x_wconf 77' lang='grc' dir='ltr'><strong><em>ἐν</em></strong></span> <span class='ocrx_word' id='word_1_158' title='bbox 1714 1675 1791 1726; x_wconf 87' lang='grc' dir='ltr'><strong><em>σοὶ</em></strong></span> <span class='ocrx_word' id='word_1_159' title='bbox 1819 1678 2112 1743; x_wconf 89' lang='grc' dir='ltr'><strong><em>χαρίσματος</em></strong></span> <span class='ocrx_word' id='word_1_160' title='bbox 2138 1670 2199 1729; x_wconf 79' lang='grc' dir='ltr'><strong><em>οὗ</em></strong></span> <span class='ocrx_word' id='word_1_161' title='bbox 2229 1679 2395 1746; x_wconf 70' lang='grc' dir='ltr'><strong><em>ἔλαβες</em></strong></span> 
     </span>
     <span class='ocr_line' id='line_1_17' title="bbox 462 1756 2393 1832; baseline 0.003 -21"><span class='ocrx_word' id='word_1_162' title='bbox 462 1756 546 1811; x_wconf 81' lang='grc' dir='ltr'><strong><em>διά</em></strong></span> <span class='ocrx_word' id='word_1_163' title='bbox 570 1764 738 1827; x_wconf 80' lang='grc' dir='ltr'><strong><em>χειρῶν</em></strong></span> <span class='ocrx_word' id='word_1_164' title='bbox 762 1763 850 1810; x_wconf 85' lang='grc' dir='ltr'><strong><em>τοῦ</em></strong></span> <span class='ocrx_word' id='word_1_165' title='bbox 874 1760 1239 1827; x_wconf 88' lang='grc' dir='ltr'><strong><em>πρεσβυτερίου.</em></strong></span> <span class='ocrx_word' id='word_1_166' title='bbox 1318 1756 1479 1810; x_wconf 88' lang='grc' dir='ltr'><strong><em>Πάλιν</em></strong></span> <span class='ocrx_word' id='word_1_167' title='bbox 1505 1759 1558 1811; x_wconf 83' lang='grc' dir='ltr'><strong><em>δὲ</em></strong></span> <span class='ocrx_word' id='word_1_168' title='bbox 1583 1760 1633 1811; x_wconf 83' lang='grc' dir='ltr'><strong><em>έν</em></strong></span> <span class='ocrx_word' id='word_1_169' title='bbox 1657 1757 1782 1832; x_wconf 70' lang='grc' dir='ltr'><strong><em>ἄλλῳ</em></strong></span> <span class='ocrx_word' id='word_1_170' title='bbox 1808 1759 1961 1832; x_wconf 80' lang='grc' dir='ltr'><strong><em>τόπῳ,</em></strong></span> <span class='ocrx_word' id='word_1_171' title='bbox 1995 1760 2283 1826; x_wconf 76' lang='grc' dir='ltr'><strong><em>ἐπισκόποις</em></strong></span> <span class='ocrx_word' id='word_1_172' title='bbox 2309 1764 2393 1816; x_wconf 80' lang='grc' dir='ltr'><strong><em>καὶ</em></strong></span> 
     </span>
     <span class='ocr_line' id='line_1_18' title="bbox 463 1839 2393 1919; baseline 0.003 -23"><span class='ocrx_word' id='word_1_173' title='bbox 463 1842 742 1906; x_wconf 86' lang='grc' dir='ltr'><strong><em>διακόνοις,</em></strong></span> <span class='ocrx_word' id='word_1_174' title='bbox 800 1839 867 1904; x_wconf 72' lang='grc' dir='ltr'><strong><em>ὥς</em></strong></span> <span class='ocrx_word' id='word_1_175' title='bbox 893 1841 1041 1907; x_wconf 85' lang='grc' dir='ltr'><strong><em>εἶναι,</em></strong></span> <span class='ocrx_word' id='word_1_176' title='bbox 1091 1844 1241 1909; x_wconf 85' lang='grc' dir='ltr'><strong><em>φησὶ,</em></strong></span> <span class='ocrx_word' id='word_1_177' title='bbox 1294 1840 1378 1895; x_wconf 83' lang='grc' dir='ltr'><strong><em>τόν</em></strong></span> <span class='ocrx_word' id='word_1_178' title='bbox 1405 1841 1559 1896; x_wconf 76' lang='grc' dir='ltr'><strong><em>αὐτόν</em></strong></span> <span class='ocrx_word' id='word_1_179' title='bbox 1585 1846 1858 1898; x_wconf 79' lang='grc' dir='ltr'><strong><em>ἐπίσκοπον</em></strong></span> <span class='ocrx_word' id='word_1_180' title='bbox 1882 1845 1968 1899; x_wconf 78' lang='grc' dir='ltr'><strong><em>τόν</em></strong></span> <span class='ocrx_word' id='word_1_181' title='bbox 2000 1844 2154 1900; x_wconf 75' lang='grc' dir='ltr'><strong><em>αὐτόν</em></strong></span> <span class='ocrx_word' id='word_1_182' title='bbox 2183 1847 2393 1919; x_wconf 83' lang='grc' dir='ltr'><strong><em>πρεσβύ-</em></strong></span> 
     </span>
     <span class='ocr_line' id='line_1_19' title="bbox 461 1925 2393 2003; baseline 0.003 -22"><span class='ocrx_word' id='word_1_183' title='bbox 461 1950 614 1998; x_wconf 88' lang='grc' dir='ltr'><strong><em>τερον.</em></strong></span> <span class='ocrx_word' id='word_1_184' title='bbox 691 1929 792 1980; x_wconf 87' lang='grc' dir='ltr'><strong><em>Καὶ</em></strong></span> <span class='ocrx_word' id='word_1_185' title='bbox 834 1926 927 1981; x_wconf 78' lang='grc' dir='ltr'><strong><em>οὐκ</em></strong></span> <span class='ocrx_word' id='word_1_186' title='bbox 968 1925 1102 1981; x_wconf 80' lang='grc' dir='ltr'><strong><em>οἶδεν</em></strong></span> <span class='ocrx_word' id='word_1_187' title='bbox 1138 1925 1166 1981; x_wconf 80' lang='grc' dir='ltr'><strong><em>ό</em></strong></span> <span class='ocrx_word' id='word_1_188' title='bbox 1202 1925 1291 1995; x_wconf 81' lang='grc' dir='ltr'><strong><em>τήν</em></strong></span> <span class='ocrx_word' id='word_1_189' title='bbox 1328 1925 1635 1982; x_wconf 68' lang='grc' dir='ltr'><strong><em>ἀκολουθίαν</em></strong></span> <span class='ocrx_word' id='word_1_190' title='bbox 1674 1935 1760 1997; x_wconf 85' lang='grc' dir='ltr'><strong><em>τῆς</em></strong></span> <span class='ocrx_word' id='word_1_191' title='bbox 1807 1927 2082 1998; x_wconf 71' lang='grc' dir='ltr'><strong><em>3ἀληθείας</em></strong></span> <span class='ocrx_word' id='word_1_192' title='bbox 2128 1933 2393 2003; x_wconf 79' lang='grc' dir='ltr'><strong><em>ἀγνοήσας,</em></strong></span> 
     </span>
     <span class='ocr_line' id='line_1_20' title="bbox 462 2011 2396 2090; baseline 0.004 -24"><span class='ocrx_word' id='word_1_193' title='bbox 462 2016 546 2067; x_wconf 87' lang='grc' dir='ltr'><strong><em>καὶ</em></strong></span> <span class='ocrx_word' id='word_1_194' title='bbox 575 2017 813 2083; x_wconf 81' lang='grc' dir='ltr'><strong><em>ἱστορίαις</em></strong></span> <span class='ocrx_word' id='word_1_195' title='bbox 840 2012 1148 2081; x_wconf 86' lang='grc' dir='ltr'><strong><em>βαθυτάταις</em></strong></span> <span class='ocrx_word' id='word_1_196' title='bbox 1175 2011 1243 2081; x_wconf 76' lang='grc' dir='ltr'><strong><em>μὴ</em></strong></span> <span class='ocrx_word' id='word_1_197' title='bbox 1269 2013 1509 2081; x_wconf 73' lang='grc' dir='ltr'><strong><em>ἐντυχών,</em></strong></span> <span class='ocrx_word' id='word_1_198' title='bbox 1547 2014 1623 2068; x_wconf 75' lang='grc' dir='ltr'><strong><em>ὅτι</em></strong></span> <span class='ocrx_word' id='word_1_199' title='bbox 1650 2016 1764 2067; x_wconf 83' lang='grc' dir='ltr'><strong><em>νέου</em></strong></span> <span class='ocrx_word' id='word_1_200' title='bbox 1796 2012 1939 2078; x_wconf 72' lang='grc' dir='ltr'><strong><em>ὄντος</em></strong></span> <span class='ocrx_word' id='word_1_201' title='bbox 1965 2024 2053 2070; x_wconf 87' lang='grc' dir='ltr'><strong><em>τοῦ</em></strong></span> <span class='ocrx_word' id='word_1_202' title='bbox 2083 2017 2396 2090; x_wconf 82' lang='grc' dir='ltr'><strong><em>κηρύγματος</em></strong></span> 
     </span>
     <span class='ocr_line' id='line_1_21' title="bbox 463 2096 2395 2172; baseline 0.004 -20"><span class='ocrx_word' id='word_1_203' title='bbox 463 2099 591 2169; x_wconf 84' lang='grc' dir='ltr'><strong><em>πρός</em></strong></span> <span class='ocrx_word' id='word_1_204' title='bbox 626 2098 686 2153; x_wconf 77' lang='grc' dir='ltr'><strong><em>τά</em></strong></span> <span class='ocrx_word' id='word_1_205' title='bbox 713 2097 1054 2153; x_wconf 76' lang='grc' dir='ltr'><strong><em>ὖποπίπτοντα</em></strong></span> <span class='ocrx_word' id='word_1_206' title='bbox 1087 2101 1298 2168; x_wconf 75' lang='grc' dir='ltr'><strong><em>ἔγραφεν</em></strong></span> <span class='ocrx_word' id='word_1_207' title='bbox 1332 2096 1362 2152; x_wconf 82' lang='grc' dir='ltr'><strong><em>ό</em></strong></span> <span class='ocrx_word' id='word_1_208' title='bbox 1397 2099 1537 2170; x_wconf 73' lang='grc' dir='ltr'><strong><em>ἅγιος</em></strong></span> <span class='ocrx_word' id='word_1_209' title='bbox 1561 2098 1846 2162; x_wconf 87' lang='grc' dir='ltr'><strong><em>ἀπόστολος.</em></strong></span> <span class='ocrx_word' id='word_1_210' title='bbox 1922 2101 2122 2156; x_wconf 50' lang='lat' dir='ltr'><strong><em>voum</em></strong></span> <span class='ocrx_word' id='word_1_211' title='bbox 2149 2105 2237 2171; x_wconf 80' lang='grc' dir='ltr'><strong><em>μὲν</em></strong></span> <span class='ocrx_word' id='word_1_212' title='bbox 2265 2099 2395 2172; x_wconf 80' lang='grc' dir='ltr'><strong><em>ἦσαν</em></strong></span> 
     </span>
     <span class='ocr_line' id='line_1_22' title="bbox 463 2183 2392 2254; baseline 0.003 -17"><span class='ocrx_word' id='word_1_213' title='bbox 463 2187 727 2238; x_wconf 77' lang='grc' dir='ltr'><strong><em>ἐπίσκοποι</em></strong></span> <span class='ocrx_word' id='word_1_214' title='bbox 751 2183 848 2253; x_wconf 77' lang='grc' dir='ltr'><strong><em>ἤδη</em></strong></span> <span class='ocrx_word' id='word_1_215' title='bbox 874 2186 1260 2246; x_wconf 83' lang='grc' dir='ltr'><strong><em>κατασταθέντες</em></strong></span> <span class='ocrx_word' id='word_1_216' title='bbox 1287 2186 1501 2254; x_wconf 76' lang='grc' dir='ltr'><strong><em>ἔγραφεν</em></strong></span> <span class='ocrx_word' id='word_1_217' title='bbox 1538 2184 1831 2248; x_wconf 79' lang='grc' dir='ltr'><strong><em>ἐπισκόποις</em></strong></span> <span class='ocrx_word' id='word_1_218' title='bbox 1858 2189 1940 2240; x_wconf 88' lang='grc' dir='ltr'><strong><em>καὶ</em></strong></span> <span class='ocrx_word' id='word_1_219' title='bbox 1972 2188 2236 2251; x_wconf 85' lang='grc' dir='ltr'><strong><em>διακόνοις.</em></strong></span> <span class='ocrx_word' id='word_1_220' title='bbox 2316 2189 2392 2242; x_wconf 80' lang='grc' dir='ltr'><strong><em>Οὐ</em></strong></span> 
     </span>
     <span class='ocr_line' id='line_1_23' title="bbox 461 2268 2396 2344; baseline 0.003 -22"><span class='ocrx_word' id='word_1_221' title='bbox 461 2269 553 2341; x_wconf 75' lang='grc' dir='ltr'><strong><em>γάρ</em></strong></span> <span class='ocrx_word' id='word_1_222' title='bbox 585 2270 747 2322; x_wconf 87' lang='grc' dir='ltr'><strong><em>πάντα</em></strong></span> <span class='ocrx_word' id='word_1_223' title='bbox 772 2268 931 2332; x_wconf 78' lang='grc' dir='ltr'><strong><em>εὖθῦς</em></strong></span> <span class='ocrx_word' id='word_1_224' title='bbox 959 2269 1291 2338; x_wconf 81' lang='grc' dir='ltr'><strong><em>ἠδυνήθησαν</em></strong></span> <span class='ocrx_word' id='word_1_225' title='bbox 1321 2274 1372 2324; x_wconf 85' lang='grc' dir='ltr'><strong><em>οἱ</em></strong></span> <span class='ocrx_word' id='word_1_226' title='bbox 1395 2269 1657 2324; x_wconf 83' lang='grc' dir='ltr'><strong><em>ἀπόστολοι</em></strong></span> <span class='ocrx_word' id='word_1_227' title='bbox 1690 2277 2013 2340; x_wconf 85' lang='grc' dir='ltr'><strong><em>καταστῆσαι·</em></strong></span> <span class='ocrx_word' id='word_1_228' title='bbox 2051 2275 2396 2344; x_wconf 81' lang='grc' dir='ltr'><strong><em>πρεσβυτέρων</em></strong></span> 
     </span>
     <span class='ocr_line' id='line_1_24' title="bbox 460 2353 2395 2428; baseline 0.003 -21"><span class='ocrx_word' id='word_1_229' title='bbox 460 2353 555 2424; x_wconf 76' lang='grc' dir='ltr'><strong><em>γάρ</em></strong></span> <span class='ocrx_word' id='word_1_230' title='bbox 583 2357 764 2425; x_wconf 81' lang='grc' dir='ltr'><strong><em>ἐγίνετο</em></strong></span> <span class='ocrx_word' id='word_1_231' title='bbox 792 2359 952 2424; x_wconf 87' lang='grc' dir='ltr'><strong><em>χρεία,</em></strong></span> <span class='ocrx_word' id='word_1_232' title='bbox 991 2357 1075 2408; x_wconf 88' lang='grc' dir='ltr'><strong><em>καὶ</em></strong></span> <span class='ocrx_word' id='word_1_233' title='bbox 1101 2355 1362 2409; x_wconf 87' lang='grc' dir='ltr'><strong><em>διακόνων.</em></strong></span> <span class='ocrx_word' id='word_1_234' title='bbox 1438 2354 1537 2409; x_wconf 76' lang='grc' dir='ltr'><strong><em>Διά</em></strong></span> <span class='ocrx_word' id='word_1_235' title='bbox 1560 2354 1652 2426; x_wconf 76' lang='grc' dir='ltr'><strong><em>γάρ</em></strong></span> <span class='ocrx_word' id='word_1_236' title='bbox 1677 2362 1775 2409; x_wconf 78' lang='grc' dir='ltr'><strong><em>τῶν</em></strong></span> <span class='ocrx_word' id='word_1_237' title='bbox 1805 2356 1896 2410; x_wconf 83' lang='grc' dir='ltr'><strong><em>δύο</em></strong></span> <span class='ocrx_word' id='word_1_238' title='bbox 1926 2356 2114 2412; x_wconf 85' lang='grc' dir='ltr'><strong><em>τούτων</em></strong></span> <span class='ocrx_word' id='word_1_239' title='bbox 2138 2358 2197 2412; x_wconf 75' lang='grc' dir='ltr'><strong><em>τά</em></strong></span> <span class='ocrx_word' id='word_1_240' title='bbox 2227 2362 2395 2428; x_wconf 79' lang='grc' dir='ltr'><strong><em>ἐκκλη-</em></strong></span> 
     </span>
     <span class='ocr_line' id='line_1_25' title="bbox 462 2439 2394 2513; baseline 0.003 -20"><span class='ocrx_word' id='word_1_241' title='bbox 462 2439 685 2494; x_wconf 78' lang='grc' dir='ltr'><strong><em>σιαστικά</em></strong></span> <span class='ocrx_word' id='word_1_242' title='bbox 713 2440 947 2493; x_wconf 85' lang='grc' dir='ltr'><strong><em>δύνανται</em></strong></span> <span class='ocrx_word' id='word_1_243' title='bbox 974 2447 1303 2512; x_wconf 84' lang='grc' dir='ltr'><strong><em>πληροῦσθαι.</em></strong></span> <span class='ocrx_word' id='word_1_244' title='bbox 1341 2440 1513 2494; x_wconf 91' lang='grc' dir='ltr'><strong><em>Όπου</em></strong></span> <span class='ocrx_word' id='word_1_245' title='bbox 1540 2442 1592 2494; x_wconf 83' lang='grc' dir='ltr'><strong><em>δὲ</em></strong></span> <span class='ocrx_word' id='word_1_246' title='bbox 1616 2442 1705 2509; x_wconf 81' lang='grc' dir='ltr'><strong><em>οὐχ</em></strong></span> <span class='ocrx_word' id='word_1_247' title='bbox 1734 2439 1919 2513; x_wconf 87' lang='grc' dir='ltr'><strong><em>ευρέθη</em></strong></span> <span class='ocrx_word' id='word_1_248' title='bbox 1943 2465 2016 2505; x_wconf 88' lang='grc' dir='ltr'><strong><em>τις</em></strong></span> <span class='ocrx_word' id='word_1_249' title='bbox 2038 2443 2175 2508; x_wconf 82' lang='grc' dir='ltr'><strong><em>άξιος</em></strong></span> <span class='ocrx_word' id='word_1_250' title='bbox 2201 2447 2394 2499; x_wconf 75' lang='grc' dir='ltr'><strong><em>ἐπισκο-</em></strong></span> 
     </span>
     <span class='ocr_line' id='line_1_26' title="bbox 461 2524 2391 2600; baseline 0.003 -22"><span class='ocrx_word' id='word_1_251' title='bbox 461 2530 585 2593; x_wconf 83' lang='grc' dir='ltr'><strong><em>πῆς,</em></strong></span> <span class='ocrx_word' id='word_1_252' title='bbox 640 2528 826 2593; x_wconf 88' lang='grc' dir='ltr'><strong><em>ε’μεινεν</em></strong></span> <span class='ocrx_word' id='word_1_253' title='bbox 865 2550 890 2579; x_wconf 86' lang='grc' dir='ltr'><strong><em>υ</em></strong></span> <span class='ocrx_word' id='word_1_254' title='bbox 916 2525 1070 2588; x_wconf 82' lang='grc' dir='ltr'><strong><em>τόπος</em></strong></span> <span class='ocrx_word' id='word_1_255' title='bbox 1108 2528 1257 2597; x_wconf 81' lang='grc' dir='ltr'><strong><em>χωρὶς</em></strong></span> <span class='ocrx_word' id='word_1_256' title='bbox 1297 2524 1594 2580; x_wconf 82' lang='grc' dir='ltr'><strong><em>ἐπισκόπου·</em></strong></span> <span class='ocrx_word' id='word_1_257' title='bbox 1643 2526 1776 2581; x_wconf 88' lang='grc' dir='ltr'><strong><em>όπου</em></strong></span> <span class='ocrx_word' id='word_1_258' title='bbox 1815 2529 1867 2581; x_wconf 82' lang='grc' dir='ltr'><strong><em>δὲ</em></strong></span> <span class='ocrx_word' id='word_1_259' title='bbox 1901 2530 2068 2599; x_wconf 91' lang='grc' dir='ltr'><strong><em>γέγονε</em></strong></span> <span class='ocrx_word' id='word_1_260' title='bbox 2101 2533 2256 2600; x_wconf 87' lang='grc' dir='ltr'><strong><em>χρεία,</em></strong></span> <span class='ocrx_word' id='word_1_261' title='bbox 2309 2533 2391 2584; x_wconf 76' lang='grc' dir='ltr'><strong><em>καὶ</em></strong></span> 
     </span>
     <span class='ocr_line' id='line_1_27' title="bbox 460 2605 2393 2685; baseline 0.003 -22"><span class='ocrx_word' id='word_1_262' title='bbox 460 2605 588 2678; x_wconf 74' lang='grc' dir='ltr'><strong><em>ἦσαν</em></strong></span> <span class='ocrx_word' id='word_1_263' title='bbox 625 2609 750 2674; x_wconf 82' lang='grc' dir='ltr'><strong><em>άξιοι</em></strong></span> <span class='ocrx_word' id='word_1_264' title='bbox 797 2614 1096 2679; x_wconf 80' lang='grc' dir='ltr'><strong><em>ἐπισκοπῆς,</em></strong></span> <span class='ocrx_word' id='word_1_265' title='bbox 1150 2612 1526 2680; x_wconf 79' lang='grc' dir='ltr'><strong><em>κατεστάθησαν</em></strong></span> <span class='ocrx_word' id='word_1_266' title='bbox 1571 2615 1846 2667; x_wconf 78' lang='grc' dir='ltr'><strong><em>ἐπίσκοποι.</em></strong></span> <span class='ocrx_word' id='word_1_267' title='bbox 1926 2614 2174 2682; x_wconf 90' lang='grc' dir='ltr'><strong><em>Πληθους</em></strong></span> <span class='ocrx_word' id='word_1_268' title='bbox 2223 2617 2278 2669; x_wconf 81' lang='grc' dir='ltr'><strong><em>δὲ</em></strong></span> <span class='ocrx_word' id='word_1_269' title='bbox 2326 2615 2393 2685; x_wconf 77' lang='grc' dir='ltr'><strong><em>μὴ</em></strong></span> 
     </span>
     <span class='ocr_line' id='line_1_28' title="bbox 462 2694 2391 2773; baseline 0.003 -24"><span class='ocrx_word' id='word_1_270' title='bbox 462 2694 604 2758; x_wconf 91' lang='grc' dir='ltr'><strong><em>όντος</em></strong></span> <span class='ocrx_word' id='word_1_271' title='bbox 640 2719 726 2765; x_wconf 87' lang='grc' dir='ltr'><strong><em>ουχ</em></strong></span> <span class='ocrx_word' id='word_1_272' title='bbox 758 2695 1038 2767; x_wconf 75' lang='grc' dir='ltr'><strong><em>εὑρέθησαν</em></strong></span> <span class='ocrx_word' id='word_1_273' title='bbox 1085 2700 1136 2750; x_wconf 82' lang='grc' dir='ltr'><strong><em>ἐν</em></strong></span> <span class='ocrx_word' id='word_1_274' title='bbox 1175 2698 1346 2759; x_wconf 82' lang='grc' dir='ltr'><strong><em>αὐτοῖς</em></strong></span> <span class='ocrx_word' id='word_1_275' title='bbox 1383 2696 1701 2768; x_wconf 83' lang='grc' dir='ltr'><strong><em>πρεσβύτεροι</em></strong></span> <span class='ocrx_word' id='word_1_276' title='bbox 1740 2706 2133 2768; x_wconf 87' lang='grc' dir='ltr'><strong><em>κατασταθῆναι,</em></strong></span> <span class='ocrx_word' id='word_1_277' title='bbox 2181 2703 2265 2754; x_wconf 84' lang='grc' dir='ltr'><strong><em>καὶ</em></strong></span> <span class='ocrx_word' id='word_1_278' title='bbox 2305 2701 2391 2773; x_wconf 84' lang='grc' dir='ltr'><strong><em>ἠρ-</em></strong></span> 
     </span>
     <span class='ocr_line' id='line_1_29' title="bbox 458 2782 2393 2858; baseline 0.003 -23"><span class='ocrx_word' id='word_1_279' title='bbox 458 2784 713 2849; x_wconf 89' lang='grc' dir='ltr'><strong><em>κέσθησαν</em></strong></span> <span class='ocrx_word' id='word_1_280' title='bbox 757 2784 835 2836; x_wconf 78' lang='grc' dir='ltr'><strong><em>ἐπὶ</em></strong></span> <span class='ocrx_word' id='word_1_281' title='bbox 878 2789 945 2855; x_wconf 78' lang='grc' dir='ltr'><strong><em>τῷ</em></strong></span> <span class='ocrx_word' id='word_1_282' title='bbox 983 2783 1106 2835; x_wconf 82' lang='grc' dir='ltr'><strong><em>κατά</em></strong></span> <span class='ocrx_word' id='word_1_283' title='bbox 1141 2782 1296 2836; x_wconf 91' lang='grc' dir='ltr'><strong><em>τόπον</em></strong></span> <span class='ocrx_word' id='word_1_284' title='bbox 1333 2785 1511 2856; x_wconf 78' lang='grc' dir='ltr'><strong><em>5μόνῳ</em></strong></span> <span class='ocrx_word' id='word_1_285' title='bbox 1559 2783 1829 2858; x_wconf 76' lang='grc' dir='ltr'><strong><em>ἕπισκόπῳ.</em></strong></span> <span class='ocrx_word' id='word_1_286' title='bbox 1889 2783 2041 2838; x_wconf 75' lang='grc' dir='ltr'><strong><em>’Ἀνευ</em></strong></span> <span class='ocrx_word' id='word_1_287' title='bbox 2074 2787 2126 2839; x_wconf 83' lang='grc' dir='ltr'><strong><em>δὲ</em></strong></span> <span class='ocrx_word' id='word_1_288' title='bbox 2153 2785 2393 2841; x_wconf 85' lang='grc' dir='ltr'><strong><em>διακόνου</em></strong></span> 
     </span>
     <span class='ocr_line' id='line_1_30' title="bbox 464 2866 2394 2939; baseline 0.003 -19"><span class='ocrx_word' id='word_1_289' title='bbox 464 2874 486 2904; x_wconf 76' lang='lat'>⁶</span> <span class='ocrx_word' id='word_1_290' title='bbox 506 2870 778 2921; x_wconf 80' lang='grc' dir='ltr'><strong><em>ἐπίσκοπον</em></strong></span> <span class='ocrx_word' id='word_1_291' title='bbox 807 2866 1057 2921; x_wconf 80' lang='grc' dir='ltr'><strong><em>ἀδύνατον</em></strong></span> <span class='ocrx_word' id='word_1_292' title='bbox 1084 2866 1222 2921; x_wconf 83' lang='grc' dir='ltr'><strong><em>εἶναι.</em></strong></span> <span class='ocrx_word' id='word_1_293' title='bbox 1299 2870 1400 2920; x_wconf 88' lang='grc' dir='ltr'><strong><em>Καὶ</em></strong></span> <span class='ocrx_word' id='word_1_294' title='bbox 1426 2871 1751 2937; x_wconf 79' lang='grc' dir='ltr'><strong><em>ἐπεμελήσατο</em></strong></span> <span class='ocrx_word' id='word_1_295' title='bbox 1778 2868 1808 2923; x_wconf 84' lang='grc' dir='ltr'><strong><em>ό</em></strong></span> <span class='ocrx_word' id='word_1_296' title='bbox 1832 2871 1971 2939; x_wconf 78' lang='grc' dir='ltr'><strong><em>ὅίγιος</em></strong></span> <span class='ocrx_word' id='word_1_297' title='bbox 1993 2868 2265 2934; x_wconf 87' lang='grc' dir='ltr'><strong><em>ἀπόστολος</em></strong></span> <span class='ocrx_word' id='word_1_298' title='bbox 2289 2875 2394 2925; x_wconf 87' lang='grc' dir='ltr'><strong><em>δια-</em></strong></span> 
     </span>
     <span class='ocr_line' id='line_1_31' title="bbox 459 2951 2394 3026; baseline 0.002 -20"><span class='ocrx_word' id='word_1_299' title='bbox 459 2953 642 3016; x_wconf 89' lang='grc' dir='ltr'><strong><em>κόνους</em></strong></span> <span class='ocrx_word' id='word_1_300' title='bbox 680 2951 802 3007; x_wconf 79' lang='grc' dir='ltr'><strong><em>εἶναι</em></strong></span> <span class='ocrx_word' id='word_1_301' title='bbox 833 2960 899 3026; x_wconf 81' lang='grc' dir='ltr'><strong><em>τῷ</em></strong></span> <span class='ocrx_word' id='word_1_302' title='bbox 930 2952 1183 3026; x_wconf 77' lang='grc' dir='ltr'><strong><em>ε’πισκόπῳ</em></strong></span> <span class='ocrx_word' id='word_1_303' title='bbox 1216 2952 1298 3006; x_wconf 89' lang='grc' dir='ltr'><strong><em>δια</em></strong></span> <span class='ocrx_word' id='word_1_304' title='bbox 1327 2952 1417 3021; x_wconf 79' lang='grc' dir='ltr'><strong><em>τήν</em></strong></span> <span class='ocrx_word' id='word_1_305' title='bbox 1440 2951 1734 3022; x_wconf 89' lang='grc' dir='ltr'><strong><em>υπηρεσίαν,</em></strong></span> <span class='ocrx_word' id='word_1_306' title='bbox 1788 2954 1970 3009; x_wconf 69' lang='grc' dir='ltr'><strong><em>Τοῦπω</em></strong></span> <span class='ocrx_word' id='word_1_307' title='bbox 2011 2962 2098 3023; x_wconf 88' lang='grc' dir='ltr'><strong><em>τῆς</em></strong></span> <span class='ocrx_word' id='word_1_308' title='bbox 2138 2958 2394 3025; x_wconf 82' lang='grc' dir='ltr'><strong><em>ἐκκλησίας</em></strong></span> 
     </span>
     <span class='ocr_line' id='line_1_32' title="bbox 459 3038 2393 3110; baseline 0.003 -19"><span class='ocrx_word' id='word_1_309' title='bbox 459 3038 708 3107; x_wconf 82' lang='grc' dir='ltr'><strong><em>λαβούσης</em></strong></span> <span class='ocrx_word' id='word_1_310' title='bbox 744 3038 804 3092; x_wconf 81' lang='grc' dir='ltr'><strong><em>τά</em></strong></span> <span class='ocrx_word' id='word_1_311' title='bbox 842 3039 1143 3108; x_wconf 79' lang='grc' dir='ltr'><strong><em>πληρώματα</em></strong></span> <span class='ocrx_word' id='word_1_312' title='bbox 1173 3044 1260 3107; x_wconf 84' lang='grc' dir='ltr'><strong><em>τῆς</em></strong></span> <span class='ocrx_word' id='word_1_313' title='bbox 1292 3042 1588 3107; x_wconf 85' lang='grc' dir='ltr'><strong><em>οἰκονομίας.</em></strong></span> <span class='ocrx_word' id='word_1_314' title='bbox 1669 3040 1811 3093; x_wconf 70' lang='grc' dir='ltr'><strong><em>Οὕτω</em></strong></span> <span class='ocrx_word' id='word_1_315' title='bbox 1842 3039 1943 3094; x_wconf 82' lang='grc' dir='ltr'><strong><em>κατ’</em></strong></span> <span class='ocrx_word' id='word_1_316' title='bbox 1989 3043 2184 3095; x_wconf 79' lang='grc' dir='ltr'><strong><em>8ἐκεῖνο</em></strong></span> <span class='ocrx_word' id='word_1_317' title='bbox 2215 3048 2393 3110; x_wconf 85' lang='grc' dir='ltr'><strong><em>καιροῦ</em></strong></span> 
     </span>
     <span class='ocr_line' id='line_1_33' title="bbox 459 3118 2389 3196; baseline 0.002 -20"><span class='ocrx_word' id='word_1_318' title='bbox 459 3118 587 3192; x_wconf 74' lang='grc' dir='ltr'><strong><em>ἦσαν</em></strong></span> <span class='ocrx_word' id='word_1_319' title='bbox 614 3127 666 3178; x_wconf 83' lang='grc' dir='ltr'><strong><em>οἵ</em></strong></span> <span class='ocrx_word' id='word_1_320' title='bbox 690 3124 848 3178; x_wconf 89' lang='grc' dir='ltr'><strong><em>τόποι.</em></strong></span> <span class='ocrx_word' id='word_1_321' title='bbox 909 3127 1008 3176; x_wconf 89' lang='grc' dir='ltr'><strong><em>Καὶ</em></strong></span> <span class='ocrx_word' id='word_1_322' title='bbox 1035 3123 1129 3194; x_wconf 74' lang='grc' dir='ltr'><strong><em>γάρ</em></strong></span> <span class='ocrx_word' id='word_1_323' title='bbox 1156 3126 1357 3178; x_wconf 76' lang='grc' dir='ltr'><strong><em>ἕκαστον</em></strong></span> <span class='ocrx_word' id='word_1_324' title='bbox 1381 3132 1583 3195; x_wconf 81' lang='grc' dir='ltr'><strong><em>πρᾶγμα</em></strong></span> <span class='ocrx_word' id='word_1_325' title='bbox 1607 3148 1699 3179; x_wconf 90' lang='grc' dir='ltr'><strong><em>ουκ</em></strong></span> <span class='ocrx_word' id='word_1_326' title='bbox 1725 3124 1948 3195; x_wconf 83' lang='grc' dir='ltr'><strong><em>ἀπαρχῆς</em></strong></span> <span class='ocrx_word' id='word_1_327' title='bbox 1969 3149 2029 3178; x_wconf 91' lang='grc' dir='ltr'><strong><em>τα</em></strong></span> <span class='ocrx_word' id='word_1_328' title='bbox 2053 3126 2215 3179; x_wconf 89' lang='grc' dir='ltr'><strong><em>πάντα</em></strong></span> <span class='ocrx_word' id='word_1_329' title='bbox 2239 3130 2389 3196; x_wconf 88' lang='grc' dir='ltr'><strong><em>εσχεν,</em></strong></span> 
     </span>
     <span class='ocr_line' id='line_1_34' title="bbox 459 3208 2387 3282; baseline 0.001 -18"><span class='ocrx_word' id='word_1_330' title='bbox 459 3208 579 3264; x_wconf 81' lang='grc' dir='ltr'><strong><em>ἀλλά</em></strong></span> <span class='ocrx_word' id='word_1_331' title='bbox 629 3215 990 3281; x_wconf 86' lang='grc' dir='ltr'><strong><em>προβαίνοντος</em></strong></span> <span class='ocrx_word' id='word_1_332' title='bbox 1039 3216 1128 3262; x_wconf 87' lang='grc' dir='ltr'><strong><em>τοῦ</em></strong></span> <span class='ocrx_word' id='word_1_333' title='bbox 1178 3209 1359 3280; x_wconf 91' lang='grc' dir='ltr'><strong><em>χρόνου</em></strong></span> <span class='ocrx_word' id='word_1_334' title='bbox 1396 3210 1456 3263; x_wconf 81' lang='grc' dir='ltr'><strong><em>τά</em></strong></span> <span class='ocrx_word' id='word_1_335' title='bbox 1492 3210 1617 3281; x_wconf 77' lang='grc' dir='ltr'><strong><em>πρὸς</em></strong></span> <span class='ocrx_word' id='word_1_336' title='bbox 1662 3215 1906 3265; x_wconf 89' lang='grc' dir='ltr'><strong><em>τελείωσιν</em></strong></span> <span class='ocrx_word' id='word_1_337' title='bbox 1956 3217 2055 3264; x_wconf 81' lang='grc' dir='ltr'><strong><em>τῶν</em></strong></span> <span class='ocrx_word' id='word_1_338' title='bbox 2090 3218 2266 3282; x_wconf 78' lang='grc' dir='ltr'><strong><em>χρειῶν</em></strong></span> <span class='ocrx_word' id='word_1_339' title='bbox 2301 3235 2387 3267; x_wconf 85' lang='grc' dir='ltr'><strong><em>κα-</em></strong></span> 
     </span>
    </p>
   </div>
   <div class='ocr_carea' id='block_1_4' title="bbox 241 3299 2390 3781">
    <p class='ocr_par' dir='ltr' id='par_1_5' title="bbox 241 3299 2390 3781">
     <span class='ocr_line' id='line_1_35' title="bbox 458 3299 712 3366; baseline 0.012 -20"><span class='ocrx_word' id='word_1_340' title='bbox 458 3299 712 3366; x_wconf 83' lang='grc' dir='ltr'><strong><em>τηρτίζετο.</em></strong></span> 
     </span>
     <span class='ocr_line' id='line_1_36' title="bbox 241 3550 2390 3622; baseline -0 -14"><span class='ocrx_word' id='word_1_341' title='bbox 241 3566 352 3620; x_wconf 83' lang='grc' dir='ltr'><strong><em>Κεφ.</em></strong></span> <span class='ocrx_word' id='word_1_342' title='bbox 386 3564 431 3609; x_wconf 84' lang='grc' dir='ltr'><strong><em>ε’.</em></strong></span> <span class='ocrx_word' id='word_1_343' title='bbox 606 3551 788 3614; x_wconf 80' lang='grc' dir='ltr'><strong><em>Εὖθύς</em></strong></span> <span class='ocrx_word' id='word_1_344' title='bbox 815 3553 903 3620; x_wconf 79' lang='grc' dir='ltr'><strong><em>μὲν</em></strong></span> <span class='ocrx_word' id='word_1_345' title='bbox 927 3550 1018 3622; x_wconf 72' lang='grc' dir='ltr'><strong><em>γάρ</em></strong></span> <span class='ocrx_word' id='word_1_346' title='bbox 1047 3558 1280 3620; x_wconf 83' lang='grc' dir='ltr'><strong><em>Μωῦσῆς</em></strong></span> <span class='ocrx_word' id='word_1_347' title='bbox 1305 3554 1544 3620; x_wconf 90' lang='grc' dir='ltr'><strong><em>πέμπεται</em></strong></span> <span class='ocrx_word' id='word_1_348' title='bbox 1573 3554 1641 3613; x_wconf 83' lang='grc' dir='ltr'><strong><em>εἰς</em></strong></span> <span class='ocrx_word' id='word_1_349' title='bbox 1667 3554 1946 3621; x_wconf 78' lang='grc' dir='ltr'><strong><em>Αἴγυπτον,</em></strong></span> <span class='ocrx_word' id='word_1_350' title='bbox 1984 3551 2108 3605; x_wconf 81' lang='grc' dir='ltr'><strong><em>κατά</em></strong></span> <span class='ocrx_word' id='word_1_351' title='bbox 2142 3559 2158 3589; x_wconf 92' lang='lat'>¹</span> <span class='ocrx_word' id='word_1_352' title='bbox 2178 3553 2268 3622; x_wconf 80' lang='grc' dir='ltr'><strong><em>τήν</em></strong></span> <span class='ocrx_word' id='word_1_353' title='bbox 2297 3575 2390 3607; x_wconf 87' lang='grc' dir='ltr'><strong><em>πα-</em></strong></span> 
     </span>
     <span class='ocr_line' id='line_1_37' title="bbox 252 3622 2389 3724; baseline 0.003 -20"><span class='ocrx_word' id='word_1_354' title='bbox 252 3632 339 3667; x_wconf 80' lang='lat' dir='ltr'><strong>pag.</strong></span> <span class='ocrx_word' id='word_1_355' title='bbox 363 3622 438 3656; x_wconf 80' lang='lat'><strong><em>909</em></strong></span> <span class='ocrx_word' id='word_1_356' title='bbox 521 3666 616 3706; x_wconf 76' lang='lat' dir='ltr'><strong>CAP.</strong></span> <span class='ocrx_word' id='word_1_357' title='bbox 638 3669 702 3707; x_wconf 87' lang='lat' dir='ltr'><strong><em>IV.</em></strong></span> <span class='ocrx_word' id='word_1_358' title='bbox 743 3692 785 3697; x_wconf 59' lang='grc'><strong><em>»-</em></strong></span> <span class='ocrx_word' id='word_1_359' title='bbox 850 3668 886 3709; x_wconf 84' lang='grc'><strong><em>1.</em></strong></span> <span class='ocrx_word' id='word_1_360' title='bbox 911 3667 1100 3722; x_wconf 82' lang='grc' dir='ltr'><strong><em>πατέρων</em></strong></span> <span class='ocrx_word' id='word_1_361' title='bbox 1128 3671 1233 3709; x_wconf 81' lang='lat' dir='ltr'><strong><em>editi.</em></strong></span> <span class='ocrx_word' id='word_1_362' title='bbox 1291 3683 1376 3724; x_wconf 80' lang='grc' dir='ltr'><strong><em>πηρ</em></strong></span> <span class='ocrx_word' id='word_1_363' title='bbox 1503 3665 1543 3708; x_wconf 78' lang='lat'><strong><em>4.</em></strong></span> <span class='ocrx_word' id='word_1_364' title='bbox 1568 3670 1666 3718; x_wconf 68' lang='lat' dir='ltr'><strong><em>Leye</em></strong></span> <span class='ocrx_word' id='word_1_365' title='bbox 1690 3670 1735 3708; x_wconf 82' lang='lat' dir='ltr'><strong><em>de</em></strong></span> <span class='ocrx_word' id='word_1_366' title='bbox 1760 3670 1820 3708; x_wconf 84' lang='lat' dir='ltr'><strong><em>his</em></strong></span> <span class='ocrx_word' id='word_1_367' title='bbox 1838 3673 1873 3708; x_wconf 81' lang='lat' dir='ltr'><strong><em>et</em></strong></span> <span class='ocrx_word' id='word_1_368' title='bbox 1893 3681 1995 3720; x_wconf 84' lang='lat' dir='ltr'><strong><em>seqq</em></strong></span> <span class='ocrx_word' id='word_1_369' title='bbox 2023 3674 2156 3710; x_wconf 79' lang='lat' dir='ltr'><em>contra</em></span> <span class='ocrx_word' id='word_1_370' title='bbox 2182 3673 2389 3712; x_wconf 74' lang='lat' dir='ltr'><strong><em>petavium</em></strong></span> 
     </span>
     <span class='ocr_line' id='line_1_38' title="bbox 459 3723 2385 3781; baseline 0.003 -18"><span class='ocrx_word' id='word_1_371' title='bbox 459 3723 791 3776; x_wconf 68' lang='grc' dir='ltr'><strong><em>οοά.1εη.πῆ,ὄ</em></strong></span> <span class='ocrx_word' id='word_1_372' title='bbox 821 3727 904 3766; x_wconf 85' lang='lat' dir='ltr'><strong><em>cod.</em></strong></span> <span class='ocrx_word' id='word_1_373' title='bbox 935 3727 1096 3776; x_wconf 77' lang='grc' dir='ltr'><strong><em>Ηὴεάὶ9.</em></strong></span> <span class='ocrx_word' id='word_1_374' title='bbox 1445 3727 1706 3774; x_wconf 75' lang='lat' dir='ltr'><em>disputantem</em></span> <span class='ocrx_word' id='word_1_375' title='bbox 1764 3727 1959 3766; x_wconf 82' lang='lat' dir='ltr'><em>Walonem</em></span> <span class='ocrx_word' id='word_1_376' title='bbox 2010 3728 2260 3767; x_wconf 77' lang='lat' dir='ltr'><strong><em>Messalinum</em></strong></span> <span class='ocrx_word' id='word_1_377' title='bbox 2310 3729 2385 3781; x_wconf 75' lang='lat' dir='ltr'><strong><em>(Gt.</em></strong></span> 
     </span>
    </p>
   </div>
   <div class='ocr_carea' id='block_1_5' title="bbox 516 3780 2385 3892">
    <p class='ocr_par' dir='ltr' id='par_1_6' title="bbox 516 3780 2384 3892">
     <span class='ocr_line' id='line_1_39' title="bbox 516 3780 2384 3835; baseline 0.003 -18"><span class='ocrx_word' id='word_1_378' title='bbox 516 3780 555 3818; x_wconf 79' lang='lat'><strong><em>2.</em></strong></span> <span class='ocrx_word' id='word_1_379' title='bbox 583 3792 666 3828; x_wconf 80' lang='grc' dir='ltr'><strong><em>πρα</em></strong></span> <span class='ocrx_word' id='word_1_380' title='bbox 698 3783 753 3832; x_wconf 84' lang='lat' dir='ltr'><strong><em>(h.</em></strong></span> <span class='ocrx_word' id='word_1_381' title='bbox 773 3793 803 3820; x_wconf 88' lang='lat' dir='ltr'><strong><em>e.</em></strong></span> <span class='ocrx_word' id='word_1_382' title='bbox 833 3780 1011 3834; x_wconf 81' lang='grc' dir='ltr'><strong><em>πατέρα)</em></strong></span> <span class='ocrx_word' id='word_1_383' title='bbox 1044 3784 1126 3821; x_wconf 85' lang='lat' dir='ltr'><strong><em>cod.</em></strong></span> <span class='ocrx_word' id='word_1_384' title='bbox 1156 3784 1317 3833; x_wconf 75' lang='lat' dir='ltr'><em>Rhediy.</em></span> <span class='ocrx_word' id='word_1_385' title='bbox 1447 3780 1710 3834; x_wconf 79' lang='lat' dir='ltr'><strong><em>salmasium)</em></strong></span> <span class='ocrx_word' id='word_1_386' title='bbox 1755 3783 1802 3821; x_wconf 84' lang='lat' dir='ltr'><strong><em>de</em></strong></span> <span class='ocrx_word' id='word_1_387' title='bbox 1833 3783 2008 3831; x_wconf 78' lang='lat' dir='ltr'><strong><em>Episcop.</em></strong></span> <span class='ocrx_word' id='word_1_388' title='bbox 2041 3788 2074 3823; x_wconf 74' lang='lat' dir='ltr'><strong><em>et</em></strong></span> <span class='ocrx_word' id='word_1_389' title='bbox 2104 3785 2234 3823; x_wconf 83' lang='lat' dir='ltr'><strong><em>Presb</em></strong></span> <span class='ocrx_word' id='word_1_390' title='bbox 2290 3795 2384 3835; x_wconf 71' lang='lat' dir='ltr'><strong><em>pay.</em></strong></span> 
     </span>
     <span class='ocr_line' id='line_1_40' title="bbox 516 3833 2385 3892; baseline 0.002 -16"><span class='ocrx_word' id='word_1_391' title='bbox 516 3834 555 3876; x_wconf 81' lang='lat'><strong><em>3.</em></strong></span> <span class='ocrx_word' id='word_1_392' title='bbox 586 3833 816 3891; x_wconf 79' lang='grc' dir='ltr'><strong><em>ἐκκλησίας</em></strong></span> <span class='ocrx_word' id='word_1_393' title='bbox 844 3840 927 3877; x_wconf 86' lang='lat' dir='ltr'><strong><em>cod.</em></strong></span> <span class='ocrx_word' id='word_1_394' title='bbox 959 3840 1118 3889; x_wconf 76' lang='lat' dir='ltr'><strong><em>Rhediy.</em></strong></span> <span class='ocrx_word' id='word_1_395' title='bbox 1448 3837 1640 3887; x_wconf 67' lang='lat' dir='ltr'><strong><em>1o9sqc1„</em></strong></span> <span class='ocrx_word' id='word_1_396' title='bbox 1667 3850 1761 3890; x_wconf 72' lang='lat' dir='ltr'><strong><em>pay.</em></strong></span> <span class='ocrx_word' id='word_1_397' title='bbox 1778 3838 1889 3888; x_wconf 68' lang='lat'><strong><em>226„</em></strong></span> <span class='ocrx_word' id='word_1_398' title='bbox 1927 3839 2150 3890; x_wconf 65' lang='lat' dir='ltr'><strong><em>pa9.312·5.,</em></strong></span> <span class='ocrx_word' id='word_1_399' title='bbox 2175 3851 2271 3892; x_wconf 72' lang='lat' dir='ltr'><em>pay.</em></span> <span class='ocrx_word' id='word_1_400' title='bbox 2290 3840 2385 3882; x_wconf 76' lang='lat'><strong><em>332.</em></strong></span> 
     </span>
    </p>
   </div>
  </div>
 </body>
</html>
