2508 4134
590 305 814 345 PANARu
843 305 947 346 Lm.
974 306 1045 346 111.
1074 306 1207 348 ΤοΜ.
1231 309 1262 348 1.
1291 307 1456 348 HAER.
1482 308 1677 350 Lxxw.
1983 298 2084 350 229

180 402 364 449 excelso
387 418 531 466 supra
564 411 738 451 montes
765 405 962 462 arduos,
1004 406 1067 452 ad
1095 407 1353 468 aquilonem
1377 409 1619 455 ascendam
1650 424 1793 471 supra
1818 408 1960 456 nubes
1976 445 1990 466 ,
2042 416 2091 456 et

181 501 260 532 ero
284 487 450 534 similet·
476 488 702 535 altzksz'mo
715 506 730 535 .·
782 504 905 535 nunc
949 504 1056 536 vero
1081 490 1144 535 ad
1168 490 1343 553 inferos
1375 492 1618 539 descendes
1631 527 1644 550 ,
1701 493 1764 540 ad
1775 493 2086 558 fundamenta

181 576 335 619 terrae
370 576 464 621 ete.

777 736 1066 778 INClPIUNT
1096 737 1245 777 AETII
1279 736 1487 778 CAPITA.

317 818 358 871 Ι.
403 818 457 872 Si
487 821 730 889 ingenitus
761 821 878 871 deus
906 830 1065 889 potest
1093 821 1216 889 quod
1248 820 1461 888 genitum
1492 831 1563 874 est
1601 824 1863 892 ingenitum
1899 826 2079 878 faeere.

317 902 516 958 Consut.
556 904 594 957 l.
656 904 879 974 lnprimis
921 922 1031 955 esse
1084 905 1259 972 aliquid
1304 905 1428 972 quod
1483 906 1599 957 deus
1654 909 1811 959 faeere
1856 920 2080 978 nequeat,

173 988 365 1057 impium
401 998 477 1040 est
514 990 748 1059 cogitare.
810 988 871 1039 Et
896 989 1083 1057 quidem
1113 989 1287 1056 aliquid
1317 998 1391 1040 est
1418 990 1653 1040 duntaxat
1680 994 1801 1059 quod
1831 994 1966 1044 deum
1995 995 2081 1045 mi-

174 1074 302 1124 nime
328 1074 526 1139 deceat3
570 1073 664 1124 nou
694 1074 818 1142 quod
849 1074 904 1124 ad
936 1073 1050 1124 illud
1093 1073 1360 1124 faciendum
1395 1075 1512 1125 satis
1546 1075 1716 1126 virium
1759 1093 1853 1126 non
1885 1077 2076 1141 babeat,

174 1158 257 1208 sed
291 1158 414 1226 quod
446 1157 654 1222 malitia,
696 1159 831 1208 verbi
857 1159 1038 1226 gratia,
1081 1159 1241 1222 deum,
1283 1158 1359 1208 eui
1393 1158 1507 1209 nihil
1537 1158 1831 1228 impossibile
1860 1171 1952 1223 est,
1994 1161 2081 1212 mi-

174 1243 301 1293 nime
340 1243 538 1307 deceat3
594 1259 652 1293 eo
680 1243 803 1310 quod
833 1243 1007 1293 malum
1049 1260 1190 1292 omne
1229 1242 1419 1293 divinae
1464 1243 1590 1293 illius
1622 1261 1676 1294 ac
1721 1246 2081 1312 potentissimae

171 1327 392 1391 bonitati,
434 1326 619 1395 ipsique
659 1328 780 1377 adeo
819 1326 896 1394 qui
938 1326 1091 1377 bonus
1132 1335 1203 1377 est
1242 1326 1535 1395 impossibile
1575 1327 1654 1377 sit.

307 1409 603 1475 Praeterea,
644 1410 685 1461 si
713 1411 835 1478 quod
866 1412 1041 1461 sactum
1069 1429 1124 1461 ac
1153 1411 1364 1478 genitum
1397 1420 1471 1461 est
1496 1411 1760 1479 ingenitum
1789 1413 1920 1463 reddi
1956 1414 2079 1465 facto

171 1495 275 1564 ipso
309 1495 483 1546 bonum
517 1494 750 1546 iudicaret
782 1496 927 1557 deus,
983 1512 1136 1563 neque
1180 1503 1337 1545 tamen
1368 1494 1494 1545 istud
1527 1496 1638 1545 boui
1683 1496 1804 1547 bene
1846 1498 2079 1566 perlicere

171 1588 360 1648 posset,
417 1588 510 1629 tum
555 1580 740 1630 demum
784 1588 1069 1646 praepotens
1100 1579 1176 1629 ille
1204 1579 1321 1629 deus
1361 1578 1543 1629 viribus
1579 1581 1837 1631 destitutus
1870 1599 1979 1633 esse
2011 1584 2080 1633 vi-

171 1664 393 1726 deretur;
452 1663 529 1730 qui
559 1664 680 1730 quod
722 1664 1047 1731 praestantius
1078 1671 1151 1714 est
1181 1664 1334 1713 moliri
1365 1664 1561 1731 cupiens
1594 1682 1886 1733 nequaquam
1918 1676 2078 1735 posset

169 1747 382 1814 assequi.
460 1745 643 1798 Verum
690 1765 795 1798 eum
839 1757 887 1797 et
931 1749 1052 1815 quod
1098 1748 1359 1814 ingenitum
1398 1757 1474 1798 est
1517 1749 1693 1799 bonum
1734 1751 1822 1811 sit,
1877 1759 1924 1799 et
1952 1752 2075 1819 quod

167 1831 379 1900 genitum
411 1839 486 1881 est
514 1848 601 1881 suo
637 1831 683 1880 iu
718 1832 885 1882 ordine
918 1832 1039 1881 bene
1075 1832 1137 1882 sit
1165 1832 1408 1899 genitum,
1451 1835 1672 1901 quoniam
1701 1835 1970 1900 genitarum
2003 1853 2078 1885 re-

168 1933 271 1966 rum
313 1916 523 1966 conditio
557 1915 681 1967 bona
713 1924 788 1966 est
811 1924 858 1966 et
886 1933 910 1965 a
940 1916 1064 1966 bono
1095 1917 1184 1966 deo
1216 1919 1458 1984 profecta,
1512 1935 1603 1967 uec
1632 1918 1773 1967 aliter
1804 1921 1861 1969 ab
1886 1937 1944 1968 eo
1975 1920 2075 1987 ipso

165 1999 430 2064 iudicatur,
472 2017 711 2068 nunquam
741 2000 822 2050 ille
850 2002 971 2067 quod
1003 2001 1245 2068 praeclare
1275 2002 1486 2069 genitum
1517 2011 1588 2052 est
1619 2003 1881 2069 ingenitum
1917 2005 2075 2055 faeere

166 2084 320 2149 volet3
363 2085 744 2153 quandoquidem
770 2085 833 2134 ita
858 2102 912 2135 se
943 2102 1042 2134 rem
1072 2085 1250 2135 babere
1274 2086 1454 2153 bouum
1483 2103 1592 2136 esse
1621 2087 1742 2136 idem
1768 2087 1847 2136 ille
1879 2104 2074 2155 persua-

164 2186 269 2219 sum
313 2168 472 2220 habet.
560 2167 888 2236 Quamobrem
943 2187 1047 2220 eum
1088 2170 1199 2220 boni
1245 2171 1455 2220 conditio
1494 2170 1622 2221 nullo
1662 2172 1802 2221 modo
1840 2181 2069 2235 mutetur,

162 2270 257 2303 non
289 2253 412 2321 quod
442 2253 488 2304 id
514 2253 580 2304 illi
612 2253 905 2323 impossibile
933 2254 1021 2317 sit,
1078 2255 1161 2305 sed
1196 2255 1319 2321 quod
1350 2255 1472 2306 bene
1506 2255 1563 2305 ad
1597 2271 1703 2304 eum
1736 2257 1924 2306 modum
1956 2275 2071 2307 con-

162 2337 326 2387 stituta
356 2337 447 2402 sit,
500 2337 654 2389 bonus
683 2339 845 2406 utique
874 2340 1027 2389 faetus
1053 2355 1079 2388 a
1106 2339 1234 2388 nullo
1264 2340 1380 2391 deus
1410 2348 1514 2403 est,
1572 2339 1693 2389 bona
1722 2339 1905 2403 itidem,
1948 2358 2070 2408 quae

162 2421 220 2471 ab
247 2438 306 2472 eo
334 2431 447 2472 sunt
474 2422 521 2472 iu
552 2421 720 2472 ordine
748 2441 836 2473 suo
869 2424 1013 2487 faeta,
1055 2423 1243 2473 tametsi
1271 2422 1470 2490 ingeniti
1499 2424 1817 2492 appellatione
1850 2435 2065 2477 careant.

159 2503 274 2556 Nou
306 2505 431 2555 euim
466 2514 655 2556 creatos
685 2507 800 2557 deos
832 2507 1070 2571 condidit,
1109 2516 1160 2557 ut
1187 2507 1387 2557 alterum
1422 2526 1524 2558 cum
1558 2509 1710 2559 altero
1743 2519 2067 2577 comparatum

161 2589 480 2658 appellatione
503 2589 607 2657 ipsa
632 2590 897 2658 superioris
926 2609 1069 2659 supra
1097 2591 1375 2642 inferiorem
1406 2593 1762 2655 excellentiam,
1793 2611 1915 2661 quae
1942 2594 2067 2644 nulla

161 2674 478 2743 appellatione
524 2674 862 2742 comprehendi
906 2684 1091 2743 potest,
1147 2676 1375 2726 obscuret
1419 2686 1466 2727 et
1509 2677 1783 2744 extinguat.
1860 2676 1987 2728 Nam
2027 2679 2066 2729 si

160 2759 276 2808 deus
306 2758 428 2808 alter
457 2774 483 2808 a
516 2758 644 2808 nullo
677 2760 828 2810 faetus
862 2760 984 2809 alter
1010 2761 1161 2810 factus
1195 2770 1290 2823 est,
1332 2779 1436 2811 cum
1466 2762 1590 2811 nulla
1622 2762 1684 2811 sit
1716 2762 1843 2811 iuter
1870 2771 2065 2812 naturas

160 2841 459 2906 commuuio,
517 2841 618 2891 fieri
668 2860 762 2892 non
820 2852 979 2912 potest
1026 2852 1077 2894 ut
1114 2846 1373 2896 secuudum
1423 2854 1640 2896 naturam
1695 2846 1900 2896 nominis
1940 2846 2065 2896 illins

159 2926 437 2994 dignitatem
465 2944 764 2978 communem
794 2928 994 2991 babeat,
1038 2928 1125 2977 uisi
1158 2930 1283 2978 forte
1315 2929 1548 2980 abusione
1578 2931 1775 2997 quadam
1811 2939 1858 2978 et
1888 2930 2061 2996 gratia,

159 3010 250 3060 boe
277 3019 349 3061 est
379 3011 741 3080 participatione
772 3012 1001 3078 quadam,
1045 3012 1144 3061 fieri
1176 3011 1360 3063 dicatur
1388 3023 1437 3063 ut
1469 3014 1701 3064 eiusmodi
1728 3013 1960 3063 beneficio
1994 3016 2065 3062 iu-

161 3095 385 3145 feriorem
433 3096 567 3147 (lives
608 3096 798 3147 afficiat.
874 3094 1002 3145 Nam
1046 3095 1125 3145 ille
1167 3096 1354 3163 quidem
1388 3098 1477 3147 sibi
1521 3115 1758 3165 nunquam
1798 3097 2063 3165 superioris

159 3196 333 3229 nomen
357 3167 665 3249 imposuerit,'
701 3188 749 3229 ut
780 3179 855 3247 qui
884 3197 935 3230 se
966 3179 1022 3228 ab
1052 3179 1131 3230 illa
1161 3190 1359 3232 naturae
1389 3182 1618 3249 dignitate
1647 3181 2062 3249 appellationeque

159 3263 364 3314 alienum
397 3282 594 3333 prorsus
625 3264 876 3330 intelligat.
956 3261 1086 3314 Sane
1117 3265 1258 3326 illud,
1313 3283 1341 3315 o
1374 3267 1485 3316 Ae‘ti
1506 3305 1518 3327 ‚
1576 3266 1746 3314 merito
1780 3265 1860 3315 tibi
1891 3265 2062 3332 aliquis

157 3347 418 3412 obiecerit,
458 3353 583 3399 Deus
608 3358 713 3398 erat
735 3350 938 3410 verbum,
981 3365 1155 3415 neque,
1199 3346 1410 3399 Verbum
1442 3350 1557 3399 deus
1589 3352 1759 3399 sactum
1789 3359 1879 3399 est.
1938 3347 2058 3416 Qui·
2080 3366 2207 3402 Ionan.
2224 3368 2257 3412 1,
2281 3367 2311 3403 1.

158 3448 265 3481 uam
317 3450 434 3483 vero
482 3433 826 3483 nobilissimam
879 3432 1260 3499 appellationem
1282 3443 1452 3483 natura
1500 3434 1588 3483 sibi
1629 3434 1913 3496 vindicabit,
1980 3444 2063 3486 aut

156 3516 440 3583 aequabitur
472 3518 626 3585 patri,
682 3517 723 3568 si
755 3517 862 3584 quid
896 3518 949 3565 ad
982 3513 1163 3565 Christi
1197 3516 1475 3583 dignitatem
1507 3518 1800 3568 accesserit?
1874 3519 1975 3569 Ant
2008 3520 2061 3570 il-

155 3599 233 3653 lud
274 3618 475 3668 quanam
515 3602 701 3652 ratione
742 3600 974 3669 amputari
1015 3599 1216 3666 poterit,
1255 3605 1381 3649 Deus
1417 3612 1543 3662 erac,
1602 3620 1705 3652 eum
1745 3621 1873 3668 vox,
1913 3607 2051 3664 Erat,

214 3739 252 3782 3,
285 3735 475 3790 οἷγενείας
504 3743 564 3781 ed.
592 3744 713 3791 princ.

211 3792 248 3838 4·
282 3796 361 3838 τῶν
394 3799 530 3838 vitium
565 3802 618 3837 est
652 3799 710 3838 ed.
752 3799 885 3839 Petav.
925 3798 1054 3837 Colon.
1085 3800 1201 3847 repet.
