2508 4134
572 219 794 260 PANARn
825 219 924 259 Lm.
949 220 1021 259 111.
1050 220 1184 260 ΤοΜ.
1208 221 1236 260 1.
1268 219 1428 262 HAER.
1452 220 1648 260 Lxxvi.
1956 209 2057 258 319

162 319 326 390 primis
357 317 600 385 indignum
633 317 723 366 deo
752 325 856 380 est,
910 324 961 366 ut
989 316 1094 366 sine
1128 317 1223 366 filio
1263 317 1482 368 extiterit
1512 318 1794 384 aliquando,
1846 325 1945 367 tum
1975 333 2059 384 po-

163 413 267 455 stea
307 411 416 471 post
447 400 530 451 filii
560 409 783 450 exortum
821 408 958 468 pater
998 400 1225 468 appellari
1268 402 1500 469 coeperit.
1579 398 1815 452 Similiter
1853 409 1899 450 et
1938 399 2059 450 indi-

159 505 303 555 gnum
331 486 427 536 filio
456 493 558 547 est,
601 483 667 534 uti
697 493 880 550 tempus
910 482 1059 551 ipsius
1096 483 1330 550 originem
1366 487 1713 549 antecesserit,
1754 501 2056 552 consequens

160 571 287 621 enim
336 579 410 621 est
454 577 638 636 tempus
682 567 934 618 maiestate
977 568 1103 618 illius
1143 584 1251 618 esse
1293 566 1465 617 maius,
1543 567 1607 618 Et
1645 587 1761 619 vero
1796 569 1913 636 patri
1945 586 2059 619 con-

158 671 337 723 gruens
364 661 437 704 est
470 660 520 702 ut
545 652 593 702 in
624 650 836 703 eiusdem
865 651 1200 702 communione
1228 651 1471 719 dignitatis
1497 653 1773 720 participem
1803 671 1907 704 eum
1934 670 2060 705 sem-

159 756 246 807 per
271 737 488 788 habuerit
519 735 600 803 qni
630 735 851 786 desinere
878 753 1114 803 nunqnam
1147 743 1303 802 potest
1333 743 1500 802 estque
1527 736 1862 803 sempiternus.
1917 735 2058 804 Quod

158 820 291 873 vero'
325 822 414 873 deo
458 819 573 871 nihil
609 820 738 888 prius
783 820 1000 870 extiterit
1039 819 1482 870 manifestissimum
1526 829 1619 870 est.
1705 820 1934 884 Atenim,
1991 821 2058 871 ait

156 906 363 970 Aetius,
417 906 535 955 deus
565 912 614 955 et
642 904 906 971 ingenitum
937 904 1058 954 idem
1094 903 1289 953 omnino
1322 902 1614 970 significant.
1693 902 1874 954 Verum
1917 922 2055 971 quam

118 982 125 989 ’
155 999 320 1059 aperte
347 987 655 1057 semetipsum
704 987 951 1055 implicans
989 995 1184 1038 accusat
1212 987 1368 1055 potius
1402 1004 1538 1054 quam
1572 988 1741 1055 dogma
1778 1005 1913 1038 suum
1945 1006 2058 1038 con-

156 1074 330 1125 firmet.
405 1072 535 1124 Nam
564 1073 604 1123 si
638 1090 744 1123 cum
776 1073 865 1122 deo
894 1072 1012 1139 dens
1045 1082 1147 1135 est,
1192 1081 1241 1122 ut
1269 1081 1343 1122 εει
1367 1088 1571 1134 revera,
1615 1071 1758 1121 etiam
1790 1071 2054 1138 ingenitum

152 1159 364 1226 genitum
392 1158 537 1208 filium
575 1157 806 1220 admittit,
857 1156 936 1223 qui
966 1157 1040 1206 dei
1076 1156 1362 1207 vocabulum
1410 1173 1504 1206 una
1537 1155 1896 1224 complectitur,
1951 1174 2053 1206 cum

156 1250 288 1311 patre
336 1259 454 1294 vero
497 1241 639 1292 simul
670 1240 936 1309 appellatur
977 1249 1025 1290 ει
1056 1241 1393 1309 coniungitur,
1453 1249 1653 1291 exortus
1686 1257 1712 1290 a
1742 1241 1861 1303 deo,
1914 1249 1960 1290 et
1987 1241 2058 1290 in—

155 1334 377 1389 creatus,
420 1334 469 1376 et
494 1326 756 1376 honoratus
790 1342 894 1376 cum
926 1333 1060 1394 patre
1092 1325 1236 1389 deuS,
1277 1324 1497 1392 idemque
1526 1325 1753 1388 verbum,
1797 1325 1887 1390 etsi
1918 1324 2058 1374 aliter

155 1410 302 1461 Ae'tio
347 1411 596 1474 videatur,
651 1428 756 1460 cnm
802 1418 994 1460 creatae
1035 1427 1115 1460 res
1157 1426 1325 1460 omnes
1365 1409 1509 1459 filium
1552 1410 1785 1471 adorent,
1841 1418 1889 1458 et
1912 1413 2057 1458 omnis

158 1497 321 1559 lingua
345 1497 650 1560 confiteatur,
692 1497 903 1559 quoniam
930 1497 1060 1543 Iesus
1085 1497 1298 1543 Clerzlstus
1325 1498 1371 1543 z'n
1392 1496 1552 1558 gloria
1575 1503 1644 1542 est
1669 1497 1748 1542 dez‘
1762 1497 1935 1558 patris,
1979 1494 2052 1543 cui

151 1579 306 1646 gloria
353 1579 474 1647 patri
517 1580 566 1629 in
606 1577 730 1643 filio,
787 1596 891 1629 cum
930 1577 1102 1646 spiritu
1150 1587 1345 1641 sanctu,
1402 1578 1451 1628 in
1489 1579 1682 1629 saecula
1729 1578 2052 1640 saeculorum,

152 1663 331 1714 Amen.

612 1831 759 1872 AETll
793 1831 1105 1871 SALUTATto
1141 1830 1200 1870 IN
1230 1830 1357 1870 FlNE
1387 1831 1590 1871 POSITA.

288 1912 407 1965 Post
435 1915 552 1966 haec
594 1915 931 1965 salutationem
973 1914 1189 1965 subtexit
1227 1914 1298 1965 his
1331 1914 1520 1966 verbis:
1584 1913 1718 1966 Deus
1757 1915 1864 1979 ille,
1920 1916 2054 1983 quia

151 1998 279 2050 nullo
318 1999 412 2049 alio
453 1999 643 2067 genitus
677 2008 777 2062 est,
832 1999 1005 2066 quique
1050 1999 1181 2049 solus
1218 2015 1364 2050 verus
1412 2000 1527 2050 deus
1576 2000 1634 2050 ab
1672 1998 1786 2052 Iesu
1832 1996 2049 2064 Christo,

150 2101 289 2151 quem
318 2083 398 2134 ille
429 2084 651 2147 miserat,
692 2083 957 2151 appellatus
993 2092 1085 2146 est,
1128 2079 1324 2134 Christo
1351 2082 1573 2151 inquam,
1616 2085 1692 2152 qui
1729 2101 1901 2137 revera
1935 2094 2048 2135 ante

152 2168 348 2220 saecula
392 2168 549 2219 omnia
592 2167 781 2232 extitit,
835 2177 1002 2236 estque
1043 2167 1148 2218 sine
1188 2168 1329 2217 dubio
1358 2169 1521 2234 genita
1556 2169 1849 2233 substantia,
1906 2186 2052 2219 sanos

152 2269 269 2316 νοε,
323 2262 372 2303 ει
398 2269 569 2315 sanaS,
623 2261 672 2302 et
704 2252 969 2302 incolumes
1003 2252 1059 2302 ab
1089 2251 1334 2321 impietate
1365 2253 1630 2316 custodiat,
1683 2257 1729 2302 z'n
1762 2256 1946 2302 Christo
1974 2257 2054 2303 do-

151 2340 272 2386 mino
304 2347 490 2397 nostro,
532 2353 618 2406 per
644 2354 783 2404 quem
814 2337 968 2387 onmis
995 2336 1148 2405 gloria
1187 2337 1337 2406 patri,
1381 2345 1429 2387 et
1465 2354 1621 2400 nunc,
1663 2345 1711 2388 ει
1747 2354 1967 2407 semper,
2008 2346 2057 2389 et

151 2419 200 2470 in
237 2421 433 2471 saecula
467 2421 797 2486 saeculorum,
837 2421 1016 2472 Amen.

292 2501 591 2556 Confutatio.
669 2502 770 2557 Sub
801 2505 1018 2574 opusculi
1047 2506 1188 2556 finem
1230 2505 1287 2556 ad
1319 2505 1509 2556 sodales
1545 2523 1660 2557 suos
1691 2505 1909 2557 scribens
1951 2506 2052 2557 Ae·-

152 2589 273 2653 tiuS,
328 2591 451 2657 quod
485 2589 687 2641 athletas
719 2598 766 2640 et
795 2590 1044 2640 athletrias
1084 2590 1326 2655 nominat,
1379 2607 1439 2640 ne
1466 2598 1561 2640 tum
1594 2590 1781 2657 quidem
1813 2591 1870 2640 ab
1896 2591 2054 2659 impiis

150 2673 352 2724 vocibus
393 2673 651 2736 abstinuit,
706 2674 790 2724 sed
821 2673 868 2723 in
901 2674 1216 2725 valedicendo
1256 2692 1444 2742 quoque
1490 2674 1751 2726 abhorrere
1780 2692 1833 2726 se
1866 2675 1925 2725 ab
1953 2675 2051 2726 sin-

151 2775 262 2809 cera
304 2758 520 2809 doctrina
553 2756 856 2808 monstravit.
934 2755 1017 2809 Sic
1052 2757 1176 2808 enim
1206 2758 1445 2826 loquitur:
1500 2762 1652 2808 Sanos
1676 2778 1755 2809 vos
1783 2770 1828 2809 et
1850 2763 2053 2809 valentes

150 2847 326 2908 quiesi
348 2861 377 2892 a
401 2861 451 2892 se
472 2847 661 2907 genitus
686 2845 797 2891 dens
825 2845 1080 2891 custodiat.-
1137 2860 1225 2892 nec
1250 2843 1363 2893 illud
1392 2843 1757 2908 animadvertit,
1817 2853 1964 2894 totam
1996 2843 2052 2893 il-

150 2927 245 2978 lam
273 2944 489 2996 sparsam
521 2945 548 2978 a
577 2943 630 2976 se
660 2925 990 2993 quaestionem
1026 2943 1119 2976 una
1150 2944 1272 2977 voce
1304 2927 1529 2991 dissolvi,
1575 2945 1679 2978 cum
1714 2929 1761 2977 in
1789 2927 2051 2996 superiori-

150 3011 239 3062 bus
280 3011 512 3080 capitibus
542 3011 599 3061 de
638 3010 856 3077 ingenito
895 3010 985 3059 deo
1013 3009 1211 3077 loquens
1240 3028 1540 3078 nequaquam
1571 3029 1597 3061 a
1627 3011 1786 3080 seipso
1821 3010 1922 3062 fieri
1951 3019 2049 3060 sta-

149 3095 323 3158 tuerit,
379 3095 467 3146 hoc
509 3113 628 3146 vero
668 3095 774 3145 loco
809 3111 834 3144 a
864 3095 1023 3161 seipso
1064 3095 1276 3161 genitum
1324 3095 1541 3145 affirmet.
1620 3093 1880 3161 Quaelibet
1922 3094 2047 3144 enim

150 3179 355 3230 hominis
381 3196 518 3230 mens
544 3182 615 3230 sui
647 3179 794 3248 ipsius
823 3177 1148 3242 obliviscitur,
1189 3187 1241 3228 ut
1269 3179 1316 3228 in
1346 3195 1513 3228 errore
1548 3179 1837 3246 deprehendi
1873 3179 2043 3246 possit.

149 3262 300 3314 Addit
355 3272 635 3331 praeterea,
705 3266 798 3326 Qui
842 3272 890 3311 et
932 3264 1059 3310 solus
1105 3271 1353 3326 propterea
1411 3280 1546 3311 verus
1598 3266 1709 3311 deus
1759 3265 2037 3327 appellatur.

204 3374 243 3417 3.
275 3373 403 3430 κυρίῳ
433 3387 564 3425 supra.
1123 3373 1231 3412 tibus
1259 3372 1311 3412 de
1332 3372 1515 3425 ingenito
1548 3372 1652 3423 deo,
1695 3368 1900 3412 Praevidit
1925 3373 2046 3413 etiam

204 3429 243 3471 4.
277 3430 362 3486 θεῷ
393 3429 465 3472 καὶ
493 3434 596 3472 abest
623 3443 756 3481 supra.
1125 3428 1235 3482 quod
1260 3443 1390 3481 neque
1415 3428 1590 3481 seipsum
1617 3428 1716 3468 fecit
1739 3434 1817 3469 cett.
1859 3432 2045 3470 Inducen-

204 3486 240 3527 5.
271 3489 435 3536 Repone,
462 3489 563 3536 quod
592 3489 757 3537 excidit,
787 3485 858 3528 καὶ
886 3481 966 3529 ἀεὶ.
1025 3487 1065 3525 V.
1124 3487 1217 3523 dam
1258 3487 1376 3534 i9itur
1416 3496 1492 3524 esse
1534 3487 1686 3534 putavit
1721 3488 1958 3535 neyationem
1997 3482 2042 3528 οὗ

148 3555 266 3593 supra
293 3554 385 3593 pay.
410 3541 505 3583 930.
533 3547 567 3582 et
593 3545 698 3593 infra
724 3555 818 3594 pay.
835 3541 931 3583 985.
1124 3545 1210 3580 ante
1240 3539 1350 3581 θεοῦ.

204 3597 245 3639 6.
275 3600 406 3648 Supra
431 3610 522 3649 paq.
542 3595 636 3640 924.
1178 3599 1216 3636 ὃ.
1245 3590 1360 3637 ἄνοια
1389 3597 1471 3636 cod.
1489 3597 1662 3647 Rhediy„
1690 3598 1792 3647 quod
1812 3610 1944 3638 verum
1968 3610 2045 3639 esse

205 3654 243 3695 7.
288 3656 419 3703 Supra
459 3667 543 3703 cap.
580 3655 641 3696 13.
713 3657 921 3695 Carnarius
959 3656 1067 3693 vertit
1121 3653 1281 3691 videtur.

152 3723 241 3751 cum
275 3709 379 3749 enim
409 3708 556 3748 dixerit
584 3709 624 3748 in
653 3710 927 3764 superioribus
953 3708 1067 3762 capi-
