2508 4134
521 330 747 373 PANARH
777 331 883 372 Lm.
898 331 972 372 111.
999 330 1134 371 ToM.
1156 334 1185 372 ῐ.
1215 331 1591 373 HAER.LXXV1.
1911 320 2006 370 211

499 512 785 562 SEQUITUR
819 513 966 552 AETII
998 511 1246 552 ANOMOEI
1277 514 1625 553 OPUSCULUM.

254 594 493 663 Quoniam
527 594 878 665 persecutionis
904 595 1028 645 illius
1059 604 1302 662 tempore,
1345 615 1482 663 quam
1515 606 1681 647 contra
1711 614 1798 648 nos
1831 605 2011 665 tcmpo-
2047 601 2142 656 Cap.
2170 603 2244 642 XI.

116 680 231 732 rarii
262 680 449 749 quidam
482 680 696 730 homines
731 679 1036 741 excitarunt,
1079 679 1292 728 nonnulli
1324 697 1387 729 ex
1417 681 1474 729 iis
1506 698 1623 747 quos
1653 682 1861 732 diximus
1891 682 2016 732 inter

118 765 209 816 alia
240 765 385 815 multa
413 763 691 832 opusculum
719 763 953 830 quoddam
984 762 1204 831 privatim
1231 780 1257 812 a
1284 763 1421 812 nobis
1453 763 1777 815 elucubratum
1804 768 1860 816 de
1885 766 2016 833 inge-

118 851 218 901 nito
247 850 336 900 deo
366 866 422 898 ac
451 846 615 915 genito
647 846 994 914 surripientes,
1055 846 1294 914 plerisque
1327 847 1498 896 additis
1527 856 1609 897 aut
1638 849 1893 912 detractis,
1947 851 2019 899 in-

119 933 401 1002 terpolatum
454 949 511 982 ac
561 931 870 1000 depravatum
922 930 1199 993 ediderunt,
1270 930 1543 998 perturbata
1595 931 1792 998 insuper
1840 933 2020 983 ordinis

118 1018 273 1081 serie,
329 1025 472 1084 atque
515 1015 625 1065 illud
670 1014 792 1065 idem
836 1023 1001 1081 postea
1044 1014 1290 1064 literarum
1333 1014 1518 1082 quidam
1556 1015 1612 1064 ad
1649 1033 1736 1065 nos
1776 1016 2019 1068 studiosus

119 1094 303 1164 attulit,
345 1116 547 1150 necesse
577 1098 713 1149 habui
733 1137 746 1162 ,
789 1107 953 1166 utpote
983 1098 1109 1148 illius
1141 1107 1336 1162 auctor,
1393 1098 1683 1149 recensitum
1711 1117 1765 1149 ac
1793 1117 2021 1169 repurga-

120 1195 215 1237 tum
245 1201 364 1253 opus
387 1183 513 1234 istud
546 1184 602 1232 ad
634 1200 722 1234 vos
756 1182 966 1243 mittere,
1008 1181 1290 1249 quicumque
1319 1182 1508 1249 pietatis
1541 1183 1748 1234 athletae
1775 1186 2022 1252 utriusque

120 1287 271 1322 sexus
311 1268 456 1330 estis,
511 1277 562 1318 ut
604 1266 881 1333 intelligatis
923 1266 1036 1315 nibil
1080 1284 1173 1315 non
1217 1266 1265 1316 in
1309 1284 1365 1316 eo
1399 1284 1461 1317 ex
1494 1285 1742 1318 sacrarum
1778 1267 2023 1319 literarum

119 1371 348 1422 germano
388 1368 496 1402 esse
541 1367 690 1401 sensu
730 1350 984 1418 prolatum.
1064 1347 1216 1400 Cuius
1253 1350 1438 1418 quidem
1469 1351 1710 1419 praesidio
1744 1369 1827 1402 eos
1858 1370 2025 1403 omnes

122 1438 202 1507 qui
228 1436 560 1488 contradicere
590 1434 861 1497 voluerint,
903 1434 1063 1501 paucis
1092 1435 1370 1501 quibusdam
1401 1435 1618 1486 breviter
1646 1436 1875 1500 obiectis,
1918 1455 2027 1505 pro-

123 1524 287 1574 bibere
317 1521 565 1589 poteritis,
608 1536 668 1569 ne
696 1519 753 1568 de
782 1518 994 1585 ingenito
1026 1518 1116 1568 deo
1144 1537 1200 1568 ac
1227 1519 1390 1586 genito
1422 1536 1694 1571 sermonem
1724 1521 2028 1589 impudenter

121 1607 403 1668 instituant,
460 1622 515 1654 ac
557 1602 872 1671 temporarios
909 1602 1017 1652 illos
1055 1602 1272 1670 inprimis
1314 1622 1433 1671 quos
1477 1604 1634 1671 attigi.
1709 1602 1867 1655 Porro
1906 1605 2027 1656 banc

123 1689 488 1758 disputationem
533 1687 579 1737 in
622 1687 775 1755 capita
816 1703 1042 1737 versuum
1086 1687 1133 1736 in
1163 1689 1349 1738 modum
1384 1687 1449 1738 ita
1477 1688 1764 1756 digessimus
1799 1698 1920 1740 utet
1947 1690 2029 1740 ob—

122 1775 358 1826 iectiones
397 1772 513 1822 alias
556 1788 617 1821 ex
659 1771 795 1832 aliis,
851 1778 898 1820 et
939 1771 1271 1838 quaestionum
1319 1772 1660 1824 dissolutiones
1701 1783 2025 1837 necteremuS,

125 1877 218 1927 quo
254 1867 302 1908 et
343 1859 399 1908 ad
440 1855 936 1923 comprehendendum
981 1855 1196 1906 faciliora
1236 1865 1284 1906 et
1319 1856 1562 1924 planiora,
1621 1857 1792 1925 quibus
1828 1858 2025 1921 utimur,

126 1935 406 2011 argumenta
447 1939 585 1991 vobis
627 1948 811 1990 essent.
891 1939 964 1988 Ab
1002 1938 1218 2006 ingenito
1258 1957 1375 1990 vero
1407 1941 1497 1991 deo
1536 1940 1804 2010 disputandi
1840 1942 2025 1993 initium

127 2026 346 2078 fecimus.

266 2113 300 2160 1.
341 2107 395 2161 Si
421 2108 664 2175 ingenitus
696 2109 812 2158 deus
841 2108 963 2175 quod
997 2107 1209 2175 genitum
1241 2117 1316 2158 est
1343 2110 1500 2159 facere
1540 2110 1806 2177 ingenitum
1848 2119 2024 2179 potest,

129 2195 361 2264 siquidem
404 2192 669 2244 substantia
714 2191 868 2243 omnis
895 2190 1108 2259 ingenita
1137 2201 1240 2255 est,
1295 2202 1494 2257 neutra,
1538 2195 1660 2262 quod
1693 2196 1751 2245 ad
1782 2212 1886 2246 eam
1916 2212 2031 2245 con-

129 2279 354 2330 ditionem
383 2279 581 2340 attinet,
637 2276 812 2327 nullius
839 2284 890 2326 ut
918 2276 1178 2326 dominatui
1209 2277 1393 2342 subsit,
1444 2278 1502 2328 ab
1536 2279 1686 2329 altera
1720 2279 2028 2349 discrepabit.

130 2361 335 2430 Quinam
374 2362 521 2429 igitur
551 2360 643 2411 dici
677 2369 835 2429 potest
871 2361 1043 2411 mutari
1077 2361 1264 2427 quidem
1303 2362 1533 2426 alteram,
1583 2364 1790 2432 alteram
1822 2373 2028 2429 mutare,

130 2465 236 2497 cum
266 2463 330 2496 ex
361 2445 490 2496 nulla
515 2445 730 2496 subiecta
756 2445 956 2495 materia
988 2444 1236 2512 quicquam
1266 2447 1355 2496 deo
1396 2448 1663 2514 producere
1698 2448 1892 2500 minime
1925 2467 2032 2518 per-

130 2531 349 2582 mittant?

272 2616 328 2664 11.
353 2611 406 2665 Si
436 2613 678 2680 ingenitus
706 2613 823 2664 deus
848 2630 1016 2663 caussa
1040 2622 1114 2663 est
1139 2613 1269 2663 omni
1294 2615 1638 2683 praestantior,
1664 2616 1757 2667 erit
1787 2617 1927 2667 etiam
1950 2634 2033 2684 ge-

133 2699 382 2751 neratione
409 2697 511 2766 ipsa
550 2697 892 2764 praestantior.
971 2694 1055 2760 Si,
1097 2697 1315 2765 inquam,
1359 2700 1543 2751 caussis
1574 2701 1794 2751 omnibus
1824 2701 2035 2751 antecel-

132 2784 214 2848 lit,
255 2780 558 2852 generationi
584 2781 746 2831 itidem
773 2781 1046 2831 antecellet.
1122 2780 1296 2849 Neque
1326 2784 1452 2833 enim
1481 2793 1562 2834 aut
1591 2785 1647 2834 ab
1678 2785 1830 2835 altera
1863 2794 2032 2835 natura

135 2877 187 2919 ut
225 2875 357 2918 esset
392 2866 608 2935 accepit,
651 2872 734 2914 aut
769 2864 882 2914 illud
921 2864 1020 2930 ipse
1059 2865 1147 2914 sibi
1190 2867 1408 2917 contulit.

273 2953 352 3001 ΙΙΙ.
375 2950 476 3001 Iam
506 2967 644 3012 vem,
686 2949 725 2999 si
755 2948 858 3016 ipse
885 2947 974 2998 sibi
1002 2957 1051 2998 ut
1080 2959 1210 2999 esset
1239 2950 1433 3002 minime
1468 2953 1685 3015 contulit,
1714 2971 1809 3002 non
1838 2962 2036 3021 propter

134 3037 275 3088 ullam
316 3044 519 3085 naturae
561 3032 965 3095 imbecillitatem,
1020 3034 1102 3082 sed
1140 3035 1261 3100 quod
1303 3052 1474 3086 caussa
1516 3036 1577 3086 sit
1622 3037 1747 3086 omni
1791 3036 2033 3104 superior,

136 3121 240 3189 quis
274 3119 612 3170 subsistentem
646 3126 859 3167 naturam
896 3115 952 3164 ab
984 3132 1060 3177 ea,
1102 3134 1221 3183 quae
1252 3118 1591 3170 subsistentem
1626 3121 1923 3188 produxerit,
1967 3120 2038 3170 ni-

138 3205 202 3255 bil
247 3204 296 3254 in
335 3203 602 3254 substantia
639 3199 927 3251 discriminis
968 3199 1143 3249 babere
1172 3201 1427 3267 fatebitur,
1481 3222 1584 3253 cum
1619 3204 1850 3255 eiusmodi
1881 3204 2038 3254 subsi-

139 3288 315 3340 stentia
354 3286 717 3355 generationem
757 3300 945 3335 omnem
985 3283 1241 3334 excludat?

282 3374 359 3422 1V.
382 3368 436 3422 Si
460 3379 690 3439 perpetuo
712 3387 767 3419 ac
791 3368 896 3419 sine
923 3367 1015 3417 ullo
1046 3367 1138 3417 fine
1157 3368 1273 3418 deus
1297 3368 1343 3418 in
1370 3369 1579 3436 ingenita
1609 3379 1779 3421 natura
1804 3370 2036 3439 persistit,

143 3608 203 3638 σιν
229 3598 310 3636 cett.
326 3624 339 3645 ‚
367 3595 470 3645 quod
493 3606 626 3634 verum
652 3604 728 3634 esse
750 3597 855 3643 pulo.
916 3594 1061 3632 Corna-
1120 3591 1313 3640 factunm,
1340 3590 1457 3632 initio
1483 3592 1534 3631 de
1557 3592 1636 3633 deo
1658 3592 1843 3648 ingenito
1864 3603 2042 3649 sumpto.

140 3655 223 3692 rius
245 3653 354 3691 vertit
375 3651 415 3689 in
439 3663 626 3690 versuum
651 3649 787 3703 specie
812 3645 1063 3701 pronuntiati
1174 3645 1212 3687 9.
1243 3647 1510 3700 προςιεμένης
1535 3652 1682 3689 restitui
1709 3663 1756 3690 ex
1783 3652 1909 3701 Refut.
1970 3654 2042 3691 Ge-

142 3705 516 3761 pronuntiationem
542 3736 552 3755 ,
607 3713 649 3744 et
688 3703 903 3745 solutionis
949 3701 1062 3742 solu-
1118 3705 1259 3742 nuinae
1283 3706 1496 3753 scripturae
1523 3709 1737 3755 corruptela
1765 3712 1818 3746 est
1841 3706 2043 3760 πρωιεμέ-

141 3762 326 3813 tionem,
383 3775 463 3816 quo
505 3761 663 3801 facilius
701 3759 977 3807 retineantur,
1023 3766 1064 3796 et
1120 3772 1216 3810 νης,
1257 3761 1359 3807 quod
1386 3762 1521 3810 leyitur
1547 3764 1585 3800 in
1611 3763 1722 3801 codd.
1752 3775 1841 3802 mss.
1872 3768 2044 3813 utroque,

144 3818 422 3871 aggressiones
447 3825 488 3856 ct
513 3817 811 3870 epicheremata
835 3816 941 3855 clara
968 3814 1062 3862 sint,
1120 3816 1221 3853 unde
1252 3816 1411 3855 editores
1442 3817 1671 3866 effinxerunt
1699 3818 1958 3871 προϊεμένης.

1577 3887 1688 3940 14*
