2508 4134
210 2280 296 2316 pag.
319 2271 415 2307 1088.

449 260 555 310 498
1165 268 1368 311 SANCTI
1399 271 1680 311 EP1PHAN11

450 367 502 418 δὲ
525 367 609 418 καὶ
640 368 947 433 μεταβαίνειν
974 363 1062 433 τὴν
1099 364 1268 433 ψυχὴν
1301 367 1371 427 εἰς
1399 366 1554 420 πολλοὶ
1581 373 1693 431 ζῶα.
1766 365 2014 420 Ἐκέλευσε
2040 368 2095 420 δὲ
2128 373 2154 404 4
2173 370 2258 422 καὶ
2284 376 2391 431 τοῖς

449 458 701 518 μαθηταῖς
732 451 886 504 αὐτοῦ
918 456 1114 504 σιωπᾶν
1153 452 1236 504 ἐπὶ
1267 458 1503 520 πενταετῆ
1527 452 1729 523 χρόνον,
1768 454 1851 506 καὶ
1878 450 1932 505 τὸ
1963 459 2233 508 τελευταῖον
2265 454 2390 508 θεὸν

449 536 623 590 ἑαυτὸν
661 535 973 604 έπωνώμασε.
1946 583 1964 593 .

590 620 906 689 Ξενοφάνης,
957 620 986 675 6
1008 628 1097 675 τοῦ
1123 620 1490 692 Ὀρθουμένου,
1547 621 1897 687 Κολοφώνιος,
1954 624 2008 675 ἐκ
2031 630 2122 693 γῆς
2150 627 2236 678 καὶ
2266 625 2387 680 {moc-

446 728 532 769 τος
560 709 658 775 ἔφη
687 705 747 760 τά
772 707 933 760 πάντα
955 712 1193 778 γίνεσθαι.
1272 705 1424 761 Εἶναι
1452 708 1504 760 δὲ
1531 706 1591 760 τοὶ
1617 707 1804 772 πάντα,
1845 704 1914 768 ὥς
1940 709 2056 775 ἔφη,
2095 709 2242 764 οὐδὲν
2271 709 2387 778 ἄλη-

448 794 564 855 θές·
619 791 779 854 οὕτως
807 791 861 846 τὸ
894 791 1090 865 ἀτρεκὲς
1123 791 1243 862 ἡμῖν
1283 792 1494 861 ἄδηλον,
1548 793 1752 860 δόκησις
1788 792 1840 844 δὲ
1873 794 1955 846 ἐπὶ
1985 800 2107 848 πᾶσι
2145 797 2385 861 τέτυκται,

451 877 659 947 μάλιστα
696 884 796 931 τῶν
833 878 1084 945 ἀφανέων.

593 967 938 1034 Παρμενίδης,
993 962 1022 1018 ὁ
1050 970 1139 1018 τοῦ
1173 964 1430 1034 Πύρητος,
1482 963 1535 1016 τό
1570 965 1710 1033 γένος
1729 962 1990 1032 Ἐλεάτης,
2040 967 2124 1018 καὶ
2153 965 2304 1029 αὐτὸς
2329 965 2385 1020 τό

444 1047 651 1121 ἄπειρον
689 1052 845 1121 ἔλεγεν
884 1048 1039 1120 ἀρχὴν
1075 1056 1174 1103 τῶν
1210 1049 1425 1103 πάντων.
2089 1048 2093 1052 ’

591 1135 771 1203 Ζήνων
801 1133 830 1190 6
849 1136 1108 1203 Ἐλεάτης,
1161 1132 1191 1187 6
1219 1133 1480 1205 ἐριστικός,
1533 1135 1614 1186 ἴσα
1641 1140 1707 1207 τῷ
1737 1135 1883 1208 ἑτέρῳ
1923 1133 2147 1203 Ζήνωνι,
2188 1137 2271 1188 καὶ
2295 1134 2387 1204 τὴν

443 1225 538 1290 γῆν
567 1220 800 1288 ἀκίνητον
829 1223 980 1292 λέγει,
1018 1223 1101 1274 καὶ
1137 1222 1320 1288 μηδένα
1351 1218 1507 1272 τόπον
1537 1217 1683 1272 κενὸν
1711 1217 1849 1273 εἶναι.
1925 1222 2024 1272 Καὶ
2053 1222 2177 1291 λέγει
2201 1219 2384 1284 οὕτως·

451 1304 517 1359 Τό
549 1306 844 1374 κινούμενον
885 1306 996 1375 ἤτοι
1026 1309 1079 1359 ἐν
1110 1299 1150 1378 ᾦ
1179 1308 1279 1359 ἐστι
1313 1305 1451 1378 τόπῳ
1484 1313 1712 1370 κινεῖται,
1764 1304 1799 1373 ἢ
1826 1307 1878 1358 ἐν
1907 1299 1947 1378 ᾧ
1974 1303 2067 1360 οὐκ
2095 1308 2208 1361 ἔστι.
2284 1308 2383 1360 Καὶ

442 1388 554 1444 οὔτε
591 1394 642 1445 έν
680 1385 720 1465 ᾧ
759 1394 859 1446 ἐστι
895 1390 1032 1464 τόπῳ
1070 1399 1306 1458 κινεῖται,
1345 1389 1459 1445 οὔτε
1497 1393 1548 1444 έν
1586 1384 1626 1464 ᾧ
1655 1388 1748 1444 οὐκ
1788 1393 1943 1445 ἔστιν·
1985 1391 2082 1446 οὐκ
2121 1389 2218 1464 ἄρα
2241 1415 2384 1446 τικι-

443 1484 608 1531 νεῖται.

583 1649 834 1711 Μέλισσος
868 1646 897 1703 6
922 1655 1012 1703 τοῦ
1043 1648 1362 1718 Ἰθαγενοῦς,
1415 1646 1610 1717 Σάμιος
1653 1647 1706 1702 vd
1739 1650 1906 1719 γένος,
1959 1652 2016 1702 ἓν
2056 1647 2110 1702 τὸ
2141 1654 2242 1702 πᾶν
2286 1651 2383 1717 ἔφη

441 1729 562 1786 εἶναι
579 1775 592 1798 ,
633 1735 784 1802 μηδὲν
810 1735 863 1788 δὲ
890 1736 1101 1803 βέβαιον
1124 1731 1361 1805 ὖπάρχειν
1388 1739 1446 1808 τῇ
1477 1734 1651 1802 φύσει,
1691 1733 1809 1787 ἄλλα
1835 1733 1998 1787 πάντα
2027 1732 2148 1788 εἶναι
2177 1732 2383 1805 φθαρτοὶ

444 1823 497 1875 ἐν
535 1821 755 1891 δυνάμει.

585 1906 884 1968 Λεύκιππος
917 1903 944 1959 6
975 1905 1252 1974 Μιλήσιος,
1306 1904 1429 1958 κατοὶ
1455 1906 1510 1959 δέ
1533 1928 1670 1968 τινας
1695 1904 1945 1973 Ἐλεάτης,
1996 1907 2081 1959 καὶ
2113 1900 2262 1968 οὗτος
2288 1907 2383 1976 ἐρι-

442 1991 634 2059 στικός,
687 1996 739 2047 έν
766 1991 955 2065 ἀπείρῳ
995 1994 1076 2045 καὶ
1110 1985 1258 2053 οὗτος
1286 1990 1340 2043 τό
1378 1998 1479 2044 πᾶν
1517 1993 1615 2059 ἔφη
1658 1989 1811 2056 εἶναι,
1865 1992 1990 2044 κατα
2027 1995 2300 2056 φαντασίαν
2327 1990 2381 2044 δὲ

439 2080 526 2131 καὶ
554 2079 759 2147 δόκησιν
788 2077 847 2131 τά
876 2078 1037 2132 πάντα
1065 2082 1320 2148 γίνεσθαι,
1359 2079 1439 2131 καὶ
1477 2078 1628 2145 μηδὲν
1656 2075 1781 2130 κατα
1811 2074 2073 2144 ἀλήθειαν,
2128 2074 2224 2130 ἄλλ’
2249 2075 2378 2130 οὕτω

440 2168 716 2231 φαίνεσθαι
753 2162 878 2218 κατά
914 2163 1004 2232 τήν
1041 2166 1092 2217 ἐν
1129 2170 1197 2236 τῷ
1234 2163 1382 2216 ὕδατι
1417 2162 1605 2233 κώπην.

583 2250 924 2322 Δημόκριτος,
965 2247 993 2303 6
1021 2255 1108 2303 τοῦ
1139 2252 1505 2316 Δαμασίππου,
1542 2246 1856 2317 Ἀβδηρίτης,
1906 2245 1991 2300 τὸν
2024 2245 2213 2314 κόσμον
2243 2244 2377 2300 ἄπει-

437 2357 527 2406 ρον
551 2338 649 2404 ἔφη
676 2338 760 2390 καὶ
784 2334 908 2406 ὑπὲρ
935 2342 1082 2388 κενοῦ
1110 2342 1323 2387 κεῖσθαι.
1384 2332 1535 2400 ”Εφη
1566 2333 1617 2385 δὲ
1644 2334 1728 2385 καὶ
1745 2336 1803 2385 ἓν
1825 2334 1958 2394 τέλος
1979 2329 2104 2386 εἶναι
2127 2338 2224 2385 τῶν
2252 2331 2376 2385 πάν-

435 2442 562 2485 των,
616 2424 701 2474 καὶ
733 2421 983 2489 εὐθυμίαν
1015 2418 1069 2473 τὸ
1100 2418 1361 2489 κράτιστον
1394 2417 1542 2483 εἶναι,
1596 2416 1683 2480 τοὶς
1713 2418 1764 2470 δὲ
1797 2417 1956 2479 λύπας
1988 2416 2142 2487 ὅρους
2175 2421 2374 2480 κακίας·

433 2507 520 2558 καὶ
553 2505 607 2559 vd
639 2509 825 2559 δοκοῦν
859 2510 1053 2559 δίκαιον
1094 2505 1188 2558 οὐκ
1230 2502 1355 2557 εἶναι
1394 2508 1609 2568 δίκαιον,
1666 2501 1841 2557 ἄδικον
1877 2505 1929 2557 δὲ
1955 2502 2009 2557 τὸ
2041 2505 2260 2556 ἐναντίον
2288 2509 2378 2571 τῆς

437 2592 648 2657 φύσεως.
720 2589 972 2644 Ἐπίνοιαν
1008 2590 1100 2662 γάρ
1130 2589 1290 2659 κακὴν
1328 2589 1443 2653 τούς
1473 2589 1661 2658 νόμους
1689 2591 1843 2659 ἔλεγε,
1897 2591 2009 2655 καὶ,
2066 2587 2141 2642 Οὐ
2168 2587 2259 2660 χρὴ
2293 2588 2376 2642 νό-

438 2697 552 2744 μοις
589 2684 878 2748 πειθαρχεῖν
914 2676 1000 2730 τὸν
1037 2676 1225 2743 σοφὸν,
1265 2674 1384 2729 ἄλλα
1425 2679 1714 2747 ἐλευθερίως
1750 2681 1849 2744 ζῆν.

578 2848 929 2918 Μητρόδωρος
962 2846 989 2901 6
1021 2853 1151 2910 Χῖος
1186 2850 1283 2915 ἔφη
1313 2849 1498 2917 μηδένα
1528 2847 1680 2915 μηδὲν
1713 2848 2033 2910 ἐπίστασθαι,
2074 2842 2191 2897 ἄλλα
2219 2851 2372 2898 ταῦτα

437 2932 468 2985 ἃ
497 2937 743 3001 δοκοῦμεν
770 2932 1025 3004 γινώσκειν
1066 2933 1286 3002 ἀκριβῶς
1316 2933 1410 2987 οὐκ
1443 2931 1779 3001 ἐπιστάμεθα,
1836 2929 1950 2985 οὐδὲ
1979 2938 2085 2992 ταῖς
2112 2929 2373 2999 αἰσθήσεσι

436 3021 515 3071 δεῖ
546 3020 822 3088 προςέχειν,
861 3018 1061 3086 δοκήσει
1098 3018 1191 3090 γάρ
1232 3021 1332 3072 ἐστι
1368 3018 1427 3071 τά
1465 3017 1640 3070 πάντα.

579 3103 917 3175 Πρωταγόρας
944 3103 973 3157 6
999 3111 1087 3158 τοῦ
1114 3105 1448 3174 Μενάνδρου,
1484 3101 1790 3174 Ἀβδηρίτης,
1828 3104 1924 3169 ἔφη
1953 3099 2020 3168 μὴ
2048 3098 2201 3162 θεοὺς
2228 3098 2368 3168 εἶναι,

443 3190 565 3258 μηδὲ
603 3188 729 3252 ὅλως
764 3189 887 3243 θεὸν
924 3187 1175 3260 ὑπάρχειν.

576 3276 820 3345 Διογένης
858 3273 887 3328 ό
914 3282 1227 3346 Σμυρναῖος,
1284 3273 1408 3329 κατὰ
1439 3276 1493 3328 δέ
1521 3296 1656 3336 τινας
1691 3278 2002 3343 Κυρηναῖος,
2055 3267 2113 3322 τά
2145 3268 2270 3323 αὐτοὶ
2301 3277 2368 3344 τῷ

437 3360 753 3433 Πρωταγόρᾳ
789 3359 1004 3424 ἐδόξασε.

579 3445 798 3517 Πύρρων
825 3444 923 3499 άπὸ
947 3445 1176 3511 ’Ἠλιδος,
1234 3452 1329 3499 τῶν
1359 3443 1517 3500 ἄλλων
1545 3449 1717 3511 σοφῶν
1742 3441 1801 3495 τοὶ
1833 3440 2052 3511 δόγματα
2077 3439 2368 3512 συναγαγών

435 3530 623 3596 πάντα,
663 3529 936 3594 ἀντιθέσεις
965 3530 1132 3593 αὐτοῖς
1160 3534 1403 3602 ἔγραψεν,
1443 3529 1726 3601 άνατρέπων
1757 3525 1841 3588 τοὶς
1870 3526 2018 3589 δόξας
2046 3525 2232 3593 αὐτῶν,
2282 3529 2367 3581 καὶ

439 3615 607 3668 οὐδενὶ
648 3616 854 3686 δόγματι
891 3617 1140 3688 ἠρέσκετο.

575 3698 904 3768 Ἐμπεδοκλῆς
948 3700 976 3754 6
1009 3707 1096 3754 τοῦ
1128 3702 1397 3765 Μέτωνος,
1443 3701 1850 3769 Ἀκραγαντῖνος,
1903 3702 2001 3766 πῦρ
2039 3699 2120 3749 καὶ
2159 3705 2252 3768 γῆν
2281 3700 2365 3751 καὶ

490 3811 528 3855 4.
557 3814 631 3856 καὶ
662 3829 736 3856 om.
768 3820 851 3857 cod.
881 3820 1040 3868 Rhediy.
