2508 4134
167 1386 253 1422 pag.
274 1375 370 1411 1067.

171 2821 283 2877 Κεφ.
307 2818 360 2863 α’.

404 227 507 280 462
1112 235 1319 278 SANCTl
1346 237 1631 279 EPJPHANH

402 341 461 408 τῇ
488 338 667 404 παγίδι.
748 332 885 402 Πρός
912 331 1087 404 καιρόν
1111 341 1415 404 τιμωρεῖται,
1453 337 1523 397 εἰς
1545 333 1631 388 τὸν
1651 338 1807 389 αἰῶνα
1832 335 2088 404 βασιλεύει.
2139 334 2221 390 Ἐν
2249 340 2325 390 δε-

404 422 663 491 σμωτηρίῳ
710 419 961 487 βάλλεται,
1013 416 1114 472 ἀλλ’
1139 417 1332 488 αἱρετόν
1371 422 1423 473 ἐν
1454 427 1652 494 φυλακῇ
1685 423 1996 489 καταμένειν,
2044 423 2126 476 καὶ
2154 424 2206 475 έν
2230 444 2322 492 γω-

403 506 483 575 νίᾳ
515 500 801 574 ὑπαίθρου,
840 502 874 571 ἢ
904 502 1024 571 μετά
1051 502 1283 573 γυναικός
1312 508 1522 573 μαχίμου
1547 507 1629 558 καὶ
1659 505 1990 575 γλωσσώδους.
2066 509 2168 560 Καὶ
2194 505 2326 561 πόσα

401 590 501 641 ἔστι
541 590 721 658 λέγειν,
779 587 926 642 ’Ήτοι
966 587 1058 658 γάρ
1103 586 1171 651 ὥς
1206 587 1362 657 αὐτὴν
1402 596 1791 659 προςκυνοῦντες
1830 590 1918 658 τὴν
1952 596 2161 663 Μαρίαν
2200 589 2328 665 αὐτῇ

400 674 735 743 προςφέρουσι
762 672 852 741 τήν
875 678 1138 744 κολλυρίδα
1168 677 1224 727 αἱ
1244 672 1392 744 ἀργαὶ
1423 668 1566 728 αὗται
1592 682 1845 744 γυναῖκες,
1883 673 1995 743 ἤτοι
2018 674 2142 747 ὑπὲρ
2171 674 2327 745 αὐτῆς

401 760 696 828 προςφέρειν
733 761 1028 827 ἐπιχειροῦσι
1063 757 1155 828 τὴν
1193 761 1553 829 προειρημένην
1592 758 1775 827 ταύτην
1819 759 2014 829 σαθράν
2051 761 2323 832 κάρπωσιν.

410 841 474 896 Τό
524 850 627 895 πᾶν
673 845 803 896 ἐστιν
845 841 1048 911 ἠλίθιον
1095 846 1176 897 καὶ
1225 843 1502 915 ἀλλότριον,
1559 845 1645 896 καὶ
1688 846 1740 897 ἐκ
1781 844 2032 913 δαιμόνων
2071 845 2325 915 κινήσεως,

402 926 639 999 φρύαγμά
675 950 725 980 τε
762 930 844 982 καὶ
885 928 1064 996 ἀπάτη.

525 1012 637 1065 Ἵνα
670 1014 723 1066 δὲ
754 1012 820 1082 μὴ
851 1018 1240 1084 παρεκτείνωμαι
1282 1021 1348 1086 τῷ
1388 1012 1546 1085 λόγῳ,
1599 1011 1792 1083 ἀρκέσει
1829 1011 1890 1066 τά
1924 1015 2153 1084 εἰρημένα
2191 1012 2324 1082 ἡμῖν.

399 1097 462 1151 Ἡ
489 1102 668 1169 Μαρία
700 1101 752 1152 έν
783 1105 923 1172 τιμῇ,
982 1097 1010 1152 ό
1037 1097 1210 1168 κύριος
1249 1102 1647 1171 προςκυνείσθω·
1701 1097 1866 1152 οὐδενὶ
1905 1098 1998 1170 γάρ
2043 1098 2328 1170 ἐργάζονται

402 1187 454 1237 οἷ
489 1187 671 1238 δίκαιοι
714 1183 917 1251 πλάνην.
990 1181 1302 1253 Ἀπείραστος
1342 1183 1434 1253 γάρ
1477 1186 1604 1237 ἐστιν
1640 1181 1670 1236 ό
1711 1182 1831 1246 θεὸς
1871 1191 2066 1249 κακῶν,
2114 1183 2328 1256 πειράζει

404 1270 455 1322 δὲ
489 1268 637 1332 αὐτὸς
668 1267 871 1334 οὐδένα,
927 1267 1043 1322 οὐδὲ
1083 1271 1133 1321 οἷ
1155 1267 1309 1321 αὐτοῦ
1334 1271 1527 1333 δοῦλοι,
1579 1268 1705 1339 πρὸς
1734 1267 1941 1338 ἀπάτην.
2000 1269 2246 1333 ’Έκαστος
2272 1270 2326 1323 δὲ

403 1354 675 1425 πειράζεται
702 1357 754 1407 ἐκ
784 1360 872 1422 τῆς
900 1356 1027 1416 ἰδίας
1055 1355 1327 1421 ἐπιθυμίας
1353 1354 1659 1422 ἐξελκόμενος
1685 1355 1768 1407 καὶ
1793 1353 2142 1423 δελεαζόμενος.
2197 1351 2327 1408 Εἶτα

402 1439 435 1508 ἦ
466 1443 709 1508 ἐπιθυμία
753 1443 903 1493 τίκτει
954 1436 1222 1509 ἀμαρτίαν,
1279 1436 1313 1507 ἡ
1357 1440 1410 1493 δὲ
1449 1437 1661 1510 ἁμαρτία
1698 1436 2076 1495 ἀποτελεσθεῖσα
2118 1438 2334 1494 ἀποκυεῖ

402 1524 638 1579 θάνατον.

542 1609 741 1672 Ἱκανῶς
766 1610 818 1662 δὲ
846 1611 971 1677 ἔχειν
1002 1611 1115 1678 περὶ
1139 1608 1339 1663 πάντων
1368 1608 1557 1663 τούτων
1582 1612 1893 1677 νομίσαντες,
1932 1607 2203 1681 ἀγαπητοὶ,
2241 1612 2327 1687 καὶ

401 1695 611 1764 ταύτην,
666 1693 734 1757 ὦς
778 1697 961 1760 εἰπεῖν,
1011 1690 1101 1763 τ’ἠν
1129 1698 1435 1765 κανθαρίδα,
1485 1693 1574 1762 τήν
1598 1701 1667 1768 τῷ
1695 1698 1810 1748 εἴδει
1836 1697 1923 1763 μὲν
1952 1700 2326 1767 2χρυσίζουσαν,

401 1779 652 1852 πτερωτήν
688 1781 769 1845 δὲ,
822 1778 890 1842 ὥς
918 1783 1099 1845 εἰπεῖν,
1151 1782 1235 1833 καὶ
1271 1786 1292 1817 3
1311 1782 1608 1848 πετομένην,
1663 1779 1860 1848 ἰοβόλον
1888 1775 2040 1835 οὖσαν
2070 1782 2156 1834 καὶ
2181 1784 2327 1849 δηλη-

401 1866 568 1938 τήριον
597 1869 647 1920 έν
675 1868 823 1940 ἑαυτῇ
849 1867 1168 1935 κεκτημένην,
1205 1872 1275 1939 τῷ
1299 1865 1428 1939 λόγῳ
1454 1872 1541 1934 τῆς
1570 1865 1818 1934 ἀληθείας,
1829 1870 2205 1937 συντρίψαντες,
2244 1868 2327 1921 ἐπὶ

401 1951 492 2020 τήν
520 1954 590 2005 ἔτι
621 1956 735 2019 μίαν
765 1958 1165 2021 περιλειφθεῖσαν
1206 1954 1355 2019 ἴωμεν
1394 1951 1567 2016 πάλιν,
1617 1951 1743 2005 θεόν
1769 1951 2142 2020 ἐπικαλούμενοι
2171 1973 2327 2021 παρα·

401 2044 574 2105 στῆναι
607 2040 674 2099 εἰς
698 2035 752 2090 τό
783 2035 885 2089 4τά
914 2043 1003 2105 τῆς
1040 2036 1277 2104 ἀληθείας
1315 2039 1578 2105 ι’χνηλατεῖν
1615 2039 1763 2107 μέρη,
1814 2039 1897 2091 καὶ
1924 2036 2048 2091 κατά
2077 2043 2164 2105 τῆς
2191 2039 2329 2091 &vav-1

402 2121 623 2190 τιότητος
659 2121 749 2190 τήν
786 2120 1082 2193 ἀποτροπήν
1116 2125 1297 2176 τελείαν
1339 2121 1695 2193 5ἐργάσασθαι.

872 2388 1106 2444 ΚΑΤΑ
1175 2386 1862 2456 ΜΑΣΣΑΛΙΑΝΩΝ,

479 2483 555 2555 οἷς
599 2482 974 2544 συνάπτονται
1014 2485 1382 2563 Μαρτυριανοὶ
1400 2528 1414 2556 ,
1460 2483 1517 2554 ἐξ
1555 2479 1832 2559 Ἑλλήνων
1879 2479 2059 2555 ὄντες,
2116 2481 2139 2519 1
2164 2482 2262 2540 καὶ

601 2580 953 2663 Εὖφημῖται,
1004 2584 1033 2622 2
1056 2585 1154 2643 καὶ
1196 2584 1560 2656 Σατανιανοὶ,
1609 2579 1878 2658 ἑξακοστή
1924 2578 2115 2659 ὀγδόη,

1069 2680 1106 2759 ἡ
1151 2685 1249 2742 καὶ
1292 2679 1649 2760 ὀγδοηκοστή.

547 2805 715 2878 Κόρον
760 2805 854 2859 οὐκ
899 2808 992 2874 ἔχει
1033 2802 1066 2873 ἡ
1103 2803 1439 2874 ἀναισχυντία,
1495 2805 1611 2858 οὐδὲ
1655 2801 1940 2872 πλησμονὴν
1979 2800 2013 2870 ἡ
2050 2799 2323 2872 ἀφροσύνη,

403 2890 500 2946 ἀλλ’
531 2894 611 2946 ἐπὶ
640 2891 799 2945 πάντα
826 2890 1048 2959 ἥπλωσεν
1086 2892 1270 2959 ἑαυτῆς,
1303 2889 1388 2944 τὸν
1426 2888 1684 2960 λογισμόν,
1734 2890 1817 2942 καὶ
1854 2889 2024 2956 κέχηνε
2058 2885 2112 2940 τό
2151 2884 2323 2955 στόμα,

402 2985 490 3032 τοῦ
514 2977 832 3046 λυμήνασθαι
858 2974 917 3029 τά
946 2983 1034 3030 τοῦ
1060 2975 1215 3044 Ἀδάμ
1240 2978 1323 3030 καὶ
1359 2982 1476 3030 Νῶε
1515 2976 1788 3045 σπέρματα,
1841 2971 2096 3043 διαφόρως
2137 2969 2191 3025 τὸ
2231 2977 2325 3025 σῶ-

404 3086 533 3134 φρον
563 3062 950 3133 ἀποτριβομένη,
999 3064 1084 3114 καὶ
1113 3060 1168 3115 τὸ
1197 3060 1437 3132 πορνικὸν
1474 3059 1708 3132 φρόνημα
1739 3057 2059 3128 πολυτρόπως
2088 3064 2192 3119 τοῖς
2219 3054 2323 3110 ἀδι-

404 3150 663 3217 κουμένοις
701 3146 1080 3214 ύποσπείρουσα.
1162 3155 1184 3185 ³
1207 3152 1396 3200 Φυεῖσα
1425 3145 1518 3217 γάρ
1550 3144 1668 3213 μετά
1695 3143 1872 3206 ταύτας
1901 3142 2046 3195 πάλιν
2082 3140 2170 3203 τάς
2195 3144 2325 3213 αἱρέ-

405 3252 502 3296 σεις
530 3234 670 3302 μωρά
698 3256 770 3297 τις
794 3235 877 3286 καὶ
907 3231 1068 3300 πάσης
1093 3231 1382 3303 ἀφροσύνης
1409 3235 1625 3300 ἔμπλεως
1654 3231 1890 3296 ἐπανέστη
1918 3225 2035 3295 ἡμῖν
2071 3228 2208 3297 ἑτέρα
2232 3250 2322 3294 τις,

406 3326 593 3389 γελοῖος
624 3320 711 3387 μὲν
738 3318 853 3386 ὅλη,
907 3316 1175 3372 ἀσύστατον
1201 3320 1377 3386 ἔχουσα
1403 3316 1458 3371 τὸ
1491 3315 1748 3387 φρόνημα,
1797 3315 1880 3367 καὶ
1913 3313 2104 3382 ἀνδρῶν
2130 3315 2212 3366 καὶ
2239 3336 2323 3383 γυ-

406 3410 588 3457 ναικῶν
615 3404 956 3472 ἠπατημένων.
1031 3405 1379 3456 Μασσαλιανοὶ
1409 3403 1461 3455 δὲ
1488 3396 1628 3456 οὗτοι
1663 3405 1950 3463 καλοῦνται,
2001 3397 2324 3467 ἑρμηνευόμε-

405 3510 480 3541 νοι
521 3488 813 3557 Εὗχόμενοι.
889 3482 1045 3541 ςἨσαν
1087 3489 1139 3542 δὲ
1186 3486 1282 3558 πρὸ
1327 3488 1506 3558 χρόνον
1543 3485 1699 3550 τινός,
1757 3481 1823 3546 ὥς
1861 3480 1960 3536 ἀπὸ
2003 3489 2100 3536 τῶν
2136 3489 2323 3555 καιρῶν
2388 3538 2391 3540 ,

463 3602 503 3643 2-
532 3604 754 3658 χρίζουσαν
784 3602 990 3658 πτερατῆν
1019 3607 1102 3645 cod.
1134 3606 1294 3656 Rhediy.
1456 3600 1495 3645 4.
1525 3600 1578 3645 τὰ
1607 3614 1681 3643 om.
1711 3601 1793 3641 cod.
1822 3600 1983 3650 Rhediy.

463 3658 503 3699 3.
533 3660 774 3715 πετωμένην
814 3664 898 3701 cod.
932 3664 1008 3702 len.
1049 3666 1084 3701 et
1120 3663 1180 3701 ed.
1210 3664 1335 3711 princ.
1451 3660 1488 3698 5.
1522 3659 1757 3707 Subscriptio
1778 3657 1889 3696 codd.
1919 3658 1995 3696 len.
2027 3661 2060 3697 et
2081 3659 2240 3709 Rhediy.
2269 3662 2322 3698 est

406 3714 671 3770 πτερωμένην
711 3719 795 3758 cod.
834 3719 997 3769 Rhediy.
1054 3715 1344 3771 ἐπτερωμένην
1402 3714 1534 3763 Τέλος
1570 3712 1623 3757 τὰ
1658 3710 1766 3754 κατὰ
1803 3713 2117 3764 κολλυριδιανῶν
2150 3715 2234 3756 τῶν
2264 3715 2318 3770 τῇ

408 3772 493 3811 cod.
527 3773 651 3813 Paris.
683 3777 769 3814 teste
802 3776 975 3815 Petavio.
1394 3771 1524 3826 μαρίᾳ
1553 3767 1878 3824 προςφερὸντων.
