2508 4134
423 209 526 261 374
1126 216 1332 259 SANCTI
1359 218 1647 259 EPIPHANII

195 680 279 716 pag.
313 668 407 704 1017.

216 2714 320 2771 Κεφ.
338 2713 415 2759 κε’.

422 325 657 382 θρωπον;
727 311 783 366 ‘0
815 314 866 366 δὲ
893 311 977 366 τᾶν
1004 313 1236 384 λογισμόν
1262 312 1349 367 τόν
1377 317 1508 368 ἰ’διον
1550 312 1856 369 ἀπεκάλυπτε
1894 321 1984 383 τῆς
2010 318 2231 377 διανοίας
2259 310 2352 380 ὅτι,-

431 402 623 452 Τέλειον
647 396 918 468 ἄνθρωπον
947 400 1145 468 λέγομεν
1177 396 1326 464 εἶναι,
1382 402 1426 452 εἰ
1452 398 1543 468 τὴν
1571 399 1788 467 θεότητα
1824 401 2091 468 ποιήσομεν
2129 397 2237 452 ἀντὶ
2262 404 2352 453 τοῦ

424 491 544 549 νοῦ,
595 485 681 536 καὶ
707 482 795 551 τὴν
829 490 845 519 ¹
868 482 1027 554 σάρκα
1061 486 1145 536 καὶ
1175 483 1265 550 τὴν
1296 483 1489 553 ψυχὴν,
1541 482 1610 547 ὥς
1639 483 1763 539 εἶναι
1788 486 1968 539 τέλειον
1999 483 2270 555 ἄνθρωπον
2298 487 2353 539 ἐκ

428 567 610 639 σαρκός
646 570 729 622 καὶ
759 574 924 636 ψυχῆς
965 570 1048 621 καὶ
1087 568 1350 636 θεότητος,
1405 569 1514 622 ἀντὶ
1557 577 1646 623 τοῦ
1689 576 1794 624 νοῦ.
1877 577 1977 638 Τῆς
2007 564 2097 624 οὖν
2141 576 2354 636 φιλονει-

431 659 542 717 κίας
565 656 874 724 γνωσθείσης
889 696 901 717 ,
940 656 1023 707 καὶ
1047 653 1200 707 πολλοὶ
1224 652 1366 722 ἡμῶν
1388 656 1498 725 περὶ
1522 653 1702 708 τούτου
1728 658 2102 724 διαλεχθέντων,
2140 656 2227 707 καὶ
2252 654 2352 709 ἆπὸ

428 746 627 812 γραφῆς
671 739 1015 807 συστησάντων
1052 738 1126 792 ὅτι
1170 738 1259 809 χρὴ
1301 738 1557 809 ὁμολογεῖν
1596 738 1656 792 τοὶ
1695 737 1859 793 πάντα
1897 744 2087 802 τελείως
2124 739 2357 808 εἰληφότα

427 825 515 879 τὸν
545 825 668 878 θεόν
692 823 863 894 λόγον,
912 827 1102 887 τελείως
1128 845 1178 877 τε
1207 827 1585 892 οἶκονομηκέναι
1621 827 1673 878 έν
1707 831 1768 898 τῇ
1798 825 2060 898 2ἕνσάρκῳ
2089 829 2355 898 παρουσίᾳ,

430 913 514 964 καὶ
551 913 602 964 ἐν
632 908 891 977 τελειότητι
916 908 1124 977 ταύτην,
1163 911 1246 962 καὶ
1282 908 1400 976 μετά
1429 908 1517 976 τήν
1547 912 1601 963 ἐκ
1627 915 1815 980 νεκρῶν
1844 909 2111 963 ἀνάστασιν
2141 929 2358 978 συνηνω-

432 997 600 1060 κέναι,
636 999 722 1048 καὶ
751 994 962 1058 ἐνδόξως
991 993 1328 1062 πνευματικὴν
1358 993 1511 1062 αὐτὴν
1543 994 1682 1061 ὅλην,
1729 996 1813 1047 καὶ
1840 994 1933 1048 οὐκ
1960 993 2132 1062 ἄλλην,
2183 994 2273 1048 σύν
2299 1001 2359 1069 τῇ

432 1083 533 1153 ἰδίᾳ
561 1079 762 1148 θεότητι
793 1083 845 1134 ἐν
872 1082 1029 1153 ἑαυτῷ
1055 1078 1313 1148 ἡνωμένην
1337 1082 1485 1147 ἔχειν,
1533 1087 1555 1117 ³
1573 1079 1662 1147 τήν
1689 1078 1807 1147 ὅλην
1831 1083 2074 1133 τελείωσιν
2102 1084 2216 1148 μίαν
2242 1079 2357 1134 θεό·

430 1188 551 1234 τητα
578 1166 996 1230 ἆποτετελεκέναι,
1047 1167 1132 1217 καὶ
1170 1167 1470 1229 καθέζεσθαι
1501 1167 1552 1218 ἐν
1587 1164 1785 1237 οὐρανῷ
1814 1167 1866 1218 έν
1898 1167 2035 1239 δεξιᾷ
2061 1169 2148 1218 τοῦ
2172 1166 2361 1236 πατρὸς

433 1254 512 1306 ἐπὶ
552 1250 746 1321 θρόνου
788 1249 934 1317 δόξης
976 1257 1066 1317 τῆς
1115 1250 1274 1303 αὐτοῦ
1325 1249 1492 1303 οῗϊδίου
1539 1249 1829 1320 κυριότητός
1872 1270 1921 1302 τε
1967 1251 2050 1302 καὶ
2101 1254 2359 1318 βασιλείας.

432 1335 633 1391 Λοιπὸν
676 1335 944 1403 ἆνέστημεν
986 1334 1050 1403 μὴ
1088 1335 1370 1398 πεπεικότες
1403 1333 1660 1404 ἀμφότερα
1700 1333 1759 1387 τά
1790 1336 1912 1404 μέρη
1940 1333 2024 1389 διά
2050 1333 2139 1403 τήν
2163 1357 2362 1405 προκει-

434 1425 586 1492 μένην
632 1424 948 1488 φιλονεικίαν.
1027 1421 1278 1486 Νενόηται
1318 1421 1371 1474 δὲ
1415 1418 1532 1488 ἡμῖν
1571 1419 1692 1473 48η
1723 1417 1823 1474 α’πὸ
1870 1420 2047 1474 τούτου
2078 1421 2168 1490 οὐχ
2200 1423 2364 1475 ἕνεκεν

434 1515 525 1562 τοῦ
552 1513 644 1560 νοῦ
679 1507 848 1567 αὐτοῖς
883 1503 913 1559 ό
943 1505 1112 1575 λόγος,
1166 1504 1283 1558 ἄλλά
1316 1504 1415 1558 άπὸ
1445 1512 1534 1558 τοῦ
1564 1512 1656 1559 νοῦ
1697 1505 1861 1575 ἕτερόν
1895 1508 1994 1559 ἐστι
2022 1503 2075 1559 τό
2113 1507 2361 1577 φρόνημα.

441 1593 573 1645 Ποτὲ
602 1591 692 1662 γάρ
723 1590 810 1659 οὐχ
844 1588 1128 1661 ὦμολόγουν
1153 1590 1265 1645 οὕτε
1292 1589 1459 1659 ψυχὴν
1488 1588 1639 1644 αὐτόν
1673 1592 1939 1658 εἰληφέναι.
2010 1589 2175 1659 Ἡμῶν
2204 1593 2256 1646 δὲ
2281 1591 2365 1645 dv-

435 1676 832 1747 θυποφερόντων
856 1679 940 1729 καὶ
969 1679 1235 1747 λεγόντων,
1283 1682 1339 1729 Τί
1369 1676 1461 1746 γάρ
1490 1679 1619 1730 ε’στιν
1647 1674 1677 1730 ὅ
1700 1682 1818 1738 νοῦς
1829 1700 1844 1741 ,·
1881 1674 2153 1730 ὑπόστασιν
2175 1676 2365 1731 τούτων

435 1768 646 1831 νομίζετε
674 1761 796 1815 εἶναι
826 1766 878 1815 έν
918 1768 984 1834 τῷ
1013 1760 1296 1835 α’νθρῶπῳς
1351 1762 1541 1815 οὐκοῦν
1566 1761 1830 1824 πολλοστός
1855 1765 1981 1816 ἔστιν
2009 1759 2039 1816 ὅ
2068 1761 2363 1834 ἅνθρωπος,

437 1847 540 1903 εἶτα
573 1849 709 1918 παρά
748 1866 873 1901 τισιν
903 1850 1143 1914 ἐνομίζετο
1181 1846 1307 1901 εἶναι
1333 1846 1387 1901 τὸ
1419 1853 1638 1915 πνεῦμα,
1694 1847 1747 1901 τὸ
1776 1848 1853 1900 ἀεὶ
1883 1850 1935 1901 έν
1957 1854 2018 1921 τῇ
2045 1852 2160 1921 θεία
2199 1854 2366 1922 γραφῇ

439 1938 491 1990 ἐν
517 1925 583 2007 τῶ
618 1933 875 2006 ἀνθρώπῳ
920 1932 1176 2008 ᾀδόμενον.
1234 1933 1353 1986 ’Ὅτε
1392 1934 1446 1986 δὲ
1474 1936 1717 2002 ἐδείξαμεν
1751 1931 1818 1995 οἷς
1852 1934 1940 2001 οὐχ
1974 1932 2004 1987 ὁ
2035 1940 2153 1995 νοῦς
2182 1936 2280 1988 ἐστι
2305 1932 2362 1988 τό

438 2028 661 2087 πνεῦμα,
709 2026 798 2073 τοῦ
830 2017 1106 2073 ἀποστόλου
1144 2026 1318 2084 σαφῶς
1354 2021 1601 2088 λέγοντος,
1662 2025 1811 2072 Ψαλῶ
1851 2025 1919 2090 τῷ
1963 2022 2068 2083 νοῒ,
2121 2025 2267 2085 ψαλῶ
2295 2025 2365 2090 τῷ

438 2107 701 2173 πνεύματι,
754 2108 983 2159 ἐντεῦθεν
1024 2107 1194 2158 πολλοὶ
1238 2106 1326 2172 μὲν
1359 2099 1485 2173 ἦσαν
1518 2107 1570 2158 οἱ
1600 2103 1761 2174 λόγοι,
1812 2103 1907 2157 οὐκ
1946 2101 2273 2172 ἠδυνήθημεν
2311 2104 2366 2158 δὲ

443 2190 626 2255 αὐτούς
661 2199 823 2245 πεῖσαι
862 2197 1275 2258 φιλονεικοῦντας.

591 2700 721 2756 Εἶτα
759 2701 906 2757 πάλιν
930 2704 1056 2755 τισὶν
1088 2700 1230 2770 ἡμῶν
1262 2701 1525 2773 λεγόντων,
1585 2706 1642 2756 Τί
1666 2702 1785 2773 γάρ,
1837 2701 2107 2756 ὑπόστασιν
2134 2701 2220 2755 τὸν
2246 2707 2371 2756 νοῦν

443 2787 566 2843 εἶναι
604 2791 782 2859 λέγετε,
813 2778 983 2842 ’τινῶν
1014 2790 1066 2841 δὲ
1096 2787 1261 2841 αὐτῶν
1287 2787 1525 2858 λεγόντων
1554 2787 1621 2856 μὴ
1653 2786 1779 2841 εἶναι
1806 2786 2078 2842 ὑπόστασιν
2090 2829 2103 2852 ,
2155 2785 2255 2840 άπὸ
2280 2793 2370 2841 τοῦ

442 2872 505 2942 ἦμ
517 2881 574 2937 ἇς
598 2876 879 2928 πεπεικέναι
905 2873 1090 2936 αὐτούς
1115 2874 1190 2927 ὅτι
1217 2873 1276 2927 οὕ
1301 2873 1391 2944 χρὴ
1421 2878 1634 2941 νομίζειν
1661 2871 1814 2926 αὐτόν
1842 2872 1952 2926 οὕτε
1976 2872 2030 2926 τὸ
2062 2871 2369 2941 καλούμενον

446 2958 724 3030 ἀνθρώπου
748 2965 961 3027 πνεῦμα,
1001 2958 1083 3012 διά
1111 2958 1164 3012 vd
1196 2962 1378 3025 εἰπεῖν,
1426 2966 1577 3012 Ψαλῶ
1604 2965 1671 3032 τῷ
1701 2963 1806 3024 νοῒ,
1845 2963 1989 3024 ψαλῶ
2018 2959 2101 3010 καὶ
2127 2963 2194 3028 τῷ
2223 2956 2369 3010 πνεύ-

445 3068 584 3114 ματι,
639 3045 706 3113 μὴ
741 3045 946 3114 ἐχόντων
975 3045 1140 3097 αὐτῶν
1166 3044 1293 3116 πρὸς
1320 3044 1467 3098 τοῦτό
1495 3067 1542 3098 τι
1571 3046 1751 3114 λέγειν,
1791 3045 2040 3114 ἐλέγομεν,
2101 3041 2302 3095 Οὐκοῦν
2327 3045 2372 3095 εἰ

446 3131 540 3184 οὐκ
573 3133 702 3184 ἔστιν
730 3128 999 3191 ὑπόστασις
1031 3128 1059 3183 ὁ
1087 3137 1233 3195 νοῦς,
1284 3128 1402 3183 ἄλλα
1430 3134 1619 3197 κίνησις
1657 3136 1745 3196 τῆς
1784 3126 1924 3196 ἡμῶν
1957 3127 2122 3195 πάσης
2157 3125 2367 3181 ’ὑποστά-

445 3235 589 3281 σεως,
640 3222 762 3269 νοῦν
801 3216 852 3268 δὲ
893 3217 1048 3284 λέγετε
1087 3214 1172 3268 τὸν
1203 3214 1420 3285 Χριστόν
1459 3214 1584 3267 κατά
1621 3220 1768 3267 τοῦτο
1801 3213 1856 3267 τὸ
1885 3214 2053 3281 μέρος,
2115 3211 2246 3282 Ῑόἕρα
2277 3206 2370 3267 οὖν

445 3300 751 3367 φαντάζεσθε
796 3299 1138 3353 ἀνυπόστατον
1179 3298 1304 3354 εἶναι
1343 3299 1430 3353 τὸν
1465 3298 1709 3370 Χριστὸν,
1759 3300 1841 3351 καὶ
1886 3297 2037 3364 μόνον
2077 3299 2167 3360 ἕως
2199 3297 2366 3369 λόγου,

444 3389 527 3440 καὶ
561 3386 810 3455 δοκήσεως
846 3384 934 3454 τήν
968 3388 1203 3454 ἐνδημίαν
1243 3392 1332 3454 τῆς
1376 3385 1620 3456 ἒνσάρκου
1656 3386 1932 3454 παρουσίας
1969 3380 2121 3436 αὐτόν
2164 3404 2367 3451 πεποιη-

506 3531 600 3571 CAP.
630 3532 794 3571 XXIV.
826 3554 877 3561 -
942 3531 974 3571 1.
1007 3526 1146 3584 σοίρκα
1186 3528 1262 3584 τὴν
1302 3532 1382 3582 ψυ-
1441 3529 1502 3577 εἰς
1532 3527 1608 3583 τὴν
1644 3522 1744 3581 ὅλην
1785 3526 2025 3576 τελείωσιν,
2070 3526 2166 3581 μίαν
2194 3541 2241 3570 τε
2266 3524 2369 3570 δεό-

445 3586 567 3643 χικῆν
596 3590 677 3628 cod.
711 3590 870 3638 Rhecliy.
1439 3600 1556 3638 τητα.
1617 3587 1829 3626 Carnarius
1854 3587 1965 3624 vertit
1992 3585 2260 3638 perfecteque
2288 3583 2369 3624 ad-

503 3647 540 3684 2.
584 3647 839 3685 Scribendum
874 3647 980 3685 haud
1016 3646 1130 3685 dubie
1167 3643 1207 3687 ἐν
1239 3642 1379 3697 σαρκὶ,
1438 3642 1689 3682 ministrasse
1723 3641 1763 3680 iu
1801 3640 1978 3680 adventu
2016 3641 2056 3680 in
2096 3655 2282 3688 carnem,
2327 3647 2370 3680 et

443 3705 601 3750 propter
630 3714 789 3750 sequens
813 3699 983 3753 ταύτην.
1437 3699 1544 3739 hanc
1573 3698 1612 3736 in
1645 3697 1904 3750 per-sectione
1934 3697 2056 3737 etiam
2093 3706 2189 3751 post
2228 3711 2367 3736 resur—

503 3758 543 3800 ὅ.
588 3758 743 3806 Repono
777 3757 850 3799 καὶ
889 3756 966 3811 τήν
1004 3752 1103 3813 ὅλην
1143 3757 1264 3811 μίαν,
1311 3761 1380 3796 auc
1436 3755 1664 3797 rectionem
1707 3768 1755 3794 ex
1800 3753 1970 3795 mortuis
2020 3753 2274 3804 connivisse,
2326 3761 2368 3795 et
