2508 4134
582 305 811 348 PANARII
839 307 941 347 Lm.
971 308 1045 348 111.
1073 308 1208 350 TOM.
1233 310 1264 349 1.
1292 309 1458 349 HAER.
1482 309 1680 350 Lxxvi.
1979 297 2079 348 275

182 420 388 471 unquam
432 402 520 454 hoc
565 403 857 455 asserueris.
935 401 1102 470 Quare
1143 423 1248 455 cum
1295 406 1354 457 iis
1398 424 1517 474 quae
1560 406 1836 475 procreavit
1873 422 1900 455 e
1933 405 2080 456 nihilo

180 486 350 539 similis
387 495 437 538 et
473 487 688 556 aequalis
723 504 833 539 esse
874 497 1107 555 nequeat,
1161 490 1327 539 eadem
1368 508 1473 540 cnm
1515 491 1589 541 sui
1633 490 1940 542 dissimilibus
1986 490 2083 558 pati

179 571 311 622 nulla
347 571 537 623 ratione
582 571 786 640 poterit3
842 571 1014 639 quibus
1045 571 1135 622 hoc
1169 573 1427 637 convenit,
1482 583 1534 625 ut
1560 592 1585 625 e
1618 575 1763 626 nihilo
1794 584 1888 625 tam
1917 573 1975 624 ab
2002 574 2082 624 illo

179 655 284 724 ipsa
314 656 544 724 producta
572 655 698 719 sint,
741 674 879 723 quam
910 672 1031 723 quae
1066 656 1183 724 ipsis
1216 656 1407 719 insunt,
1450 658 1620 725 quibus
1649 676 1734 727 per
1763 658 2079 727 privationem

181 739 401 790 accidunt
446 738 709 790 contraria.
787 738 922 790 Haec
963 740 1088 790 enim
1133 740 1292 790 omnia
1328 740 1521 792 minime
1566 760 1593 792 a
1630 742 1804 810 seipsis
1842 742 2078 806 existunt,

180 824 265 875 sed
291 840 354 874 ex
388 823 594 891 benigna
623 823 779 874 dantis
808 823 1095 891 largiti0ne3
1151 823 1321 891 quibus
1362 824 1504 874 etiam
1543 834 1706 894 utpote
1735 843 1759 876 e
1790 826 1936 876 nihilo
1973 844 2083 894 pro-

180 907 334 958 ductis
365 906 460 975 pati
497 907 671 975 aliquid
704 907 967 975 contingit,
1023 926 1127 958 cnm
1162 908 1221 958 iis
1255 908 1371 976 ipsis
1402 909 1545 959 rebus
1577 910 1853 978 privantur,
1906 926 2026 977 qnae
2056 927 2083 960 a

179 991 410 1059 largitore
449 991 529 1042 illo
558 991 940 1042 communicatae
981 992 1200 1056 fuerant3
1258 993 1336 1060 qui
1367 1009 1521 1060 neque
1554 994 1649 1061 pati
1681 993 1855 1060 aliquid
1902 1002 2079 1062 potest,

180 1084 230 1126 et
255 1093 282 1126 a
310 1075 438 1126 nullo
466 1075 561 1126 alio
589 1075 730 1127 habet
759 1084 810 1126 ut
834 1075 926 1139 sit,
982 1093 1138 1143 neque
1182 1076 1362 1144 privari
1399 1077 1494 1128 ullo
1525 1077 1664 1128 modo
1700 1085 1875 1144 potest.
1952 1075 2083 1144 Qua-

179 1168 376 1228 propter
399 1177 506 1211 cum
531 1159 746 1228 aequalis
777 1158 870 1210 illis
903 1178 997 1211 non
1030 1160 1092 1210 sit
1119 1159 1271 1224 fitius,
1322 1159 1387 1210 uti
1416 1179 1571 1228 neque
1599 1169 1763 1229 pater,
1804 1178 1958 1229 neque
1987 1162 2083 1230 spi-

179 1244 298 1294 ritns
330 1253 557 1308 sanctus,
608 1262 664 1294 ac
693 1243 915 1295 diversus
943 1244 1006 1295 sit
1033 1244 1092 1295 ab
1125 1244 1232 1296 istis
1263 1245 1415 1308 fitius,
1470 1246 1640 1313 quibus
1674 1263 1780 1295 cum
1808 1246 1973 1296 eadem
2002 1263 2084 1313 ap-

178 1327 436 1397 pellatione
476 1328 670 1379 minime
713 1328 1018 1392 continetur,
1070 1329 1154 1380 sed
1194 1329 1422 1380 eximium
1457 1347 1632 1380 nomen
1677 1328 1818 1380 habet
1845 1338 1893 1380 et
1920 1330 2084 1380 excel-

177 1412 312 1475 lens,
367 1421 419 1463 ut
445 1412 701 1481 ipsummet
740 1412 914 1463 bonum
957 1412 1016 1462 ab
1048 1430 1105 1463 eo
1145 1413 1221 1480 qui
1261 1414 1516 1481 ipsummet
1560 1414 1756 1483 perinde
1793 1413 1970 1464 bonum
2012 1423 2087 1464 est

180 1498 447 1566 profectum
478 1497 693 1558 dicatur,
748 1513 980 1564 quaenam
1010 1513 1119 1547 esse
1147 1506 1306 1566 potest
1339 1515 1444 1548 cum
1485 1497 1543 1548 iis
1573 1515 1694 1566 quae
1726 1497 1990 1566 oppositam
2023 1514 2086 1547 ex

180 1581 387 1632 adverso
436 1580 754 1649 privationem
797 1580 973 1631 habent
1016 1580 1320 1632 commistio?
1411 1579 1786 1650 Supervacanea
1827 1581 1976 1649 igitur
2012 1590 2086 1632 est

178 1664 314 1716 Aelii
338 1665 654 1732 privationem
696 1664 834 1715 nobis
875 1665 1148 1731 invehentis
1191 1665 1365 1716 oratic.
1441 1665 1570 1717 Nam
1604 1667 1848 1734 ingenitus
1887 1666 2004 1715 deus
2030 1683 2087 1715 ac

178 1749 370 1817 genitus
402 1749 526 1799 filius
559 1766 652 1798 non
682 1766 746 1798 ex
775 1758 1044 1800 creatarum
1077 1767 1235 1800 rerum
1262 1750 1529 1818 privatione
1559 1751 1838 1818 dignitatem
1869 1749 2087 1800 obtinent

179 1850 343 1896 suam,
397 1833 482 1884 sed
517 1849 579 1882 ex
614 1849 672 1882 eo
707 1833 831 1900 qnod
860 1842 1032 1901 sponte
1065 1851 1184 1897 sua,
1240 1835 1575 1903 peculiariter,
1633 1852 1689 1885 ac
1720 1851 1806 1902 per
1834 1850 1943 1884 sese
1973 1832 2085 1883 sub-

178 1917 382 1967 stantiae
421 1934 537 1967 suae
582 1915 914 1986 divinitatique
957 1918 1197 1985 congruit.
1289 1916 1362 1969 lta
1406 1937 1510 1970 cum
1553 1935 1733 1985 expers
1772 1917 1873 1968 irae
1913 1917 2087 1968 dicitur

179 2001 326 2065 dem,
386 2018 479 2051 non
513 2001 558 2051 id
593 2001 650 2052 ab
690 2001 761 2051 ira
791 2000 893 2069 ipsa
931 2002 1134 2070 petitur,
1189 2002 1273 2052 sed
1302 2020 1365 2053 ex
1394 2020 1453 2053 eo
1484 2003 1606 2070 quod
1641 2002 1714 2053 ira
1744 2018 1829 2070 per
1861 2018 1972 2052 sese
2000 2018 2086 2053 va-

179 2094 276 2137 cat.
356 2082 440 2137 Sic
464 2084 625 2153 *etiam
666 2085 909 2153 ingenitus
949 2086 1242 2155 appellatur,
1301 2087 1423 2153 quod
1459 2087 1641 2137 existat
1672 2104 1698 2136 a
1728 2085 1920 2154 seips0,
1973 2085 2086 2136 licet

179 2169 238 2221 ab
263 2169 431 2221 eodem
471 2169 686 2236 ingenito
724 2169 847 2221 filius
889 2170 952 2221 sit
986 2170 1088 2237 ipse
1123 2171 1333 2237 genitus.
1413 2168 1578 2238 ltaque
1618 2171 1797 2220 frustra
1839 2177 1914 2219 est
1941 2187 2085 2238 appo-

179 2253 270 2305 sita
295 2253 373 2304 illa
405 2252 639 2304 vocabulo
682 2254 906 2321 negatio,
963 2272 1069 2305 cnm
1102 2254 1158 2305 ad
1191 2271 1298 2304 eum
1331 2255 1623 2305 transfertur
1661 2254 1739 2322 qui
1769 2271 1875 2305 cum
1907 2254 2085 2305 ceteris

183 2338 259 2389 vel
290 2354 354 2388 ex
385 2337 535 2406 ipsius
562 2337 639 2404 qui
672 2338 963 2389 mentionem
997 2337 1134 2388 huius
1175 2338 1286 2389 sec-it
1315 2338 1540 2407 opinione
1579 2338 1848 2408 comparari
1877 2356 1971 2388 non
2004 2355 2087 2404 po-

181 2429 295 2471 test.
351 2418 468 2471 Non
500 2420 627 2471 enim
659 2430 822 2473 cetera
849 2422 1106 2490 adaequari
1134 2439 1239 2472 cum
1267 2422 1432 2490 genito
1462 2431 1681 2491 possunt,
1724 2440 1812 2473 nec
1842 2422 2085 2489 ingenitus

181 2521 319 2556 suam
348 2521 456 2554 cum
489 2503 666 2555 creatis
711 2505 856 2557 rebus
894 2505 1210 2557 substantiam
1254 2505 1594 2558 communicat.
1671 2505 1813 2574 Quod
1855 2524 1951 2557 non
1990 2505 2085 2556 ulla

181 2587 509 2658 praepotentis
550 2587 881 2640 imbecillitate
911 2589 1014 2640 fieri
1053 2591 1310 2658 putandum
1345 2599 1449 2654 est,
1505 2591 1589 2641 sed
1619 2607 1676 2641 eo
1701 2589 1927 2642 videlicet
1959 2590 2085 2658 quod

180 2672 419 2724 imbecilla
448 2680 610 2722 cetera
641 2672 697 2722 ad
727 2681 1088 2741 praepotentem
1116 2691 1267 2742 usque
1291 2674 1492 2743 provehi
1524 2683 1794 2742 nequeant,
1850 2673 1910 2724 ob
1944 2674 2084 2724 unius

182 2757 258 2808 dei
290 2765 339 2808 et
368 2755 426 2806 ab
453 2754 560 2825 ipso
589 2756 895 2824 procedentis
926 2756 1162 2824 unigeniti
1206 2758 1284 2809 filii
1328 2777 1432 2810 cum
1470 2759 1638 2828 spiritu
1675 2766 1844 2810 sancto
1873 2758 2085 2825 singula-

181 2858 284 2893 rem
322 2841 624 2891 maiestatem
663 2857 719 2890 ac
757 2840 1118 2908 praestantiam.

323 2923 455 2975 Aetii
485 2920 643 2992 Caput
670 2921 795 2974 XX.
854 2921 976 2974 Cum
1006 2925 1302 2992 privationes
1331 2926 1600 2977 ablationes
1631 2927 1728 2976 sint
1753 2923 2081 2987 affectionum,

185 3009 308 3078 quod
341 3009 391 3060 in
421 3008 510 3059 deo
541 3016 616 3058 est
644 3007 939 3076 ingenitum,
980 3008 1058 3058 vel
1089 3008 1359 3060 affectionis
1387 3010 1594 3079 privatio
1625 3017 1726 3072 est,
1782 3008 1860 3058 vel
1892 3008 2083 3057 ass'ectio

184 3091 442 3163 privationi
481 3091 742 3143 contraria.
834 3091 982 3157 lgitur
1013 3091 1052 3141 si
1083 3092 1351 3143 affectionis
1384 3093 1589 3161 privatio
1625 3101 1725 3154 est,
1767 3091 2003 3158 quomodo
2038 3089 2084 3140 id

185 3178 309 3246 quod
340 3195 435 3228 non
460 3176 590 3228 inest
619 3178 708 3228 deo
739 3184 962 3243 tanquam
996 3175 1110 3225 insit
1140 3175 1395 3227 tribuitur?
1467 3177 1535 3227 At
1560 3176 1598 3226 si
1630 3175 1820 3225 affectio
1853 3175 2082 3241 quaedam

184 3270 261 3313 est
299 3262 592 3330 ingenitum,
650 3261 860 3329 genitam
901 3258 1213 3309 substantiam
1259 3260 1475 3311 existere
1514 3269 1656 3322 ante‚
1715 3277 1769 3309 ac
1801 3260 1932 3309 velut
1973 3258 2084 3308 sub-

186 3347 338 3398 sterni
368 3363 571 3398 necesse
597 3355 700 3408 est,
756 3343 1086 3409 utalfectione
1116 3342 1196 3392 illa
1228 3343 1284 3392 ad
1315 3360 1420 3393 eam
1454 3345 1715 3393 accedente
1756 3341 1968 3410 ingenita
2000 3360 2085 3392 no-

186 3429 411 3481 minetur.
491 3428 544 3480 Si
586 3447 704 3479 vero
743 3427 903 3496 genita
947 3426 1213 3477 substantia
1254 3425 1498 3491 ingenitae
1529 3428 1764 3494 particeps
1801 3426 1917 3488 fuit,
1970 3426 2085 3477 affe·

246 3569 309 3610 12.
340 3571 446 3609 Libri
473 3571 610 3610 habent
639 3564 938 3621 αὖτογέννητον.
1166 3562 1314 3613 ἕξεως,
1346 3557 1375 3617 ἦ
1406 3563 1486 3615 ἕξις
1514 3563 1762 3618 στερήσεως.
1819 3560 1928 3607 Ἀλλ’
1952 3564 1988 3607 εἰ
2013 3563 2086 3618 μὲν

247 3625 279 3664 1.
307 3626 389 3667 τῶν
414 3628 518 3665 abest
540 3637 674 3676 supra,
701 3627 840 3665 inserto
865 3616 1000 3664 αὐτῶν
1024 3626 1108 3671 post
1167 3618 1360 3672 στέρησίς
1396 3618 1503 3662 ἐστιν
1520 3651 1530 3668 ,
1572 3633 1670 3671 quae
1689 3624 1871 3662 Pacuvius
1899 3633 1947 3661 ex
1972 3634 2085 3671 supe·

191 3678 328 3730 ἕξεων.
1163 3678 1328 3715 rioribus
1353 3679 1554 3726 supplevit.

242 3737 281 3776 2.
312 3737 443 3787 Supra
472 3739 586 3787 vulyo
615 3734 750 3786 ἕξεων.
809 3737 850 3775 1η
877 3734 985 3775 codd.
1021 3745 1108 3772 mss.
1221 3730 1260 3771 3.
1291 3727 1349 3778 ὥς
1376 3729 1522 3784 προςὲν
1550 3735 1653 3772 abest
1681 3745 1814 3783 supra.

188 3796 222 3831 et
275 3794 316 3832 in
369 3793 456 3832 edit.
501 3796 626 3842 princ.
675 3793 942 3832 desiderantur
995 3791 1109 3827 verba
1223 3784 1261 3827 4.
1290 3783 1320 3839 ἦ
1348 3784 1521 3841 γεννητή
1550 3801 1684 3839 supra.

1629 3859 1748 3913 18*
