2508 4134
543 267 768 307 PANARn
796 267 900 308 Lm.
921 269 990 308 nr.
1021 269 1156 310 ToM.
1179 272 1227 311 n.
1254 271 1416 311 HAER.
1445 271 1678 311 Lxxvnr.
1960 263 2061 313 439

162 375 291 425 rent,
335 364 622 415 convenisse
654 365 953 432 postmodum
986 365 1273 430 arbitretur,
1316 368 1431 418 nihil
1463 368 1695 419 eiusmodi
1727 369 2061 421 demonstrare

164 449 239 499 vel
266 448 514 498 declarare
543 447 773 516 quispiam
806 458 993 516 potest,
1034 451 1118 499 sed
1150 458 1201 499 ut
1229 451 1345 501 labis
1374 452 1527 502 omnis
1560 461 1809 521 expertem
1830 491 1843 515 ,
1885 461 1934 502 et
1962 470 2062 503 ma-

161 531 297 582 culae
338 532 592 582 salvatoris
637 532 788 583 nostri
821 542 1004 600 partum
1051 534 1330 584 ostenderet
1360 535 1623 603 scriptura,
1676 536 1789 587 illud
1829 537 2057 587 asseruit.

161 613 485 682 Quamobrem
532 615 654 666 istae
683 632 860 677 voce8‚
914 619 1021 666 Non
1048 621 1267 682 cognovit
1285 636 1410 677 eam,
1465 619 1520 668 ad
1560 620 1685 670 illius
1722 620 1922 687 gloriam
1952 637 2061 689 spe-

159 706 308 749 ctant.
377 697 758 767 Primogenitum
788 717 908 750 vero
933 701 1166 764 nominat,
1195 718 1253 750 eo
1278 702 1400 768 quod
1430 710 1540 752 ante
1566 712 1754 754 creatas
1785 721 1865 754 res
1892 722 2060 755 omnes

157 783 347 850 genitus
367 792 466 845 est,
509 792 586 847 et,
641 793 691 834 ut
720 784 785 834 ait
816 785 1091 851 apostolus,
1142 789 1482 849 primogenitus
1526 790 1573 835 in
1611 791 1767 836 mullis
1793 791 2056 854 fratribus5
2082 800 2309 843 nomene.

159 885 253 917 non
297 875 519 935 respectu
557 869 613 918 ad
649 866 837 918 Mariae
883 868 1059 918 liberos
1097 868 1287 931 habito,
1348 868 1482 936 quasi
1526 869 1645 919 alios
1683 871 1760 919 illa
1796 872 2056 939 pepererit,

155 952 238 1001 sed
267 951 323 1000 ad
354 968 437 1001 eos
464 968 632 1001 omnes
657 952 734 1019 qui
766 952 1066 1020 adoptionem
1096 951 1223 1002 illius
1246 952 1482 1002 beneficio
1511 954 1757 1003 consecuti
1782 963 1911 1016 sunt,
1951 973 2058 1006 cum

153 1032 345 1084 Mariae
385 1034 505 1086 filius
546 1036 809 1086 secundum
859 1052 1051 1086 carnem
1099 1052 1271 1085 revera
1318 1036 1431 1098 fuit;
1486 1053 1545 1086 ne
1586 1038 1864 1088 adumbrata
1903 1039 2056 1089 solum

153 1118 340 1185 species
371 1135 481 1168 esse
516 1119 780 1170 videretur.
859 1117 1011 1188 lgitur
1039 1118 1387 1187 primogenitus
1433 1137 1488 1170 ac
1519 1119 1720 1186 virginis
1749 1120 1899 1188 ipsius
1936 1122 2057 1172 filius

153 1202 435 1270 appellatur,
477 1221 572 1253 non
601 1204 726 1269 quod
754 1203 895 1266 alios,
937 1203 1002 1253 uti
1030 1204 1163 1267 dixi,
1205 1204 1382 1254 liberos
1421 1203 1682 1272 pepererit.
1761 1204 1953 1256 Etenim
1985 1215 2059 1257 est

153 1286 372 1354 quiddam
399 1287 447 1336 in
471 1304 528 1336 eo
553 1304 734 1354 genere
761 1288 803 1337 ei
830 1288 984 1337 simile
1011 1288 1133 1354 quod
1158 1286 1539 1338 incarnationem
1568 1288 1850 1338 antecessit.
1926 1287 2054 1340 Nam

152 1378 204 1420 ut
230 1370 576 1438 primogenitus
608 1388 780 1420 revera
824 1372 969 1439 patris
1009 1380 1120 1421 aute
1160 1381 1428 1422 creaturam
1468 1389 1658 1422 omnem
1688 1372 1911 1423 extitisse
1941 1373 2057 1423 dici-

152 1463 259 1517 tur,
318 1471 472 1521 neque
502 1463 662 1505 tamen
700 1455 807 1505 ideo
836 1455 958 1522 quod
994 1455 1072 1506 alii
1104 1464 1212 1523 post
1240 1456 1393 1524 ipsum
1427 1473 1453 1506 a
1481 1464 1614 1524 patre
1642 1456 1791 1523 geniti
1827 1457 1923 1506 sint
1960 1457 2055 1523 pri-

151 1538 421 1606 mogenitus
461 1548 686 1602 vocatur3
739 1557 832 1590 non
874 1539 998 1589 enim
1040 1540 1234 1590 fratrem
1281 1540 1482 1590 alterum
1527 1540 1716 1602 babuit,
1770 1541 1940 1609 quippe
1977 1541 2055 1608 qui

150 1623 213 1674 sit
243 1623 536 1690 unigenitus.
615 1621 685 1673 lta
715 1631 763 1673 et
791 1632 1015 1692 suscepto
1049 1641 1251 1691 corpore
1279 1622 1470 1674 Mariae
1512 1624 1858 1692 primogenitus
1898 1626 2057 1693 appel-

149 1707 302 1769 latur3
344 1706 535 1756 tametsi
563 1707 703 1756 unica
733 1706 836 1757 eius
867 1707 1026 1774 proles
1052 1707 1301 1771 extiterit,
1359 1724 1512 1775 neque
1538 1709 1777 1758 secundus
1808 1726 1873 1758 ex
1905 1726 1963 1759 ea
1995 1708 2058 1759 sit

148 1791 214 1841 illi
255 1791 406 1840 frater
444 1790 492 1840 in
522 1791 673 1841 lucem
713 1791 887 1841 editus.
965 1788 1153 1842 Sileant
1192 1792 1352 1859 itaque
1396 1791 1613 1842 homines
1645 1792 1724 1841 isti
1755 1793 1832 1859 qui
1873 1810 1929 1842 ea
1963 1792 2052 1842 sibi

149 1875 332 1942 fingunt
377 1892 498 1942 quae
542 1874 800 1942 perniciem
850 1875 1000 1942 magis
1049 1894 1187 1943 quam
1227 1876 1478 1926 utilitatem
1518 1876 1634 1943 ipsis
1673 1876 1911 1939 afferunt,
1967 1877 2052 1926 sed

147 1958 246 2022 ille,
276 1975 475 2026 quaeso,
507 1959 715 2009 facessat
742 1976 898 2009 error.
978 1957 1280 2027 Quicumque
1309 1961 1549 2010 dominum
1581 1960 1805 2022 honorat,
1847 1960 2053 2011 honorat

146 2051 195 2093 et
222 2051 472 2105 sanctum3
527 2043 603 2109 qui
647 2043 907 2110 ignominia
944 2053 1161 2094 sanctum
1204 2044 1375 2106 afficit,
1432 2045 1629 2094 eandem
1663 2055 1711 2094 et
1740 2035 1932 2094 domino
1961 2062 2050 2094 suo

145 2125 453 2194 ignominiam
483 2126 701 2195 imponit.
780 2124 855 2177 Sit
902 2127 948 2177 in
978 2145 1086 2178 sese
1116 2126 1276 2178 Maria
1306 2128 1609 2178 sanctissima
1653 2128 1732 2177 illa
1763 2127 1902 2195 virgo
1941 2146 2051 2178 vas-

146 2228 236 2279 que
260 2211 374 2261 illud
402 2219 785 2261 sacrosanctum.
863 2209 1113 2262 Eiusmodi
1140 2229 1258 2262 vero
1289 2213 1516 2279 pestifera
1545 2220 1687 2279 atque
1719 2212 1935 2266 exitialia
1968 2213 2051 2262 do-

144 2303 303 2363 gmata
346 2295 522 2344 nullum
563 2294 702 2345 nobis
742 2295 949 2345 fructum
990 2296 1226 2358 afferunt,
1282 2314 1464 2363 nosque
1493 2296 1613 2346 adeo
1658 2295 2051 2347 honorificentius

146 2380 203 2429 de
232 2379 309 2429 illa
336 2379 517 2429 sentire
543 2396 629 2446 par
655 2387 755 2441 est,
812 2396 871 2429 ne
909 2380 957 2429 in
1002 2380 1146 2429 animi
1185 2381 1489 2430 insolentiam
1526 2388 1606 2429 aut
1640 2380 1926 2430 discordiam
1969 2389 2051 2431 aut

144 2479 552 2531 supervacaneam
583 2463 919 2530 loquacitatem
951 2464 1237 2515 incidamus,
1307 2462 1495 2533 Quippe
1521 2468 1575 2513 de
1599 2468 1726 2513 omni
1741 2468 1885 2514 otioso
1910 2466 2045 2514 verbo
2105 2479 2245 2546 agana.

144 2552 394 2606 rationem,
438 2555 489 2596 ut
522 2547 749 2614 scriptum
782 2557 883 2610 est,
924 2553 1160 2598 reddituri
1193 2567 1366 2598 sumus.
1450 2547 1581 2615 Ergo
1624 2550 1869 2616 nosipsos
1909 2566 2049 2599 cure·
2107 2523 2159 2566 1-,
2183 2523 2234 2557 ω’

145 2648 277 2695 mus,
331 2648 490 2680 rerum
534 2638 802 2680 nostrarum
833 2641 1139 2699 satagamns3
1196 2650 1319 2683 neve
1357 2650 1477 2700 quae
1513 2632 1666 2683 nostri
1708 2633 1898 2700 propria
1937 2642 2049 2684 sunt

145 2714 192 2765 in
226 2723 422 2765 sanctos
448 2715 768 2782 proferamus,
810 2724 890 2765 aut
918 2733 979 2766 ex
1012 2716 1149 2767 nobis
1176 2716 1293 2785 ipsis
1320 2734 1440 2784 quae
1466 2718 1524 2767 ad
1549 2716 1655 2766 illos
1680 2717 1921 2784 pertinent
1948 2735 2047 2767 me-

146 2799 224 2849 tiri
265 2799 487 2849 velimus.

284 2880 472 2951 Quippe
502 2882 715 2932 nonnulli
742 2890 853 2932 sunt
888 2883 964 2949 qui
999 2901 1104 2933 eum
1141 2885 1198 2934 ad
1231 2885 1397 2935 luxum
1428 2902 1484 2936 ac
1516 2883 1710 2935 delicias
1743 2885 1881 2935 effusi
1921 2885 2035 2947 sint,
2123 2887 2220 2940 Cap.

145 2975 193 3016 et
220 2966 539 3034 perniciosam
572 2975 777 3015 mentem
820 2967 1159 3034 conceperint,
1212 2968 1316 3019 iure
1345 2987 1402 3019 an
1437 2968 1613 3018 iniuria
1651 2978 1844 3019 sanctos
1875 2968 2041 3018 iisdem
2101 2944 2238 2984 XXH’

145 3051 386 3101 foeditatis
417 3050 615 3101 maculis
645 3066 903 3117 aspergere
937 3061 1196 3116 conantur,
1239 3070 1331 3119 quo
1363 3071 1512 3120 pravo
1543 3062 1591 3102 et
1620 3051 1857 3102 imbecillo
1886 3052 2043 3102 animo

145 3151 233 3184 suo
259 3135 510 3185 honestum
537 3134 743 3202 aliquem
770 3133 978 3183 colorem
1008 3135 1310 3203 speciemque
1335 3137 1636 3203 conquirant.
1715 3133 1900 3186 Contra
1924 3154 2043 3203 quos

144 3219 390 3286 apostolus
415 3218 477 3268 ita
508 3218 743 3285 loquitur,
791 3220 929 3266 Velim
960 3237 1111 3267 omnes
1139 3223 1230 3268 mei
1248 3224 1420 3269 similes
1444 3239 1557 3270 esse.
1634 3219 1725 3272 Ubi
1755 3220 1832 3269 illa
1866 3220 2033 3283 verba,
2061 3238 2093 3273 1.
2112 3236 2293 3281 Coma.

143 3305 245 3351 Mei
278 3305 450 3351 similes
480 3321 605 3362 esse,
665 3302 721 3352 de
755 3319 848 3369 quo
883 3302 975 3352 alio
1015 3321 1154 3370 quam
1195 3304 1253 3353 de
1283 3303 1564 3354 castimonia
1594 3303 1901 3371 interpretari
1932 3322 2042 3372 pos-

145 3387 342 3436 sumus?
415 3391 578 3435 Verum
611 3397 802 3451 propter
828 3389 1170 3453 fornicationes
1219 3392 1530 3453 unusquisque
1563 3406 1753 3437 umorem
1794 3405 1923 3436 suam
1954 3391 2037 3437 Iza-
2119 3407 2212 3444 md,

146 3471 263 3519 beat.
343 3466 440 3520 Sed
466 3472 513 3520 in
540 3469 686 3538 priori
714 3479 849 3538 parte
883 3487 1144 3538 pronomen
1172 3471 1402 3533 detraxit,
1446 3472 1566 3538 quod
1593 3471 1889 3521 acerbiorem
1921 3472 2040 3522 alio-

146 3554 224 3621 qui
270 3553 696 3621 reprehensionem
742 3563 789 3603 et
833 3554 1197 3621 castigationem
1245 3554 1458 3604 baberet.
1548 3553 1673 3605 Nam
1723 3573 1828 3605 cum
1879 3555 2039 3606 dicere

146 3646 338 3705 posset,
389 3641 585 3702 Propter
599 3640 942 3704 fornicationes
978 3648 1182 3697 vestrm,
1237 3656 1406 3688 vocem
1438 3637 1566 3689 illam
1605 3649 1781 3688 vestras
1817 3642 2036 3692 consulto

204 3747 302 3789 Cn.
325 3749 464 3791 XXll.
500 3773 551 3780 —-
613 3750 646 3792 1.
676 3740 759 3803 ἆρα
786 3751 895 3790 codd.
924 3761 1012 3790 mss.
