2508 4134
164 2727 247 2763 pag.
267 2718 362 2755 1057.

405 278 508 328 444
1115 289 1315 333 SANCTI
1344 291 1625 334 EPIPHANH

402 391 505 446 τοῖς
532 386 850 452 βουλομένοις
878 394 1186 454 καταμαθεῖν
1214 394 1300 455 τῆς
1322 395 1519 460 γραφῆς
1547 389 1635 459 τὴν
1665 388 1916 459 ἀλήθειαν,
1955 395 2037 446 καὶ
2066 391 2133 461 μὴ
2163 392 2323 462 μάτην

400 476 656 540 παροινεῖν
686 477 789 532 τοῖς
817 471 981 541 λόγοις
1015 473 1099 524 καὶ
1136 471 1428 542 βλάσφημόν
1458 497 1564 528 τινα
1595 477 1785 539 ἑαυτοῖς
1815 479 2148 542 ἐξοπλίζεσθαι
2174 484 2323 549 γλῶτ-

400 575 500 606 ταν.
575 557 645 607 Εἰ
674 556 726 608 δὲ
758 555 1020 624 βούλονταί
1046 578 1174 619 τινες
1209 563 1230 594 1
1249 558 1541 628 ἀνέχεσθαι,
1580 561 1698 614 οὐδὲ
1725 564 2081 630 καταδέχεσθαι
2105 561 2164 615 τά
2196 565 2323 617 ἐπω-

398 644 548 707 φελῆ,
600 636 719 693 α’λλά
746 646 927 708 μᾶλλον
959 639 1219 708 τάναντία,
1272 646 1354 697 καὶ
1395 643 1481 711 ἀφ’
1529 643 1671 713 ἡμῶν
1707 652 1803 699 τῶν
1839 646 2042 700 εὐτελῶν
2073 650 2203 718 ἔσται
2234 651 2322 719 ῥη-

403 725 513 777 τέον
535 722 617 789 τὸ,
655 722 710 777 ‘0
740 725 940 781 ἀκούων
969 725 1210 795 ἀκουέτω,
1247 731 1331 782 καὶ
1356 727 1385 783 ὅ
1416 730 1642 784 ἀπειθῶν
1670 731 1961 785 ἀπειθείτω·
2002 730 2070 801 μή
2104 738 2194 786 2η
2217 740 2323 796 τοῖς

400 806 687 872 ἀποστόλοις
713 810 873 865 κόπον
894 814 1157 883 παρεχέτω,
1197 813 1315 883 μήτε
1334 812 1452 882 ἡμῖν
1475 816 1658 883 μηκέτι.
1718 815 1783 868 ιἈ
1809 814 1900 887 γάρ
1927 814 2121 890 ᾔδειμεν
2147 818 2317 886 σεμνό-

396 915 512 965 τερα
548 897 632 948 καὶ
670 898 830 965 ἐπωλῆ
860 903 918 971 τῇ
949 900 1202 971 ἐκκλησία,
1253 905 1404 952 ταῦτα
1433 902 1544 970 περὶ
1568 906 1656 967 τῆς
1686 897 1828 970 άγίας
1850 903 2106 972 παρθένου
2129 902 2323 972 εἰρήκα-

396 1001 500 1047 μεν,
540 989 924 1053 συνηγοροῦντες
944 988 1003 1057 τῇ
1029 982 1151 1036 κατά
1175 981 1339 1037 πάντα
1364 986 1742 1058 κεχαριτωμένη,
1783 983 1849 1049 ὥς
1871 983 2004 1039 εἶπεν
2030 984 2060 1040 ὅ
2083 986 2319 1058 Γαβριὴλ,

400 1071 556 1135 Χαῖρε
589 1070 962 1137 κεχαριτωμένη,
1002 1066 1030 1123 ὅ
1055 1068 1225 1138 κύριος
1252 1068 1370 1138 μετά
1402 1076 1506 1123 σοῦ.
1583 1072 1654 1122 Εἰ
1681 1070 1734 1123 δὲ
1764 1069 1794 1124 ὅ
1821 1069 1994 1140 κύριος
2018 1069 2116 1140 μετ’
2149 1071 2319 1142 αὐτῆς,

394 1156 501 1213 πῶς
541 1153 671 1205 ἔσται
714 1155 765 1206 ἐν
805 1157 1005 1227 συζυγία
1044 1156 1207 1227 ἑτέρα,
1285 1160 1405 1217 Πῶς
1441 1156 1495 1208 δὲ
1525 1157 1666 1225 σαρκὶ
1695 1156 2025 1224 πλησιάζουσα
2058 1159 2194 1212 ἔσται
2217 1156 2318 1212 find

392 1239 570 1304 κυρίου
605 1240 941 1307 φυλαττομένη
951 1263 965 1303 ,·
1046 1242 1110 1292 Οἵ
1134 1238 1269 1310 ἅγιοι
1295 1242 1347 1293 ἒν
1377 1246 1509 1314 τιμῇ,
1547 1238 1581 1309 ἦ
1607 1238 1883 1304 ἀνάπαυσις
1907 1243 2073 1296 αὐτῶν
2100 1245 2152 1297 έν
2179 1243 2318 1318 δόξῃ,

390 1319 426 1389 ἦ
451 1320 757 1376 ἀπεντεῦθεν
789 1322 951 1378 αὐτῶν
981 1327 1189 1392 ἒκδημία
1217 1328 1269 1379 ἐν
1297 1325 1580 1394 τελειότητι,
1619 1323 1650 1380 ὅ
1677 1332 1855 1397 κλῆρος
1885 1327 2051 1381 αὐτῶν
2084 1330 2135 1382 ἐν
2165 1351 2322 1396 μακα-

392 1406 602 1476 ριότητι,
642 1411 694 1462 ἐν
722 1418 895 1477 μοναῖς
922 1408 1111 1480 άγίαις,
1148 1408 1179 1464 ὅ
1204 1409 1349 1479 χορός
1377 1409 1471 1479 μετ’
1500 1412 1740 1482 ἀγγέλων,
1779 1411 1814 1480 ἦ
1841 1416 2000 1466 δίαιτα
2027 1415 2078 1467 ἐν
2107 1412 2319 1488 οὐρανῷ,

392 1491 445 1545 τὸ
475 1497 740 1562 πολίτευμα
780 1497 832 1548 έν
871 1500 1035 1558 θείαις
1074 1504 1319 1566 γραφαῖς,
1371 1495 1425 1551 τό
1460 1498 1596 1560 κλέος
1638 1499 1690 1551 έν
1723 1502 1836 1572 τιμῇ
1874 1496 2205 1572 άσυνεικάστφ
2235 1501 2320 1553 καὶ

391 1580 630 1645 διηνεκεῖ,
678 1580 736 1632 τά
777 1584 984 1650 βραβεῖα
1019 1583 1071 1635 ἐν
1107 1587 1306 1655 Χριστῷ
1339 1582 1509 1649 Ἰησοῦ
1545 1588 1612 1655 τῷ
1646 1587 1800 1656 κυρίῳ
1835 1580 2001 1651 ἡμῶν,
2057 1582 2117 1638 δι’
2146 1578 2208 1639 οῦ
2234 1586 2321 1639 καὶ

392 1661 504 1730 μεθ’
529 1657 592 1718 οὗ
620 1664 738 1729 δόξα
765 1671 833 1737 τῷ
863 1668 1012 1738 πατρὶ
1036 1665 1128 1720 σύν
1155 1665 1276 1739 άγίφ
1306 1666 1544 1736 πνεύματι
1572 1670 1641 1731 εἰς
1670 1670 1878 1735 αἰῶνας,
1918 1667 2063 1737 ἀμήν.

536 2094 998 2166 Προςαγορεύουσιν
1044 2093 1211 2163 3ὖμᾶς
1249 2094 1429 2158 πάντες
1470 2098 1522 2149 οἱ
1546 2095 1778 2162 ἀδελφοὶ,
1827 2098 2121 2165 προςείπατε
2150 2095 2204 2149 δὲ
2232 2097 2319 2150 καὶ

389 2177 532 2233 αὐτοὶ
570 2179 755 2242 πάντας
795 2179 911 2243 τούς
947 2178 1060 2251 παρ’
1093 2179 1254 2249 4ὖμῖν
1295 2179 1539 2247 ἀδελφούς
1574 2180 1780 2243 πιστούς
1817 2181 2155 2252 ὀρθοδόξους,
2209 2199 2319 2234 στυ-

389 2270 602 2335 γοῦντας
624 2263 987 2336 ὑπερηφανίαν,
1013 2274 1276 2333 μισοῦντας
1299 2270 1565 2322 κοινωνίαν
1583 2266 1853 2335 Ἀρειανῶν
1874 2269 1958 2320 καὶ
1976 2270 2319 2334 Σαβελλιανῶν

391 2352 681 2418 ἕρεσχελίαν,
720 2357 961 2419 τιμῶντας
988 2353 1040 2405 δὲ
1068 2357 1092 2388 ⁵
1110 2349 1390 2419 ὄμοουσίως
1420 2350 1509 2420 τήν
1533 2350 1728 2421 τριάδα,
1767 2354 1953 2421 πατέρα
1983 2354 2068 2406 καὶ
2096 2350 2210 2406 υἷὸν
2233 2354 2318 2406 καὶ

389 2434 530 2505 ἅγιον
560 2443 776 2504 πνεῦμα,
814 2445 942 2507 τρεῖς
969 2435 1289 2502 ὑποστάσεις,
1330 2441 1444 2505 μίαν
1474 2434 1659 2502 οὐσίαν,
1698 2439 1779 2490 καὶ
1808 2436 2026 2506 θεότητα
2050 2441 2193 2506 μίαν,
2232 2439 2318 2491 καὶ

388 2517 690 2584 άπαξαπλῶς
731 2525 847 2590 μίαν
884 2525 1192 2592 δοξολογίαν,
1242 2524 1324 2575 καὶ
1358 2521 1425 2590 μή
1451 2524 1818 2590 σφαλλομένους
1844 2525 1958 2594 περὶ
1991 2521 2078 2591 τήν
2106 2528 2195 2576 τοῦ
2225 2540 2318 2577 σω-

388 2612 536 2676 τῆρος
571 2604 713 2675 ἡμῶν
748 2605 989 2677 σωτήριον
1022 2610 1305 2676 οἰκονομίαν
1340 2609 1425 2660 καὶ
1459 2611 1694 2678 ἕνσαρκον
1732 2612 2036 2679 παρουσίαν,
2088 2606 2207 2661 ἀλλά
2239 2630 2318 2661 πι-

389 2690 648 2754 στεύοντας
679 2696 866 2754 τελείως
892 2691 981 2761 τὴν
1016 2699 1235 2763 Χριστοῦ
1275 2692 1680 2763 ένανθρῶπησιν,
1734 2695 1915 2747 τέλειον
1940 2693 2086 2757 θεὸν,
2138 2694 2318 2746 τέλειον

360 2774 474 2830 ,τόν
516 2775 667 2831 αὐτὸν
711 2776 1008 2847 ἄνθρωπον,
1060 2781 1208 2849 χωρὶς
1246 2776 1508 2850 άμαρτίας,
1558 2777 1771 2847 λαβόντα
1809 2777 1930 2832 αὗτὸ
1957 2777 2011 2832 τό
2043 2783 2183 2846 σῶμα
2214 2775 2313 2832 άπὸ

389 2866 621 2934 Μαρίας,
660 2865 744 2915 καὶ
778 2862 945 2932 ψυχὴν
974 2863 1214 2932 λαβόντα,
1253 2866 1337 2917 καὶ
1366 2871 1488 2917 νοῦν
1519 2866 1604 2917 καὶ
1636 2864 1797 2917 πάντα
1823 2867 1871 2917 εἴ
1888 2867 1933 2917 τί
1957 2866 2086 2918 ἔστιν
2115 2862 2315 2933 ἀνθρω-

388 2970 506 3011 πος,
545 2949 693 3019 χωρὶς
724 2946 990 3019 ἁμαρτίας,
1043 2949 1103 3002 οὗ
1134 2948 1224 3003 δύο
1255 2948 1399 3014 ὅντα,
1450 2948 1546 3002 ἀλλ’
1571 2951 1656 3003 ἕνα
1680 2948 1882 3020 κύριον,
1930 2951 2015 3002 ἕνα
2041 2947 2190 3013 θεόν,
2228 2950 2316 3002 ἕνα

388 3035 612 3101 βασιλέα,
652 3035 737 3087 ἕνα
767 3033 1008 3105 ἀρχιερέα,
1046 3034 1170 3088 θεὸν
1199 3037 1284 3088 καὶ
1319 3033 1617 3106 ἄνθρωπον,
1659 3032 1933 3105 ἄνθρωπον
1962 3035 2046 3087 καὶ
2072 3031 2213 3098 θεὸν,
2251 3033 2311 3087 οὗ

388 3118 506 3186 δύο,
558 3117 658 3171 ἀλλ’
698 3121 806 3185 ἕνα,
861 3123 1199 3173 συνενωθέντα
1232 3119 1323 3174 οὐκ
1360 3123 1429 3183 εἰς
1458 3119 1715 3190 σύγχυσιν,
1755 3117 1860 3173 οὐδ’
1891 3121 1958 3180 εἰς
1990 3116 2312 3189 ἀνυπαρξίαν,

391 3202 486 3257 ἄλλ’
525 3206 592 3267 εἷς
630 3203 841 3274 μεγάλην
877 3203 1073 3276 χάριτος
1109 3207 1408 3274 οἰκονομίαν.
1469 3204 1745 3277 ’Ἔρρωσθε

536 3465 615 3531 Τῷ
642 3461 694 3513 δὲ
721 3466 809 3528 τῆς
839 3463 1093 3529 ἐπιστολῆς
1125 3458 1410 3533 ἀντιγράφω
1440 3460 1783 3530 ἀρκεσθέντες,
1820 3463 1980 3520 καλῶς
2006 3460 2157 3526 ἔχοντι
2186 3457 2312 3530 π’ρὸς

389 3543 477 3610 τήν
502 3544 689 3598 τούτων
713 3546 989 3610 ἀντίθεσιν,
1029 3548 1121 3608 ἕως
1148 3540 1243 3599 ῶδε
1269 3549 1452 3607 ἱκανῶς
1477 3547 1598 3612 ἔχειν
1627 3541 1980 3610 δοκιμάζοντες,
2019 3547 2103 3598 καὶ
2130 3545 2312 3614 ταύτην

389 3630 439 3681 ἐν
466 3636 573 3702 θεῷ
608 3628 999 3701 ὖπερβεβηκότες
1030 3629 1096 3693 ὥς
1124 3629 1326 3702 ἕρπετόν
1352 3628 1451 3683 ἀπό
1482 3630 1613 3696 ὀπῆς
1640 3626 1935 3698 προκύψαν,
1988 3629 2070 3682 διά
2107 3637 2309 3698 συνετῆς

449 3772 545 3812 CAP.
570 3774 707 3814 XXV.
738 3799 780 3805 -
836 3776 868 3816 1.
901 3770 1151 3830 ἅντέχεσῖται
1172 3778 1323 3816 volebat
1376 3787 1437 3826 pr.
1468 3775 1585 3823 fuisse
1613 3774 1799 3822 scriplum
1825 3775 1990 3814 videtur.

390 3831 587 3878 PelaviuS‚
616 3834 649 3868 et
668 3834 723 3870 ita
744 3844 877 3873 revera
900 3834 939 3872 in
958 3835 1040 3873 cod.
1058 3835 1133 3874 len.
1160 3845 1185 3872 a
1201 3844 1323 3873 manu
1436 3830 1475 3872 ¹2.
1506 3843 1568 3876 τις
1595 3830 1678 3869 cod.
1710 3830 1868 3881 Rhediy.
