2508 4134
554 315 781 356 PANARH
812 315 914 355 [ΑΒ.
943 315 1017 355 ΙΙΙ.
1045 316 1180 356 ΤΟΜ.
1206 317 1237 356 1.
1267 316 1431 356 HAER.
1456 315 1653 356 LXXVI.
1951 297 2051 351 203

154 410 342 476 Porro,
381 416 629 472 Nostram,
672 429 777 462 cum
810 410 960 473 dixit,
1016 412 1352 479 aequalitatem
1377 431 1482 463 cum
1514 421 1648 480 patre
1678 410 1790 474 filii,
1830 407 2052 461 similitu-

151 497 403 565 dinemque
443 497 682 560 declarat,
738 512 825 545 nec
868 512 972 545 eam
1012 495 1193 557 solum,
1250 497 1333 545 sed
1371 496 1494 546 idem
1538 497 1691 565 ipsum
1728 495 1777 546 in
1809 492 2049 554 omnibuS‚

150 597 241 631 nec
278 581 629 648 discrepantem
668 596 777 631 esse
815 578 1072 646 significat.

289 662 543 731 Quomodo
575 681 694 715 vero
737 681 830 714 non
873 662 1086 730 aequalis
1120 671 1203 712 aut
1238 662 1408 713 similis
1450 680 1560 713 esse
1602 673 1789 731 potest,
1842 662 1951 731 qui,
2004 666 2304 721 utcap.v11.

147 749 240 799 iam
274 748 405 812 dixi,
447 748 516 799 sic
548 748 784 816 loquitur:
838 751 944 811 Ego
971 751 1018 796 in
1045 757 1182 811 patre
1209 756 1257 795 et
1277 756 1415 811 pater
1441 750 1488 795 in
1515 765 1583 795 me
1606 753 1710 796 est?
1783 745 1923 814 Quod
1956 763 2049 796 non
2068 762 2305 806 loann.14‚o.

148 833 288 883 modo
320 834 368 883 in
400 833 654 900 evangelio
684 833 783 901 ipse
811 831 963 894 dixit,
1003 831 1085 880 sed
1116 840 1164 881 et
1189 829 1362 880 Esaias
1392 847 1454 880 ex
1487 831 1640 881 sancti
1671 830 1866 899 spiritus
1892 830 2050 881 afflatu
2073 846 2284 891 Esai.2ss‚².

147 916 418 968 vaticinans
451 917 594 967 lilium
628 917 674 967 in
704 923 841 984 patre
879 932 990 966 esse
1022 915 1278 982 cognovit,
1332 932 1420 965 nec
1449 914 1505 964 ab
1538 915 1704 965 eodem
1739 915 1945 965 alienum
1974 922 2056 965 ant

148 1000 422 1064 diversum,
483 1001 624 1069 idque
661 1001 787 1051 illius
830 1000 978 1050 verba
1023 1000 1373 1049 demonstrant.
1451 996 1590 1065 Quae
1630 998 1698 1048 sic
1741 999 1787 1049 in
1829 998 2054 1049 Hebraeo

148 1093 384 1151 concepta
422 1093 564 1135 sunt=
620 1082 810 1134 Pthoou
851 1084 1015 1146 sarin,
1072 1083 1296 1134 viaboton
1340 1083 1534 1146 sadich,
1589 1100 1753 1134 somer
1791 1082 2051 1144 emmnnin,

149 1167 480 1219 iesrosmooch
499 1206 512 1231 ,
555 1168 720 1219 thesar
747 1168 898 1218 salom
926 1168 1104 1232 salom,
1146 1167 1313 1217 ebibac
1344 1167 1486 1217 batoii
1504 1207 1517 1231 ,
1560 1166 1702 1217 betub
1730 1166 1946 1216 baldonai
1973 1166 2055 1216 ad-

148 1252 289 1314 «toth,
331 1252 518 1303 chibai’a
546 1252 734 1303 Adonai
764 1252 1065 1303 sodolemim.
1143 1250 1283 1320 Quae
1313 1252 1382 1301 sic
1415 1252 1590 1319 Aquila
1616 1252 1798 1301 reddit:
1860 1253 2057 1315 Aperite

142 1346 329 1401 portas,
382 1340 679 1402 ingrediatur
703 1355 821 1401 gens
853 1341 975 1386 iusta
990 1375 1004 1396 ,
1047 1340 1309 1386 custodiens
1323 1338 1471 1402 fidem
1485 1374 1499 1396 ,
1543 1338 1774 1401 opificium
1784 1337 2050 1400 firmatum,

146 1425 356 1470 custodia
375 1425 536 1486 pactis,
596 1425 808 1487 quoniam
838 1425 885 1470 z'n
913 1426 1011 1486 ipso
1040 1423 1305 1487 corfidunt:
1364 1423 1581 1486 confidite
1608 1424 1789 1469 domino
1820 1423 1866 1468 in
1895 1436 2056 1468 saecu-

147 1507 266 1564 lum,
308 1509 521 1570 quoniam
551 1509 598 1555 in
627 1509 808 1555 domino
833 1509 1071 1565 dominus,
1126 1507 1437 1571 qm'firmavz't
1454 1508 1657 1554 saecula.
1737 1501 2055 1572 Septuaginta

146 1606 296 1639 vero:
335 1593 533 1653 Aperite
551 1599 742 1655 portas,
798 1594 1092 1655 ingrediatur
1120 1593 1381 1639 custodiens
1411 1593 1647 1639 veritatem
1662 1627 1675 1649 ,
1727 1599 1775 1638 ct
1800 1590 2054 1653 apprehen-

143 1676 257 1723 dens
285 1677 520 1722 veritatem
535 1711 549 1734 ,
603 1684 649 1722 et
674 1678 935 1723 custodiens
952 1692 1143 1739 pacem,·
1198 1678 1410 1740 quoniam
1448 1678 1495 1723 in
1526 1683 1569 1722 te
1593 1683 1923 1739 speraverunt,
1973 1675 2054 1721 do-

145 1761 281 1816 mine,
314 1761 529 1823 usquein
559 1760 822 1817 saeculum,
865 1762 976 1807 deus
1010 1776 1232 1822 magnus,
1274 1769 1507 1809 aeternus.
1588 1756 1699 1824 Quo
1730 1757 1778 1808 in
1815 1759 1921 1808 loco
1952 1756 2055 1807 ani-

146 1841 414 1892 madvertat
443 1841 595 1892 lector
621 1843 742 1910 apud
777 1840 1097 1911 Septuaginta
1123 1847 1347 1892 Dominus
1381 1853 1426 1893 et
1453 1847 1659 1908 Magnus
1687 1841 1913 1911 scriptum
1945 1858 2054 1892 esse

146 1942 232 1993 pro
262 1942 321 1975 eo
350 1926 474 1992 quod
501 1935 576 1976 est
601 1930 656 1976 In
683 1930 880 1976 domino.
961 1925 1116 1994 Quam
1144 1928 1290 1977 multa
1319 1928 1484 1978 eadem
1514 1928 1570 1977 de
1599 1944 1651 1976 re
1679 1936 1932 1994 praeterea
1960 1925 2054 1976 dici

145 2011 375 2077 possunt?
450 2008 546 2062 Sed
589 2028 767 2060 vereor
799 2028 866 2060 ne
913 2011 1102 2077 longius
1148 2011 1432 2080 disputando
1473 2012 1772 2079 progrediar.
1864 2009 2053 2079 Quippe

146 2093 303 2144 omnia
342 2094 495 2144 sacris
541 2095 589 2145 in
626 2094 778 2145 literis
813 2096 1063 2164 perspicua
1095 2105 1236 2158 sunt,
1292 2097 1330 2146 si
1368 2097 1472 2163 quis
1514 2098 1587 2163 pia
1628 2104 1786 2145 mente
1822 2096 1878 2145 ad
1907 2095 2051 2145 divini

145 2177 281 2228 verbi
312 2177 636 2245 cognitionem
678 2181 970 2244 accesserit,
1026 2197 1181 2248 neque
1220 2180 1395 2230 diaboli
1430 2181 1634 2249 impulsu
1666 2180 1713 2230 in
1746 2180 1907 2248 seipso
1939 2197 2054 2229 con-

145 2270 283 2328 cepto
307 2262 354 2312 in
387 2262 667 2313 altissimam
702 2264 871 2315 mortis
909 2264 1191 2331 voraginem
1233 2265 1541 2333 praecipitem
1583 2283 1694 2316 sese
1737 2264 2050 2316 commiserit.

149 2342 561 2411 Quemadmodum
607 2348 780 2398 inse-lix
826 2347 920 2398 iste
963 2367 1068 2399 cum
1111 2349 1434 2399 sectatoribus
1480 2349 1581 2400 suis
1623 2351 1781 2400 facere
1824 2348 2050 2410 instituit,

144 2429 221 2496 qui
256 2447 399 2496 supra
432 2449 629 2496 omnes,
671 2441 904 2500 quotquot.
932 2442 1044 2483 ante
1078 2433 1209 2502 ipsos
1241 2434 1575 2484 contumeliosi
1607 2435 1654 2484 in
1684 2435 1822 2484 deum
1854 2433 2053 2500 eiusque

145 2513 281 2563 fidem
312 2514 605 2579 extiterunt,
642 2518 697 2566 ad
726 2519 1088 2584 oppugnandam
1118 2519 1369 2568 veritatem
1400 2519 1618 2585 aggressi
1646 2527 1776 2568 sunt.
1852 2516 2054 2569 Maneat

145 2596 290 2664 igitur
332 2598 612 2649 dissimilem
655 2601 805 2668 patris
844 2618 953 2652 esse
995 2620 1088 2652 non
1126 2620 1268 2671 posse
1307 2603 1481 2665 filium,
1538 2620 1692 2671 neque
1734 2602 1964 2652 tamenin
1994 2619 2052 2652 eo

142 2682 392 2732 admodum
428 2684 796 2751 acquiescimuS.
875 2684 1002 2735 Nam
1049 2704 1142 2737 nou
1182 2688 1334 2738 solum
1373 2686 1573 2747 similis,
1633 2688 1715 2737 sed
1761 2696 1808 2737 et
1839 2687 2052 2753 aequalis

144 2775 248 2828 est,
290 2767 509 2835 idemque
536 2768 812 2829 divinitate,
854 2770 1171 2833 aeternitate,
1231 2771 1427 2821 virtute.
1505 2770 1630 2822 Nam
1661 2772 1791 2821 illum
1821 2767 2053 2821 ταὺτοού-

142 2865 246 2899 σιον
282 2869 376 2900 non
421 2852 741 2920 appellamus,
795 2852 882 2901 boc
923 2862 997 2902 est
1037 2856 1234 2904 eandem
1278 2873 1382 2905 cum
1424 2865 1558 2923 patre
1591 2856 1935 2918 substantiam,
1992 2872 2051 2904 ne

141 2952 241 2984 vox
274 2935 365 2985 ista
393 2954 418 2986 a
451 2937 693 2987 nonnullis
724 2946 951 3003 usurpata
983 2935 1308 2990 Sabellianum
1342 2940 1398 2989 ad
1431 2942 1600 3006 dogma
1641 2940 1873 2990 trabatur.
1953 2937 2049 2989 Sed

143 3019 346 3070 eundem
388 3020 638 3071 divinitate
679 3029 726 3069 et
756 3020 1023 3071 substantia
1057 3031 1104 3071 et
1137 3023 1313 3074 virtute
1346 3024 1675 3092 praedicamus
1710 3024 1830 3091 patri
1870 3041 1926 3073 ac
1958 3023 2052 3091 spi-

143 3104 252 3154 ritui
297 3114 465 3155 sancto
506 3106 552 3155 in
601 3104 820 3155 omnibns
863 3105 1131 3171 aequalem.
1206 3106 1371 3173 Quare
1412 3103 1706 3171 ὅμοούσιον,
1759 3107 1804 3157 id
1833 3116 1910 3157 est
1936 3125 2050 3157 con-

141 3187 504 3239 substantialem
546 3206 776 3239 vocamus
822 3206 885 3239 ex
927 3200 1266 3240 sacrosanctae
1310 3192 1416 3241 fidei
1466 3191 1789 3260 praescripto,
1852 3201 1901 3242 ut
1944 3210 2053 3260 par-

142 3271 285 3322 ticula
326 3267 454 3336 ὅμοῢ
487 3275 727 3342 perfectas
763 3291 871 3324 esse
911 3291 1142 3342 personas
1178 3275 1447 3342 signilicet,
1505 3276 1884 3343 quandoquidem
1928 3278 2050 3328 lilius

194 3410 233 3452 8.
264 3410 501 3466 διαβολικῆν
527 3415 663 3463 scripsi
686 3418 890 3462 praeeunte
921 3416 1065 3453 Corna-
1178 3412 1217 3454 9.
1260 3412 1394 3468 τούτῳ
1435 3417 1651 3455 emendavit
1692 3418 1887 3456 Petavius.
1944 3419 2051 3459 Libri

138 3469 197 3507 rio
235 3467 322 3518 (qui
357 3471 464 3508 vertit
492 3468 732 3508 diabolicam
763 3470 1063 3521 operationem)
1122 3472 1237 3519 vulyo
1266 3472 1397 3512 τοῦτο.

140 3527 172 3562 et
214 3525 382 3563 Petavio.
442 3521 636 3579 διαβολὴν
678 3527 814 3564 habent
861 3527 966 3564 editi.
1021 3528 1065 3565 In
1185 3527 1244 3565 10.
1276 3525 1446 3579 λέγομεν
1467 3529 1603 3566 vitium
1627 3532 1679 3566 est
1708 3529 1795 3568 edit.
1819 3531 1952 3570 Petav.
1977 3532 2048 3571 (70-

139 3580 221 3619 cod.
250 3580 327 3619 Ien.
364 3584 550 3630 reperitur
578 3583 798 3620 breviatum
832 3580 1064 3649 διαβολλζ,
1123 3583 1378 3676 lon.¹reptet.u
1467 3639 1475 3648 ‘
1509 3641 1517 3648 ι

139 3692 179 3729 in
209 3692 294 3730 cod.
333 3693 493 3741 Rhediy.
526 3652 742 3744 διοιβολγιι
788 3695 830 3732 In
870 3694 952 3732 cod.
985 3693 1065 3732 Pa-
1122 3639 1201 3731 unclz
1236 3640 1928 3745 huenffotdcdrzjffzg'tw.Pertavgzgmtlzffls
1957 3655 2044 3739 ⁷133}

137 3748 256 3842 ’ἕείπο
293 3751 396 3786 extat
433 3745 629 3802 διαβολήν
665 3747 738 3789 καὶ
778 3747 933 3801 &vec-f„
981 3752 1067 3787 teste
1126 3748 1274 3802 σαφῶς
1306 3751 1409 3789 abest
1438 3762 1462 3789 a
1492 3753 1574 3791 cod,
1606 3753 1765 3804 Rhediy.

176 3804 313 3842 cinvio.
