2508 4134
230 654 342 711 Κεφ.
365 653 419 698 α’.

224 1711 310 1750 pag.
333 1701 407 1738 913.

466 239 566 293 190
1171 252 1378 295 smc‘m
1404 254 1687 297 EPJPHANH

1003 427 1179 484 KAT
1199 430 1240 487 A
1305 424 1848 502 *ΑΝΟΜΟΙΩΝ,

758 523 1102 602 πεντηκοστὴ
1150 528 1284 604 ἕκτη
1301 573 1316 602 ,
1360 526 1398 605 ἦ
1443 530 1541 587 καὶ
1585 526 1904 605 ἑπτακοστή
1949 531 2099 605 ἕκτη.

596 642 845 714 Ἀνόμοιοι
894 644 1042 701 πάλιν
1089 650 1214 712 τινές
1264 651 1382 704 εἰσιν
1431 649 1746 719 καλούμενον
1799 644 1939 704 οὗτοι
1990 651 2043 704 δὲ
2092 649 2384 720 πρόσφατοι.

441 727 623 799 ’Έσχον
650 731 702 784 δὲ
735 727 952 802 οἷρχηγὸν
979 731 1164 787 Ἀέτιόν
1200 757 1306 788 τινα
1343 733 1604 800 διάκονον,
1655 737 1968 807 προαχθέντα
2006 734 2089 789 διοὶ
2117 735 2209 805 τὴν
2233 735 2389 792 αὐτοῦ

456 819 703 886 φλυαρίαν
740 815 839 871 fiad
885 822 1134 889 Γεωργίου
1175 826 1266 873 τοῦ
1303 818 1677 892 Ἀλεξανδρέως,
1735 828 1832 874 τῶν
1867 819 2128 892 Ἀρειαναῖν
2169 821 2281 891 ἅμα
2306 825 2392 877 καὶ

455 907 785 970 Μελητιανῶν
815 903 1072 974 γεγονότος
1103 904 1402 971 ἐπισκόπου,
1441 907 1524 959 καὶ
1554 909 1604 959 ἐν
1632 908 1828 975 χρόνοις
1847 906 2147 973 Ἰουλιανοῦ,
2187 906 2255 971 ὥς
2284 905 2390 963 &ivm

454 1009 538 1055 μοι
563 987 955 1057 προδεδήλωται,
1007 988 1098 1058 τὴν
1140 989 1285 1043 πόλιν
1316 990 1695 1059 πομπεύσαντος
1726 994 1807 1046 ἐπὶ
1837 991 2090 1061 καμήλου,
2141 995 2226 1046 καὶ
2258 988 2392 1065 πρῶ-

452 1095 538 1126 τον
565 1074 653 1142 μὲν
674 1073 828 1127 πολλοὶ
853 1071 952 1128 ’ὗπὸ
985 1081 1082 1128 τῶν
1100 1073 1342 1144 Ἑλλήνων
1365 1078 1765 1147 συγκλεισθέντος
1786 1080 1870 1130 καὶ
1898 1077 2227 1144 πεπονθότος,
2265 1101 2392 1147 πομ-

453 1158 728 1222 πεύσαντός
752 1180 826 1225 τε,
878 1157 944 1223 οἷς
974 1162 1126 1228 ἔφην,
1178 1163 1262 1215 καὶ
1295 1160 1455 1225 ξύλοις
1490 1163 1812 1227 παισθέντος,
1868 1164 2034 1216 ἔπειτα
2071 1164 2125 1216 δὲ
2154 1165 2387 1234 συρέντος

454 1243 574 1313 ὅλην
603 1244 774 1314 σχεδόν
802 1244 893 1314 τὴν
919 1244 1090 1311 πόλιν,
1124 1233 1225 1300 ,καὶ
1264 1245 1420 1309 οὕτως
1459 1245 1831 1311 ἀποθανόντος,
1882 1249 1968 1300 καὶ
2009 1247 2126 1315 μετὰ
2166 1247 2392 1303 θάνατον

454 1332 680 1396 καέντος,
733 1333 817 1385 καὶ
844 1330 963 1400 μετὰ
991 1338 1181 1386 πολλῶν
1214 1331 1400 1385 ὀστέων
1429 1338 1625 1400 κτηνῶν
1654 1333 1738 1384 καὶ
1770 1330 1907 1396 ζώων
1935 1335 2004 1395 εἷς
2033 1334 2219 1402 τέφραν
2246 1351 2391 1387 συνα-

451 1417 657 1485 χθέντος
683 1418 763 1469 καὶ
793 1418 1043 1485 μετέπειτα
1067 1425 1170 1480 τοῖς
1197 1416 1396 1486 οἷνέμοις
1427 1415 1512 1470 ὑπ’
1542 1415 1707 1470 αὐτῶν
1734 1419 2085 1486 λικμηθέντος,
2122 1421 2208 1472 καὶ
2232 1417 2392 1482 οὕτως

451 1501 506 1556 τὸ
533 1503 687 1571 πέρας
723 1501 999 1572 ἐσχηκότος.
1075 1505 1243 1566 Λέξειε
1282 1501 1324 1556 δ’
1354 1501 1415 1555 ἅν
1444 1525 1515 1565 τις
1541 1504 1654 1574 περὶ
1680 1508 1769 1556 τοῦ
1798 1502 1956 1566 οὕτως
1984 1499 2388 1573 τετελευτηκότος,

458 1585 658 1641 Οὐκοῦν
684 1585 1015 1659 ἐμαρτύρησεν
1040 1585 1140 1642 ὑπὸ
1164 1586 1408 1657 Ἑλλήνων
1437 1594 1588 1641 ταῦτα
1612 1587 1882 1651 πεπονθώς
1892 1612 1907 1653 ,·
1950 1592 2050 1642 Καὶ
2084 1591 2129 1642 εἰ
2154 1590 2241 1658 μὲν
2263 1586 2389 1659 ὑπὲρ

452 1671 690 1741 ἀληθείας
715 1671 848 1747 αὐτῷ
877 1667 939 1741 ἦν
969 1671 998 1726 ό
1021 1673 1180 1744 ἀγών,
1233 1676 1317 1727 καὶ
1351 1672 1450 1728 ὖπὸ
1487 1671 1730 1742 Ἑλλήνων
1762 1672 1844 1727 διοὲ
1875 1675 2075 1739 φθόνον
2103 1676 2186 1728 καὶ
2211 1673 2301 1743 τὴν
2323 1677 2392 1738 εἷς

455 1758 672 1830 Χριστόν
705 1756 968 1829 ὁμολογίαν
993 1758 1052 1812 τοὶ
1078 1765 1281 1813 τοιαῦτα
1318 1757 1455 1833 αὐτῷ
1496 1761 1835 1828 συμβέβηκεν,
1887 1758 2042 1823 ὅντως
2080 1763 2131 1814 ἐν
2158 1761 2388 1831 μάρτυσι,

450 1846 535 1898 καὶ
567 1841 658 1898 οὐκ
696 1846 748 1898 ἐν
775 1852 972 1915 μικροῖς
1009 1845 1246 1899 ἐτέτακτο.
1327 1846 1434 1899 Οὐκ
1457 1839 1520 1914 ἦν
1549 1846 1602 1898 δὲ
1635 1843 1725 1898 1τό
1755 1848 1912 1898 αἴτιον
1943 1845 2025 1899 διᾶ
2053 1844 2142 1914 τὴν
2169 1848 2236 1909 εἰς
2269 1852 2388 1918 Χρι-

450 1929 567 1984 στὸν
592 1927 879 2001 ὁμολογίαν,
918 1928 1036 1983 ἀλλὰ
1061 1928 1123 1984 δι’
1147 1930 1210 1999 ἢν
1235 1933 1287 1985 ἐν
1313 1937 1372 2005 τῇ
1404 1937 1430 1967 2
1446 1933 1623 1984 ἑαυτοῦ
1650 1933 1810 1998 δῆθεν
1838 1933 2084 2006 ἐπισκοπῇ
2109 1934 2387 2008 καλουμένῃ

450 2014 632 2084 πολλὴν
673 2019 786 2085 βίαν
824 2015 912 2085 τὴν
953 2015 1096 2070 πόλιν
1125 2038 1175 2070 τε
1204 2018 1287 2070 καὶ
1328 2015 1413 2070 τόν
1450 2020 1608 2085 δῆμον
1643 2018 1862 2082 διέθετο,
1917 2023 1988 2091 πῇ
2017 2018 2106 2085 μὲν
2157 2014 2386 2087 ἆρπιὶζων

447 2100 564 2164 τούς
595 2100 902 2172 ἀνθρώπους
926 2100 986 2156 τοὶ
1015 2099 1113 2155 ὖπὸ
1143 2106 1240 2155 τῶν
1265 2103 1450 2172 γονέων
1476 2101 1641 2155 αὐτῶν
1676 2102 2097 2171 κληρονομήματα.
2178 2105 2278 2156 Καὶ
2303 2106 2386 2157 ἵνα

448 2187 515 2256 μή
544 2185 880 2256 διαβάλλωμεν
908 2187 994 2242 τὸν
1022 2185 1200 2258 ἄνδρα·
1255 2185 1408 2241 πολλοὶ
1442 2187 1532 2258 γάρ
1573 2189 1670 2241 ἐστι
1706 2185 1766 2239 τοὶ
1795 2185 1878 2240 ὑπ’
1912 2190 2102 2241 ἐκείνου
2127 2196 2230 2251 τοῖς
2257 2186 2383 2242 Ἀλε-

448 2277 706 2344 ξανδρεῦσι
746 2272 1007 2344 γενόμενα,
1058 2279 1165 2336 πῶς
1201 2273 1288 2342 μὲν
1324 2270 1409 2341 τήν
1444 2276 1647 2344 3νίτρον
1690 2272 1888 2325 ἅπασαν
1928 2274 2146 2342 ἐξέλαβε,
2196 2280 2304 2337 πῶς
2333 2275 2384 2327 δὲ

445 2358 507 2413 τοὶ
548 2360 631 2428 ἕλη
666 2357 726 2412 τοὶ
764 2365 851 2427 τῆς
885 2357 1121 2428 παπύρου
1160 2360 1245 2412 καὶ
1286 2364 1374 2412 τοῦ
1408 2357 1658 2426 καλάμου,
1712 2360 1797 2411 καὶ
1831 2356 1920 2421 τοὶς
1954 2362 2123 2426 λίμνας
2150 2365 2238 2413 τοῦ
2267 2357 2384 2421 ἆλός

449 2449 654 2499 διοικεῖν
689 2446 773 2498 καὶ
805 2446 874 2507 εἰς
903 2443 1079 2498 ἑαυτὸν
1105 2442 1450 2515 ἀποφέρεσθαι
1493 2443 1770 2512 ἐπενόησεν.
1840 2441 1927 2506 Ὡς
1950 2449 2085 2496 πᾶσα
2128 2438 2384 2515 αἰσχρότης

448 2534 563 2599 βίου
588 2531 795 2601 κέρδους
823 2529 907 2583 διά
935 2537 1116 2599 πολλῆς
1145 2536 1390 2599 μηχανῆς,
1429 2526 1542 2599 ι’ἱχρι
1564 2531 1647 2583 καὶ
1672 2532 1859 2582 λεπτῶν
1886 2527 2214 2601 πραγμάτων,
2267 2528 2376 2601 παρ’

449 2614 580 2690 αὐτῷ
609 2614 699 2670 οὐκ
727 2613 962 2685 ἠμέλητο,
1012 2613 1079 2678 αἷς
1102 2617 1186 2669 καὶ
1215 2619 1383 2678 κλίνας
1424 2613 1658 2683 ἐπενόησε
1687 2622 1789 2677 τοῖς
1829 2614 2020 2683 σώμασι
2059 2621 2158 2668 τῶν
2193 2617 2379 2679 §godev-

449 2701 607 2756 όντων
628 2707 834 2771 ποιῆσαι
860 2704 912 2756 ἐν
940 2701 1142 2775 ἀριθμῷ
1167 2725 1285 2767 τινι,
1332 2702 1415 2754 καὶ
1443 2699 1561 2754 ἄνευ
1585 2706 1683 2753 τῶν
1709 2697 1794 2752 ὑπ’
1820 2697 1974 2753 αὐτοῦ
1996 2702 2382 2771 ἐπιτεταγμένων

449 2784 542 2841 οὐκ
576 2790 869 2856 ἐξεκομίζετο
910 2793 1051 2855 σῶμα
1092 2793 1192 2841 τῶν
1227 2787 1584 2851 τελευτώντων,
1640 2788 1943 2839 ἐπιπλεῖστον
1980 2786 2033 2839 δὲ
2069 2791 2168 2839 τῶν
2205 2787 2377 2850 ξένων·

446 2869 508 2926 οὕ
546 2871 628 2926 διὰ
661 2876 962 2940 φιλοξενίαν,
1013 2869 1156 2938 ἄλλα,
1208 2871 1382 2934 καθώς
1416 2874 1601 2942 ἔλεγον,
1654 2869 1737 2924 διὰ
1780 2869 2024 2942 πορισμόν
2062 2869 2237 2939 βιώδη.
2313 2874 2388 2924 Εἴ

445 2980 519 3021 τις
544 2956 636 3029 γὰρ
667 2960 852 3012 ἔθαπτε
880 2956 941 3011 δι’
971 2959 1150 3012 ἑαυτοῦ
1182 2963 1347 3025 σῶμα,
1400 2961 1631 3011 κίνδυνον
1669 2953 1924 3023 ὑφίστατο.
2004 2955 2175 3019 Οὕτως
2212 2958 2266 3011 δὲ
2294 2955 2383 3024 ὕφ’

448 3042 656 3097 ἑκάστου
693 3050 793 3097 τῶν
820 3045 1165 3115 ἐκφερομένων
1205 3044 1383 3113 κέρδος
1417 3066 1460 3096 τι
1495 3041 1626 3116 αὐτῷ
1658 3042 1996 3111 προςεφέρετο.
2072 3043 2171 3094 Καὶ
2208 3045 2378 3096 σιωπῶ

443 3128 504 3181 τοὶ
535 3126 652 3182 ἄλλα
678 3131 855 3200 λέγειν,
908 3129 1002 3183 ὅσα
1034 3127 1062 3183 ὁ
1089 3127 1213 3198 ἀνὴρ
1243 3131 1294 3182 ἐν
1318 3136 1533 3199 τρυφαῖς
1558 3129 1644 3181 καὶ
1670 3125 1872 3188 4ἶ>ἰλλοις
1900 3127 2167 3192 ἐκομίζετο,
2215 3128 2299 3180 καὶ
2327 3129 2379 3180 ἐν

447 3211 731 3283 ἆπηνότητι,
806 3215 905 3269 Διά
942 3221 1062 3286 γοῦν
1087 3219 1240 3267 ταῦτα
1275 3214 1436 3270 πάντα
1462 3213 1552 3282 τήν
1581 3215 1649 3275 εἷς
1674 3209 1828 3265 αὐτόν
1854 3215 2000 3278 μῆνιν
2028 3209 2378 3297 κεκρατηκότες

499 3346 521 3370 *
550 3342 754 3400 Ἀνομίων
788 3349 900 3388 codd.
943 3359 1033 3387 mss.
1072 3349 1242 3396 uterque.
1300 3348 1383 3386 Su-
1440 3349 1578 3395 τρῖτιν.
1635 3345 1821 3383 Diversae
1857 3344 1957 3382 enim
1986 3344 2027 3381 in
2053 3343 2161 3382 libris
2183 3343 2262 3393 fere
2290 3345 2378 3384 ubi-

441 3414 520 3454 pra
550 3416 723 3454 quoque,
763 3406 805 3444 in
833 3406 954 3454 Epist.
985 3405 1040 3443 ad
1068 3404 1255 3443 Acacium
1285 3406 1381 3442 certe
1439 3414 1511 3452 que
1536 3401 1846 3450 conspirantibus
1872 3399 2088 3448 scripturae
2111 3397 2239 3452 νίτρον
2263 3404 2378 3451 atque

445 3472 494 3499 ex
540 3461 668 3500 Veneti
711 3462 794 3501 cod.
842 3463 1037 3511 scriptura
1084 3461 1383 3509 appellabantur
1437 3456 1578 3510 τρίτην
1608 3458 1860 3506 suspicionem
1891 3459 2126 3496 commovent
2161 3457 2376 3496 admodum

443 3510 654 3570 Ἀνόμιοι,
700 3521 742 3557 ut
778 3519 896 3557 etiam
935 3519 977 3558 in
1014 3518 1152 3557 Ancor.
1187 3528 1273 3566 cap.
1314 3515 1377 3557 13.
1433 3515 1674 3565 probabilem
1716 3514 1757 3551 in
1795 3511 2002 3561 archetypo
2044 3523 2093 3552 ex
2120 3525 2195 3563 quo
2222 3515 2375 3563 repetiti

440 3583 483 3622 p.
503 3573 600 3668 (331²
613 3575 736 3668 1¹²⁰&-
798 3628 832 3670 1.
864 3626 911 3673 τὸ
943 3642 1018 3669 om.
1048 3630 1132 3670 cod.
1163 3630 1323 3680 Rhediy.
1436 3629 1525 3668 sunt
1563 3627 1622 3666 illi
1661 3625 1847 3674 scriptum
1892 3624 2009 3674 fuisse
2043 3582 2374 3678 vlt-ggsrwffluod

501 3684 543 3724 2.
575 3679 702 3727 αὐτοῦ
734 3687 818 3726 cod.
856 3688 1019 3738 Rhediy.
1437 3695 1525 3724 cum
1563 3692 1714 3732 parum·
1744 3682 2001 3730 intellegerent
2044 3683 2220 3731 librarii,
2267 3684 2370 3722 alle-

498 3740 540 3781 3.
584 3739 714 3793 νίτρον
757 3744 843 3782 coel.
883 3744 961 3783 len.
995 3747 1030 3783 et
1064 3744 1167 3783 editi.
1237 3740 1379 3795 τρίτην
1434 3752 1524 3780 rum
1571 3740 1754 3787 recepisse
1802 3735 1959 3789 νίτρον,
2023 3739 2124 3788 quod
2171 3749 2196 3776 a
2240 3740 2372 3787 prima

442 3798 556 3841 codd.
594 3809 684 3837 mss.
709 3799 869 3849 Rhediy.
909 3803 943 3839 et
969 3801 1097 3840 Paris.
1135 3801 1292 3849 Repono
1317 3812 1380 3841 νι-
1436 3807 1559 3836 manu
1585 3798 1715 3834 extare
1741 3794 1898 3833 vidisset
1912 3823 1925 3844 ‚
1953 3796 2093 3835 alteros
2115 3799 2372 3835 correcturum

2045 4004 2065 4019 Ω
