<?xml version="1.0" encoding="UTF-8"?>
<!DOCTYPE html PUBLIC "-//W3C//DTD XHTML 1.0 Transitional//EN"
    "http://www.w3.org/TR/xhtml1/DTD/xhtml1-transitional.dtd">
<html xmlns="http://www.w3.org/1999/xhtml" xml:lang="en" lang="en">
 <head>
  <title>
</title>
<meta http-equiv="Content-Type" content="text/html;charset=utf-8" />
  <meta name='ocr-system' content='tesseract 3.04.00' />
  <meta name='ocr-capabilities' content='ocr_page ocr_carea ocr_par ocr_line ocrx_word'/>
</head>
<body>
  <div class='ocr_page' id='page_1' title='image "./pt3corporishaere02epipuoft_0519.png"; bbox 0 0 2508 4134; ppageno 0'>
   <div class='ocr_carea' id='block_1_1' title="bbox 443 290 2048 342">
    <p class='ocr_par' dir='ltr' id='par_1_1' title="bbox 443 290 2048 342">
     <span class='ocr_line' id='line_1_1' title="bbox 443 290 2048 342; baseline -0.001 -1"><span class='ocrx_word' id='word_1_1' title='bbox 443 301 668 342; x_wconf 85' lang='lat' dir='ltr'><strong>PANARII</strong></span> <span class='ocrx_word' id='word_1_2' title='bbox 696 302 799 341; x_wconf 89' lang='lat' dir='ltr'><strong>LIB.</strong></span> <span class='ocrx_word' id='word_1_3' title='bbox 823 301 895 342; x_wconf 85' lang='lat'>111.</span> <span class='ocrx_word' id='word_1_4' title='bbox 924 301 1059 341; x_wconf 91' lang='lat' dir='ltr'><strong>TOM.</strong></span> <span class='ocrx_word' id='word_1_5' title='bbox 1084 303 1135 340; x_wconf 85' lang='grc' dir='ltr'><strong>ΙΙ.</strong></span> <span class='ocrx_word' id='word_1_6' title='bbox 1162 302 1351 341; x_wconf 89' lang='lat' dir='ltr'><strong>EXPOS.</strong></span> <span class='ocrx_word' id='word_1_7' title='bbox 1382 301 1487 342; x_wconf 92' lang='lat' dir='ltr'>FID.</span> <span class='ocrx_word' id='word_1_8' title='bbox 1519 301 1751 341; x_wconf 89' lang='lat' dir='ltr'>CATHOL.</span> <span class='ocrx_word' id='word_1_9' title='bbox 1949 290 2048 340; x_wconf 85' lang='lat'><strong>509</strong></span> 
     </span>
    </p>
   </div>
   <div class='ocr_carea' id='block_1_2' title="bbox 137 397 2284 3165">
    <p class='ocr_par' dir='ltr' id='par_1_2' title="bbox 137 397 2050 2487">
     <span class='ocr_line' id='line_1_2' title="bbox 149 397 2050 468; baseline 0 -20"><span class='ocrx_word' id='word_1_10' title='bbox 149 398 433 466; x_wconf 76' lang='lat' dir='ltr'><strong>pravitatem</strong></span> <span class='ocrx_word' id='word_1_11' title='bbox 454 438 466 460; x_wconf 90' lang='lat'><strong>,</strong></span> <span class='ocrx_word' id='word_1_12' title='bbox 523 399 746 468; x_wconf 84' lang='lat' dir='ltr'><strong>persequi</strong></span> <span class='ocrx_word' id='word_1_13' title='bbox 778 399 997 449; x_wconf 88' lang='lat' dir='ltr'><strong>voluero</strong></span> <span class='ocrx_word' id='word_1_14' title='bbox 1078 397 1241 448; x_wconf 88' lang='lat' dir='ltr'><strong>Veluti</strong></span> <span class='ocrx_word' id='word_1_15' title='bbox 1275 399 1351 466; x_wconf 87' lang='lat' dir='ltr'><strong>qui</strong></span> <span class='ocrx_word' id='word_1_16' title='bbox 1384 399 1429 448; x_wconf 92' lang='lat' dir='ltr'><strong>in</strong></span> <span class='ocrx_word' id='word_1_17' title='bbox 1463 398 1686 468; x_wconf 80' lang='lat' dir='ltr'><strong>Aegypto</strong></span> <span class='ocrx_word' id='word_1_18' title='bbox 1719 397 1973 451; x_wconf 88' lang='lat' dir='ltr'><strong>Saturno</strong></span> <span class='ocrx_word' id='word_1_19' title='bbox 1959 399 2050 448; x_wconf 80' lang='lat' dir='ltr'><strong>lni-</strong></span> 
     </span>
     <span class='ocr_line' id='line_1_3' title="bbox 147 481 2048 551; baseline 0.001 -20"><span class='ocrx_word' id='word_1_20' title='bbox 147 481 249 532; x_wconf 83' lang='lat' dir='ltr'><strong>tiati</strong></span> <span class='ocrx_word' id='word_1_21' title='bbox 282 481 453 532; x_wconf 83' lang='lat' dir='ltr'><strong>ferreis</strong></span> <span class='ocrx_word' id='word_1_22' title='bbox 481 483 739 534; x_wconf 75' lang='lat' dir='ltr'><strong>collaribus</strong></span> <span class='ocrx_word' id='word_1_23' title='bbox 766 483 951 551; x_wconf 87' lang='lat' dir='ltr'><strong>seipsos</strong></span> <span class='ocrx_word' id='word_1_24' title='bbox 979 481 1191 548; x_wconf 85' lang='lat' dir='ltr'><strong>illigant,</strong></span> <span class='ocrx_word' id='word_1_25' title='bbox 1249 500 1304 531; x_wconf 88' lang='lat' dir='ltr'><strong>ac</strong></span> <span class='ocrx_word' id='word_1_26' title='bbox 1336 482 1598 550; x_wconf 74' lang='lat' dir='ltr'>prolixiore</span> <span class='ocrx_word' id='word_1_27' title='bbox 1634 484 1778 533; x_wconf 72' lang='lat' dir='ltr'><strong>btrba</strong></span> <span class='ocrx_word' id='word_1_28' title='bbox 1817 492 1865 533; x_wconf 92' lang='lat' dir='ltr'><strong>et</strong></span> <span class='ocrx_word' id='word_1_29' title='bbox 1895 484 2048 533; x_wconf 90' lang='lat' dir='ltr'><strong>sordi-</strong></span> 
     </span>
     <span class='ocr_line' id='line_1_4' title="bbox 147 564 2047 633; baseline 0.001 -18"><span class='ocrx_word' id='word_1_30' title='bbox 147 565 218 615; x_wconf 90' lang='lat' dir='ltr'><strong>dis</strong></span> <span class='ocrx_word' id='word_1_31' title='bbox 246 565 463 616; x_wconf 88' lang='lat' dir='ltr'><strong>vestibus</strong></span> <span class='ocrx_word' id='word_1_32' title='bbox 494 584 548 617; x_wconf 87' lang='lat' dir='ltr'><strong>ac</strong></span> <span class='ocrx_word' id='word_1_33' title='bbox 580 565 793 616; x_wconf 84' lang='lat' dir='ltr'><strong>ridiculis</strong></span> <span class='ocrx_word' id='word_1_34' title='bbox 832 574 1049 616; x_wconf 89' lang='lat' dir='ltr'><strong>utuntur.</strong></span> <span class='ocrx_word' id='word_1_35' title='bbox 1127 564 1316 633; x_wconf 82' lang='lat' dir='ltr'><strong>Quippe</strong></span> <span class='ocrx_word' id='word_1_36' title='bbox 1360 567 1406 615; x_wconf 93' lang='lat' dir='ltr'><strong>in</strong></span> <span class='ocrx_word' id='word_1_37' title='bbox 1442 567 1672 617; x_wconf 90' lang='lat' dir='ltr'><strong>honorem</strong></span> <span class='ocrx_word' id='word_1_38' title='bbox 1707 566 1903 618; x_wconf 77' lang='lat' dir='ltr'><strong>Saturni</strong></span> <span class='ocrx_word' id='word_1_39' title='bbox 1936 566 2047 617; x_wconf 88' lang='lat' dir='ltr'><strong>Asti</strong></span> 
     </span>
     <span class='ocr_line' id='line_1_5' title="bbox 146 649 2049 720; baseline 0.001 -21"><span class='ocrx_word' id='word_1_40' title='bbox 146 650 294 717; x_wconf 89' lang='lat' dir='ltr'><strong>(quod</strong></span> <span class='ocrx_word' id='word_1_41' title='bbox 328 650 557 718; x_wconf 85' lang='lat' dir='ltr'><strong>exiguum</strong></span> <span class='ocrx_word' id='word_1_42' title='bbox 593 651 811 720; x_wconf 91' lang='lat' dir='ltr'><strong>oppidum</strong></span> <span class='ocrx_word' id='word_1_43' title='bbox 847 659 955 712; x_wconf 83' lang='lat' dir='ltr'><strong>est,</strong></span> <span class='ocrx_word' id='word_1_44' title='bbox 995 667 1049 699; x_wconf 86' lang='lat' dir='ltr'><strong>ac</strong></span> <span class='ocrx_word' id='word_1_45' title='bbox 1080 666 1307 717; x_wconf 82' lang='lat' dir='ltr'><strong>pagorum</strong></span> <span class='ocrx_word' id='word_1_46' title='bbox 1342 659 1484 717; x_wconf 88' lang='lat' dir='ltr'><strong>caput</strong></span> <span class='ocrx_word' id='word_1_47' title='bbox 1514 650 1560 699; x_wconf 93' lang='lat' dir='ltr'><strong>in</strong></span> <span class='ocrx_word' id='word_1_48' title='bbox 1595 653 1898 718; x_wconf 78' lang='lat' dir='ltr'><strong>praefectura</strong></span> <span class='ocrx_word' id='word_1_49' title='bbox 1927 649 2049 701; x_wconf 90' lang='lat' dir='ltr'><strong>Pro-</strong></span> 
     </span>
     <span class='ocr_line' id='line_1_6' title="bbox 146 733 2047 802; baseline 0.001 -18"><span class='ocrx_word' id='word_1_50' title='bbox 146 734 375 802; x_wconf 90' lang='lat' dir='ltr'><strong>sopitide)</strong></span> <span class='ocrx_word' id='word_1_51' title='bbox 417 733 624 786; x_wconf 89' lang='lat' dir='ltr'><strong>circulos</strong></span> <span class='ocrx_word' id='word_1_52' title='bbox 663 734 921 785; x_wconf 74' lang='lat' dir='ltr'><strong>identidem</strong></span> <span class='ocrx_word' id='word_1_53' title='bbox 958 733 1152 783; x_wconf 88' lang='lat' dir='ltr'><strong>naribus</strong></span> <span class='ocrx_word' id='word_1_54' title='bbox 1183 734 1412 800; x_wconf 85' lang='lat' dir='ltr'><strong>infigunt,</strong></span> <span class='ocrx_word' id='word_1_55' title='bbox 1466 751 1559 800; x_wconf 91' lang='lat' dir='ltr'><strong>quo</strong></span> <span class='ocrx_word' id='word_1_56' title='bbox 1592 742 1804 802; x_wconf 87' lang='lat' dir='ltr'><strong>tempore</strong></span> <span class='ocrx_word' id='word_1_57' title='bbox 1838 735 2047 786; x_wconf 80' lang='lat' dir='ltr'><strong>nefarios</strong></span> 
     </span>
     <span class='ocr_line' id='line_1_7' title="bbox 146 818 2048 886; baseline 0.001 -17"><span class='ocrx_word' id='word_1_58' title='bbox 146 835 201 869; x_wconf 90' lang='lat' dir='ltr'><strong>ac</strong></span> <span class='ocrx_word' id='word_1_59' title='bbox 233 818 499 868; x_wconf 86' lang='lat' dir='ltr'><strong>sceleratos</strong></span> <span class='ocrx_word' id='word_1_60' title='bbox 538 818 786 886; x_wconf 85' lang='lat' dir='ltr'><strong>religionis</strong></span> <span class='ocrx_word' id='word_1_61' title='bbox 820 835 991 868; x_wconf 84' lang='lat' dir='ltr'><strong>caussa</strong></span> <span class='ocrx_word' id='word_1_62' title='bbox 1027 826 1296 867; x_wconf 86' lang='lat' dir='ltr'><strong>conventus</strong></span> <span class='ocrx_word' id='word_1_63' title='bbox 1336 835 1398 867; x_wconf 83' lang='lat' dir='ltr'><strong>ex</strong></span> <span class='ocrx_word' id='word_1_64' title='bbox 1432 818 1616 885; x_wconf 87' lang='lat' dir='ltr'><strong>oppidis</strong></span> <span class='ocrx_word' id='word_1_65' title='bbox 1655 820 1874 870; x_wconf 90' lang='lat' dir='ltr'><strong>omnibus</strong></span> <span class='ocrx_word' id='word_1_66' title='bbox 1911 820 2048 871; x_wconf 91' lang='lat' dir='ltr'><strong>insti-</strong></span> 
     </span>
     <span class='ocr_line' id='line_1_8' title="bbox 146 900 2046 968; baseline 0.002 -16"><span class='ocrx_word' id='word_1_67' title='bbox 146 910 302 952; x_wconf 89' lang='lat' dir='ltr'><strong>tuunt.</strong></span> <span class='ocrx_word' id='word_1_68' title='bbox 382 901 510 952; x_wconf 91' lang='lat' dir='ltr'><strong>Tum</strong></span> <span class='ocrx_word' id='word_1_69' title='bbox 551 904 676 953; x_wconf 91' lang='lat' dir='ltr'><strong>enim</strong></span> <span class='ocrx_word' id='word_1_70' title='bbox 720 903 900 953; x_wconf 88' lang='lat' dir='ltr'><strong>coactis</strong></span> <span class='ocrx_word' id='word_1_71' title='bbox 939 901 1157 952; x_wconf 90' lang='lat' dir='ltr'><strong>coetibus</strong></span> <span class='ocrx_word' id='word_1_72' title='bbox 1202 900 1431 968; x_wconf 85' lang='lat' dir='ltr'><strong>orgiaque</strong></span> <span class='ocrx_word' id='word_1_73' title='bbox 1475 902 1775 953; x_wconf 84' lang='lat' dir='ltr'><strong>celebrantes</strong></span> <span class='ocrx_word' id='word_1_74' title='bbox 1816 906 2046 955; x_wconf 88' lang='lat' dir='ltr'><strong>fanaticos</strong></span> 
     </span>
     <span class='ocr_line' id='line_1_9' title="bbox 147 983 2046 1055; baseline 0.002 -19"><span class='ocrx_word' id='word_1_75' title='bbox 147 994 195 1036; x_wconf 91' lang='lat' dir='ltr'><strong>et</strong></span> <span class='ocrx_word' id='word_1_76' title='bbox 235 984 507 1037; x_wconf 89' lang='lat' dir='ltr'><strong>inconditos</strong></span> <span class='ocrx_word' id='word_1_77' title='bbox 548 987 669 1038; x_wconf 90' lang='lat' dir='ltr'><strong>ritus</strong></span> <span class='ocrx_word' id='word_1_78' title='bbox 715 986 1008 1055; x_wconf 86' lang='lat' dir='ltr'><strong>exprimunt.</strong></span> <span class='ocrx_word' id='word_1_79' title='bbox 1089 983 1185 1036; x_wconf 87' lang='lat' dir='ltr'><strong>Sed</strong></span> <span class='ocrx_word' id='word_1_80' title='bbox 1234 985 1559 1035; x_wconf 82' lang='lat' dir='ltr'><strong>execrandum</strong></span> <span class='ocrx_word' id='word_1_81' title='bbox 1611 994 1683 1036; x_wconf 88' lang='lat' dir='ltr'><strong>est</strong></span> <span class='ocrx_word' id='word_1_82' title='bbox 1724 1004 1877 1054; x_wconf 88' lang='lat' dir='ltr'><strong>genus</strong></span> <span class='ocrx_word' id='word_1_83' title='bbox 1920 990 2046 1039; x_wconf 91' lang='lat' dir='ltr'><strong>istud</strong></span> 
     </span>
     <span class='ocr_line' id='line_1_10' title="bbox 146 1068 2048 1141; baseline 0.002 -21"><span class='ocrx_word' id='word_1_84' title='bbox 146 1070 409 1121; x_wconf 91' lang='lat' dir='ltr'><strong>hominum.</strong></span> <span class='ocrx_word' id='word_1_85' title='bbox 491 1068 616 1121; x_wconf 86' lang='lat' dir='ltr'><strong>Sunt</strong></span> <span class='ocrx_word' id='word_1_86' title='bbox 645 1080 691 1121; x_wconf 87' lang='lat' dir='ltr'><strong>et</strong></span> <span class='ocrx_word' id='word_1_87' title='bbox 723 1071 843 1139; x_wconf 88' lang='lat' dir='ltr'><strong>apud</strong></span> <span class='ocrx_word' id='word_1_88' title='bbox 877 1070 998 1121; x_wconf 89' lang='lat' dir='ltr'><strong>alios</strong></span> <span class='ocrx_word' id='word_1_89' title='bbox 1030 1087 1169 1120; x_wconf 91' lang='lat' dir='ltr'><strong>sacra</strong></span> <span class='ocrx_word' id='word_1_90' title='bbox 1203 1071 1432 1136; x_wconf 89' lang='lat' dir='ltr'><strong>quaedam</strong></span> <span class='ocrx_word' id='word_1_91' title='bbox 1465 1070 1764 1134; x_wconf 85' lang='lat' dir='ltr'><strong>istiusmodi,</strong></span> <span class='ocrx_word' id='word_1_92' title='bbox 1805 1073 1938 1123; x_wconf 90' lang='lat' dir='ltr'><strong>velut</strong></span> <span class='ocrx_word' id='word_1_93' title='bbox 1969 1074 2048 1141; x_wconf 88' lang='lat' dir='ltr'><strong>qui</strong></span> 
     </span>
     <span class='ocr_line' id='line_1_11' title="bbox 144 1151 2043 1222; baseline 0.001 -17"><span class='ocrx_word' id='word_1_94' title='bbox 144 1155 193 1205; x_wconf 90' lang='lat' dir='ltr'><strong>in</strong></span> <span class='ocrx_word' id='word_1_95' title='bbox 220 1152 413 1205; x_wconf 88' lang='lat' dir='ltr'><strong>Buttica</strong></span> <span class='ocrx_word' id='word_1_96' title='bbox 445 1157 747 1222; x_wconf 85' lang='lat' dir='ltr'><strong>praefectura</strong></span> <span class='ocrx_word' id='word_1_97' title='bbox 767 1194 780 1218; x_wconf 88' lang='lat'><strong>,</strong></span> <span class='ocrx_word' id='word_1_98' title='bbox 837 1155 1053 1221; x_wconf 89' lang='lat' dir='ltr'><strong>adeoque</strong></span> <span class='ocrx_word' id='word_1_99' title='bbox 1087 1151 1201 1203; x_wconf 89' lang='lat' dir='ltr'><strong>Buti</strong></span> <span class='ocrx_word' id='word_1_100' title='bbox 1226 1152 1398 1221; x_wconf 88' lang='lat' dir='ltr'><strong>oppido</strong></span> <span class='ocrx_word' id='word_1_101' title='bbox 1426 1152 1774 1220; x_wconf 87' lang='lat' dir='ltr'><strong>Harpocratem</strong></span> <span class='ocrx_word' id='word_1_102' title='bbox 1810 1157 2043 1220; x_wconf 84' lang='lat' dir='ltr'><strong>nutriunt,</strong></span> 
     </span>
     <span class='ocr_line' id='line_1_12' title="bbox 144 1235 2048 1306; baseline 0.002 -17"><span class='ocrx_word' id='word_1_103' title='bbox 144 1240 363 1290; x_wconf 84' lang='lat' dir='ltr'><strong>confecta</strong></span> <span class='ocrx_word' id='word_1_104' title='bbox 394 1238 487 1288; x_wconf 90' lang='lat' dir='ltr'><strong>iam</strong></span> <span class='ocrx_word' id='word_1_105' title='bbox 519 1247 678 1290; x_wconf 85' lang='lat' dir='ltr'><strong>aetate</strong></span> <span class='ocrx_word' id='word_1_106' title='bbox 712 1256 875 1290; x_wconf 88' lang='lat' dir='ltr'><strong>senes.</strong></span> <span class='ocrx_word' id='word_1_107' title='bbox 954 1235 1050 1304; x_wconf 80' lang='lat' dir='ltr'><strong>Qui</strong></span> <span class='ocrx_word' id='word_1_108' title='bbox 1091 1238 1279 1287; x_wconf 86' lang='lat' dir='ltr'><strong>solenni</strong></span> <span class='ocrx_word' id='word_1_109' title='bbox 1315 1237 1390 1288; x_wconf 89' lang='lat' dir='ltr'><strong>die</strong></span> <span class='ocrx_word' id='word_1_110' title='bbox 1424 1247 1470 1288; x_wconf 87' lang='lat' dir='ltr'><strong>et</strong></span> <span class='ocrx_word' id='word_1_111' title='bbox 1497 1238 1613 1306; x_wconf 91' lang='lat' dir='ltr'><strong>ipsis</strong></span> <span class='ocrx_word' id='word_1_112' title='bbox 1645 1236 1873 1291; x_wconf 89' lang='lat' dir='ltr'><strong>Calendis</strong></span> <span class='ocrx_word' id='word_1_113' title='bbox 1910 1259 2048 1292; x_wconf 89' lang='lat' dir='ltr'><strong>vesa-</strong></span> 
     </span>
     <span class='ocr_line' id='line_1_13' title="bbox 145 1321 2048 1391; baseline 0.002 -18"><span class='ocrx_word' id='word_1_114' title='bbox 145 1341 232 1374; x_wconf 89' lang='lat' dir='ltr'><strong>nas</strong></span> <span class='ocrx_word' id='word_1_115' title='bbox 271 1341 327 1374; x_wconf 90' lang='lat' dir='ltr'><strong>ac</strong></span> <span class='ocrx_word' id='word_1_116' title='bbox 368 1323 574 1374; x_wconf 85' lang='lat' dir='ltr'><strong>furiosas</strong></span> <span class='ocrx_word' id='word_1_117' title='bbox 616 1321 705 1375; x_wconf 82' lang='lat' dir='ltr'><strong>Ori</strong></span> <span class='ocrx_word' id='word_1_118' title='bbox 751 1321 1052 1374; x_wconf 85' lang='lat' dir='ltr'><strong>ceremonias</strong></span> <span class='ocrx_word' id='word_1_119' title='bbox 1092 1321 1339 1372; x_wconf 88' lang='lat' dir='ltr'><strong>daemonis</strong></span> <span class='ocrx_word' id='word_1_120' title='bbox 1381 1331 1545 1372; x_wconf 89' lang='lat' dir='ltr'><strong>oestro</strong></span> <span class='ocrx_word' id='word_1_121' title='bbox 1587 1323 1754 1391; x_wconf 84' lang='lat' dir='ltr'><strong>perciti</strong></span> <span class='ocrx_word' id='word_1_122' title='bbox 1800 1326 2048 1376; x_wconf 78' lang='lat' dir='ltr'><strong>celebrare</strong></span> 
     </span>
     <span class='ocr_line' id='line_1_14' title="bbox 145 1406 2046 1475; baseline 0.001 -17"><span class='ocrx_word' id='word_1_123' title='bbox 145 1417 400 1475; x_wconf 84' lang='lat' dir='ltr'><strong>coguntur.</strong></span> <span class='ocrx_word' id='word_1_124' title='bbox 482 1406 608 1458; x_wconf 91' lang='lat' dir='ltr'><strong>Tum</strong></span> <span class='ocrx_word' id='word_1_125' title='bbox 640 1407 765 1458; x_wconf 90' lang='lat' dir='ltr'><strong>enim</strong></span> <span class='ocrx_word' id='word_1_126' title='bbox 797 1408 930 1458; x_wconf 88' lang='lat' dir='ltr'><strong>cives</strong></span> <span class='ocrx_word' id='word_1_127' title='bbox 962 1406 1206 1469; x_wconf 87' lang='lat' dir='ltr'><strong>universi,</strong></span> <span class='ocrx_word' id='word_1_128' title='bbox 1260 1423 1315 1456; x_wconf 89' lang='lat' dir='ltr'><strong>ac</strong></span> <span class='ocrx_word' id='word_1_129' title='bbox 1349 1407 1423 1457; x_wconf 88' lang='lat' dir='ltr'><strong>vel</strong></span> <span class='ocrx_word' id='word_1_130' title='bbox 1460 1407 1689 1475; x_wconf 88' lang='lat' dir='ltr'><strong>decrepiti</strong></span> <span class='ocrx_word' id='word_1_131' title='bbox 1716 1425 1889 1473; x_wconf 89' lang='lat' dir='ltr'><strong>senes,</strong></span> <span class='ocrx_word' id='word_1_132' title='bbox 1941 1428 2046 1460; x_wconf 91' lang='lat' dir='ltr'><strong>cum</strong></span> 
     </span>
     <span class='ocr_line' id='line_1_15' title="bbox 143 1490 2046 1560; baseline 0.001 -18"><span class='ocrx_word' id='word_1_133' title='bbox 143 1490 529 1542; x_wconf 86' lang='lat' dir='ltr'><strong>adolescentibus</strong></span> <span class='ocrx_word' id='word_1_134' title='bbox 569 1491 737 1543; x_wconf 89' lang='lat' dir='ltr'><strong>iisdem</strong></span> <span class='ocrx_word' id='word_1_135' title='bbox 777 1492 987 1543; x_wconf 89' lang='lat' dir='ltr'><strong>moribus</strong></span> <span class='ocrx_word' id='word_1_136' title='bbox 1025 1490 1284 1560; x_wconf 86' lang='lat' dir='ltr'><strong>praeditis,</strong></span> <span class='ocrx_word' id='word_1_137' title='bbox 1341 1509 1397 1541; x_wconf 89' lang='lat' dir='ltr'><strong>ac</strong></span> <span class='ocrx_word' id='word_1_138' title='bbox 1439 1490 1637 1559; x_wconf 89' lang='lat' dir='ltr'><strong>reliquis</strong></span> <span class='ocrx_word' id='word_1_139' title='bbox 1678 1494 1914 1544; x_wconf 89' lang='lat' dir='ltr'><strong>aetatibus</strong></span> <span class='ocrx_word' id='word_1_140' title='bbox 1955 1495 2046 1544; x_wconf 89' lang='lat' dir='ltr'><strong>iam</strong></span> 
     </span>
     <span class='ocr_line' id='line_1_16' title="bbox 143 1573 2048 1644; baseline 0.002 -18"><span class='ocrx_word' id='word_1_141' title='bbox 143 1585 243 1626; x_wconf 88' lang='lat' dir='ltr'><strong>tum</strong></span> <span class='ocrx_word' id='word_1_142' title='bbox 273 1576 330 1626; x_wconf 89' lang='lat' dir='ltr'><strong>ab</strong></span> <span class='ocrx_word' id='word_1_143' title='bbox 359 1575 458 1642; x_wconf 93' lang='lat' dir='ltr'><strong>ipsa</strong></span> <span class='ocrx_word' id='word_1_144' title='bbox 489 1576 770 1644; x_wconf 88' lang='lat' dir='ltr'><strong>pubertate,</strong></span> <span class='ocrx_word' id='word_1_145' title='bbox 813 1573 903 1627; x_wconf 89' lang='lat' dir='ltr'><strong>Ori</strong></span> <span class='ocrx_word' id='word_1_146' title='bbox 930 1576 1155 1626; x_wconf 86' lang='lat' dir='ltr'><strong>videlicet</strong></span> <span class='ocrx_word' id='word_1_147' title='bbox 1183 1584 1231 1625; x_wconf 89' lang='lat' dir='ltr'><strong>et</strong></span> <span class='ocrx_word' id='word_1_148' title='bbox 1261 1574 1580 1642; x_wconf 87' lang='lat' dir='ltr'><strong>Harpocratis</strong></span> <span class='ocrx_word' id='word_1_149' title='bbox 1607 1579 1914 1643; x_wconf 85' lang='lat' dir='ltr'><strong>sacerdotes,</strong></span> <span class='ocrx_word' id='word_1_150' title='bbox 1968 1580 2048 1629; x_wconf 92' lang='lat' dir='ltr'><strong>de—</strong></span> 
     </span>
     <span class='ocr_line' id='line_1_17' title="bbox 144 1660 2048 1729; baseline 0.002 -18"><span class='ocrx_word' id='word_1_151' title='bbox 144 1670 284 1711; x_wconf 88' lang='lat' dir='ltr'><strong>tonso</strong></span> <span class='ocrx_word' id='word_1_152' title='bbox 314 1660 468 1729; x_wconf 92' lang='lat' dir='ltr'><strong>capite</strong></span> <span class='ocrx_word' id='word_1_153' title='bbox 496 1660 721 1711; x_wconf 87' lang='lat' dir='ltr'><strong>servilem</strong></span> <span class='ocrx_word' id='word_1_154' title='bbox 754 1670 802 1710; x_wconf 91' lang='lat' dir='ltr'><strong>et</strong></span> <span class='ocrx_word' id='word_1_155' title='bbox 837 1661 1205 1711; x_wconf 87' lang='lat' dir='ltr'><strong>abominandum</strong></span> <span class='ocrx_word' id='word_1_156' title='bbox 1233 1678 1287 1710; x_wconf 88' lang='lat' dir='ltr'><strong>ac</strong></span> <span class='ocrx_word' id='word_1_157' title='bbox 1318 1661 1548 1729; x_wconf 90' lang='lat' dir='ltr'><strong>puerilem</strong></span> <span class='ocrx_word' id='word_1_158' title='bbox 1579 1662 1786 1729; x_wconf 90' lang='lat' dir='ltr'><strong>speciem</strong></span> <span class='ocrx_word' id='word_1_159' title='bbox 1818 1663 1924 1714; x_wconf 88' lang='lat' dir='ltr'><strong>sine</strong></span> <span class='ocrx_word' id='word_1_160' title='bbox 1952 1664 2048 1714; x_wconf 92' lang='lat' dir='ltr'><strong>ullo</strong></span> 
     </span>
     <span class='ocr_line' id='line_1_18' title="bbox 144 1744 2048 1813; baseline 0.002 -18"><span class='ocrx_word' id='word_1_161' title='bbox 144 1745 323 1813; x_wconf 89' lang='lat' dir='ltr'><strong>pudore</strong></span> <span class='ocrx_word' id='word_1_162' title='bbox 351 1746 713 1795; x_wconf 87' lang='lat' dir='ltr'><strong>circumferunt.</strong></span> <span class='ocrx_word' id='word_1_163' title='bbox 792 1744 918 1796; x_wconf 89' lang='lat' dir='ltr'><strong>Tum</strong></span> <span class='ocrx_word' id='word_1_164' title='bbox 960 1762 1078 1796; x_wconf 88' lang='lat' dir='ltr'><strong>vero</strong></span> <span class='ocrx_word' id='word_1_165' title='bbox 1103 1745 1286 1795; x_wconf 86' lang='lat' dir='ltr'><strong>ludicra</strong></span> <span class='ocrx_word' id='word_1_166' title='bbox 1320 1746 1549 1812; x_wconf 87' lang='lat' dir='ltr'><strong>quaedam</strong></span> <span class='ocrx_word' id='word_1_167' title='bbox 1583 1746 1792 1810; x_wconf 87' lang='lat' dir='ltr'><strong>obeunt,</strong></span> <span class='ocrx_word' id='word_1_168' title='bbox 1852 1765 1907 1797; x_wconf 90' lang='lat' dir='ltr'><strong>ac</strong></span> <span class='ocrx_word' id='word_1_169' title='bbox 1937 1766 2048 1798; x_wconf 87' lang='lat' dir='ltr'><strong>sese</strong></span> 
     </span>
     <span class='ocr_line' id='line_1_19' title="bbox 143 1828 2048 1897; baseline 0.002 -17"><span class='ocrx_word' id='word_1_170' title='bbox 143 1828 484 1896; x_wconf 87' lang='lat' dir='ltr'><strong>prudentibus,</strong></span> <span class='ocrx_word' id='word_1_171' title='bbox 526 1828 606 1896; x_wconf 89' lang='lat' dir='ltr'><strong>qui</strong></span> <span class='ocrx_word' id='word_1_172' title='bbox 633 1829 820 1897; x_wconf 90' lang='lat' dir='ltr'><strong>seipsos</strong></span> <span class='ocrx_word' id='word_1_173' title='bbox 846 1847 873 1879; x_wconf 88' lang='lat' dir='ltr'><strong>a</strong></span> <span class='ocrx_word' id='word_1_174' title='bbox 901 1830 1137 1881; x_wconf 88' lang='lat' dir='ltr'><strong>servitute</strong></span> <span class='ocrx_word' id='word_1_175' title='bbox 1167 1830 1415 1880; x_wconf 87' lang='lat' dir='ltr'><strong>daemonis</strong></span> <span class='ocrx_word' id='word_1_176' title='bbox 1443 1840 1783 1894; x_wconf 86' lang='lat' dir='ltr'><strong>asseruerunt,</strong></span> <span class='ocrx_word' id='word_1_177' title='bbox 1827 1833 2048 1883; x_wconf 89' lang='lat' dir='ltr'><strong>deriden-</strong></span> 
     </span>
     <span class='ocr_line' id='line_1_20' title="bbox 144 1911 2047 1983; baseline 0.002 -20"><span class='ocrx_word' id='word_1_178' title='bbox 144 1914 229 1963; x_wconf 89' lang='lat' dir='ltr'><strong>dos</strong></span> <span class='ocrx_word' id='word_1_179' title='bbox 258 1912 508 1981; x_wconf 89' lang='lat' dir='ltr'><strong>praebent.</strong></span> <span class='ocrx_word' id='word_1_180' title='bbox 584 1911 712 1963; x_wconf 90' lang='lat' dir='ltr'><strong>Nam</strong></span> <span class='ocrx_word' id='word_1_181' title='bbox 754 1914 1019 1977; x_wconf 87' lang='lat' dir='ltr'><strong>vecordes,</strong></span> <span class='ocrx_word' id='word_1_182' title='bbox 1077 1931 1165 1964; x_wconf 89' lang='lat' dir='ltr'><strong>nec</strong></span> <span class='ocrx_word' id='word_1_183' title='bbox 1203 1914 1276 1964; x_wconf 91' lang='lat' dir='ltr'><strong>sui</strong></span> <span class='ocrx_word' id='word_1_184' title='bbox 1319 1924 1595 1983; x_wconf 89' lang='lat' dir='ltr'><strong>compotes,</strong></span> <span class='ocrx_word' id='word_1_185' title='bbox 1651 1934 1707 1966; x_wconf 87' lang='lat' dir='ltr'><strong>ac</strong></span> <span class='ocrx_word' id='word_1_186' title='bbox 1740 1917 1938 1967; x_wconf 86' lang='lat' dir='ltr'><strong>ridicule</strong></span> <span class='ocrx_word' id='word_1_187' title='bbox 1967 1918 2047 1967; x_wconf 86' lang='lat' dir='ltr'><strong>de-</strong></span> 
     </span>
     <span class='ocr_line' id='line_1_21' title="bbox 144 1996 2044 2068; baseline 0.002 -20"><span class='ocrx_word' id='word_1_188' title='bbox 144 1997 362 2060; x_wconf 84' lang='lat' dir='ltr'><strong>formati,</strong></span> <span class='ocrx_word' id='word_1_189' title='bbox 427 1996 717 2066; x_wconf 87' lang='lat' dir='ltr'><strong>praecipites</strong></span> <span class='ocrx_word' id='word_1_190' title='bbox 764 1998 1002 2048; x_wconf 85' lang='lat' dir='ltr'><strong>feruntur.</strong></span> <span class='ocrx_word' id='word_1_191' title='bbox 1091 1996 1303 2049; x_wconf 89' lang='lat' dir='ltr'><strong>Primum</strong></span> <span class='ocrx_word' id='word_1_192' title='bbox 1359 2000 1484 2049; x_wconf 88' lang='lat' dir='ltr'><strong>enim</strong></span> <span class='ocrx_word' id='word_1_193' title='bbox 1527 2000 1717 2068; x_wconf 89' lang='lat' dir='ltr'><strong>polenta</strong></span> <span class='ocrx_word' id='word_1_194' title='bbox 1769 2018 1824 2051; x_wconf 92' lang='lat' dir='ltr'><strong>ac</strong></span> <span class='ocrx_word' id='word_1_195' title='bbox 1870 2001 2044 2064; x_wconf 87' lang='lat' dir='ltr'><strong>simila,</strong></span> 
     </span>
     <span class='ocr_line' id='line_1_22' title="bbox 140 2081 2047 2150; baseline 0.003 -19"><span class='ocrx_word' id='word_1_196' title='bbox 140 2081 340 2149; x_wconf 90' lang='lat' dir='ltr'><strong>aliisque</strong></span> <span class='ocrx_word' id='word_1_197' title='bbox 370 2081 415 2131; x_wconf 91' lang='lat' dir='ltr'><strong>id</strong></span> <span class='ocrx_word' id='word_1_198' title='bbox 445 2099 599 2150; x_wconf 85' lang='lat' dir='ltr'><strong>genus</strong></span> <span class='ocrx_word' id='word_1_199' title='bbox 626 2082 859 2132; x_wconf 84' lang='lat' dir='ltr'><strong>confectis</strong></span> <span class='ocrx_word' id='word_1_200' title='bbox 904 2082 1071 2133; x_wconf 89' lang='lat' dir='ltr'><strong>eduliis</strong></span> <span class='ocrx_word' id='word_1_201' title='bbox 1102 2082 1271 2133; x_wconf 87' lang='lat' dir='ltr'><strong>faciem</strong></span> <span class='ocrx_word' id='word_1_202' title='bbox 1302 2082 1552 2147; x_wconf 86' lang='lat' dir='ltr'><strong>oblinunt,</strong></span> <span class='ocrx_word' id='word_1_203' title='bbox 1610 2085 1743 2135; x_wconf 91' lang='lat' dir='ltr'><strong>vultu</strong></span> <span class='ocrx_word' id='word_1_204' title='bbox 1770 2084 1819 2135; x_wconf 91' lang='lat' dir='ltr'><strong>in</strong></span> <span class='ocrx_word' id='word_1_205' title='bbox 1853 2087 2047 2137; x_wconf 79' lang='lat' dir='ltr'><strong>fervens</strong></span> 
     </span>
     <span class='ocr_line' id='line_1_23' title="bbox 141 2165 2048 2239; baseline 0.003 -23"><span class='ocrx_word' id='word_1_206' title='bbox 141 2166 399 2217; x_wconf 87' lang='lat' dir='ltr'><strong>caldarium</strong></span> <span class='ocrx_word' id='word_1_207' title='bbox 428 2165 685 2230; x_wconf 69' lang='lat' dir='ltr'><strong>immerm,</strong></span> <span class='ocrx_word' id='word_1_208' title='bbox 748 2183 901 2234; x_wconf 88' lang='lat' dir='ltr'><strong>eaque</strong></span> <span class='ocrx_word' id='word_1_209' title='bbox 938 2166 1099 2235; x_wconf 88' lang='lat' dir='ltr'><strong>specie</strong></span> <span class='ocrx_word' id='word_1_210' title='bbox 1135 2168 1192 2218; x_wconf 91' lang='lat' dir='ltr'><strong>ad</strong></span> <span class='ocrx_word' id='word_1_211' title='bbox 1221 2168 1552 2218; x_wconf 88' lang='lat' dir='ltr'><strong>concitandum</strong></span> <span class='ocrx_word' id='word_1_212' title='bbox 1596 2178 1839 2238; x_wconf 87' lang='lat' dir='ltr'><strong>stuporem</strong></span> <span class='ocrx_word' id='word_1_213' title='bbox 1878 2172 2048 2239; x_wconf 88' lang='lat' dir='ltr'><strong>vulgus</strong></span> 
     </span>
     <span class='ocr_line' id='line_1_24' title="bbox 137 2249 2046 2319; baseline 0.003 -19"><span class='ocrx_word' id='word_1_214' title='bbox 137 2249 368 2315; x_wconf 81' lang='lat' dir='ltr'><strong>illudunt3</strong></span> <span class='ocrx_word' id='word_1_215' title='bbox 428 2259 477 2301; x_wconf 90' lang='lat' dir='ltr'><strong>et</strong></span> <span class='ocrx_word' id='word_1_216' title='bbox 503 2250 781 2319; x_wconf 89' lang='lat' dir='ltr'><strong>quibusdam</strong></span> <span class='ocrx_word' id='word_1_217' title='bbox 826 2251 962 2302; x_wconf 85' lang='lat' dir='ltr'><strong>furiis</strong></span> <span class='ocrx_word' id='word_1_218' title='bbox 1004 2251 1213 2319; x_wconf 82' lang='lat' dir='ltr'><strong>agitant,</strong></span> <span class='ocrx_word' id='word_1_219' title='bbox 1272 2261 1369 2303; x_wconf 91' lang='lat' dir='ltr'><strong>tum</strong></span> <span class='ocrx_word' id='word_1_220' title='bbox 1401 2262 1448 2302; x_wconf 91' lang='lat' dir='ltr'><strong>et</strong></span> <span class='ocrx_word' id='word_1_221' title='bbox 1478 2253 1600 2303; x_wconf 87' lang='lat' dir='ltr'><strong>facie</strong></span> <span class='ocrx_word' id='word_1_222' title='bbox 1633 2272 1775 2305; x_wconf 89' lang='lat' dir='ltr'><strong>manu</strong></span> <span class='ocrx_word' id='word_1_223' title='bbox 1804 2255 2046 2307; x_wconf 90' lang='lat' dir='ltr'><strong>detersum</strong></span> 
     </span>
     <span class='ocr_line' id='line_1_25' title="bbox 139 2335 2048 2405; baseline 0.004 -21"><span class='ocrx_word' id='word_1_224' title='bbox 139 2335 372 2403; x_wconf 91' lang='lat' dir='ltr'><strong>quicpiam</strong></span> <span class='ocrx_word' id='word_1_225' title='bbox 415 2335 472 2385; x_wconf 92' lang='lat' dir='ltr'><strong>ad</strong></span> <span class='ocrx_word' id='word_1_226' title='bbox 503 2336 756 2386; x_wconf 88' lang='lat' dir='ltr'><strong>sanitatem</strong></span> <span class='ocrx_word' id='word_1_227' title='bbox 798 2338 1204 2404; x_wconf 84' lang='lat' dir='ltr'><strong>recuperandam,</strong></span> <span class='ocrx_word' id='word_1_228' title='bbox 1260 2346 1402 2405; x_wconf 89' lang='lat' dir='ltr'><strong>atque</strong></span> <span class='ocrx_word' id='word_1_229' title='bbox 1442 2338 1794 2405; x_wconf 87' lang='lat' dir='ltr'><strong>aegritudinum</strong></span> <span class='ocrx_word' id='word_1_230' title='bbox 1835 2341 2048 2391; x_wconf 89' lang='lat' dir='ltr'><strong>remedia</strong></span> 
     </span>
     <span class='ocr_line' id='line_1_26' title="bbox 139 2419 824 2487; baseline 0.004 -19"><span class='ocrx_word' id='word_1_231' title='bbox 139 2419 491 2486; x_wconf 86' lang='lat' dir='ltr'><strong>postulantibus</strong></span> <span class='ocrx_word' id='word_1_232' title='bbox 529 2420 824 2487; x_wconf 87' lang='lat' dir='ltr'><strong>impertiunt.</strong></span> 
     </span>
    </p>

    <p class='ocr_par' dir='ltr' id='par_1_3' title="bbox 139 2502 2284 3165">
     <span class='ocr_line' id='line_1_27' title="bbox 279 2502 2284 2580; baseline 0.005 -27"><span class='ocrx_word' id='word_1_233' title='bbox 279 2503 478 2554; x_wconf 90' lang='lat' dir='ltr'><strong>Adhaec</strong></span> <span class='ocrx_word' id='word_1_234' title='bbox 519 2504 558 2554; x_wconf 92' lang='lat' dir='ltr'><strong>si</strong></span> <span class='ocrx_word' id='word_1_235' title='bbox 595 2502 933 2572; x_wconf 88' lang='lat' dir='ltr'><strong>Memphiticas</strong></span> <span class='ocrx_word' id='word_1_236' title='bbox 975 2515 1022 2555; x_wconf 91' lang='lat' dir='ltr'><strong>et</strong></span> <span class='ocrx_word' id='word_1_237' title='bbox 1062 2504 1428 2575; x_wconf 88' lang='lat' dir='ltr'><strong>Heliopoliticas</strong></span> <span class='ocrx_word' id='word_1_238' title='bbox 1473 2507 1700 2558; x_wconf 87' lang='lat' dir='ltr'><strong>mulieres</strong></span> <span class='ocrx_word' id='word_1_239' title='bbox 1742 2509 1875 2577; x_wconf 86' lang='lat' dir='ltr'><strong>orgia</strong></span> <span class='ocrx_word' id='word_1_240' title='bbox 1921 2511 2046 2561; x_wconf 85' lang='lat' dir='ltr'><strong>cele·</strong></span> <span class='ocrx_word' id='word_1_241' title='bbox 2070 2526 2284 2580; x_wconf 79' lang='lat' dir='ltr'><strong>Cap.X11.</strong></span> 
     </span>
     <span class='ocr_line' id='line_1_28' title="bbox 139 2587 2045 2663; baseline 0.005 -26"><span class='ocrx_word' id='word_1_242' title='bbox 139 2587 335 2638; x_wconf 88' lang='lat' dir='ltr'><strong>brantes</strong></span> <span class='ocrx_word' id='word_1_243' title='bbox 377 2592 672 2656; x_wconf 81' lang='lat' dir='ltr'><strong>persequar,</strong></span> <span class='ocrx_word' id='word_1_244' title='bbox 725 2607 848 2657; x_wconf 88' lang='lat' dir='ltr'><strong>quae</strong></span> <span class='ocrx_word' id='word_1_245' title='bbox 883 2599 1216 2658; x_wconf 89' lang='lat' dir='ltr'><strong>tympanorum</strong></span> <span class='ocrx_word' id='word_1_246' title='bbox 1260 2609 1316 2642; x_wconf 89' lang='lat' dir='ltr'><strong>ac</strong></span> <span class='ocrx_word' id='word_1_247' title='bbox 1346 2592 1568 2642; x_wconf 89' lang='lat' dir='ltr'><strong>tibiarum</strong></span> <span class='ocrx_word' id='word_1_248' title='bbox 1616 2594 1819 2661; x_wconf 83' lang='lat' dir='ltr'><strong>strepitu</strong></span> <span class='ocrx_word' id='word_1_249' title='bbox 1860 2595 2045 2663; x_wconf 88' lang='lat' dir='ltr'><strong>seipsas</strong></span> 
     </span>
     <span class='ocr_line' id='line_1_29' title="bbox 141 2670 2045 2745; baseline 0.004 -23"><span class='ocrx_word' id='word_1_250' title='bbox 141 2672 485 2736; x_wconf 81' lang='lat' dir='ltr'><strong>exstimulant,</strong></span> <span class='ocrx_word' id='word_1_251' title='bbox 526 2673 567 2723; x_wconf 88' lang='lat' dir='ltr'><strong>si</strong></span> <span class='ocrx_word' id='word_1_252' title='bbox 600 2670 844 2724; x_wconf 85' lang='lat' dir='ltr'><strong>Coritidas</strong></span> <span class='ocrx_word' id='word_1_253' title='bbox 870 2683 918 2724; x_wconf 91' lang='lat' dir='ltr'><strong>et</strong></span> <span class='ocrx_word' id='word_1_254' title='bbox 946 2673 1244 2726; x_wconf 86' lang='lat' dir='ltr'><strong>Trietericas</strong></span> <span class='ocrx_word' id='word_1_255' title='bbox 1263 2716 1275 2740; x_wconf 85' lang='lat'><strong>,</strong></span> <span class='ocrx_word' id='word_1_256' title='bbox 1318 2694 1535 2745; x_wconf 87' lang='lat' dir='ltr'><strong>quaeque</strong></span> <span class='ocrx_word' id='word_1_257' title='bbox 1564 2677 1611 2727; x_wconf 90' lang='lat' dir='ltr'><strong>in</strong></span> <span class='ocrx_word' id='word_1_258' title='bbox 1643 2676 1832 2728; x_wconf 85' lang='lat' dir='ltr'><strong>Bathea</strong></span> <span class='ocrx_word' id='word_1_259' title='bbox 1860 2688 1908 2729; x_wconf 88' lang='lat' dir='ltr'><strong>et</strong></span> <span class='ocrx_word' id='word_1_260' title='bbox 1937 2678 2045 2730; x_wconf 90' lang='lat' dir='ltr'><strong>Me-</strong></span> 
     </span>
     <span class='ocr_line' id='line_1_30' title="bbox 141 2756 2047 2827; baseline 0.004 -21"><span class='ocrx_word' id='word_1_261' title='bbox 141 2756 376 2808; x_wconf 87' lang='lat' dir='ltr'><strong>nuthitide</strong></span> <span class='ocrx_word' id='word_1_262' title='bbox 402 2758 564 2808; x_wconf 84' lang='lat' dir='ltr'><strong>furore</strong></span> <span class='ocrx_word' id='word_1_263' title='bbox 597 2766 851 2826; x_wconf 86' lang='lat' dir='ltr'><strong>correptae</strong></span> <span class='ocrx_word' id='word_1_264' title='bbox 894 2759 1089 2827; x_wconf 80' lang='lat' dir='ltr'><strong>pudoris</strong></span> <span class='ocrx_word' id='word_1_265' title='bbox 1117 2760 1190 2811; x_wconf 91' lang='lat' dir='ltr'><strong>sui</strong></span> <span class='ocrx_word' id='word_1_266' title='bbox 1220 2778 1275 2810; x_wconf 88' lang='lat' dir='ltr'><strong>ac</strong></span> <span class='ocrx_word' id='word_1_267' title='bbox 1302 2762 1567 2812; x_wconf 86' lang='lat' dir='ltr'><strong>modestiae</strong></span> <span class='ocrx_word' id='word_1_268' title='bbox 1597 2762 1843 2814; x_wconf 89' lang='lat' dir='ltr'><strong>muliebris</strong></span> <span class='ocrx_word' id='word_1_269' title='bbox 1876 2764 2047 2815; x_wconf 90' lang='lat' dir='ltr'><strong>oblivi-</strong></span> 
     </span>
     <span class='ocr_line' id='line_1_31' title="bbox 141 2841 2045 2915; baseline 0.005 -25"><span class='ocrx_word' id='word_1_270' title='bbox 141 2850 368 2906; x_wconf 87' lang='lat' dir='ltr'><strong>scuntur,</strong></span> <span class='ocrx_word' id='word_1_271' title='bbox 411 2851 587 2910; x_wconf 89' lang='lat' dir='ltr'><strong>quanta</strong></span> <span class='ocrx_word' id='word_1_272' title='bbox 616 2841 728 2892; x_wconf 88' lang='lat' dir='ltr'><strong>mihi</strong></span> <span class='ocrx_word' id='word_1_273' title='bbox 759 2843 1016 2894; x_wconf 88' lang='lat' dir='ltr'><strong>verborum</strong></span> <span class='ocrx_word' id='word_1_274' title='bbox 1046 2844 1210 2912; x_wconf 90' lang='lat' dir='ltr'><strong>copia,</strong></span> <span class='ocrx_word' id='word_1_275' title='bbox 1255 2863 1492 2914; x_wconf 86' lang='lat' dir='ltr'><strong>quamque</strong></span> <span class='ocrx_word' id='word_1_276' title='bbox 1522 2847 1691 2915; x_wconf 89' lang='lat' dir='ltr'><strong>amplis</strong></span> <span class='ocrx_word' id='word_1_277' title='bbox 1719 2848 2045 2899; x_wconf 85' lang='lat' dir='ltr'><strong>voluminibus</strong></span> 
     </span>
     <span class='ocr_line' id='line_1_32' title="bbox 142 2928 2041 3000; baseline 0.004 -25"><span class='ocrx_word' id='word_1_278' title='bbox 142 2943 259 2993; x_wconf 87' lang='lat' dir='ltr'><strong>opus</strong></span> <span class='ocrx_word' id='word_1_279' title='bbox 299 2928 418 2991; x_wconf 86' lang='lat' dir='ltr'><strong>erit,</strong></span> <span class='ocrx_word' id='word_1_280' title='bbox 474 2936 524 2978; x_wconf 91' lang='lat' dir='ltr'><strong>ut</strong></span> <span class='ocrx_word' id='word_1_281' title='bbox 556 2928 988 2978; x_wconf 87' lang='lat' dir='ltr'><strong>commemorandis</strong></span> <span class='ocrx_word' id='word_1_282' title='bbox 1029 2928 1087 2978; x_wconf 89' lang='lat' dir='ltr'><strong>iis</strong></span> <span class='ocrx_word' id='word_1_283' title='bbox 1119 2930 1370 2994; x_wconf 88' lang='lat' dir='ltr'><strong>omnibus,</strong></span> <span class='ocrx_word' id='word_1_284' title='bbox 1423 2948 1544 2998; x_wconf 87' lang='lat' dir='ltr'><strong>quae</strong></span> <span class='ocrx_word' id='word_1_285' title='bbox 1583 2948 1729 3000; x_wconf 91' lang='lat' dir='ltr'><strong>supra</strong></span> <span class='ocrx_word' id='word_1_286' title='bbox 1767 2933 2041 2999; x_wconf 86' lang='lat' dir='ltr'><strong>percensui,</strong></span> 
     </span>
     <span class='ocr_line' id='line_1_33' title="bbox 142 3012 2043 3080; baseline 0.004 -20"><span class='ocrx_word' id='word_1_287' title='bbox 142 3027 360 3078; x_wconf 88' lang='lat' dir='ltr'><strong>quaeque</strong></span> <span class='ocrx_word' id='word_1_288' title='bbox 401 3012 741 3080; x_wconf 90' lang='lat' dir='ltr'><strong>propemodum</strong></span> <span class='ocrx_word' id='word_1_289' title='bbox 778 3012 960 3061; x_wconf 85' lang='lat' dir='ltr'><strong>infinita</strong></span> <span class='ocrx_word' id='word_1_290' title='bbox 992 3021 1132 3076; x_wconf 91' lang='lat' dir='ltr'><strong>sunt,</strong></span> <span class='ocrx_word' id='word_1_291' title='bbox 1186 3014 1463 3065; x_wconf 89' lang='lat' dir='ltr'><strong>incumbere</strong></span> <span class='ocrx_word' id='word_1_292' title='bbox 1495 3016 1673 3067; x_wconf 83' lang='lat' dir='ltr'><strong>velim?</strong></span> <span class='ocrx_word' id='word_1_293' title='bbox 1744 3015 1886 3067; x_wconf 91' lang='lat' dir='ltr'><strong>Licet</strong></span> <span class='ocrx_word' id='word_1_294' title='bbox 1918 3018 2043 3067; x_wconf 90' lang='lat' dir='ltr'><strong>enim</strong></span> 
     </span>
     <span class='ocr_line' id='line_1_34' title="bbox 141 3092 2044 3165; baseline 0.003 -20"><span class='ocrx_word' id='word_1_295' title='bbox 141 3092 387 3162; x_wconf 88' lang='lat' dir='ltr'><strong>ingentem</strong></span> <span class='ocrx_word' id='word_1_296' title='bbox 421 3095 532 3146; x_wconf 87' lang='lat' dir='ltr'><strong>mihi</strong></span> <span class='ocrx_word' id='word_1_297' title='bbox 568 3096 652 3146; x_wconf 88' lang='lat' dir='ltr'><strong>hac</strong></span> <span class='ocrx_word' id='word_1_298' title='bbox 685 3095 733 3145; x_wconf 90' lang='lat' dir='ltr'><strong>in</strong></span> <span class='ocrx_word' id='word_1_299' title='bbox 767 3113 817 3146; x_wconf 88' lang='lat' dir='ltr'><strong>re</strong></span> <span class='ocrx_word' id='word_1_300' title='bbox 855 3096 1066 3146; x_wconf 84' lang='lat' dir='ltr'><strong>laborem</strong></span> <span class='ocrx_word' id='word_1_301' title='bbox 1109 3097 1448 3165; x_wconf 88' lang='lat' dir='ltr'><strong>imposuerim,</strong></span> <span class='ocrx_word' id='word_1_302' title='bbox 1503 3100 1809 3151; x_wconf 88' lang='lat' dir='ltr'><strong>nihilominus</strong></span> <span class='ocrx_word' id='word_1_303' title='bbox 1855 3101 2044 3151; x_wconf 88' lang='lat' dir='ltr'><strong>illorum</strong></span> 
     </span>
    </p>
   </div>
   <div class='ocr_carea' id='block_1_3' title="bbox 141 3232 1395 3289">
    <p class='ocr_par' dir='ltr' id='par_1_4' title="bbox 141 3232 1395 3289">
     <span class='ocr_line' id='line_1_35' title="bbox 141 3232 1395 3289; baseline 0.003 -14"><span class='ocrx_word' id='word_1_304' title='bbox 141 3236 185 3275; x_wconf 89' lang='lat' dir='ltr'><strong>In</strong></span> <span class='ocrx_word' id='word_1_305' title='bbox 213 3236 296 3275; x_wconf 85' lang='lat' dir='ltr'><strong>cod.</strong></span> <span class='ocrx_word' id='word_1_306' title='bbox 326 3237 482 3288; x_wconf 72' lang='lat' dir='ltr'><strong>Rhediy.</strong></span> <span class='ocrx_word' id='word_1_307' title='bbox 511 3238 643 3277; x_wconf 83' lang='lat' dir='ltr'><strong>eadem</strong></span> <span class='ocrx_word' id='word_1_308' title='bbox 671 3249 811 3277; x_wconf 82' lang='lat' dir='ltr'><strong>manus</strong></span> <span class='ocrx_word' id='word_1_309' title='bbox 837 3249 885 3276; x_wconf 79' lang='lat' dir='ltr'><strong>ex</strong></span> <span class='ocrx_word' id='word_1_310' title='bbox 909 3235 1066 3289; x_wconf 76' lang='grc' dir='ltr'>ἑτέραις</span> <span class='ocrx_word' id='word_1_311' title='bbox 1122 3239 1251 3277; x_wconf 80' lang='lat' dir='ltr'><strong>Colon.</strong></span> <span class='ocrx_word' id='word_1_312' title='bbox 1282 3232 1395 3288; x_wconf 75' lang='lat' dir='ltr'><strong>repet.</strong></span> 
     </span>
    </p>
   </div>
   <div class='ocr_carea' id='block_1_4' title="bbox 64 3290 2044 3808">
    <p class='ocr_par' dir='ltr' id='par_1_5' title="bbox 140 3290 2042 3399">
     <span class='ocr_line' id='line_1_36' title="bbox 140 3290 2042 3348; baseline 0.004 -18"><span class='ocrx_word' id='word_1_313' title='bbox 140 3292 296 3341; x_wconf 78' lang='lat' dir='ltr'><strong>refinxit</strong></span> <span class='ocrx_word' id='word_1_314' title='bbox 323 3290 516 3344; x_wconf 71' lang='grc' dir='ltr'><strong>ἑταίραις.</strong></span> <span class='ocrx_word' id='word_1_315' title='bbox 1181 3292 1242 3333; x_wconf 83' lang='grc'><strong>16.</strong></span> <span class='ocrx_word' id='word_1_316' title='bbox 1275 3291 1503 3347; x_wconf 85' lang='grc' dir='ltr'>μεταδόασι</span> <span class='ocrx_word' id='word_1_317' title='bbox 1530 3298 1617 3336; x_wconf 78' lang='lat' dir='ltr'><strong>edit.</strong></span> <span class='ocrx_word' id='word_1_318' title='bbox 1643 3299 1777 3337; x_wconf 80' lang='lat' dir='ltr'><strong>Petav.</strong></span> <span class='ocrx_word' id='word_1_319' title='bbox 1805 3299 1934 3337; x_wconf 77' lang='lat' dir='ltr'><strong>Coton.</strong></span> <span class='ocrx_word' id='word_1_320' title='bbox 1963 3307 2042 3348; x_wconf 82' lang='lat' dir='ltr'><strong>rep.</strong></span> 
     </span>
     <span class='ocr_line' id='line_1_37' title="bbox 205 3349 1262 3405; baseline 0.001 -18"><span class='ocrx_word' id='word_1_321' title='bbox 205 3349 354 3405; x_wconf 83' lang='grc' dir='ltr'><strong>11.τῷ</strong></span> <span class='ocrx_word' id='word_1_322' title='bbox 384 3351 471 3389; x_wconf 80' lang='lat' dir='ltr'><strong>edit.</strong></span> <span class='ocrx_word' id='word_1_323' title='bbox 493 3351 626 3391; x_wconf 77' lang='lat' dir='ltr'><strong>Petav.</strong></span> <span class='ocrx_word' id='word_1_324' title='bbox 659 3351 785 3389; x_wconf 76' lang='lat' dir='ltr'><strong>Coton.</strong></span> <span class='ocrx_word' id='word_1_325' title='bbox 812 3361 919 3399; x_wconf 60' lang='lat' dir='ltr'><strong>rep,</strong></span> <span class='ocrx_word' id='word_1_326' title='bbox 961 3361 1065 3389; x_wconf 85' lang='lat' dir='ltr'><strong>men·</strong></span> <span class='ocrx_word' id='word_1_327' title='bbox 1119 3351 1262 3388; x_wconf 79' lang='lat' dir='ltr'><strong>vitiose.</strong></span> 
     </span>
    </p>

    <p class='ocr_par' dir='ltr' id='par_1_6' title="bbox 142 3405 2044 3513">
     <span class='ocr_line' id='line_1_38' title="bbox 142 3405 2044 3463; baseline 0.005 -21"><span class='ocrx_word' id='word_1_328' title='bbox 142 3405 242 3443; x_wconf 85' lang='lat' dir='ltr'><strong>dose.</strong></span> <span class='ocrx_word' id='word_1_329' title='bbox 1181 3405 1274 3443; x_wconf 75' lang='lat' dir='ltr'><strong>CAP.</strong></span> <span class='ocrx_word' id='word_1_330' title='bbox 1307 3407 1405 3445; x_wconf 82' lang='lat' dir='ltr'><strong>XII.</strong></span> <span class='ocrx_word' id='word_1_331' title='bbox 1437 3430 1490 3437; x_wconf 88' lang='lat'><strong>-—-</strong></span> <span class='ocrx_word' id='word_1_332' title='bbox 1566 3408 1597 3448; x_wconf 93' lang='lat'><strong>1.</strong></span> <span class='ocrx_word' id='word_1_333' title='bbox 1641 3410 1935 3449; x_wconf 69' lang='lat' dir='ltr'><strong>Rescribendum</strong></span> <span class='ocrx_word' id='word_1_334' title='bbox 1976 3406 2044 3463; x_wconf 76' lang='grc' dir='ltr'><strong>ὅρ-</strong></span> 
     </span>
     <span class='ocr_line' id='line_1_39' title="bbox 201 3459 1773 3513; baseline 0.003 -14"><span class='ocrx_word' id='word_1_335' title='bbox 201 3459 352 3501; x_wconf 76' lang='lat' dir='ltr'><strong>1¹2.1ta</strong></span> <span class='ocrx_word' id='word_1_336' title='bbox 388 3463 497 3501; x_wconf 79' lang='lat' dir='ltr'><strong>codd.</strong></span> <span class='ocrx_word' id='word_1_337' title='bbox 525 3464 601 3502; x_wconf 84' lang='lat' dir='ltr'><strong>Ien.</strong></span> <span class='ocrx_word' id='word_1_338' title='bbox 633 3467 665 3502; x_wconf 78' lang='lat' dir='ltr'><strong>et</strong></span> <span class='ocrx_word' id='word_1_339' title='bbox 690 3464 850 3512; x_wconf 85' lang='lat' dir='ltr'><strong>Rhedi9.</strong></span> <span class='ocrx_word' id='word_1_340' title='bbox 866 3491 878 3512; x_wconf 87' lang='lat'><strong>,</strong></span> <span class='ocrx_word' id='word_1_341' title='bbox 920 3466 953 3501; x_wconf 78' lang='lat' dir='ltr'><strong>et</strong></span> <span class='ocrx_word' id='word_1_342' title='bbox 977 3463 1065 3501; x_wconf 75' lang='lat' dir='ltr'><strong>edic.</strong></span> <span class='ocrx_word' id='word_1_343' title='bbox 1123 3474 1296 3513; x_wconf 84' lang='grc' dir='ltr'><strong>γιωσας.</strong></span> <span class='ocrx_word' id='word_1_344' title='bbox 1357 3465 1414 3513; x_wconf 74' lang='lat' dir='ltr'><strong>Cf.</strong></span> <span class='ocrx_word' id='word_1_345' title='bbox 1443 3476 1576 3513; x_wconf 81' lang='lat' dir='ltr'><strong>supra</strong></span> <span class='ocrx_word' id='word_1_346' title='bbox 1594 3476 1679 3513; x_wconf 86' lang='lat' dir='ltr'><strong>cap</strong></span> <span class='ocrx_word' id='word_1_347' title='bbox 1713 3466 1773 3504; x_wconf 90' lang='lat'><strong>11.</strong></span> 
     </span>
    </p>

    <p class='ocr_par' dir='ltr' id='par_1_7' title="bbox 139 3513 2044 3626">
     <span class='ocr_line' id='line_1_40' title="bbox 139 3513 2044 3573; baseline 0.004 -18"><span class='ocrx_word' id='word_1_348' title='bbox 139 3517 263 3565; x_wconf 81' lang='lat' dir='ltr'><strong>princ.</strong></span> <span class='ocrx_word' id='word_1_349' title='bbox 318 3513 622 3570; x_wconf 81' lang='grc' dir='ltr'>Αρποκράτους</span> <span class='ocrx_word' id='word_1_350' title='bbox 650 3520 740 3558; x_wconf 81' lang='lat' dir='ltr'><strong>edit.</strong></span> <span class='ocrx_word' id='word_1_351' title='bbox 768 3520 898 3557; x_wconf 75' lang='lat' dir='ltr'><strong>Petav.</strong></span> <span class='ocrx_word' id='word_1_352' title='bbox 1177 3517 1216 3555; x_wconf 98' lang='grc'>2</span> <span class='ocrx_word' id='word_1_353' title='bbox 1247 3520 1306 3557; x_wconf 79' lang='lat' dir='ltr'><strong>An</strong></span> <span class='ocrx_word' id='word_1_354' title='bbox 1323 3519 1483 3567; x_wconf 74' lang='lat' dir='ltr'><strong>fortasse</strong></span> <span class='ocrx_word' id='word_1_355' title='bbox 1501 3514 1794 3573; x_wconf 67' lang='grc' dir='ltr'>Ἀκορίτιδαςῖ</span> <span class='ocrx_word' id='word_1_356' title='bbox 1824 3523 1896 3561; x_wconf 85' lang='lat' dir='ltr'><strong>Ed.</strong></span> <span class='ocrx_word' id='word_1_357' title='bbox 1921 3525 2044 3572; x_wconf 78' lang='lat' dir='ltr'><strong>princ.</strong></span> 
     </span>
     <span class='ocr_line' id='line_1_41' title="bbox 202 3570 1519 3626; baseline 0.003 -14"><span class='ocrx_word' id='word_1_358' title='bbox 202 3572 264 3612; x_wconf 83' lang='lat'><strong>13.</strong></span> <span class='ocrx_word' id='word_1_359' title='bbox 297 3570 571 3615; x_wconf 77' lang='grc' dir='ltr'>ἐνδεδωκόσιν</span> <span class='ocrx_word' id='word_1_360' title='bbox 610 3576 690 3614; x_wconf 84' lang='lat' dir='ltr'><strong>cod.</strong></span> <span class='ocrx_word' id='word_1_361' title='bbox 725 3576 881 3623; x_wconf 83' lang='lat' dir='ltr'><strong>Rhedi9.</strong></span> <span class='ocrx_word' id='word_1_362' title='bbox 942 3571 1063 3615; x_wconf 75' lang='grc' dir='ltr'>ἐκδε-</span> <span class='ocrx_word' id='word_1_363' title='bbox 1121 3574 1231 3612; x_wconf 82' lang='lat' dir='ltr'><strong>habet</strong></span> <span class='ocrx_word' id='word_1_364' title='bbox 1258 3573 1519 3626; x_wconf 84' lang='grc' dir='ltr'>Κορρίτιδας.</span> 
     </span>
    </p>

    <p class='ocr_par' dir='ltr' id='par_1_8' title="bbox 144 3622 1836 3685">
     <span class='ocr_line' id='line_1_42' title="bbox 144 3622 1836 3685; baseline 0.004 -16"><span class='ocrx_word' id='word_1_365' title='bbox 144 3622 308 3669; x_wconf 82' lang='grc' dir='ltr'>δώκασι</span> <span class='ocrx_word' id='word_1_366' title='bbox 335 3631 453 3668; x_wconf 78' lang='lat' dir='ltr'><strong>voluit</strong></span> <span class='ocrx_word' id='word_1_367' title='bbox 480 3632 677 3670; x_wconf 76' lang='lat' dir='ltr'><strong>Petavius.</strong></span> <span class='ocrx_word' id='word_1_368' title='bbox 1176 3629 1213 3670; x_wconf 85' lang='lat'><strong>3.</strong></span> <span class='ocrx_word' id='word_1_369' title='bbox 1246 3631 1319 3668; x_wconf 82' lang='lat' dir='ltr'><strong>Ed</strong></span> <span class='ocrx_word' id='word_1_370' title='bbox 1347 3631 1480 3670; x_wconf 75' lang='lat' dir='ltr'><strong>Petav.</strong></span> <span class='ocrx_word' id='word_1_371' title='bbox 1512 3630 1836 3685; x_wconf 79' lang='grc' dir='ltr'>Τριετηρίδιτας.</span> 
     </span>
    </p>

    <p class='ocr_par' dir='ltr' id='par_1_9' title="bbox 64 3680 2041 3795">
     <span class='ocr_line' id='line_1_43' title="bbox 64 3680 2041 3754; baseline 0.004 -31"><span class='ocrx_word' id='word_1_372' title='bbox 64 3686 67 3688; x_wconf 72' lang='grc'><strong><em>’</em></strong></span> <span class='ocrx_word' id='word_1_373' title='bbox 203 3681 264 3724; x_wconf 85' lang='grc'><strong>14.</strong></span> <span class='ocrx_word' id='word_1_374' title='bbox 296 3680 612 3754; x_wconf 75' lang='grc' dir='ltr'>ἅνακοχλοίζοντι</span> <span class='ocrx_word' id='word_1_375' title='bbox 650 3688 760 3726; x_wconf 83' lang='lat' dir='ltr'><strong>codd.</strong></span> <span class='ocrx_word' id='word_1_376' title='bbox 790 3697 880 3725; x_wconf 83' lang='lat' dir='ltr'><strong>mss.</strong></span> <span class='ocrx_word' id='word_1_377' title='bbox 915 3689 949 3724; x_wconf 84' lang='lat' dir='ltr'><strong>et</strong></span> <span class='ocrx_word' id='word_1_378' title='bbox 977 3686 1063 3724; x_wconf 80' lang='lat' dir='ltr'><strong>edit.</strong></span> <span class='ocrx_word' id='word_1_379' title='bbox 1176 3683 1215 3724; x_wconf 73' lang='lat'><strong>4.</strong></span> <span class='ocrx_word' id='word_1_380' title='bbox 1257 3688 1469 3726; x_wconf 79' lang='lat' dir='ltr'><strong>Cornarius</strong></span> <span class='ocrx_word' id='word_1_381' title='bbox 1507 3691 1617 3728; x_wconf 79' lang='lat' dir='ltr'><strong>vertit</strong></span> <span class='ocrx_word' id='word_1_382' title='bbox 1651 3689 1692 3728; x_wconf 91' lang='lat' dir='ltr'><strong>in</strong></span> <span class='ocrx_word' id='word_1_383' title='bbox 1728 3690 1934 3743; x_wconf 84' lang='lat' dir='ltr'><strong>profunda</strong></span> <span class='ocrx_word' id='word_1_384' title='bbox 1972 3704 2041 3730; x_wconf 87' lang='lat' dir='ltr'><strong>re·-</strong></span> 
     </span>
     <span class='ocr_line' id='line_1_44' title="bbox 141 3737 1628 3808; baseline 0.004 -30"><span class='ocrx_word' id='word_1_385' title='bbox 141 3742 265 3789; x_wconf 78' lang='lat' dir='ltr'><strong>princ.</strong></span> <span class='ocrx_word' id='word_1_386' title='bbox 323 3737 644 3808; x_wconf 73' lang='grc' dir='ltr'>ἀνακαχλάζο)τι</span> <span class='ocrx_word' id='word_1_387' title='bbox 679 3744 737 3781; x_wconf 84' lang='lat' dir='ltr'><strong>ed</strong></span> <span class='ocrx_word' id='word_1_388' title='bbox 773 3745 908 3783; x_wconf 76' lang='lat' dir='ltr'><strong>Petav.</strong></span> <span class='ocrx_word' id='word_1_389' title='bbox 1120 3741 1241 3794; x_wconf 84' lang='lat' dir='ltr'><strong>gione</strong></span> <span class='ocrx_word' id='word_1_390' title='bbox 1272 3749 1313 3779; x_wconf 91' lang='lat' dir='ltr'><strong>et</strong></span> <span class='ocrx_word' id='word_1_391' title='bbox 1342 3743 1628 3784; x_wconf 78' lang='lat' dir='ltr'><strong>Menuthitide.</strong></span> 
     </span>
    </p>
   </div>
   <div class='ocr_carea' id='block_1_5' title="bbox 204 3794 1693 3852">
    <p class='ocr_par' dir='ltr' id='par_1_10' title="bbox 204 3794 1693 3852">
     <span class='ocr_line' id='line_1_45' title="bbox 204 3794 1693 3852; baseline 0.003 -16"><span class='ocrx_word' id='word_1_392' title='bbox 204 3797 265 3837; x_wconf 86' lang='lat'><strong>15.</strong></span> <span class='ocrx_word' id='word_1_393' title='bbox 296 3794 480 3844; x_wconf 57' lang='grc' dir='ltr'>ἐνθέντος</span> <span class='ocrx_word' id='word_1_394' title='bbox 508 3799 689 3838; x_wconf 82' lang='lat' dir='ltr'><strong>mendum</strong></span> <span class='ocrx_word' id='word_1_395' title='bbox 723 3802 776 3838; x_wconf 75' lang='lat' dir='ltr'><strong>est</strong></span> <span class='ocrx_word' id='word_1_396' title='bbox 811 3799 899 3837; x_wconf 79' lang='lat' dir='ltr'><strong>edit</strong></span> <span class='ocrx_word' id='word_1_397' title='bbox 928 3799 1064 3838; x_wconf 79' lang='lat' dir='ltr'><strong>Petav.</strong></span> <span class='ocrx_word' id='word_1_398' title='bbox 1175 3799 1214 3838; x_wconf 86' lang='lat'><strong>5.</strong></span> <span class='ocrx_word' id='word_1_399' title='bbox 1247 3796 1389 3840; x_wconf 78' lang='grc' dir='ltr'>ἑαυτὸν</span> <span class='ocrx_word' id='word_1_400' title='bbox 1419 3801 1501 3839; x_wconf 87' lang='lat' dir='ltr'><strong>cod.</strong></span> <span class='ocrx_word' id='word_1_401' title='bbox 1534 3803 1693 3852; x_wconf 76' lang='lat' dir='ltr'><strong>Rhediy.</strong></span> 
     </span>
    </p>
   </div>
  </div>
 </body>
</html>
