<?xml version="1.0" encoding="UTF-8"?>
<!DOCTYPE html PUBLIC "-//W3C//DTD XHTML 1.0 Transitional//EN"
    "http://www.w3.org/TR/xhtml1/DTD/xhtml1-transitional.dtd">
<html xmlns="http://www.w3.org/1999/xhtml" xml:lang="en" lang="en">
 <head>
  <title>
</title>
<meta http-equiv="Content-Type" content="text/html;charset=utf-8" />
  <meta name='ocr-system' content='tesseract 3.04.00' />
  <meta name='ocr-capabilities' content='ocr_page ocr_carea ocr_par ocr_line ocrx_word'/>
</head>
<body>
  <div class='ocr_page' id='page_1' title='image "./pt3corporishaere02epipuoft_0383.png"; bbox 0 0 2508 4134; ppageno 0'>
   <div class='ocr_carea' id='block_1_1' title="bbox 521 245 2037 302">
    <p class='ocr_par' dir='ltr' id='par_1_1' title="bbox 521 245 2037 302">
     <span class='ocr_line' id='line_1_1' title="bbox 521 245 2037 302; baseline -0.005 0"><span class='ocrx_word' id='word_1_1' title='bbox 521 261 747 302; x_wconf 78' lang='lat' dir='ltr'><strong>PANARII</strong></span> <span class='ocrx_word' id='word_1_2' title='bbox 774 260 879 300; x_wconf 77' lang='lat' dir='ltr'><strong>Lm.</strong></span> <span class='ocrx_word' id='word_1_3' title='bbox 897 261 970 299; x_wconf 85' lang='lat'><strong>111.</strong></span> <span class='ocrx_word' id='word_1_4' title='bbox 1001 259 1134 300; x_wconf 88' lang='lat' dir='ltr'><strong>ToM.</strong></span> <span class='ocrx_word' id='word_1_5' title='bbox 1166 261 1217 300; x_wconf 80' lang='grc' dir='ltr'><strong>Π.</strong></span> <span class='ocrx_word' id='word_1_6' title='bbox 1247 259 1654 301; x_wconf 81' lang='lat' dir='ltr'><strong>HAER.LXXV11.</strong></span> <span class='ocrx_word' id='word_1_7' title='bbox 1938 245 2037 296; x_wconf 87' lang='lat'><strong>373</strong></span> 
     </span>
    </p>
   </div>
   <div class='ocr_carea' id='block_1_2' title="bbox 136 346 2041 1004">
    <p class='ocr_par' dir='ltr' id='par_1_2' title="bbox 136 346 2041 1004">
     <span class='ocr_line' id='line_1_2' title="bbox 139 346 2040 428; baseline -0.002 -16"><span class='ocrx_word' id='word_1_8' title='bbox 139 362 439 413; x_wconf 88' lang='lat' dir='ltr'><strong>anathemate</strong></span> <span class='ocrx_word' id='word_1_9' title='bbox 480 359 652 410; x_wconf 89' lang='lat' dir='ltr'><strong>damno</strong></span> <span class='ocrx_word' id='word_1_10' title='bbox 688 358 765 426; x_wconf 93' lang='lat' dir='ltr'><strong>qui</strong></span> <span class='ocrx_word' id='word_1_11' title='bbox 804 357 1094 427; x_wconf 77' lang='lat' dir='ltr'><strong>propositam</strong></span> <span class='ocrx_word' id='word_1_12' title='bbox 1134 374 1190 407; x_wconf 90' lang='lat' dir='ltr'><strong>ac</strong></span> <span class='ocrx_word' id='word_1_13' title='bbox 1224 366 1465 426; x_wconf 82' lang='lat' dir='ltr'>receptam</span> <span class='ocrx_word' id='word_1_14' title='bbox 1507 358 1556 408; x_wconf 89' lang='lat' dir='ltr'><strong>in</strong></span> <span class='ocrx_word' id='word_1_15' title='bbox 1590 346 1813 409; x_wconf 86' lang='lat' dir='ltr'><strong>Nicaena</strong></span> <span class='ocrx_word' id='word_1_16' title='bbox 1851 357 2040 428; x_wconf 86' lang='lat' dir='ltr'><strong>synodo</strong></span> 
     </span>
     <span class='ocr_line' id='line_1_3' title="bbox 139 441 2041 513; baseline -0.002 -17"><span class='ocrx_word' id='word_1_17' title='bbox 139 447 275 496; x_wconf 87' lang='lat' dir='ltr'><strong>fidem</strong></span> <span class='ocrx_word' id='word_1_18' title='bbox 319 452 581 513; x_wconf 84' lang='lat' dir='ltr'><strong>respuunt,</strong></span> <span class='ocrx_word' id='word_1_19' title='bbox 635 459 790 510; x_wconf 88' lang='lat' dir='ltr'><strong>neque</strong></span> <span class='ocrx_word' id='word_1_20' title='bbox 832 442 976 492; x_wconf 88' lang='lat' dir='ltr'><strong>filium</strong></span> <span class='ocrx_word' id='word_1_21' title='bbox 1021 458 1047 491; x_wconf 89' lang='grc'><strong>6</strong></span> <span class='ocrx_word' id='word_1_22' title='bbox 1077 441 1226 508; x_wconf 90' lang='lat' dir='ltr'><strong>patris</strong></span> <span class='ocrx_word' id='word_1_23' title='bbox 1268 441 1535 493; x_wconf 89' lang='lat' dir='ltr'><strong>substantia</strong></span> <span class='ocrx_word' id='word_1_24' title='bbox 1576 442 1906 510; x_wconf 78' lang='lat' dir='ltr'><strong>processisse,</strong></span> <span class='ocrx_word' id='word_1_25' title='bbox 1959 452 2041 493; x_wconf 92' lang='lat' dir='ltr'><strong>aut</strong></span> 
     </span>
     <span class='ocr_line' id='line_1_4' title="bbox 140 522 2041 595; baseline -0.002 -13"><span class='ocrx_word' id='word_1_26' title='bbox 140 531 289 582; x_wconf 87' lang='lat' dir='ltr'><strong>eidem</strong></span> <span class='ocrx_word' id='word_1_27' title='bbox 330 527 786 580; x_wconf 76' lang='lat' dir='ltr'><strong>consubstantialem</strong></span> <span class='ocrx_word' id='word_1_28' title='bbox 821 543 930 576; x_wconf 89' lang='lat' dir='ltr'><strong>esse</strong></span> <span class='ocrx_word' id='word_1_29' title='bbox 961 525 1270 576; x_wconf 86' lang='lat' dir='ltr'><strong>confitentur.</strong></span> <span class='ocrx_word' id='word_1_30' title='bbox 1350 522 1446 576; x_wconf 89' lang='lat' dir='ltr'><strong>Sed</strong></span> <span class='ocrx_word' id='word_1_31' title='bbox 1477 535 1525 575; x_wconf 89' lang='lat' dir='ltr'><strong>et</strong></span> <span class='ocrx_word' id='word_1_32' title='bbox 1556 526 1663 577; x_wconf 92' lang='lat' dir='ltr'><strong>illos</strong></span> <span class='ocrx_word' id='word_1_33' title='bbox 1700 527 1899 595; x_wconf 89' lang='lat' dir='ltr'><strong>insuper</strong></span> <span class='ocrx_word' id='word_1_34' title='bbox 1926 544 2041 578; x_wconf 91' lang='lat' dir='ltr'><strong>con-</strong></span> 
     </span>
     <span class='ocr_line' id='line_1_5' title="bbox 138 610 2040 682; baseline -0.002 -16"><span class='ocrx_word' id='word_1_35' title='bbox 138 617 309 666; x_wconf 88' lang='lat' dir='ltr'><strong>demno</strong></span> <span class='ocrx_word' id='word_1_36' title='bbox 350 613 427 682; x_wconf 88' lang='lat' dir='ltr'><strong>qui</strong></span> <span class='ocrx_word' id='word_1_37' title='bbox 471 612 688 682; x_wconf 89' lang='lat' dir='ltr'><strong>spiritum</strong></span> <span class='ocrx_word' id='word_1_38' title='bbox 721 619 941 662; x_wconf 89' lang='lat' dir='ltr'><strong>sanctum</strong></span> <span class='ocrx_word' id='word_1_39' title='bbox 983 617 1250 661; x_wconf 86' lang='lat' dir='ltr'><strong>creaturam</strong></span> <span class='ocrx_word' id='word_1_40' title='bbox 1292 625 1402 659; x_wconf 89' lang='lat' dir='ltr'><strong>esse</strong></span> <span class='ocrx_word' id='word_1_41' title='bbox 1446 627 1532 677; x_wconf 88' lang='lat' dir='ltr'><strong>per</strong></span> <span class='ocrx_word' id='word_1_42' title='bbox 1571 610 1714 660; x_wconf 90' lang='lat' dir='ltr'><strong>filium</strong></span> <span class='ocrx_word' id='word_1_43' title='bbox 1761 612 2040 680; x_wconf 90' lang='lat' dir='ltr'><strong>productam</strong></span> 
     </span>
     <span class='ocr_line' id='line_1_6' title="bbox 136 691 2038 762; baseline -0.002 -11"><span class='ocrx_word' id='word_1_44' title='bbox 136 707 379 751; x_wconf 87' lang='lat' dir='ltr'><strong>asserunt.</strong></span> <span class='ocrx_word' id='word_1_45' title='bbox 454 695 709 748; x_wconf 87' lang='lat' dir='ltr'><strong>Postremo</strong></span> <span class='ocrx_word' id='word_1_46' title='bbox 752 692 949 747; x_wconf 89' lang='lat' dir='ltr'><strong>Sabellii</strong></span> <span class='ocrx_word' id='word_1_47' title='bbox 993 711 1048 745; x_wconf 89' lang='lat' dir='ltr'><strong>ac</strong></span> <span class='ocrx_word' id='word_1_48' title='bbox 1087 691 1308 755; x_wconf 79' lang='lat' dir='ltr'><strong>Photini,</strong></span> <span class='ocrx_word' id='word_1_49' title='bbox 1363 693 1580 761; x_wconf 80' lang='lat' dir='ltr'>adeoque</span> <span class='ocrx_word' id='word_1_50' title='bbox 1617 695 1828 762; x_wconf 89' lang='lat' dir='ltr'><strong>reliquas</strong></span> <span class='ocrx_word' id='word_1_51' title='bbox 1870 713 2038 747; x_wconf 89' lang='lat' dir='ltr'><strong>omnes</strong></span> 
     </span>
     <span class='ocr_line' id='line_1_7' title="bbox 136 776 2039 849; baseline -0.003 -13"><span class='ocrx_word' id='word_1_52' title='bbox 136 786 366 836; x_wconf 86' lang='lat' dir='ltr'><strong>haereses</strong></span> <span class='ocrx_word' id='word_1_53' title='bbox 397 782 569 833; x_wconf 90' lang='lat' dir='ltr'><strong>damno</strong></span> <span class='ocrx_word' id='word_1_54' title='bbox 599 780 737 849; x_wconf 89' lang='lat' dir='ltr'><strong>eique</strong></span> <span class='ocrx_word' id='word_1_55' title='bbox 777 780 883 830; x_wconf 87' lang='lat' dir='ltr'><strong>fidei</strong></span> <span class='ocrx_word' id='word_1_56' title='bbox 920 777 1200 841; x_wconf 81' lang='lat' dir='ltr'><strong>subscribo,</strong></span> <span class='ocrx_word' id='word_1_57' title='bbox 1259 794 1380 845; x_wconf 87' lang='lat' dir='ltr'><strong>quae</strong></span> <span class='ocrx_word' id='word_1_58' title='bbox 1410 776 1459 827; x_wconf 90' lang='lat' dir='ltr'><strong>in</strong></span> <span class='ocrx_word' id='word_1_59' title='bbox 1489 776 1711 829; x_wconf 85' lang='lat' dir='ltr'><strong>Nicaena</strong></span> <span class='ocrx_word' id='word_1_60' title='bbox 1738 780 1924 848; x_wconf 86' lang='lat' dir='ltr'><strong>synodo</strong></span> <span class='ocrx_word' id='word_1_61' title='bbox 1957 781 2039 831; x_wconf 88' lang='lat' dir='ltr'><strong>de-</strong></span> 
     </span>
     <span class='ocr_line' id='line_1_8' title="bbox 136 861 2034 933; baseline -0.003 -12"><span class='ocrx_word' id='word_1_62' title='bbox 136 879 266 922; x_wconf 86' lang='lat' dir='ltr'><strong>creta</strong></span> <span class='ocrx_word' id='word_1_63' title='bbox 304 876 405 932; x_wconf 90' lang='lat' dir='ltr'><strong>est,</strong></span> <span class='ocrx_word' id='word_1_64' title='bbox 448 884 504 918; x_wconf 88' lang='lat' dir='ltr'><strong>ac</strong></span> <span class='ocrx_word' id='word_1_65' title='bbox 536 866 741 933; x_wconf 87' lang='lat' dir='ltr'><strong>denique</strong></span> <span class='ocrx_word' id='word_1_66' title='bbox 781 881 837 914; x_wconf 87' lang='lat' dir='ltr'><strong>ea</strong></span> <span class='ocrx_word' id='word_1_67' title='bbox 865 863 1128 932; x_wconf 87' lang='lat' dir='ltr'><strong>amplector</strong></span> <span class='ocrx_word' id='word_1_68' title='bbox 1166 861 1326 912; x_wconf 89' lang='lat' dir='ltr'><strong>omnia</strong></span> <span class='ocrx_word' id='word_1_69' title='bbox 1365 878 1487 928; x_wconf 89' lang='lat' dir='ltr'><strong>quae</strong></span> <span class='ocrx_word' id='word_1_70' title='bbox 1526 879 1670 930; x_wconf 88' lang='lat' dir='ltr'><strong>supra</strong></span> <span class='ocrx_word' id='word_1_71' title='bbox 1697 864 1875 932; x_wconf 89' lang='lat' dir='ltr'><strong>scripta</strong></span> <span class='ocrx_word' id='word_1_72' title='bbox 1903 874 2034 916; x_wconf 91' lang='lat' dir='ltr'><strong>sunt.</strong></span> 
     </span>
     <span class='ocr_line' id='line_1_9' title="bbox 678 960 1490 1004; baseline -0.005 -1"><span class='ocrx_word' id='word_1_73' title='bbox 678 962 975 1004; x_wconf 87' lang='lat' dir='ltr'>HACTENUS</span> <span class='ocrx_word' id='word_1_74' title='bbox 1005 961 1152 1001; x_wconf 90' lang='lat' dir='ltr'><strong>FIDEI</strong></span> <span class='ocrx_word' id='word_1_75' title='bbox 1183 960 1490 1000; x_wconf 87' lang='lat' dir='ltr'><strong>PROFESSIO.</strong></span> 
     </span>
    </p>
   </div>
   <div class='ocr_carea' id='block_1_3' title="bbox 124 1113 2039 3718">
    <p class='ocr_par' dir='ltr' id='par_1_3' title="bbox 124 1113 2039 3295">
     <span class='ocr_line' id='line_1_10' title="bbox 272 1113 2037 1184; baseline -0.001 -16"><span class='ocrx_word' id='word_1_76' title='bbox 272 1114 548 1170; x_wconf 88' lang='lat' dir='ltr'><strong>Secundum</strong></span> <span class='ocrx_word' id='word_1_77' title='bbox 576 1119 695 1169; x_wconf 90' lang='lat' dir='ltr'><strong>haec</strong></span> <span class='ocrx_word' id='word_1_78' title='bbox 721 1117 933 1170; x_wconf 89' lang='lat' dir='ltr'><strong>Vitalem</strong></span> <span class='ocrx_word' id='word_1_79' title='bbox 957 1116 1154 1184; x_wconf 89' lang='lat' dir='ltr'><strong>eiusque</strong></span> <span class='ocrx_word' id='word_1_80' title='bbox 1182 1115 1342 1166; x_wconf 89' lang='lat' dir='ltr'><strong>socios</strong></span> <span class='ocrx_word' id='word_1_81' title='bbox 1367 1115 1437 1165; x_wconf 89' lang='lat' dir='ltr'><strong>sic</strong></span> <span class='ocrx_word' id='word_1_82' title='bbox 1459 1114 1652 1165; x_wconf 91' lang='lat' dir='ltr'><strong>allocuti</strong></span> <span class='ocrx_word' id='word_1_83' title='bbox 1677 1132 1871 1166; x_wconf 89' lang='lat' dir='ltr'><strong>sumus:</strong></span> <span class='ocrx_word' id='word_1_84' title='bbox 1909 1113 2037 1183; x_wconf 91' lang='lat' dir='ltr'><strong>Quid</strong></span> 
     </span>
     <span class='ocr_line' id='line_1_11' title="bbox 129 1198 2036 1270; baseline -0.001 -17"><span class='ocrx_word' id='word_1_85' title='bbox 129 1212 286 1253; x_wconf 85' lang='lat' dir='ltr'><strong>autem</strong></span> <span class='ocrx_word' id='word_1_86' title='bbox 319 1212 366 1254; x_wconf 90' lang='lat' dir='ltr'><strong>et</strong></span> <span class='ocrx_word' id='word_1_87' title='bbox 399 1221 487 1255; x_wconf 92' lang='lat' dir='ltr'><strong>vos</strong></span> <span class='ocrx_word' id='word_1_88' title='bbox 528 1204 719 1255; x_wconf 86' lang='lat' dir='ltr'><strong>dicitis?</strong></span> <span class='ocrx_word' id='word_1_89' title='bbox 793 1200 844 1254; x_wconf 93' lang='lat' dir='ltr'><strong>Si</strong></span> <span class='ocrx_word' id='word_1_90' title='bbox 878 1202 988 1270; x_wconf 91' lang='lat' dir='ltr'><strong>quid</strong></span> <span class='ocrx_word' id='word_1_91' title='bbox 1026 1200 1233 1252; x_wconf 89' lang='lat' dir='ltr'><strong>invicem</strong></span> <span class='ocrx_word' id='word_1_92' title='bbox 1279 1198 1460 1250; x_wconf 83' lang='lat' dir='ltr'><strong>dissidii</strong></span> <span class='ocrx_word' id='word_1_93' title='bbox 1506 1199 1723 1264; x_wconf 70' lang='lat' dir='ltr'><strong>habetis,</strong></span> <span class='ocrx_word' id='word_1_94' title='bbox 1780 1200 2036 1252; x_wconf 87' lang='lat' dir='ltr'><strong>conciliata</strong></span> 
     </span>
     <span class='ocr_line' id='line_1_12' title="bbox 131 1282 2037 1357; baseline 0 -21"><span class='ocrx_word' id='word_1_95' title='bbox 131 1305 246 1355; x_wconf 88' lang='lat' dir='ltr'><strong>pace</strong></span> <span class='ocrx_word' id='word_1_96' title='bbox 293 1288 482 1357; x_wconf 89' lang='lat' dir='ltr'><strong>penitus</strong></span> <span class='ocrx_word' id='word_1_97' title='bbox 518 1288 689 1339; x_wconf 89' lang='lat' dir='ltr'><strong>tollite.</strong></span> <span class='ocrx_word' id='word_1_98' title='bbox 764 1288 830 1338; x_wconf 84' lang='lat' dir='ltr'><strong>At</strong></span> <span class='ocrx_word' id='word_1_99' title='bbox 864 1287 975 1349; x_wconf 85' lang='lat' dir='ltr'><strong>ille,</strong></span> <span class='ocrx_word' id='word_1_100' title='bbox 1028 1284 1237 1348; x_wconf 84' lang='lat' dir='ltr'><strong>Dicant,</strong></span> <span class='ocrx_word' id='word_1_101' title='bbox 1294 1284 1466 1352; x_wconf 85' lang='lat' dir='ltr'><strong>inquit.</strong></span> <span class='ocrx_word' id='word_1_102' title='bbox 1543 1282 1668 1334; x_wconf 91' lang='lat' dir='ltr'><strong>Tum</strong></span> <span class='ocrx_word' id='word_1_103' title='bbox 1700 1283 2037 1336; x_wconf 89' lang='lat' dir='ltr'><strong>obiicientibus</strong></span> 
     </span>
     <span class='ocr_line' id='line_1_13' title="bbox 132 1367 2037 1441; baseline -0.001 -19"><span class='ocrx_word' id='word_1_104' title='bbox 132 1372 238 1422; x_wconf 91' lang='lat' dir='ltr'><strong>aliis</strong></span> <span class='ocrx_word' id='word_1_105' title='bbox 268 1390 445 1440; x_wconf 81' lang='lat' dir='ltr'><strong>negare</strong></span> <span class='ocrx_word' id='word_1_106' title='bbox 471 1373 603 1441; x_wconf 84' lang='lat' dir='ltr'><strong>ipsos</strong></span> <span class='ocrx_word' id='word_1_107' title='bbox 632 1369 876 1423; x_wconf 78' lang='lat' dir='ltr'><strong>Christum</strong></span> <span class='ocrx_word' id='word_1_108' title='bbox 910 1371 1151 1422; x_wconf 89' lang='lat' dir='ltr'><strong>hominem</strong></span> <span class='ocrx_word' id='word_1_109' title='bbox 1180 1387 1288 1422; x_wconf 87' lang='lat' dir='ltr'><strong>esse</strong></span> <span class='ocrx_word' id='word_1_110' title='bbox 1319 1370 1581 1438; x_wconf 83' lang='lat' dir='ltr'><strong>perfectum</strong></span> <span class='ocrx_word' id='word_1_111' title='bbox 1601 1408 1614 1431; x_wconf 89' lang='lat'><strong>,</strong></span> <span class='ocrx_word' id='word_1_112' title='bbox 1657 1377 1825 1419; x_wconf 90' lang='lat' dir='ltr'><strong>contra</strong></span> <span class='ocrx_word' id='word_1_113' title='bbox 1860 1367 2037 1421; x_wconf 89' lang='lat' dir='ltr'><strong>Vitalis</strong></span> 
     </span>
     <span class='ocr_line' id='line_1_14' title="bbox 131 1453 2034 1525; baseline -0.001 -18"><span class='ocrx_word' id='word_1_114' title='bbox 131 1458 410 1525; x_wconf 87' lang='lat' dir='ltr'><strong>respondit,</strong></span> <span class='ocrx_word' id='word_1_115' title='bbox 453 1456 555 1507; x_wconf 84' lang='lat' dir='ltr'><strong>lmo</strong></span> <span class='ocrx_word' id='word_1_116' title='bbox 579 1474 698 1507; x_wconf 88' lang='lat' dir='ltr'><strong>vero</strong></span> <span class='ocrx_word' id='word_1_117' title='bbox 726 1454 972 1508; x_wconf 80' lang='lat' dir='ltr'><strong>Christum</strong></span> <span class='ocrx_word' id='word_1_118' title='bbox 1002 1457 1209 1506; x_wconf 87' lang='lat' dir='ltr'><strong>fatemur</strong></span> <span class='ocrx_word' id='word_1_119' title='bbox 1239 1456 1502 1524; x_wconf 83' lang='lat' dir='ltr'><strong>perfectum</strong></span> <span class='ocrx_word' id='word_1_120' title='bbox 1529 1453 1770 1504; x_wconf 91' lang='lat' dir='ltr'><strong>hominem</strong></span> <span class='ocrx_word' id='word_1_121' title='bbox 1797 1453 2034 1505; x_wconf 88' lang='lat' dir='ltr'><strong>induisse.</strong></span> 
     </span>
     <span class='ocr_line' id='line_1_15' title="bbox 133 1537 2039 1610; baseline -0.001 -20"><span class='ocrx_word' id='word_1_122' title='bbox 133 1539 271 1607; x_wconf 92' lang='lat' dir='ltr'><strong>Quod</strong></span> <span class='ocrx_word' id='word_1_123' title='bbox 313 1543 416 1593; x_wconf 92' lang='lat' dir='ltr'><strong>eius</strong></span> <span class='ocrx_word' id='word_1_124' title='bbox 459 1559 744 1610; x_wconf 88' lang='lat' dir='ltr'><strong>responsum</strong></span> <span class='ocrx_word' id='word_1_125' title='bbox 788 1559 882 1592; x_wconf 91' lang='lat' dir='ltr'><strong>non</strong></span> <span class='ocrx_word' id='word_1_126' title='bbox 926 1540 1160 1591; x_wconf 87' lang='lat' dir='ltr'><strong>minorem</strong></span> <span class='ocrx_word' id='word_1_127' title='bbox 1208 1539 1511 1590; x_wconf 84' lang='lat' dir='ltr'><strong>audientibus</strong></span> <span class='ocrx_word' id='word_1_128' title='bbox 1558 1537 1852 1606; x_wconf 90' lang='lat' dir='ltr'><strong>voluptatem</strong></span> <span class='ocrx_word' id='word_1_129' title='bbox 1896 1556 2039 1606; x_wconf 91' lang='lat' dir='ltr'><strong>quam</strong></span> 
     </span>
     <span class='ocr_line' id='line_1_16' title="bbox 129 1622 2037 1692; baseline -0.001 -16"><span class='ocrx_word' id='word_1_130' title='bbox 129 1625 495 1677; x_wconf 87' lang='lat' dir='ltr'><strong>admirationem</strong></span> <span class='ocrx_word' id='word_1_131' title='bbox 530 1626 704 1677; x_wconf 89' lang='lat' dir='ltr'><strong>attulit.</strong></span> <span class='ocrx_word' id='word_1_132' title='bbox 784 1626 849 1676; x_wconf 87' lang='lat' dir='ltr'><strong>At</strong></span> <span class='ocrx_word' id='word_1_133' title='bbox 879 1643 998 1687; x_wconf 85' lang='lat' dir='ltr'><strong>nos,</strong></span> <span class='ocrx_word' id='word_1_134' title='bbox 1057 1624 1134 1692; x_wconf 91' lang='lat' dir='ltr'><strong>qui</strong></span> <span class='ocrx_word' id='word_1_135' title='bbox 1170 1624 1448 1675; x_wconf 79' lang='lat' dir='ltr'><strong>callidorum</strong></span> <span class='ocrx_word' id='word_1_136' title='bbox 1480 1622 1754 1686; x_wconf 86' lang='lat' dir='ltr'><strong>hominum,</strong></span> <span class='ocrx_word' id='word_1_137' title='bbox 1809 1640 1836 1672; x_wconf 91' lang='lat' dir='ltr'><strong>a</strong></span> <span class='ocrx_word' id='word_1_138' title='bbox 1865 1622 2037 1691; x_wconf 89' lang='lat' dir='ltr'><strong>quibus</strong></span> 
     </span>
     <span class='ocr_line' id='line_1_17' title="bbox 128 1708 2038 1775; baseline -0.001 -14"><span class='ocrx_word' id='word_1_139' title='bbox 128 1711 302 1761; x_wconf 85' lang='lat' dir='ltr'><strong>fratres</strong></span> <span class='ocrx_word' id='word_1_140' title='bbox 334 1710 487 1761; x_wconf 83' lang='lat' dir='ltr'><strong>nostri</strong></span> <span class='ocrx_word' id='word_1_141' title='bbox 510 1711 557 1761; x_wconf 92' lang='lat' dir='ltr'><strong>in</strong></span> <span class='ocrx_word' id='word_1_142' title='bbox 587 1727 801 1760; x_wconf 90' lang='lat' dir='ltr'><strong>errorem</strong></span> <span class='ocrx_word' id='word_1_143' title='bbox 834 1709 1220 1771; x_wconf 85' lang='lat' dir='ltr'><strong>abducebantur,</strong></span> <span class='ocrx_word' id='word_1_144' title='bbox 1272 1708 1467 1758; x_wconf 89' lang='lat' dir='ltr'><strong>intimos</strong></span> <span class='ocrx_word' id='word_1_145' title='bbox 1499 1725 1674 1758; x_wconf 92' lang='lat' dir='ltr'><strong>sensus</strong></span> <span class='ocrx_word' id='word_1_146' title='bbox 1710 1724 1766 1757; x_wconf 88' lang='lat' dir='ltr'><strong>ac</strong></span> <span class='ocrx_word' id='word_1_147' title='bbox 1801 1708 2038 1775; x_wconf 86' lang='lat' dir='ltr'><strong>tergiver-</strong></span> 
     </span>
     <span class='ocr_line' id='line_1_18' title="bbox 128 1792 2033 1864; baseline -0.002 -18"><span class='ocrx_word' id='word_1_148' title='bbox 128 1795 344 1846; x_wconf 88' lang='lat' dir='ltr'><strong>sationes</strong></span> <span class='ocrx_word' id='word_1_149' title='bbox 374 1795 594 1864; x_wconf 87' lang='lat' dir='ltr'><strong>cognitas</strong></span> <span class='ocrx_word' id='word_1_150' title='bbox 618 1794 908 1845; x_wconf 89' lang='lat' dir='ltr'><strong>habebamus</strong></span> <span class='ocrx_word' id='word_1_151' title='bbox 925 1833 938 1856; x_wconf 89' lang='lat'><strong>,</strong></span> <span class='ocrx_word' id='word_1_152' title='bbox 980 1793 1139 1844; x_wconf 90' lang='lat' dir='ltr'><strong>acrius</strong></span> <span class='ocrx_word' id='word_1_153' title='bbox 1166 1794 1214 1862; x_wconf 87' lang='lat' dir='ltr'><strong>in</strong></span> <span class='ocrx_word' id='word_1_154' title='bbox 1238 1793 1583 1859; x_wconf 88' lang='lat' dir='ltr'><strong>interrogando</strong></span> <span class='ocrx_word' id='word_1_155' title='bbox 1609 1792 1923 1861; x_wconf 88' lang='lat' dir='ltr'><strong>perstitimus,</strong></span> <span class='ocrx_word' id='word_1_156' title='bbox 1965 1801 2033 1858; x_wconf 87' lang='lat' dir='ltr'><strong>et,</strong></span> 
     </span>
     <span class='ocr_line' id='line_1_19' title="bbox 128 1874 2037 1947; baseline -0.003 -16"><span class='ocrx_word' id='word_1_157' title='bbox 128 1876 459 1943; x_wconf 90' lang='lat' dir='ltr'><strong>Christumne,</strong></span> <span class='ocrx_word' id='word_1_158' title='bbox 501 1879 729 1942; x_wconf 83' lang='lat' dir='ltr'><strong>diximus,</strong></span> <span class='ocrx_word' id='word_1_159' title='bbox 773 1878 963 1947; x_wconf 87' lang='lat' dir='ltr'><strong>proprie</strong></span> <span class='ocrx_word' id='word_1_160' title='bbox 986 1895 1186 1928; x_wconf 64' lang='lat' dir='ltr'><strong>⁴carnem</strong></span> <span class='ocrx_word' id='word_1_161' title='bbox 1216 1877 1537 1944; x_wconf 85' lang='lat' dir='ltr'><strong>assumpsisse</strong></span> <span class='ocrx_word' id='word_1_162' title='bbox 1566 1876 1841 1945; x_wconf 85' lang='lat' dir='ltr'><strong>profiteris?</strong></span> <span class='ocrx_word' id='word_1_163' title='bbox 1913 1874 2037 1927; x_wconf 91' lang='lat' dir='ltr'><strong>Pro-</strong></span> 
     </span>
     <span class='ocr_line' id='line_1_20' title="bbox 126 1960 2035 2032; baseline -0.002 -17"><span class='ocrx_word' id='word_1_164' title='bbox 126 1964 291 2029; x_wconf 87' lang='lat' dir='ltr'><strong>fiteor,</strong></span> <span class='ocrx_word' id='word_1_165' title='bbox 347 1964 518 2032; x_wconf 83' lang='lat' dir='ltr'><strong>inquit.</strong></span> <span class='ocrx_word' id='word_1_166' title='bbox 608 1962 888 2014; x_wconf 88' lang='lat' dir='ltr'><strong>Eandemne</strong></span> <span class='ocrx_word' id='word_1_167' title='bbox 929 1964 986 2013; x_wconf 91' lang='lat' dir='ltr'><strong>de</strong></span> <span class='ocrx_word' id='word_1_168' title='bbox 1022 1960 1183 2013; x_wconf 88' lang='lat' dir='ltr'><strong>Maria</strong></span> <span class='ocrx_word' id='word_1_169' title='bbox 1230 1961 1418 2029; x_wconf 85' lang='lat' dir='ltr'><strong>virgine</strong></span> <span class='ocrx_word' id='word_1_170' title='bbox 1460 1961 1565 2011; x_wconf 91' lang='lat' dir='ltr'><strong>sine</strong></span> <span class='ocrx_word' id='word_1_171' title='bbox 1609 1960 1739 2012; x_wconf 87' lang='lat' dir='ltr'><strong>virili</strong></span> <span class='ocrx_word' id='word_1_172' title='bbox 1785 1969 1923 2025; x_wconf 88' lang='lat' dir='ltr'><strong>satu,</strong></span> <span class='ocrx_word' id='word_1_173' title='bbox 1979 1978 2035 2012; x_wconf 89' lang='lat' dir='ltr'><strong>ac</strong></span> 
     </span>
     <span class='ocr_line' id='line_1_21' title="bbox 124 2044 2031 2117; baseline -0.002 -18"><span class='ocrx_word' id='word_1_174' title='bbox 124 2066 210 2117; x_wconf 88' lang='lat' dir='ltr'><strong>per</strong></span> <span class='ocrx_word' id='word_1_175' title='bbox 252 2048 470 2117; x_wconf 90' lang='lat' dir='ltr'><strong>spiritum</strong></span> <span class='ocrx_word' id='word_1_176' title='bbox 514 2057 729 2099; x_wconf 88' lang='lat' dir='ltr'><strong>sanctum</strong></span> <span class='ocrx_word' id='word_1_177' title='bbox 777 2047 1056 2116; x_wconf 86' lang='lat' dir='ltr'><strong>accepisse?</strong></span> <span class='ocrx_word' id='word_1_178' title='bbox 1127 2045 1207 2096; x_wconf 89' lang='lat' dir='ltr'><strong>Ne</strong></span> <span class='ocrx_word' id='word_1_179' title='bbox 1247 2046 1373 2096; x_wconf 88' lang='lat' dir='ltr'><strong>istud</strong></span> <span class='ocrx_word' id='word_1_180' title='bbox 1418 2045 1604 2113; x_wconf 90' lang='lat' dir='ltr'><strong>quidem</strong></span> <span class='ocrx_word' id='word_1_181' title='bbox 1650 2044 1890 2096; x_wconf 83' lang='lat' dir='ltr'><strong>inficiatus</strong></span> <span class='ocrx_word' id='word_1_182' title='bbox 1937 2054 2031 2097; x_wconf 88' lang='lat' dir='ltr'><strong>est.</strong></span> 
     </span>
     <span class='ocr_line' id='line_1_22' title="bbox 124 2130 2035 2202; baseline -0.002 -18"><span class='ocrx_word' id='word_1_183' title='bbox 124 2131 408 2185; x_wconf 88' lang='lat' dir='ltr'><strong>Utrumnam</strong></span> <span class='ocrx_word' id='word_1_184' title='bbox 436 2133 628 2202; x_wconf 89' lang='lat' dir='ltr'><strong>proprie</strong></span> <span class='ocrx_word' id='word_1_185' title='bbox 659 2133 797 2183; x_wconf 91' lang='lat' dir='ltr'><strong>deum</strong></span> <span class='ocrx_word' id='word_1_186' title='bbox 837 2132 1035 2184; x_wconf 88' lang='lat' dir='ltr'><strong>verbum</strong></span> <span class='ocrx_word' id='word_1_187' title='bbox 1078 2131 1246 2198; x_wconf 87' lang='lat' dir='ltr'><strong>deique</strong></span> <span class='ocrx_word' id='word_1_188' title='bbox 1274 2130 1419 2180; x_wconf 90' lang='lat' dir='ltr'><strong>filium</strong></span> <span class='ocrx_word' id='word_1_189' title='bbox 1450 2130 1703 2180; x_wconf 83' lang='lat' dir='ltr'><strong>existimas</strong></span> <span class='ocrx_word' id='word_1_190' title='bbox 1733 2147 1758 2180; x_wconf 91' lang='lat' dir='ltr'><strong>e</strong></span> <span class='ocrx_word' id='word_1_191' title='bbox 1786 2130 1922 2180; x_wconf 92' lang='lat' dir='ltr'><strong>coelo</strong></span> <span class='ocrx_word' id='word_1_192' title='bbox 1954 2130 2035 2180; x_wconf 90' lang='lat' dir='ltr'><strong>de-</strong></span> 
     </span>
     <span class='ocr_line' id='line_1_23' title="bbox 125 2212 2036 2286; baseline -0.003 -17"><span class='ocrx_word' id='word_1_193' title='bbox 125 2218 434 2269; x_wconf 88' lang='lat' dir='ltr'><strong>scendentem</strong></span> <span class='ocrx_word' id='word_1_194' title='bbox 474 2234 666 2268; x_wconf 89' lang='lat' dir='ltr'><strong>carnem</strong></span> <span class='ocrx_word' id='word_1_195' title='bbox 710 2217 972 2286; x_wconf 89' lang='lat' dir='ltr'><strong>sumpsisse</strong></span> <span class='ocrx_word' id='word_1_196' title='bbox 1016 2216 1072 2266; x_wconf 92' lang='lat' dir='ltr'><strong>de</strong></span> <span class='ocrx_word' id='word_1_197' title='bbox 1106 2215 1328 2283; x_wconf 84' lang='lat' dir='ltr'><strong>virgine?</strong></span> <span class='ocrx_word' id='word_1_198' title='bbox 1399 2212 1581 2282; x_wconf 87' lang='lat' dir='ltr'><strong>Magna</strong></span> <span class='ocrx_word' id='word_1_199' title='bbox 1623 2214 1704 2264; x_wconf 90' lang='lat' dir='ltr'><strong>ille</strong></span> <span class='ocrx_word' id='word_1_200' title='bbox 1736 2231 1840 2264; x_wconf 91' lang='lat' dir='ltr'><strong>cum</strong></span> <span class='ocrx_word' id='word_1_201' title='bbox 1873 2214 2036 2281; x_wconf 87' lang='lat' dir='ltr'><strong>gravi-</strong></span> 
     </span>
     <span class='ocr_line' id='line_1_24' title="bbox 124 2296 2034 2368; baseline -0.001 -17"><span class='ocrx_word' id='word_1_202' title='bbox 124 2310 221 2353; x_wconf 89' lang='lat' dir='ltr'><strong>tate</strong></span> <span class='ocrx_word' id='word_1_203' title='bbox 266 2309 497 2352; x_wconf 87' lang='lat' dir='ltr'><strong>assensus</strong></span> <span class='ocrx_word' id='word_1_204' title='bbox 537 2310 629 2352; x_wconf 86' lang='lat' dir='ltr'><strong>est.</strong></span> <span class='ocrx_word' id='word_1_205' title='bbox 707 2300 777 2351; x_wconf 88' lang='lat' dir='ltr'><strong>Ea</strong></span> <span class='ocrx_word' id='word_1_206' title='bbox 817 2318 893 2351; x_wconf 87' lang='lat' dir='ltr'><strong>res</strong></span> <span class='ocrx_word' id='word_1_207' title='bbox 939 2300 1076 2351; x_wconf 89' lang='lat' dir='ltr'><strong>nobis</strong></span> <span class='ocrx_word' id='word_1_208' title='bbox 1118 2316 1333 2351; x_wconf 87' lang='lat' dir='ltr'><strong>summae</strong></span> <span class='ocrx_word' id='word_1_209' title='bbox 1381 2298 1613 2367; x_wconf 88' lang='lat' dir='ltr'><strong>voluptati</strong></span> <span class='ocrx_word' id='word_1_210' title='bbox 1656 2298 1763 2348; x_wconf 88' lang='lat' dir='ltr'><strong>fuit.</strong></span> <span class='ocrx_word' id='word_1_211' title='bbox 1842 2296 2034 2368; x_wconf 81' lang='lat' dir='ltr'><strong>Quippe</strong></span> 
     </span>
     <span class='ocr_line' id='line_1_25' title="bbox 127 2382 2030 2454; baseline -0.001 -19"><span class='ocrx_word' id='word_1_212' title='bbox 127 2403 152 2434; x_wconf 92' lang='lat' dir='ltr'><strong>a</strong></span> <span class='ocrx_word' id='word_1_213' title='bbox 185 2384 428 2454; x_wconf 87' lang='lat' dir='ltr'><strong>discipulis</strong></span> <span class='ocrx_word' id='word_1_214' title='bbox 457 2386 581 2449; x_wconf 83' lang='lat' dir='ltr'><strong>illis,</strong></span> <span class='ocrx_word' id='word_1_215' title='bbox 623 2404 743 2453; x_wconf 89' lang='lat' dir='ltr'><strong>quos</strong></span> <span class='ocrx_word' id='word_1_216' title='bbox 773 2386 821 2436; x_wconf 87' lang='lat' dir='ltr'><strong>in</strong></span> <span class='ocrx_word' id='word_1_217' title='bbox 852 2382 1065 2454; x_wconf 89' lang='lat' dir='ltr'><strong>Cyprum</strong></span> <span class='ocrx_word' id='word_1_218' title='bbox 1094 2384 1151 2435; x_wconf 89' lang='lat' dir='ltr'><strong>ad</strong></span> <span class='ocrx_word' id='word_1_219' title='bbox 1182 2401 1270 2435; x_wconf 92' lang='lat' dir='ltr'><strong>nos</strong></span> <span class='ocrx_word' id='word_1_220' title='bbox 1299 2384 1495 2435; x_wconf 87' lang='lat' dir='ltr'><strong>venisse</strong></span> <span class='ocrx_word' id='word_1_221' title='bbox 1527 2391 1667 2433; x_wconf 90' lang='lat' dir='ltr'><strong>antea</strong></span> <span class='ocrx_word' id='word_1_222' title='bbox 1705 2383 2030 2447; x_wconf 85' lang='lat' dir='ltr'><strong>narravimus,</strong></span> 
     </span>
     <span class='ocr_line' id='line_1_26' title="bbox 126 2465 2034 2537; baseline -0.002 -17"><span class='ocrx_word' id='word_1_223' title='bbox 126 2470 361 2521; x_wconf 89' lang='lat' dir='ltr'><strong>eiusmodi</strong></span> <span class='ocrx_word' id='word_1_224' title='bbox 392 2486 501 2520; x_wconf 87' lang='lat' dir='ltr'><strong>esse</strong></span> <span class='ocrx_word' id='word_1_225' title='bbox 535 2471 704 2537; x_wconf 81' lang='lat' dir='ltr'><strong>dogma</strong></span> <span class='ocrx_word' id='word_1_226' title='bbox 745 2470 934 2520; x_wconf 89' lang='lat' dir='ltr'><strong>illorum</strong></span> <span class='ocrx_word' id='word_1_227' title='bbox 971 2469 1303 2531; x_wconf 88' lang='lat' dir='ltr'><strong>audieramus,</strong></span> <span class='ocrx_word' id='word_1_228' title='bbox 1364 2465 1548 2519; x_wconf 90' lang='lat' dir='ltr'><strong>Christi</strong></span> <span class='ocrx_word' id='word_1_229' title='bbox 1591 2485 1783 2518; x_wconf 90' lang='lat' dir='ltr'><strong>carnem</strong></span> <span class='ocrx_word' id='word_1_230' title='bbox 1818 2484 1845 2517; x_wconf 90' lang='lat' dir='ltr'><strong>e</strong></span> <span class='ocrx_word' id='word_1_231' title='bbox 1873 2466 2034 2518; x_wconf 89' lang='lat' dir='ltr'><strong>Maria</strong></span> 
     </span>
     <span class='ocr_line' id='line_1_27' title="bbox 128 2550 2032 2622; baseline 0 -19"><span class='ocrx_word' id='word_1_232' title='bbox 128 2554 257 2603; x_wconf 91' lang='lat' dir='ltr'><strong>nullo</strong></span> <span class='ocrx_word' id='word_1_233' title='bbox 285 2553 426 2604; x_wconf 90' lang='lat' dir='ltr'><strong>modo</strong></span> <span class='ocrx_word' id='word_1_234' title='bbox 461 2571 568 2604; x_wconf 91' lang='lat' dir='ltr'><strong>esse</strong></span> <span class='ocrx_word' id='word_1_235' title='bbox 601 2562 892 2622; x_wconf 86' lang='lat' dir='ltr'><strong>susceptam.</strong></span> <span class='ocrx_word' id='word_1_236' title='bbox 972 2552 1138 2621; x_wconf 83' lang='lat' dir='ltr'><strong>Quare</strong></span> <span class='ocrx_word' id='word_1_237' title='bbox 1169 2572 1274 2604; x_wconf 91' lang='lat' dir='ltr'><strong>cum</strong></span> <span class='ocrx_word' id='word_1_238' title='bbox 1303 2552 1699 2620; x_wconf 83' lang='lat' dir='ltr'><strong>religiosissimus</strong></span> <span class='ocrx_word' id='word_1_239' title='bbox 1730 2553 1823 2603; x_wconf 89' lang='lat' dir='ltr'><strong>iste</strong></span> <span class='ocrx_word' id='word_1_240' title='bbox 1854 2550 2032 2603; x_wconf 85' lang='lat' dir='ltr'><strong>Vitalis</strong></span> 
     </span>
     <span class='ocr_line' id='line_1_28' title="bbox 128 2635 2032 2704; baseline -0.001 -16"><span class='ocrx_word' id='word_1_241' title='bbox 128 2637 368 2688; x_wconf 87' lang='lat' dir='ltr'><strong>dominum</strong></span> <span class='ocrx_word' id='word_1_242' title='bbox 410 2647 623 2688; x_wconf 89' lang='lat' dir='ltr'><strong>nostrum</strong></span> <span class='ocrx_word' id='word_1_243' title='bbox 656 2635 814 2688; x_wconf 88' lang='lat' dir='ltr'><strong>lesum</strong></span> <span class='ocrx_word' id='word_1_244' title='bbox 848 2636 1095 2689; x_wconf 86' lang='lat' dir='ltr'><strong>Christum</strong></span> <span class='ocrx_word' id='word_1_245' title='bbox 1129 2656 1322 2689; x_wconf 89' lang='lat' dir='ltr'><strong>caruem</strong></span> <span class='ocrx_word' id='word_1_246' title='bbox 1356 2654 1381 2688; x_wconf 92' lang='grc'><strong>6</strong></span> <span class='ocrx_word' id='word_1_247' title='bbox 1412 2635 1569 2687; x_wconf 87' lang='lat' dir='ltr'><strong>Maria</strong></span> <span class='ocrx_word' id='word_1_248' title='bbox 1604 2638 1814 2688; x_wconf 85' lang='lat' dir='ltr'><strong>traxisse</strong></span> <span class='ocrx_word' id='word_1_249' title='bbox 1842 2636 2032 2704; x_wconf 91' lang='lat' dir='ltr'><strong>praedi-</strong></span> 
     </span>
     <span class='ocr_line' id='line_1_29' title="bbox 128 2721 2033 2790; baseline -0.001 -17"><span class='ocrx_word' id='word_1_250' title='bbox 128 2731 289 2786; x_wconf 89' lang='lat' dir='ltr'><strong>caret,</strong></span> <span class='ocrx_word' id='word_1_251' title='bbox 347 2722 519 2772; x_wconf 89' lang='lat' dir='ltr'><strong>iterum</strong></span> <span class='ocrx_word' id='word_1_252' title='bbox 563 2739 587 2770; x_wconf 89' lang='lat' dir='ltr'><strong>a</strong></span> <span class='ocrx_word' id='word_1_253' title='bbox 631 2722 770 2772; x_wconf 91' lang='lat' dir='ltr'><strong>nobis</strong></span> <span class='ocrx_word' id='word_1_254' title='bbox 814 2722 1141 2790; x_wconf 85' lang='lat' dir='ltr'><strong>interrogatus</strong></span> <span class='ocrx_word' id='word_1_255' title='bbox 1182 2731 1283 2786; x_wconf 86' lang='lat' dir='ltr'><strong>est,</strong></span> <span class='ocrx_word' id='word_1_256' title='bbox 1343 2740 1453 2772; x_wconf 90' lang='lat' dir='ltr'><strong>num</strong></span> <span class='ocrx_word' id='word_1_257' title='bbox 1495 2730 1543 2771; x_wconf 91' lang='lat' dir='ltr'><strong>et</strong></span> <span class='ocrx_word' id='word_1_258' title='bbox 1576 2722 1782 2772; x_wconf 88' lang='lat' dir='ltr'><strong>animam</strong></span> <span class='ocrx_word' id='word_1_259' title='bbox 1822 2721 2033 2771; x_wconf 89' lang='lat' dir='ltr'><strong>indidem</strong></span> 
     </span>
     <span class='ocr_line' id='line_1_30' title="bbox 126 2795 2029 2875; baseline -0.001 -18"><span class='ocrx_word' id='word_1_260' title='bbox 126 2806 411 2875; x_wconf 89' lang='lat' dir='ltr'><strong>accepisset.</strong></span> <span class='ocrx_word' id='word_1_261' title='bbox 487 2805 573 2856; x_wconf 82' lang='lat' dir='ltr'><strong>Ille</strong></span> <span class='ocrx_word' id='word_1_262' title='bbox 614 2806 714 2873; x_wconf 90' lang='lat' dir='ltr'><strong>pari</strong></span> <span class='ocrx_word' id='word_1_263' title='bbox 761 2806 1000 2873; x_wconf 88' lang='lat' dir='ltr'><strong>gravitate</strong></span> <span class='ocrx_word' id='word_1_264' title='bbox 1034 2824 1090 2857; x_wconf 89' lang='lat' dir='ltr'><strong>ac</strong></span> <span class='ocrx_word' id='word_1_265' title='bbox 1128 2806 1399 2857; x_wconf 83' lang='lat' dir='ltr'><strong>constantia</strong></span> <span class='ocrx_word' id='word_1_266' title='bbox 1438 2795 1685 2874; x_wconf 78' lang='lat' dir='ltr'><strong>accepisse</strong></span> <span class='ocrx_word' id='word_1_267' title='bbox 1730 2806 1890 2856; x_wconf 90' lang='lat' dir='ltr'><strong>fassus</strong></span> <span class='ocrx_word' id='word_1_268' title='bbox 1936 2813 2029 2868; x_wconf 91' lang='lat' dir='ltr'><strong>est,</strong></span> 
     </span>
     <span class='ocr_line' id='line_1_31' title="bbox 125 2890 2033 2959; baseline -0.002 -17"><span class='ocrx_word' id='word_1_269' title='bbox 125 2909 280 2959; x_wconf 90' lang='lat' dir='ltr'><strong>neque</strong></span> <span class='ocrx_word' id='word_1_270' title='bbox 314 2891 455 2942; x_wconf 89' lang='lat' dir='ltr'><strong>aliter</strong></span> <span class='ocrx_word' id='word_1_271' title='bbox 500 2891 811 2941; x_wconf 89' lang='lat' dir='ltr'><strong>asserendum</strong></span> <span class='ocrx_word' id='word_1_272' title='bbox 833 2929 845 2953; x_wconf 93' lang='lat'><strong>,</strong></span> <span class='ocrx_word' id='word_1_273' title='bbox 903 2892 985 2940; x_wconf 84' lang='lat' dir='ltr'><strong>sed</strong></span> <span class='ocrx_word' id='word_1_274' title='bbox 1015 2890 1063 2940; x_wconf 89' lang='lat' dir='ltr'><strong>in</strong></span> <span class='ocrx_word' id='word_1_275' title='bbox 1097 2891 1315 2941; x_wconf 90' lang='lat' dir='ltr'><strong>omnibus</strong></span> <span class='ocrx_word' id='word_1_276' title='bbox 1359 2891 1483 2957; x_wconf 91' lang='lat' dir='ltr'><strong>quod</strong></span> <span class='ocrx_word' id='word_1_277' title='bbox 1513 2907 1681 2940; x_wconf 85' lang='lat' dir='ltr'><strong>verum</strong></span> <span class='ocrx_word' id='word_1_278' title='bbox 1712 2899 1785 2940; x_wconf 89' lang='lat' dir='ltr'><strong>est</strong></span> <span class='ocrx_word' id='word_1_279' title='bbox 1820 2907 2033 2957; x_wconf 89' lang='lat' dir='ltr'><strong>pronun-</strong></span> 
     </span>
     <span class='ocr_line' id='line_1_32' title="bbox 128 2973 2031 3041; baseline -0.002 -16"><span class='ocrx_word' id='word_1_280' title='bbox 128 2976 339 3026; x_wconf 82' lang='lat' dir='ltr'><strong>tiandum</strong></span> <span class='ocrx_word' id='word_1_281' title='bbox 374 2992 482 3025; x_wconf 90' lang='lat' dir='ltr'><strong>esse</strong></span> <span class='ocrx_word' id='word_1_282' title='bbox 512 2975 651 3025; x_wconf 86' lang='lat' dir='ltr'><strong>dixit.</strong></span> <span class='ocrx_word' id='word_1_283' title='bbox 727 2973 993 3024; x_wconf 87' lang='lat' dir='ltr'><strong>Enimvero</strong></span> <span class='ocrx_word' id='word_1_284' title='bbox 1031 2991 1233 3025; x_wconf 90' lang='lat' dir='ltr'><strong>necesse</strong></span> <span class='ocrx_word' id='word_1_285' title='bbox 1271 2983 1345 3024; x_wconf 91' lang='lat' dir='ltr'><strong>est</strong></span> <span class='ocrx_word' id='word_1_286' title='bbox 1376 2991 1483 3024; x_wconf 91' lang='lat' dir='ltr'><strong>eum</strong></span> <span class='ocrx_word' id='word_1_287' title='bbox 1514 2974 1593 3041; x_wconf 90' lang='lat' dir='ltr'><strong>qui</strong></span> <span class='ocrx_word' id='word_1_288' title='bbox 1623 2974 1679 3023; x_wconf 91' lang='lat' dir='ltr'><strong>de</strong></span> <span class='ocrx_word' id='word_1_289' title='bbox 1712 2973 1914 3023; x_wconf 87' lang='lat' dir='ltr'><strong>veritate</strong></span> <span class='ocrx_word' id='word_1_290' title='bbox 1945 2973 2031 3023; x_wconf 92' lang='lat' dir='ltr'><strong>ho-</strong></span> 
     </span>
     <span class='ocr_line' id='line_1_33' title="bbox 126 3055 2032 3110; baseline -0.002 -1"><span class='ocrx_word' id='word_1_291' title='bbox 126 3058 333 3110; x_wconf 88' lang='lat' dir='ltr'><strong>minibus</strong></span> <span class='ocrx_word' id='word_1_292' title='bbox 378 3059 557 3109; x_wconf 86' lang='lat' dir='ltr'><strong>scribat</strong></span> <span class='ocrx_word' id='word_1_293' title='bbox 600 3067 702 3109; x_wconf 85' lang='lat' dir='ltr'><strong>toto</strong></span> <span class='ocrx_word' id='word_1_294' title='bbox 733 3057 875 3108; x_wconf 91' lang='lat' dir='ltr'><strong>animi</strong></span> <span class='ocrx_word' id='word_1_295' title='bbox 917 3066 1089 3108; x_wconf 88' lang='lat' dir='ltr'><strong>conatu</strong></span> <span class='ocrx_word' id='word_1_296' title='bbox 1117 3059 1165 3108; x_wconf 89' lang='lat' dir='ltr'><strong>in</strong></span> <span class='ocrx_word' id='word_1_297' title='bbox 1193 3059 1239 3108; x_wconf 90' lang='lat' dir='ltr'><strong>id</strong></span> <span class='ocrx_word' id='word_1_298' title='bbox 1273 3076 1417 3108; x_wconf 90' lang='lat' dir='ltr'><strong>uuum</strong></span> <span class='ocrx_word' id='word_1_299' title='bbox 1449 3057 1726 3108; x_wconf 88' lang='lat' dir='ltr'><strong>incumbere</strong></span> <span class='ocrx_word' id='word_1_300' title='bbox 1757 3065 1808 3107; x_wconf 89' lang='lat' dir='ltr'><strong>ut</strong></span> <span class='ocrx_word' id='word_1_301' title='bbox 1833 3057 1906 3107; x_wconf 90' lang='lat' dir='ltr'><strong>dei</strong></span> <span class='ocrx_word' id='word_1_302' title='bbox 1940 3055 2032 3106; x_wconf 89' lang='lat' dir='ltr'><strong>sibi</strong></span> 
     </span>
     <span class='ocr_line' id='line_1_34' title="bbox 128 3142 2031 3211; baseline -0.002 -18"><span class='ocrx_word' id='word_1_303' title='bbox 128 3144 346 3193; x_wconf 86' lang='lat' dir='ltr'><strong>timorem</strong></span> <span class='ocrx_word' id='word_1_304' title='bbox 375 3143 435 3194; x_wconf 92' lang='lat' dir='ltr'><strong>ob</strong></span> <span class='ocrx_word' id='word_1_305' title='bbox 463 3143 627 3193; x_wconf 89' lang='lat' dir='ltr'><strong>oculos</strong></span> <span class='ocrx_word' id='word_1_306' title='bbox 659 3151 919 3211; x_wconf 89' lang='lat' dir='ltr'><strong>proponat,</strong></span> <span class='ocrx_word' id='word_1_307' title='bbox 961 3158 1114 3209; x_wconf 90' lang='lat' dir='ltr'><strong>neque</strong></span> <span class='ocrx_word' id='word_1_308' title='bbox 1141 3142 1310 3192; x_wconf 88' lang='lat' dir='ltr'><strong>falsum</strong></span> <span class='ocrx_word' id='word_1_309' title='bbox 1341 3142 1587 3209; x_wconf 88' lang='lat' dir='ltr'><strong>quicquam</strong></span> <span class='ocrx_word' id='word_1_310' title='bbox 1619 3158 1674 3191; x_wconf 90' lang='lat' dir='ltr'><strong>ac</strong></span> <span class='ocrx_word' id='word_1_311' title='bbox 1703 3149 2031 3191; x_wconf 72' lang='lat' dir='ltr'><strong>temerecon-</strong></span> 
     </span>
     <span class='ocr_line' id='line_1_35' title="bbox 127 3226 1358 3295; baseline -0.002 -16"><span class='ocrx_word' id='word_1_312' title='bbox 127 3229 285 3279; x_wconf 89' lang='lat' dir='ltr'><strong>fictum</strong></span> <span class='ocrx_word' id='word_1_313' title='bbox 324 3228 381 3278; x_wconf 91' lang='lat' dir='ltr'><strong>ad</strong></span> <span class='ocrx_word' id='word_1_314' title='bbox 420 3236 690 3295; x_wconf 90' lang='lat' dir='ltr'><strong>susceptam</strong></span> <span class='ocrx_word' id='word_1_315' title='bbox 731 3226 1041 3294; x_wconf 90' lang='lat' dir='ltr'><strong>scriptionem</strong></span> <span class='ocrx_word' id='word_1_316' title='bbox 1081 3226 1358 3276; x_wconf 90' lang='lat' dir='ltr'><strong>admisceat.</strong></span> 
     </span>
    </p>

    <p class='ocr_par' dir='ltr' id='par_1_4' title="bbox 127 3306 2028 3718">
     <span class='ocr_line' id='line_1_36' title="bbox 266 3306 2027 3379; baseline -0.002 -17"><span class='ocrx_word' id='word_1_317' title='bbox 266 3310 418 3379; x_wconf 81' lang='lat' dir='ltr'><strong>Igitur</strong></span> <span class='ocrx_word' id='word_1_318' title='bbox 446 3310 622 3362; x_wconf 89' lang='lat' dir='ltr'><strong>Vitalis</strong></span> <span class='ocrx_word' id='word_1_319' title='bbox 655 3312 905 3362; x_wconf 86' lang='lat' dir='ltr'><strong>humanam</strong></span> <span class='ocrx_word' id='word_1_320' title='bbox 935 3328 960 3359; x_wconf 90' lang='lat' dir='ltr'><strong>a</strong></span> <span class='ocrx_word' id='word_1_321' title='bbox 991 3306 1187 3360; x_wconf 89' lang='lat' dir='ltr'><strong>Christo</strong></span> <span class='ocrx_word' id='word_1_322' title='bbox 1221 3311 1425 3360; x_wconf 88' lang='lat' dir='ltr'><strong>animam</strong></span> <span class='ocrx_word' id='word_1_323' title='bbox 1467 3317 1735 3377; x_wconf 84' lang='lat' dir='ltr'><strong>susceptam</strong></span> <span class='ocrx_word' id='word_1_324' title='bbox 1768 3325 1876 3359; x_wconf 90' lang='lat' dir='ltr'><strong>esse</strong></span> <span class='ocrx_word' id='word_1_325' title='bbox 1912 3325 2027 3358; x_wconf 91' lang='lat' dir='ltr'><strong>con-</strong></span> 
     </span>
     <span class='ocr_line' id='line_1_37' title="bbox 127 3390 2028 3461; baseline -0.001 -16"><span class='ocrx_word' id='word_1_326' title='bbox 127 3397 285 3446; x_wconf 89' lang='lat' dir='ltr'><strong>fessus</strong></span> <span class='ocrx_word' id='word_1_327' title='bbox 326 3404 417 3445; x_wconf 87' lang='lat' dir='ltr'><strong>est.</strong></span> <span class='ocrx_word' id='word_1_328' title='bbox 497 3393 580 3446; x_wconf 90' lang='lat' dir='ltr'><strong>Sic</strong></span> <span class='ocrx_word' id='word_1_329' title='bbox 610 3396 734 3446; x_wconf 89' lang='lat' dir='ltr'><strong>enim</strong></span> <span class='ocrx_word' id='word_1_330' title='bbox 780 3395 963 3445; x_wconf 89' lang='lat' dir='ltr'><strong>aiebat:</strong></span> <span class='ocrx_word' id='word_1_331' title='bbox 1008 3390 1218 3445; x_wconf 87' lang='lat' dir='ltr'><strong>Omnino</strong></span> <span class='ocrx_word' id='word_1_332' title='bbox 1248 3396 1488 3461; x_wconf 88' lang='lat' dir='ltr'><strong>perfectus</strong></span> <span class='ocrx_word' id='word_1_333' title='bbox 1520 3394 1659 3442; x_wconf 92' lang='lat' dir='ltr'><strong>homo</strong></span> <span class='ocrx_word' id='word_1_334' title='bbox 1688 3390 1912 3443; x_wconf 88' lang='lat' dir='ltr'><strong>Christus</strong></span> <span class='ocrx_word' id='word_1_335' title='bbox 1939 3409 2028 3443; x_wconf 89' lang='lat' dir='ltr'><strong>ex-</strong></span> 
     </span>
     <span class='ocr_line' id='line_1_38' title="bbox 128 3477 2028 3548; baseline -0.001 -20"><span class='ocrx_word' id='word_1_336' title='bbox 128 3479 239 3529; x_wconf 86' lang='lat' dir='ltr'><strong>titit.</strong></span> <span class='ocrx_word' id='word_1_337' title='bbox 316 3477 505 3529; x_wconf 89' lang='lat' dir='ltr'><strong>Deinde</strong></span> <span class='ocrx_word' id='word_1_338' title='bbox 543 3489 790 3548; x_wconf 87' lang='lat' dir='ltr'><strong>postquam</strong></span> <span class='ocrx_word' id='word_1_339' title='bbox 834 3479 890 3528; x_wconf 90' lang='lat' dir='ltr'><strong>de</strong></span> <span class='ocrx_word' id='word_1_340' title='bbox 927 3478 1085 3528; x_wconf 87' lang='lat' dir='ltr'><strong>anima</strong></span> <span class='ocrx_word' id='word_1_341' title='bbox 1131 3486 1178 3526; x_wconf 90' lang='lat' dir='ltr'><strong>et</strong></span> <span class='ocrx_word' id='word_1_342' title='bbox 1217 3495 1362 3527; x_wconf 86' lang='lat' dir='ltr'><strong>carue</strong></span> <span class='ocrx_word' id='word_1_343' title='bbox 1404 3478 1634 3527; x_wconf 80' lang='lat' dir='ltr'><strong>sciscitati</strong></span> <span class='ocrx_word' id='word_1_344' title='bbox 1679 3494 1873 3540; x_wconf 78' lang='lat' dir='ltr'><strong>sumUS,</strong></span> <span class='ocrx_word' id='word_1_345' title='bbox 1928 3485 2028 3527; x_wconf 90' lang='lat' dir='ltr'><strong>tum</strong></span> 
     </span>
     <span class='ocr_line' id='line_1_39' title="bbox 130 3558 2027 3631; baseline -0.001 -18"><span class='ocrx_word' id='word_1_346' title='bbox 130 3564 314 3613; x_wconf 90' lang='lat' dir='ltr'><strong>demum</strong></span> <span class='ocrx_word' id='word_1_347' title='bbox 344 3563 468 3614; x_wconf 90' lang='lat' dir='ltr'><strong>istud</strong></span> <span class='ocrx_word' id='word_1_348' title='bbox 501 3564 559 3614; x_wconf 88' lang='lat' dir='ltr'><strong>ab</strong></span> <span class='ocrx_word' id='word_1_349' title='bbox 593 3581 650 3614; x_wconf 93' lang='lat' dir='ltr'><strong>eo</strong></span> <span class='ocrx_word' id='word_1_350' title='bbox 684 3563 1028 3631; x_wconf 88' lang='lat' dir='ltr'><strong>quaesivimus,</strong></span> <span class='ocrx_word' id='word_1_351' title='bbox 1069 3560 1353 3612; x_wconf 86' lang='lat' dir='ltr'><strong>Mentemne</strong></span> <span class='ocrx_word' id='word_1_352' title='bbox 1385 3558 1610 3611; x_wconf 87' lang='lat' dir='ltr'><strong>Christus</strong></span> <span class='ocrx_word' id='word_1_353' title='bbox 1640 3560 1858 3611; x_wconf 89' lang='lat' dir='ltr'><strong>dominus</strong></span> <span class='ocrx_word' id='word_1_354' title='bbox 1890 3578 2027 3612; x_wconf 87' lang='lat' dir='ltr'><strong>acce-</strong></span> 
     </span>
     <span class='ocr_line' id='line_1_40' title="bbox 129 3644 2026 3718; baseline 0 -22"><span class='ocrx_word' id='word_1_355' title='bbox 129 3647 227 3718; x_wconf 80' lang='lat' dir='ltr'><strong>pit?</strong></span> <span class='ocrx_word' id='word_1_356' title='bbox 301 3644 419 3699; x_wconf 88' lang='lat' dir='ltr'><strong>Sine</strong></span> <span class='ocrx_word' id='word_1_357' title='bbox 447 3648 537 3698; x_wconf 89' lang='lat' dir='ltr'><strong>ulla</strong></span> <span class='ocrx_word' id='word_1_358' title='bbox 565 3648 869 3699; x_wconf 86' lang='lat' dir='ltr'><strong>cunctatione</strong></span> <span class='ocrx_word' id='word_1_359' title='bbox 894 3646 1106 3716; x_wconf 86' lang='lat' dir='ltr'><strong>negavit.</strong></span> <span class='ocrx_word' id='word_1_360' title='bbox 1181 3644 1307 3696; x_wconf 90' lang='lat' dir='ltr'><strong>Tum</strong></span> <span class='ocrx_word' id='word_1_361' title='bbox 1337 3662 1424 3696; x_wconf 92' lang='lat' dir='ltr'><strong>nos</strong></span> <span class='ocrx_word' id='word_1_362' title='bbox 1456 3662 1517 3696; x_wconf 87' lang='lat' dir='ltr'><strong>ex</strong></span> <span class='ocrx_word' id='word_1_363' title='bbox 1549 3646 1775 3710; x_wconf 84' lang='lat' dir='ltr'><strong>advers0,</strong></span> <span class='ocrx_word' id='word_1_364' title='bbox 1819 3644 2026 3715; x_wconf 81' lang='lat' dir='ltr'><strong>Quinam</strong></span> 
     </span>
    </p>
   </div>
   <div class='ocr_carea' id='block_1_4' title="bbox 2092 1122 2255 1220">
    <p class='ocr_par' dir='ltr' id='par_1_5' title="bbox 2092 1122 2255 1220">
     <span class='ocr_line' id='line_1_41' title="bbox 2116 1122 2215 1176; baseline 0.01 -15"><span class='ocrx_word' id='word_1_365' title='bbox 2116 1122 2215 1176; x_wconf 85' lang='lat' dir='ltr'><strong>Cap.</strong></span> 
     </span>
     <span class='ocr_line' id='line_1_42' title="bbox 2092 1178 2255 1220; baseline 0.012 -2"><span class='ocrx_word' id='word_1_366' title='bbox 2092 1178 2255 1220; x_wconf 84' lang='lat' dir='ltr'><strong>XXIII.</strong></span> 
     </span>
    </p>
   </div>
   <div class='ocr_carea' id='block_1_5' title="bbox 2083 3321 2244 3422">
    <p class='ocr_par' dir='ltr' id='par_1_6' title="bbox 2083 3321 2244 3422">
     <span class='ocr_line' id='line_1_43' title="bbox 2117 3321 2215 3376; baseline 0.02 -14"><span class='ocrx_word' id='word_1_367' title='bbox 2117 3321 2215 3376; x_wconf 88' lang='lat' dir='ltr'><strong>Cap.</strong></span> 
     </span>
     <span class='ocr_line' id='line_1_44' title="bbox 2083 3378 2244 3422; baseline 0.006 -3"><span class='ocrx_word' id='word_1_368' title='bbox 2083 3378 2244 3422; x_wconf 83' lang='lat' dir='ltr'><strong>XXIV.</strong></span> 
     </span>
    </p>
   </div>
  </div>
 </body>
</html>
