2508 4134
542 291 768 332 PANARII
795 291 899 333 Lm.
917 293 990 331 111.
1022 292 1154 333 ΤοΜ.
1186 295 1215 333 r.
1247 294 1628 334 HAER.LXX1V.
1940 282 2038 331 159

132 389 241 442 Hoc
284 407 374 458 ego
413 389 567 440 maius
608 388 724 459 nihil
764 388 945 453 habeo,
1005 390 1128 455 quod
1176 390 1349 441 dicam.
1426 389 1581 442 Porro
1621 391 1739 442 deus
1779 399 1854 442 est
1894 390 2037 441 filius,

131 472 259 525 Nam
289 473 535 542 apostolus
552 511 565 535 ,
619 476 698 522 Ea:
722 475 913 538 quibuS,
968 471 1148 539 inquit,
1193 476 1405 523 Christus
1431 479 1678 525 secundum
1710 494 1893 525 carnem
1908 513 1921 535 ,
1964 478 2048 540 qui
2075 485 2184 524 Rom.
2207 489 2239 532 9,
2263 490 2293 522 5.

131 562 226 608 etsi
247 576 391 623 supra
430 563 581 608 omnia
607 561 735 607 deus.
815 560 987 616 Crede,
1043 556 1194 624 inquit
1212 595 1226 619 ,
1278 561 1325 606 in
1350 561 1577 607 dominum
1602 564 1776 620 Iesum,
1818 570 1868 609 et
1890 562 2042 609 salva—
2065 571 2143 605 Act.
2166 574 2219 617 16,
2244 574 2294 609 34.

134 644 272 692 beris.
353 640 501 694 ltem:
541 646 747 692 Locutus
771 650 867 701 est,
925 640 1106 708 inquit,
1160 643 1256 689 illis
1283 658 1534 690 sermonem
1559 647 1755 693 domini.-
1806 648 1875 694 Et
1901 647 2041 693 dedu-
2065 656 2144 690 Act.
2166 658 2220 700 16,
2242 658 2295 693 34.

133 745 241 776 cens
265 746 342 776 eos
369 731 416 776 in
448 730 626 776 domum
661 729 878 791 apposuit
900 728 996 774 illis
1020 742 1219 773 mensam
1236 763 1249 784 ,
1305 734 1355 773 et
1376 727 1575 774 laetatus
1602 737 1674 775 est
1697 746 1797 776 eum
1830 732 2045 778 universa

127 814 312 877 familia
345 820 589 876 postquam
631 813 830 859 credidit
867 813 967 858 deo.
1049 806 1167 860 Sive
1209 808 1319 858 illud
1360 808 1669 860 consideres:
1727 816 1782 861 In
1813 816 2046 879 principio
2069 825 2242 868 loann.1,
2268 826 2300 862 1.

133 905 238 944 erat
261 897 474 954 verbum,
525 903 575 943 et
598 896 783 963 uerbum
810 903 915 942 erat
935 896 1061 958 apud
1091 896 1222 942 deum
1236 931 1250 953 ,
1304 903 1350 941 et
1377 896 1489 942 deus
1515 905 1622 943 erat
1642 897 1843 944 verbum.
1923 895 2042 948 Vel:

141 981 200 1029 Ut
223 982 481 1029 doctrinam
517 982 673 1028 nostri
702 981 952 1027 salvatoris
987 987 1168 1027 ornent.
1249 975 1395 1028 Sive:
1457 982 1701 1043 Apparuit
1731 983 1848 1028 enim
1881 985 2043 1044 gratia
2078 994 2154 1045 Tit..
2177 996 2210 1041 2,
2246 997 2299 1031 10.

134 1066 312 1113 domz'ni
329 1073 375 1112 et
400 1065 650 1112 salvatoris
675 1066 831 1112 nostri
850 1066 957 1111 Iesu
984 1065 1165 1111 Christi
1184 1063 1393 1111 omnibus
1419 1064 1678 1112 bominibus
1702 1067 1916 1113 erudiens
1939 1084 2038 1114 nos.
2090 1037 2184 1072 und.
2210 1039 2262 1072 n‘

135 1146 257 1199 Vel:
298 1151 588 1212 Eoepectante
611 1148 787 1196 beatam
815 1165 938 1211 spem
952 1185 965 1207 ,
1007 1156 1054 1196 et
1079 1150 1320 1195 adventum
1340 1149 1527 1211 gloriae
1550 1151 1714 1211 magni
1731 1151 1810 1196 dei
1825 1157 1871 1196 et
1891 1152 2044 1197 salva-
2069 1165 2145 1198 Act.
2168 1165 2222 1210 20,
2246 1165 2298 1200 28.

135 1236 251 1281 toris
273 1236 429 1282 nostri
447 1236 555 1282 Iesu
579 1234 770 1282 Christi.
848 1228 997 1281 Item:
1038 1235 1138 1280 Hoc
1160 1240 1230 1279 est
1251 1234 1553 1280 ministerium
1577 1235 1789 1296 spiritus,
1831 1242 1881 1281 et
1899 1235 2037 1283 verbi.
2067 1250 2143 1283 Act.
2167 1250 2221 1294 2⁰,
2245 1251 2298 1285 28.

133 1319 404 1376 Attendite,
444 1315 596 1384 inquit
613 1355 626 1379 ‚
667 1317 811 1375 vobis,
853 1325 901 1365 et
931 1319 1143 1365 universo
1167 1319 1327 1380 gregi,
1371 1319 1418 1364 in
1447 1334 1535 1381 quo
1548 1320 1711 1380 posuit
1744 1335 1824 1365 vos
1851 1321 2047 1381 spiritus

133 1411 332 1452 sanctus.
351 1404 610 1466 episcopoS,
652 1419 817 1465 regere
847 1403 1085 1449 ecclesiam
1110 1403 1199 1448 dei.
1278 1397 1489 1450 Perinde
1517 1417 1572 1450 ac
1598 1400 1637 1450 si
1675 1400 1885 1451 diceret:
1929 1405 2046 1450 Gra-
2070 1417 2097 1451 1.
2113 1417 2277 1453 Timoth.

136 1490 226 1535 tias
254 1492 345 1550 ago
372 1486 702 1534 corroboranti
724 1504 794 1534 me
822 1488 1007 1534 Christo
1028 1487 1135 1533 Iesu
1164 1487 1345 1533 domino
1381 1494 1568 1545 nostro,
1625 1487 1749 1550 quod
1776 1504 1846 1534 me
1852 1487 2045 1549 fidelem
2099 1459 2130 1504 1,
2157 1461 2205 1497 12.

134 1572 394 1620 arbitratus
430 1579 524 1629 est,
566 1573 630 1618 ad
663 1573 966 1619 ministerium
1001 1573 1301 1618 constituens.

274 1652 442 1721 ltaque
472 1653 595 1703 filius
627 1663 673 1704 et
702 1653 899 1721 spiritus
931 1662 1127 1704 sanctus
1155 1671 1259 1703 cum
1287 1662 1441 1722 patre,
1482 1653 1551 1704 uti
1582 1653 2040 1718 demonstravimUS‚
2076 1654 2279 1709 Cap.V11.

135 1747 283 1806 agunt
312 1736 647 1788 communiter.
726 1739 872 1786 Verbo
899 1742 1017 1787 enim
1046 1741 1223 1787 domini
1256 1741 1377 1787 coeli
1392 1739 1588 1803 firmati
1611 1749 1749 1802 sunt,
1804 1749 1851 1788 et
1873 1743 2043 1804 spiritu
2055 1750 2190 1787 Psalm.
2201 1753 2254 1797 32,
2267 1754 2299 1790 9.

133 1827 232 1872 oris
261 1826 407 1888 ipsius
440 1826 585 1871 omnis
616 1826 766 1872 virtus
791 1826 906 1871 eius.
988 1820 1198 1890 Spiritus
1236 1839 1356 1873 vero
1397 1832 1594 1873 sanctus
1634 1823 1907 1874 adorandus
1941 1832 2045 1874 est:

138 1910 233 1971 Qui
254 1911 372 1956 enim
399 1910 600 1956 adorant
623 1910 782 1967 deum,
838 1910 1009 1971 spiritu
1046 1910 1247 1956 adorare
1281 1917 1485 1972 oportet,
1544 1917 1591 1957 et
1618 1911 1826 1956 veritate.
1907 1906 2047 1975 Quod
2071 1919 2151 1956 Ioh.
2175 1923 2207 1967 4,
2226 1923 2280 1957 24.

136 1991 178 2041 si
217 1991 398 2041 veritas
439 1991 760 2041 communiter
798 1991 923 2057 agit,
980 1999 1203 2041 creatura
1249 2000 1521 2042 creaturam
1564 1991 1705 2042 aliam
1750 2009 1844 2042 non
1887 1991 2046 2056 efficit,

135 2092 293 2143 neque
317 2075 474 2126 creari
499 2075 726 2126 divinitas
753 2083 939 2143 potest,
995 2091 1149 2143 neque
1178 2084 1312 2137 certo
1353 2077 1494 2126 modo
1521 2093 1576 2126 ac
1605 2075 2051 2144 circumscriptione

136 2159 357 2211 definitus
385 2159 694 2227 cognoscitur
714 2159 849 2210 deus.
930 2156 1279 2210 Circumscribi
1307 2159 1433 2210 enim
1461 2178 1555 2211 non
1587 2169 1774 2229 potest,
1816 2168 1897 2210 aut
1925 2161 2048 2229 capi,

137 2252 216 2294 aut
259 2243 576 2311 intelligentia
619 2244 989 2312 comprehendi,
1050 2261 1157 2294 cum
1206 2244 1434 2295 universa
1479 2245 1553 2294 dei
1595 2262 1742 2313 opera
1785 2245 2049 2295 contineat.

138 2325 237 2379 Sed
264 2344 419 2395 neque
447 2336 697 2379 creaturae
724 2328 1060 2379 serviendum:
1103 2332 1402 2389 Servierunt‚
1457 2329 1636 2397 inquit,
1690 2339 1938 2380 creaturae
1960 2349 2047 2395 po·
2064 2341 2171 2381 Rom.
2195 2347 2228 2389 1,
2250 2348 2305 2384 25.

139 2415 232 2460 tius
260 2429 395 2477 quam
422 2417 650 2473 creatori,
708 2423 756 2462 et
780 2415 912 2479 fatui
937 2416 1114 2462 redditi
1141 2423 1267 2462 sunt.
1345 2412 1526 2464 Nonne
1559 2413 1784 2465 stolidum
1811 2423 1886 2465 est
1917 2432 2054 2465 crea-

138 2504 275 2546 turae
302 2494 596 2546 divinitatem
624 2496 835 2548 tribuere
854 2537 867 2562 ‚
920 2516 975 2549 ac
1006 2497 1155 2566 patris
1183 2498 1273 2548 hoc
1305 2498 1488 2549 violare
1526 2508 1864 2567 praeceptum:
1918 2503 2055 2549 Audi
2074 2501 2281 2580 Dggg-lgd-

138 2583 316 2640 Israe’l,
356 2583 580 2629 Dominus
606 2583 718 2630 deus
745 2591 851 2631 tuus
876 2601 995 2632 unus
1024 2593 1119 2632 est:
1158 2585 1266 2632 Non
1293 2587 1386 2632 erit
1409 2587 1456 2632 in
1484 2593 1527 2632 te
1550 2587 1662 2632 deus
1683 2589 1878 2633 recens?
1951 2581 2046 2636 Ce-
2109 2588 2164 2632 8⁰,
2189 2571 2239 2622 1⁰:

143 2673 296 2715 terum
335 2664 542 2715 diversis
571 2663 619 2714 in
651 2664 889 2733 scriptura
918 2666 1191 2717 nominibus
1227 2676 1365 2735 pater
1393 2675 1440 2717 et
1470 2667 1592 2718 filius
1630 2676 1678 2719 et
1707 2668 1902 2736 spiritus
1941 2686 2052 2719 san-

142 2757 248 2799 ctus
276 2748 497 2817 insigniri
524 2749 708 2813 solent3
753 2757 915 2817 utputa
945 2759 1106 2818 pater,
1147 2755 1288 2801 Pater
1316 2756 1624 2817 omnipotens,
1664 2756 1806 2801 Pater
1831 2757 2046 2813 omnium,

140 2835 282 2882 Pater
312 2835 494 2882 Clzristi
516 2842 741 2895 vocatur,
783 2834 1001 2884 dominus
1027 2852 1166 2898 vero,
1212 2838 1424 2897 Verbum,
1470 2840 1701 2897 ChristuS,
1731 2840 1900 2902 Filius,
1941 2842 2051 2886 Lux

142 2935 278 2976 vera,
321 2917 518 2985 spiritus
543 2926 739 2968 sanctus
770 2917 1001 2986 denique,
1041 2922 1337 2981 Paracletus,
1381 2924 1588 2986 Spiritus
1618 2925 1856 2981 veritatis,
1898 2924 2051 2985 Spiri-

146 3010 220 3050 tus
243 3005 342 3061 dei,
398 3005 607 3066 Spiritus
635 3005 826 3051 Christi.
907 2998 1182 3067 Quinetiam
1215 3006 1332 3055 deus
1358 3005 1438 3056 ille
1465 3005 1589 3055 idem
1621 3023 1678 3056 ac
1706 3015 1842 3073 pater
1869 3004 1954 3055 lux
1976 3004 2050 3055 in-

145 3085 397 3152 telligitur,
439 3095 486 3136 et
517 3086 704 3154 quidem
733 3085 999 3136 admirabili
1031 3086 1286 3154 splendore
1314 3090 1589 3154 collucens,
1631 3106 1720 3139 nec
1746 3106 1840 3139 non
1866 3096 1915 3138 et
1945 3091 2049 3137 Vir-

146 3179 245 3230 tus,
306 3178 354 3220 et
382 3173 638 3235 Sapientia.
719 3170 879 3238 Atque
921 3171 986 3220 uti
1014 3171 1101 3220 lux
1131 3181 1206 3222 est
1235 3173 1352 3224 deus
1380 3182 1429 3224 et
1458 3183 1621 3242 pater,
1675 3173 1740 3222 ita
1770 3173 1852 3222 lux
1887 3181 1962 3223 est
1991 3173 2048 3223 de

144 3253 272 3305 luce.
347 3253 487 3306 Unde
525 3264 573 3306 et
601 3259 745 3305 lucem
783 3256 1013 3304 inhabitat
1051 3258 1347 3306 inaccessam.
1422 3256 1581 3308 Porro
1615 3257 1768 3308 virtus
1807 3264 1882 3307 est
1919 3264 2047 3309 totus
2062 3268 2305 3319 1.Tim.c,26.

200 3351 239 3391 2.
273 3348 408 3395 αὐτῶν
429 3355 568 3394 Ancor.
1194 3353 1256 3394 10.
1288 3352 1395 3397 ἔστιν
1436 3357 1545 3396 codd.
1582 3366 1672 3394 mss.
1706 3359 1882 3405 uterque,
1926 3360 1960 3396 et
1988 3359 2046 3397 ed.

200 3406 238 3448 3.
269 3405 317 3451 τὸ
345 3421 419 3449 om.
451 3412 588 3450 Ancor.
1122 3411 1245 3459 princ.
1317 3410 1433 3453 ἔσται
1471 3413 1591 3451 edidit
1620 3413 1805 3452 Petavius
1833 3422 1881 3450 ex
1900 3414 2042 3454 Aucor.

201 3459 243 3503 4.
275 3463 316 3506 ἐν
345 3463 547 3518 πνεύματι
565 3468 702 3507 Ancor.
1186 3467 1248 3505 11.
1279 3463 1459 3520 διάφορα
1485 3463 1673 3520 ὀνόματα
1695 3468 1830 3507 Ancor.

203 3518 242 3558 5.
269 3520 426 3571 ταῦτα,
457 3520 590 3570 κτίσις
608 3524 747 3564 Ancor.
1184 3521 1245 3561 12.
1276 3522 1364 3563 υἱοῦ
1385 3528 1526 3564 Ancor.

202 3571 244 3615 6.
275 3573 305 3629 ἢ
334 3589 408 3617 om.
429 3579 566 3619 Ancor.
1182 3576 1243 3618 13.
1274 3575 1364 3625 υἱὸς
1392 3591 1465 3618 om.
1483 3580 1624 3619 Ancor.

203 3631 243 3673 7.
291 3631 490 3688 περιέχων
533 3631 584 3676 τὰ
627 3631 843 3687 ποιήματα
874 3630 899 3675 ἆ
941 3630 1064 3679 θεός.
1182 3629 1244 3672 14.
1290 3632 1350 3675 ἔτι
1383 3637 1502 3673 voluit
1540 3637 1736 3676 Pelavitts.
1810 3633 1833 3678 0‘
1864 3634 1964 3685 5363
2005 3640 2047 3678 ἱπ

150 3685 246 3730 οὐδὲ
274 3686 474 3743 λατρευτῆ
500 3689 635 3737 κτίσις
654 3692 792 3731 Ancor.
1122 3699 1220 3739 seqq.
1249 3690 1360 3729 habet
1377 3692 1517 3730 Ancor.

204 3747 242 3787 8.
271 3742 438 3798 πρώτην
466 3743 542 3800 τὴν
564 3748 701 3787 Ancor.
1124 3765 1126 3768 ·
1184 3746 1245 3786 15.
1275 3745 1369 3798 φῶς
1397 3740 1479 3799 ἄρα
1508 3744 1556 3788 ἐκ
1574 3749 1713 3789 Ancor.

205 3801 244 3843 9.
275 3814 347 3842 σου
376 3799 516 3855 κύριος
545 3799 606 3848 εἷς
624 3805 763 3844 Amor.
1183 3801 1244 3842 16.
1277 3801 1399 3844 οἰκῶν
1429 3803 1523 3858 φῶς
1541 3806 1682 3845 Ancor.
