2508 4134
645 277 785 320 'roMl
810 276 1021 318 Pmoffls
1050 276 1186 317 PARS
1215 275 1529 317 POSTEmoR.
1931 263 2032 314 659

145 371 309 421 ἀδικίαν
346 375 534 432 χρῆσθαι
568 375 714 417 absunt
748 389 772 416 a
797 375 898 415 Ven.
928 397 981 406 —-
1039 368 1297 416 1.13.“’Ένα
1330 370 1409 428 γάρ
1449 371 1520 416 διὰ
1560 370 1636 427 την
1676 372 1776 413 ven.
1809 395 1859 402 —
1917 370 1944 411 l.
1970 372 2033 413 15.

146 445 315 499 Con-ige
339 450 538 501 συνεργεῖ.
569 469 623 478 -
677 444 705 486 1.
728 443 790 486 16.
820 440 980 498 δεσμὸς
1004 440 1084 497 γὰρ
1111 442 1184 486 καὶ
1207 444 1308 483 Ven.
1339 467 1394 474 --
1449 442 1478 483 l.
1501 441 1564 485 17.
1594 443 1745 491 πᾶσαι,
1776 447 1874 497 post
1897 440 2035 483 τοιαῦ-

141 530 235 566 ται,
278 515 394 558 abest
414 530 437 556 a
463 517 564 557 Ven.
619 514 735 556 Idem
758 513 863 556 liber
887 512 1011 567 paulo
1038 521 1134 566 post
1170 510 1410 566 ἐφεκτικαὶ,
1453 520 1499 552 ut
1521 511 1672 552 editum
1702 519 1775 552 est.
1805 533 1861 543 -·
1916 510 1944 550 1.
1972 508 2034 551 19.

142 584 246 641 γὰρ,
290 593 384 626 ante
421 579 563 639 ιὅπως,
605 598 684 627 om.
725 585 827 626 Ven.
859 607 912 614 -
969 581 1073 624 Ibid.
1118 577 1315 637 ἀδικησει
1343 584 1432 622 Bas.
1465 605 1514 613 —
1575 581 1676 624 Ibid.
1708 579 1903 636 συνεργὸς
1933 574 2034 622 αὐτὸ

129 656 245 714 ’πρὸς
267 658 395 707 Ven.,
425 655 586 697 vitiose.
610 677 662 686 --
717 653 745 695 l.
766 653 830 694 20.
861 650 931 696 διὰ
954 650 1024 695 τὸν
1053 649 1206 706 δεσμὸν
1235 654 1338 692 Ven.
1368 675 1422 684 -
1479 652 1591 693 l.21.
1616 650 1749 707 ταύτῃ
1775 652 1829 707 τῇ
1852 646 2039 694 πεδώσει

145 727 240 783 (εἰσ)
266 724 363 775 τούς
403 722 586 780 φαυλούς
622 720 793 767 κωλύς’-Γ
819 723 917 778 (sic)
942 723 1046 763 Ven.
1079 746 1131 752 —
1188 722 1217 762 l.
1235 722 1301 764 25.
1343 718 1611 775 ἀπεστάτησε
1647 722 1744 764 θεοῦ
1779 721 1872 775 (τοῦ
1901 719 2037 768 abest)

141 799 244 840 Ven.
272 820 328 829 --
384 795 410 835 l.
432 795 470 838 7.
502 795 554 835 ab
574 794 649 835 inf.
689 792 824 836 Verba
867 792 939 836 καὶ
963 790 1010 835 τὸ
1039 789 1238 845 πονηρὸν,
1281 790 1444 842 ἕκλεξαι
1477 790 1524 834 τὸ
1551 788 1710 846 ἀγαὲτόν
1739 806 1819 833 om.
1848 793 1951 832 Ven.
1983 810 2037 820 —-

141 865 170 911 l.
191 865 230 909 6.
257 866 309 907 ab
334 865 410 906 inf.
440 861 556 921 αὐτῷ
576 896 586 915 ,
616 872 712 904 ante
740 859 1023 914 ἐξουσιάζοντι,
1055 874 1136 902 om.
1160 863 1264 903 ven.
1291 884 1347 891 --
1402 861 1430 901 l.
1445 862 1483 904 5.
1507 862 1557 902 ab
1579 861 1654 903 inf.
1684 860 1833 916 έρρέῇη
1850 864 1954 903 Ven.
1986 881 2037 890 —

142 934 171 978 1.
202 936 358 991 penult.
389 932 412 978 ό
441 933 541 978 ποτὲ
569 931 627 989 μή
657 932 860 978 δύνασθαι
892 928 1123 987 ἀπεδείχθη
1152 930 1291 981 ‘roffi-03
1323 931 1423 971 Ven.

252 1007 384 1063 Peg.
410 1002 536 1049 274.
591 1004 617 1045 l.
638 1003 677 1046 6.
722 997 774 1057 ἦν
799 998 1153 1058 ἀπολαμβάνωμεν
1190 1002 1294 1041 Ven.
1327 1024 1376 1032 -—
1435 1000 1463 1042 l.
1484 1001 1524 1044 8.
1557 1000 1618 1050 εἰς
1643 1000 1777 1045 πειὸὠ
1803 1004 1904 1044 Ven.
1931 1017 2039 1058 quo-

143 1091 222 1132 que
247 1076 384 1117 habet.
414 1098 467 1106 —-
523 1076 571 1114 In
596 1073 736 1114 adnot.
763 1072 817 1113 ad
844 1072 966 1114 verba
994 1069 1074 1127 χρὴ
1104 1067 1332 1120 δεικνύναι,
1365 1085 1467 1125 quae
1492 1080 1727 1127 sequuntur,
1759 1073 1916 1128 corrige
1945 1074 2039 1115 vul—

144 1145 233 1187 neri
271 1145 318 1200 (l.
344 1144 402 1200 1.)
435 1151 477 1185 et
505 1143 550 1198 (l.
577 1141 637 1198 4.)
667 1157 777 1198 pone
809 1150 1005 1198 punctum
1039 1148 1135 1196 post
1165 1140 1289 1181 verba
1319 1144 1464 1191 aliquot
1493 1144 1609 1193 soliis.
1640 1166 1693 1173 —
1750 1143 1779 1182 l.
1799 1142 1837 1185 9.
1868 1142 2040 1198 ἐναργέ-

145 1230 283 1270 στερον
320 1217 416 1270 (pro
451 1213 758 1268 ἐνεργέστερον,
802 1211 912 1267 quod
947 1211 991 1251 in
1028 1219 1166 1252 annot.
1205 1210 1400 1266 indicavi)
1439 1203 1489 1254 οὗ
1511 1208 1719 1263 ἀνέξονται
1742 1228 1791 1253 ex
1816 1214 1907 1254 cod.
1935 1216 2039 1255 Ven.

143 1284 357 1328 annotavit
384 1284 463 1326 alia
493 1298 649 1325 manus.
682 1306 733 1314 —
789 1283 817 1324 l.
838 1282 901 1324 11.
944 1278 1250 1336 Ἀποδείξωμεν
1288 1282 1389 1322 Ven.
1421 1283 1511 1323 Bas.
1544 1307 1597 1313 —
1653 1283 1681 1323 1.
1702 1281 1764 1324 14.
1810 1283 1883 1326 καὶ
1909 1286 2042 1327 ταῦτα

142 1355 380 1411 προςφέρειν
407 1355 504 1410 (sic)
528 1354 607 1395 alia
635 1367 776 1394 manus
802 1351 1004 1407 excerpsit
1029 1366 1079 1392 ex
1106 1353 1277 1392 Veneto.
1309 1375 1361 1383 —
1419 1351 1446 1391 l.
1463 1351 1501 1394 6.
1525 1352 1575 1392 ab
1600 1352 1675 1393 inf.
1707 1351 1873 1410 ἑκάστῳ
1899 1352 1947 1398 δὲ
1969 1350 2042 1397 αὖ·

142 1427 226 1469 τῶν
250 1427 351 1466 ven.
366 1456 379 1477 ,
410 1424 520 1480 quod
546 1424 626 1465 alia
651 1437 792 1464 manus
819 1437 868 1463 ex
895 1436 944 1463 eo
971 1421 1077 1463 libro
1104 1421 1331 1462 annotavit.
1360 1446 1413 1452 -—
1470 1422 1497 1462 1.
1519 1423 1556 1464 5.
1585 1423 1635 1463 ab
1658 1423 1734 1464 inf.
1764 1423 1917 1473 τελέως
1938 1426 2041 1466 Ven.

255 1496 386 1553 Pag,
407 1496 531 1539 2⁸76.
585 1493 614 1534 l.
635 1493 675 1536 3.
716 1489 984 1540 Ἀὃανασίαις
1020 1489 1098 1546 γὰρ
1130 1487 1319 1535 ἀθάνατα
1343 1489 1396 1535 τά
1421 1486 1610 1535 ἀθάνατα
1645 1492 1827 1548 γίγνεται
1855 1495 1958 1536 Ven.
1990 1518 2042 1525 -

142 1565 173 1607 1.
194 1563 233 1607 4.
265 1562 376 1608 κακὰ
404 1563 534 1620 κακίᾳ
559 1560 696 1617 κακοὶ,
739 1562 812 1605 καὶ
834 1560 887 1605 τοὶ
913 1556 1042 1606 ἄδικα
1078 1557 1222 1618 ἀδικίᾳ
1261 1556 1400 1605 ἄδικα.
1457 1558 1524 1605 Οιῖ
1551 1559 1630 1617 γὰρ
1658 1568 1744 1605 κτλ.
1769 1566 1871 1604 ven.
1929 1563 2044 1603 Idem

143 1637 173 1678 1.
190 1638 228 1678 5.
259 1632 524 1689 δικαιοσύνης
550 1632 664 1688 ἔργον
689 1630 735 1676 τὸ
763 1627 930 1683 ἄδικον,
960 1628 1064 1675 ἀλλὰ
1088 1633 1191 1672 Ven.
1221 1655 1274 1662 -
1331 1631 1357 1671 l.
1383 1630 1422 1673 6.
1454 1630 1501 1675 τὸ
1533 1632 1689 1676 δίκαιον
1711 1631 1903 1688 προάγειν
1931 1632 2045 1688 ἔργον

144 1708 250 1750 Ven.
279 1729 334 1737 —
389 1704 417 1745 1.
433 1704 473 1748 7.
508 1700 606 1748 οὐδὲ
628 1703 791 1758 φθορᾶς
812 1700 859 1745 τὸ
884 1699 1153 1756 ἀδανατίζον,
1195 1698 1300 1744 ἀλλά
1328 1694 1361 1754 ἦ
1390 1701 1503 1757 (σοᾶ.
1534 1696 1623 1757 ἣῗ)
1654 1701 1733 1746 οἷον
1757 1697 1805 1746 ἂν
1830 1694 1882 1757 ἦν
1908 1700 1955 1746 τὸ
1985 1718 2044 1754 π.,

145 1792 183 1820 κ.
211 1790 249 1819 τ.
279 1772 370 1819 αὐτ.
412 1769 545 1822 οὕτως
572 1775 607 1816 λ.
637 1773 814 1816 τοιοῦτον
841 1772 912 1815 καὶ
937 1770 983 1815 τὸ
1010 1769 1170 1826 ποιούμ.
1199 1773 1301 1814 Ven.
1332 1796 1386 1803 —
1443 1773 1470 1812 1.
1493 1772 1555 1813 10.
1598 1769 1881 1827 αὕτούργησεν
1921 1769 2047 1821 αὔτός

145 1848 248 1888 Ven.
306 1845 408 1886 Ibid.
437 1851 533 1885 ante
566 1840 682 1894 ζώων
715 1857 872 1897 repone
894 1842 1108 1882 articulum
1135 1842 1240 1895 τῶν,
1285 1849 1326 1882 et
1352 1841 1510 1895 corrige
1541 1837 1632 1896 ἀέρι
1658 1857 1733 1897 pro
1759 1837 1863 1898 ἅερι.
1888 1867 1944 1876 —-
1999 1846 2046 1884 In

143 1930 270 1971 marg.
301 1914 393 1956 cod.
424 1917 526 1956 Ven.
553 1921 794 1955 annotatum
821 1912 971 1966 legitur
1000 1909 1047 1955 τὸ
1076 1908 1278 1955 ἀθάνατον
1302 1911 1413 1966 λέγει
1438 1910 1684 1969 δημιούρρςζ
1715 1910 1810 1956 θεὸν
1839 1911 1909 1956 τὸν
1939 1908 2047 1968 ἀλη-

145 1984 267 2029 θινὸν.
303 2009 354 2016 -
412 1985 438 2025 l.
457 1985 520 2026 12.
550 1975 633 2037 ἀρα
656 1979 680 2028 ό
710 1977 826 2037 ἅνῇρ.
853 1984 954 2023 Ven.
986 2006 1040 2013 -
1096 1982 1123 2023 l.
1146 1983 1210 2026 17.
1239 1982 1401 2037 <p30pdc
1426 1996 1472 2024 τε
1494 1979 1663 2036 ἁπάσης
1687 1984 1791 2023 Ven.
1821 2006 1874 2015 -
1932 1984 1959 2024 l.
1981 1982 2044 2026 19.

143 2051 246 2098 Ἐπὶ
274 2052 347 2109 μὲν
375 2051 454 2109 γὰρ
471 2055 563 2097 ’τῶν
587 2054 690 2095 Ven.
721 2078 771 2084 —
831 2049 944 2093 1.24.
977 2049 1129 2106 οὐκέτι,
1160 2060 1256 2107 post
1278 2049 1309 2105 η“
1328 2052 1400 2106 γῆ,
1431 2052 1546 2092 abest
1572 2067 1595 2093 a
1621 2055 1722 2093 Ven.
1782 2053 1896 2094 Idem
1926 2054 1955 2094 l.
1979 2054 2046 2096 25.

146 2122 525 2181 γενηδηὲήσωσαν.
546 2146 601 2154 -·
656 2123 684 2163 1.
702 2122 766 2165 26.
801 2121 955 2179 ἰχὲύων
980 2123 1059 2177 τῆς
1084 2121 1303 2176 θαλάσσης
1326 2124 1430 2162 Ven.
1461 2146 1514 2153 -
1570 2122 1597 2163 1.
1617 2123 1658 2165 8.
1683 2123 1734 2163 ab
1761 2123 1834 2163 inf.
1866 2119 1951 2180 ὅλῳ
1976 2122 2049 2166 καὶ

145 2195 268 2240 πάντ-ι
288 2195 369 2238 τῶν
390 2189 524 2237 ἄλλων
552 2196 748 2248 διαφορεῖ
764 2192 836 2235 καὶ
863 2195 966 2235 Ven.
989 2217 1044 2224 —-
1100 2193 1127 2233 l.
1145 2195 1184 2235 5.
1211 2193 1262 2233 ab
1284 2192 1360 2232 inf.
1394 2192 1564 2247 Repone
1590 2190 1854 2248 διαλάβωμεν
1877 2208 1927 2234 ex
1943 2195 2047 2235 Ven.

147 2289 203 2297 —
230 2265 259 2308 1.
277 2262 318 2306 4.
345 2264 396 2305 ab
421 2263 497 2306 inf.
527 2261 810 2320 ἐμψυχῶσῇαι
833 2263 994 2304 videtur
1018 2277 1107 2304 esse
1135 2262 1258 2304 etiam
1285 2262 1327 2303 in
1355 2264 1457 2304 Ven.
1492 2286 1542 2293 -
1599 2263 1627 2303 l.
1649 2264 1805 2318 penult.
1835 2262 1997 2319 ἐγένετο
2027 2261 2049 2306 ὅ

149 2329 364 2390 ἅνθρωπος
391 2336 493 2375 Ven.
1375 2365 1377 2368 ,
1694 2372 1696 2374 .

266 2404 541 2463 Ρας.278.
595 2404 622 2445 l.
639 2404 679 2446 2.
708 2400 880 2460 φύσεως
907 2404 988 2448 δίδ.
1019 2403 1090 2447 καὶ
1116 2403 1297 2458 μορφαὶ,
1339 2401 1441 2458 πρὸς
1467 2398 1495 2447 ἃ
1524 2401 1555 2458 η
1583 2418 1692 2458 στερ.
1722 2406 1825 2446 Ven.
1854 2428 1908 2435 --
1963 2404 1992 2445 l.
2010 2403 2047 2447 3.

149 2476 248 2525 τοῦ,
278 2483 374 2516 ante
402 2475 525 2524 θεοῦ,
556 2489 635 2516 om.
663 2476 764 2515 Ven.
822 2475 936 2515 Idem
966 2475 1115 2515 deinde
1142 2473 1277 2529 pergit
1301 2472 1509 2528 ἐγέννησε,
1537 2475 1599 2531 τῷ
1629 2472 1677 2518 δὲ
1700 2471 1746 2518 τὸ
1777 2472 1970 2523 ἓτεοειδὲς.
1996 2498 2051 2506 -

151 2545 179 2587 1.
197 2546 238 2590 7.
282 2541 523 2600 ἀγάλματος
556 2545 636 2600 τῆς
673 2545 900 2599 διαμονῆς,
944 2545 1010 2589 ἵνα
1049 2542 1108 2599 μη
1141 2540 1347 2592 εὐάλωτος
1375 2535 1409 2600 ’ᾖ
1436 2546 1540 2585 ven.
1571 2569 1621 2575 —-
1679 2545 1793 2587 1.1o.
1824 2546 2048 2598 περικαλλῆ

151 2610 185 2670 ἦ
216 2614 539 2671 μεγαλοπρεπῶς
562 2616 665 2656 Ven.
695 2638 747 2645 —
805 2615 919 2655 Idem
944 2615 1067 2670 paulo
1090 2622 1187 2669 post
1215 2628 1291 2669 pro
1322 2614 1461 2669 σφίσιν
1489 2615 1650 2670 (σφῖσιν
1677 2615 1787 2671 Bas.)
1816 2611 1955 2664 αὐτοῖς
1978 2615 2052 2655 ha—

152 2686 225 2727 bet
256 2685 408 2741 ἔφεσιν.
441 2709 495 2716 -
550 2684 576 2725 1.
601 2685 662 2726 12.
695 2684 756 2733 εἰς
782 2682 852 2728 τὸν
878 2681 1034 2738 μακρὸν
1061 2684 1191 2727 αἰῶνα
1216 2683 1358 2740 χρόνον
1383 2686 1486 2726 Ven.
1517 2709 1571 2717 —
1628 2685 1653 2725 1.
1676 2682 1740 2727 14.
1771 2685 1939 2739 Corrige
1966 2684 2052 2727 ἐλέ-

154 2770 318 2812 φαντος.
350 2780 401 2787 —-
459 2755 487 2796 l.
506 2754 547 2797 6.
587 2755 728 2809 Scribe
765 2769 814 2795 ex
842 2755 1003 2795 Veneto
1040 2752 1244 2798 oissotvooeov
1287 2754 1345 2803 εἰς
1382 2753 1554 2810 δύναμιν
1591 2754 1815 2810 φυλάσσων
1854 2752 1970 2798 αὐτὸ.
1998 2777 2053 2786 --

152 2826 270 2870 1.17.
316 2827 486 2880 Repone
526 2825 564 2868 οἱ
600 2823 843 2879 δημιουργοὶ
880 2824 1092 2879 (articulus
1132 2825 1386 2865 desideratur
1424 2826 1545 2866 etiam
1573 2826 1615 2865 in
1647 2825 1710 2867 ed.
1737 2827 1876 2866 Petav.
1911 2825 2052 2866 Colon.

152 2898 335 2951 repet.),
366 2893 465 2944 Sed-5
494 2895 597 2949 (sine
624 2892 668 2949 ό)
692 2896 795 2935 Ven.
825 2918 874 2925 -
937 2895 964 2935 l.
986 2895 1054 2938 23.
1097 2892 1160 2938 διὸ
1191 2894 1263 2937 καὶ
1288 2892 1311 2938 ὁ
1337 2894 1497 2949 κόσμος
1518 2897 1622 2937 Ven.
1682 2895 1805 2946 Quod
1830 2895 2055 2936 restituen-

155 2966 252 3007 dum
279 2975 353 3007 est.
382 2989 431 2997 —
492 2965 520 3006 l.
537 2964 604 3007 28.
646 2964 814 3018 Corrige
857 2969 1117 3019 μεταπῖπτον.
1146 2989 1200 2996 -
1257 2967 1289 3006 I.
1307 2966 1347 3008 7.
1375 2966 1426 3006 ab
1451 2966 1528 3006 inf.
1569 2963 1723 3020 φθόνος
1760 2979 1843 3006 non
1870 2966 2056 3020 agnoscit

154 3038 259 3079 Ven.
292 3061 342 3067 —
399 3035 427 3076 l.
449 3035 487 3075 5.
516 3035 567 3076 ab
590 3035 666 3076 inf.
715 3034 802 3077 Καὶ
827 3033 927 3084 θεὸς
953 3034 1123 3089 (omisso
1152 3033 1254 3089 γὰρ)
1282 3037 1386 3075 Ven.
1420 3058 1485 3082 -‚
1525 3036 1552 3075 l.
1571 3033 1610 3077 4.
1638 3035 1687 3076 ab
1714 3035 1788 3075 inf.
1835 3034 1903 3078 ἐπὶ
1935 3032 2054 3079 ἀπω-

157 3106 247 3165 λείᾳ
277 3108 379 3149 ven.
438 3105 554 3146 Idem
580 3104 606 3145 1.
635 3103 673 3147 3.
704 3105 757 3146 ab
785 3105 861 3147 inf.
909 3104 1036 3160 σοφία
1064 3103 1134 3148 διὰ
1163 3105 1436 3159 Σολομῶντος
1464 3110 1674 3160 μαρτυρεῖ.
1731 3102 1876 3149 Πόθεν
1907 3107 2054 3161 (omis-

156 3191 203 3218 so
232 3175 340 3231 καὶ).

271 3249 403 3305 Pag.
423 3247 549 3293 280.
603 3245 633 3286 l.
654 3245 690 3287 1.
734 3243 913 3299 λέξομεν.
970 3241 1114 3287 Πόθεν
1150 3236 1219 3287 οὖν
1246 3242 1269 3288 ό
1297 3243 1450 3299 φθόνος
1473 3247 1577 3285 Ven.
1609 3270 1662 3277 --
1718 3245 1745 3286 1.
1765 3245 1803 3288 3.
1835 3244 1995 3301 ἐγένετο
2022 3245 2059 3289 εἰ

165 3315 272 3361 ἔστιν
301 3318 429 3366 αἴτιος
455 3317 623 3372 (desunt
648 3315 772 3369 igitur
807 3315 931 3355 verba
959 3313 1142 3369 ἐγένετο,
1185 3313 1258 3357 καὶ
1286 3311 1308 3357 ό
1339 3311 1520 3369 ποιήσας
1557 3311 1698 3368 αὐτὸν)
1726 3317 1828 3356 Ven.
1860 3341 1915 3348 —
1971 3317 1999 3358 l.
2017 3315 2057 3359 4.

160 3384 344 3436 ἀναίτιος
385 3389 617 3442 (operarum
647 3384 905 3439 neglegentia
943 3384 1106 3438 spiritus
1134 3384 1304 3438 excidit)
1342 3381 1576 3427 παντάπασι
1602 3385 1741 3427 κακῶν
1766 3386 1890 3429 πᾶσιν
1913 3385 1938 3430 0=
1960 3385 2060 3437 Sede

161 3457 273 3510 (sine
301 3456 430 3512 ἐστιν)
467 3459 568 3498 Ven.
601 3478 657 3487 -—-
711 3456 740 3495 l.
761 3455 799 3497 6.
831 3452 1024 3510 ὑπάρχειν
1062 3457 1132 3497 δεῖ
1156 3456 1257 3495 Ven.
1315 3453 1428 3494 Idem
1458 3454 1484 3495 l.
1505 3455 1541 3497 7.
1588 3454 1698 3495 delet
1733 3457 1920 3497 voculam
1962 3452 2058 3513 ἄρα,

165 3535 262 3568 ante
291 3524 534 3571 ἀλλοιοῦται.
565 3551 616 3557 -
672 3526 701 3566 l.
720 3524 760 3568 9.
805 3522 1081 3580 δημιουργὸς,
1128 3523 1235 3567 ἔστιν
1271 3518 1353 3577 ἄρα
1385 3538 1447 3572 τις
1484 3523 1735 3580 δημιουργὸς
1768 3526 1840 3569 τοῦ
1866 3527 2060 3583 διαβόλου

162 3597 270 3638 bene
301 3605 422 3652 auget
446 3599 549 3639 Ven.
585 3620 636 3628 —
692 3596 718 3635 l.
743 3595 806 3637 11.
848 3592 895 3638 τό
933 3591 1127 3649 ἀγένητον
1162 3592 1206 3637 ἓν
1236 3591 1337 3637 εἶναι
1370 3596 1474 3636 Ven.
1532 3594 1644 3634 Idem
1672 3595 1700 3636 1.
1726 3596 1788 3638 12.
1836 3596 1884 3640 ἐκ
1911 3597 2062 3648 παντὸς

163 3665 210 3710 τό
240 3666 431 3720 παράπαν
465 3667 568 3722 (sine
596 3666 700 3718 εἰς),
731 3674 773 3705 et
798 3665 825 3705 l.
853 3664 913 3706 13.
944 3662 1197 3718 δημιουργὸς
1225 3659 1394 3727 δύναται
1417 3661 1523 3716 πλην
1550 3660 1688 3707 αὐτοῦ.
1746 3661 1889 3721 Ἐγώ,
1920 3668 2061 3723 φησὶν,

166 3738 342 3790 πρῶτος.
398 3737 507 3777 Hinc
537 3736 684 3778 certius
710 3735 873 3776 videtur
900 3735 1113 3775 restituere
1142 3730 1238 3777 ου’δὲ
1261 3733 1338 3788 γὰρ
1368 3731 1469 3776 εἶναι
1493 3731 1538 3777 τὸ
1570 3730 1731 3779 συνόλον
1758 3759 1783 3766 -
1807 3760 1832 3768 -
1860 3741 2062 3792 δημιουρ-

166 3804 244 3861 γός
269 3805 440 3850 δύναται
465 3804 571 3860 πλὴν
599 3803 738 3849 αὐτοῦ.
766 3829 820 3838 -
877 3805 904 3846 1.
926 3802 988 3846 14.
1018 3799 1139 3853 ἄλλος
1162 3802 1259 3853 θεὸς
1283 3801 1358 3847 οὐκ
1385 3803 1515 3857 ἔστιν,
1558 3800 1654 3849 οὐδὲ
1680 3805 2065 3859 μετασκευάζεσῇαί

1598 3878 1725 3930 42*
