<?xml version="1.0" encoding="UTF-8"?>
<!DOCTYPE html PUBLIC "-//W3C//DTD XHTML 1.0 Transitional//EN"
    "http://www.w3.org/TR/xhtml1/DTD/xhtml1-transitional.dtd">
<html xmlns="http://www.w3.org/1999/xhtml" xml:lang="en" lang="en">
 <head>
  <title>
</title>
<meta http-equiv="Content-Type" content="text/html;charset=utf-8" />
  <meta name='ocr-system' content='tesseract 3.04.00' />
  <meta name='ocr-capabilities' content='ocr_page ocr_carea ocr_par ocr_line ocrx_word'/>
</head>
<body>
  <div class='ocr_page' id='page_1' title='image "./pt3corporishaere02epipuoft_0065.png"; bbox 0 0 2508 4134; ppageno 0'>
   <div class='ocr_carea' id='block_1_1' title="bbox 533 286 2018 341">
    <p class='ocr_par' dir='ltr' id='par_1_1' title="bbox 533 286 2018 341">
     <span class='ocr_line' id='line_1_1' title="bbox 533 286 2018 341; baseline -0.004 -1"><span class='ocrx_word' id='word_1_1' title='bbox 533 300 754 340; x_wconf 75' lang='lat' dir='ltr'><strong>PANARn</strong></span> <span class='ocrx_word' id='word_1_2' title='bbox 786 300 883 339; x_wconf 78' lang='lat' dir='ltr'><strong>Lm.</strong></span> <span class='ocrx_word' id='word_1_3' title='bbox 910 301 979 339; x_wconf 85' lang='lat'><strong>111.</strong></span> <span class='ocrx_word' id='word_1_4' title='bbox 1010 300 1143 339; x_wconf 88' lang='grc' dir='ltr'><strong>ΤοΜ.</strong></span> <span class='ocrx_word' id='word_1_5' title='bbox 1173 302 1203 339; x_wconf 86' lang='lat'><strong>1.</strong></span> <span class='ocrx_word' id='word_1_6' title='bbox 1235 299 1395 341; x_wconf 77' lang='lat' dir='ltr'><strong>HAER.</strong></span> <span class='ocrx_word' id='word_1_7' title='bbox 1430 298 1608 339; x_wconf 78' lang='lat' dir='ltr'><strong>Lxxn.</strong></span> <span class='ocrx_word' id='word_1_8' title='bbox 1951 286 2018 335; x_wconf 83' lang='lat'><strong>55</strong></span> 
     </span>
    </p>
   </div>
   <div class='ocr_carea' id='block_1_2' title="bbox 112 391 2243 3066">
    <p class='ocr_par' dir='ltr' id='par_1_2' title="bbox 116 391 2243 1973">
     <span class='ocr_line' id='line_1_2' title="bbox 261 391 2243 460; baseline -0.002 -10"><span class='ocrx_word' id='word_1_9' title='bbox 261 396 487 450; x_wconf 88' lang='lat' dir='ltr'><strong>Ceterum</strong></span> <span class='ocrx_word' id='word_1_10' title='bbox 530 414 588 448; x_wconf 92' lang='lat' dir='ltr'><strong>an</strong></span> <span class='ocrx_word' id='word_1_11' title='bbox 629 396 814 447; x_wconf 88' lang='lat' dir='ltr'><strong>libellus</strong></span> <span class='ocrx_word' id='word_1_12' title='bbox 854 395 945 446; x_wconf 90' lang='lat' dir='ltr'><strong>iste</strong></span> <span class='ocrx_word' id='word_1_13' title='bbox 986 404 1119 445; x_wconf 90' lang='lat' dir='ltr'><strong>recte</strong></span> <span class='ocrx_word' id='word_1_14' title='bbox 1158 413 1212 445; x_wconf 88' lang='lat' dir='ltr'><strong>se</strong></span> <span class='ocrx_word' id='word_1_15' title='bbox 1251 396 1451 459; x_wconf 88' lang='lat' dir='ltr'><strong>babeat,</strong></span> <span class='ocrx_word' id='word_1_16' title='bbox 1507 412 1691 458; x_wconf 89' lang='lat' dir='ltr'><strong>necne,</strong></span> <span class='ocrx_word' id='word_1_17' title='bbox 1747 395 1910 460; x_wconf 85' lang='lat' dir='ltr'><strong>legant</strong></span> <span class='ocrx_word' id='word_1_18' title='bbox 1940 392 2019 460; x_wconf 89' lang='lat' dir='ltr'><strong>qui</strong></span> <span class='ocrx_word' id='word_1_19' title='bbox 2050 391 2243 446; x_wconf 81' lang='lat' dir='ltr'><strong>Cap.1V.</strong></span> 
     </span>
     <span class='ocr_line' id='line_1_3' title="bbox 123 477 2022 552; baseline -0.003 -19"><span class='ocrx_word' id='word_1_20' title='bbox 123 490 347 552; x_wconf 88' lang='lat' dir='ltr'><strong>possunt,</strong></span> <span class='ocrx_word' id='word_1_21' title='bbox 405 481 555 548; x_wconf 86' lang='lat' dir='ltr'><strong>etqui</strong></span> <span class='ocrx_word' id='word_1_22' title='bbox 586 488 805 531; x_wconf 79' lang='lat' dir='ltr'>exactam</span> <span class='ocrx_word' id='word_1_23' title='bbox 851 495 1016 529; x_wconf 85' lang='lat' dir='ltr'><strong>eorum</strong></span> <span class='ocrx_word' id='word_1_24' title='bbox 1059 495 1180 546; x_wconf 92' lang='lat' dir='ltr'><strong>quae</strong></span> <span class='ocrx_word' id='word_1_25' title='bbox 1211 479 1258 528; x_wconf 92' lang='lat' dir='ltr'><strong>in</strong></span> <span class='ocrx_word' id='word_1_26' title='bbox 1293 496 1351 529; x_wconf 94' lang='lat' dir='ltr'><strong>eo</strong></span> <span class='ocrx_word' id='word_1_27' title='bbox 1385 479 1563 547; x_wconf 90' lang='lat' dir='ltr'><strong>scripta</strong></span> <span class='ocrx_word' id='word_1_28' title='bbox 1600 487 1710 530; x_wconf 89' lang='lat' dir='ltr'><strong>sunt</strong></span> <span class='ocrx_word' id='word_1_29' title='bbox 1750 477 2022 544; x_wconf 85' lang='lat' dir='ltr'><strong>intelligen-</strong></span> 
     </span>
     <span class='ocr_line' id='line_1_4' title="bbox 123 560 2019 633; baseline -0.004 -15"><span class='ocrx_word' id='word_1_30' title='bbox 123 568 235 618; x_wconf 88' lang='lat' dir='ltr'><strong>tiam</strong></span> <span class='ocrx_word' id='word_1_31' title='bbox 278 565 454 617; x_wconf 88' lang='lat' dir='ltr'><strong>babere</strong></span> <span class='ocrx_word' id='word_1_32' title='bbox 498 572 697 633; x_wconf 81' lang='lat' dir='ltr'><strong>possunt</strong></span> <span class='ocrx_word' id='word_1_33' title='bbox 744 563 912 631; x_wconf 85' lang='lat' dir='ltr'>ecquid</span> <span class='ocrx_word' id='word_1_34' title='bbox 955 561 1005 612; x_wconf 88' lang='lat' dir='ltr'><strong>in</strong></span> <span class='ocrx_word' id='word_1_35' title='bbox 1044 579 1102 611; x_wconf 90' lang='lat' dir='ltr'><strong>eo</strong></span> <span class='ocrx_word' id='word_1_36' title='bbox 1145 561 1248 612; x_wconf 91' lang='lat' dir='ltr'><strong>vitii</strong></span> <span class='ocrx_word' id='word_1_37' title='bbox 1292 562 1355 611; x_wconf 90' lang='lat' dir='ltr'><strong>sit</strong></span> <span class='ocrx_word' id='word_1_38' title='bbox 1398 563 1626 613; x_wconf 89' lang='lat' dir='ltr'><strong>iudicent.</strong></span> <span class='ocrx_word' id='word_1_39' title='bbox 1711 560 1848 612; x_wconf 87' lang='lat' dir='ltr'><strong>Nihil</strong></span> <span class='ocrx_word' id='word_1_40' title='bbox 1891 560 2019 611; x_wconf 89' lang='lat' dir='ltr'><strong>enim</strong></span> 
     </span>
     <span class='ocr_line' id='line_1_5' title="bbox 123 644 2021 720; baseline -0.004 -19"><span class='ocrx_word' id='word_1_41' title='bbox 123 659 451 720; x_wconf 75' lang='lat' dir='ltr'><strong>praeterquam</strong></span> <span class='ocrx_word' id='word_1_42' title='bbox 492 647 614 715; x_wconf 92' lang='lat' dir='ltr'><strong>quod</strong></span> <span class='ocrx_word' id='word_1_43' title='bbox 658 646 837 698; x_wconf 90' lang='lat' dir='ltr'><strong>scimus</strong></span> <span class='ocrx_word' id='word_1_44' title='bbox 876 654 924 696; x_wconf 90' lang='lat' dir='ltr'><strong>et</strong></span> <span class='ocrx_word' id='word_1_45' title='bbox 958 645 1016 696; x_wconf 89' lang='lat' dir='ltr'><strong>ad</strong></span> <span class='ocrx_word' id='word_1_46' title='bbox 1045 663 1133 695; x_wconf 91' lang='lat' dir='ltr'><strong>nos</strong></span> <span class='ocrx_word' id='word_1_47' title='bbox 1177 644 1408 713; x_wconf 87' lang='lat' dir='ltr'><strong>perlatum</strong></span> <span class='ocrx_word' id='word_1_48' title='bbox 1451 654 1525 695; x_wconf 91' lang='lat' dir='ltr'><strong>est</strong></span> <span class='ocrx_word' id='word_1_49' title='bbox 1561 662 1846 696; x_wconf 86' lang='lat' dir='ltr'><strong>asseverare</strong></span> <span class='ocrx_word' id='word_1_50' title='bbox 1885 644 2021 696; x_wconf 90' lang='lat' dir='ltr'><strong>volu-</strong></span> 
     </span>
     <span class='ocr_line' id='line_1_6' title="bbox 120 727 2022 791; baseline -0.004 -5"><span class='ocrx_word' id='word_1_51' title='bbox 120 751 243 786; x_wconf 89' lang='lat' dir='ltr'><strong>mus.</strong></span> <span class='ocrx_word' id='word_1_52' title='bbox 319 732 394 783; x_wconf 87' lang='lat' dir='ltr'><strong>Ac</strong></span> <span class='ocrx_word' id='word_1_53' title='bbox 422 731 535 782; x_wconf 87' lang='lat' dir='ltr'><strong>licet</strong></span> <span class='ocrx_word' id='word_1_54' title='bbox 563 730 679 781; x_wconf 87' lang='lat' dir='ltr'><strong>nihil</strong></span> <span class='ocrx_word' id='word_1_55' title='bbox 706 730 754 780; x_wconf 91' lang='lat' dir='ltr'><strong>in</strong></span> <span class='ocrx_word' id='word_1_56' title='bbox 786 747 843 780; x_wconf 87' lang='lat' dir='ltr'><strong>eo</strong></span> <span class='ocrx_word' id='word_1_57' title='bbox 878 728 1039 780; x_wconf 91' lang='lat' dir='ltr'><strong>libello</strong></span> <span class='ocrx_word' id='word_1_58' title='bbox 1072 746 1166 779; x_wconf 92' lang='lat' dir='ltr'><strong>non</strong></span> <span class='ocrx_word' id='word_1_59' title='bbox 1204 736 1385 778; x_wconf 90' lang='lat' dir='ltr'><strong>castum</strong></span> <span class='ocrx_word' id='word_1_60' title='bbox 1429 745 1483 779; x_wconf 88' lang='lat' dir='ltr'><strong>ac</strong></span> <span class='ocrx_word' id='word_1_61' title='bbox 1514 728 1752 779; x_wconf 89' lang='lat' dir='ltr'><strong>sincerum</strong></span> <span class='ocrx_word' id='word_1_62' title='bbox 1796 729 1887 791; x_wconf 87' lang='lat' dir='ltr'><strong>sit,</strong></span> <span class='ocrx_word' id='word_1_63' title='bbox 1943 727 2022 779; x_wconf 91' lang='lat' dir='ltr'><strong>vel</strong></span> 
     </span>
     <span class='ocr_line' id='line_1_7' title="bbox 121 812 2019 887; baseline -0.004 -18"><span class='ocrx_word' id='word_1_64' title='bbox 121 837 185 870; x_wconf 86' lang='lat' dir='ltr'><strong>ex</strong></span> <span class='ocrx_word' id='word_1_65' title='bbox 210 818 314 887; x_wconf 93' lang='lat' dir='ltr'><strong>ipso</strong></span> <span class='ocrx_word' id='word_1_66' title='bbox 350 814 655 867; x_wconf 87' lang='lat' dir='ltr'><strong>nibilominus</strong></span> <span class='ocrx_word' id='word_1_67' title='bbox 690 823 974 881; x_wconf 84' lang='lat' dir='ltr'><strong>argumento</strong></span> <span class='ocrx_word' id='word_1_68' title='bbox 1007 813 1084 880; x_wconf 93' lang='lat' dir='ltr'><strong>qui</strong></span> <span class='ocrx_word' id='word_1_69' title='bbox 1119 812 1242 863; x_wconf 89' lang='lat' dir='ltr'><strong>hunc</strong></span> <span class='ocrx_word' id='word_1_70' title='bbox 1275 812 1440 878; x_wconf 85' lang='lat' dir='ltr'><strong>legunt</strong></span> <span class='ocrx_word' id='word_1_71' title='bbox 1468 820 1550 861; x_wconf 93' lang='lat' dir='ltr'><strong>aut</strong></span> <span class='ocrx_word' id='word_1_72' title='bbox 1579 812 1775 862; x_wconf 91' lang='lat' dir='ltr'><strong>audiunt</strong></span> <span class='ocrx_word' id='word_1_73' title='bbox 1805 812 2019 879; x_wconf 89' lang='lat' dir='ltr'><strong>cogitare</strong></span> 
     </span>
     <span class='ocr_line' id='line_1_8' title="bbox 121 895 2021 953; baseline -0.004 0"><span class='ocrx_word' id='word_1_74' title='bbox 121 902 295 953; x_wconf 89' lang='lat' dir='ltr'><strong>debent</strong></span> <span class='ocrx_word' id='word_1_75' title='bbox 323 918 417 951; x_wconf 88' lang='lat' dir='ltr'><strong>non</strong></span> <span class='ocrx_word' id='word_1_76' title='bbox 447 901 624 949; x_wconf 84' lang='lat' dir='ltr'><strong>frustra</strong></span> <span class='ocrx_word' id='word_1_77' title='bbox 653 915 740 948; x_wconf 92' lang='lat' dir='ltr'><strong>nec</strong></span> <span class='ocrx_word' id='word_1_78' title='bbox 769 906 951 948; x_wconf 88' lang='lat' dir='ltr'><strong>temere</strong></span> <span class='ocrx_word' id='word_1_79' title='bbox 981 898 1038 947; x_wconf 86' lang='lat' dir='ltr'><strong>ad</strong></span> <span class='ocrx_word' id='word_1_80' title='bbox 1074 896 1194 946; x_wconf 89' lang='lat' dir='ltr'><strong>banc</strong></span> <span class='ocrx_word' id='word_1_81' title='bbox 1224 895 1354 946; x_wconf 90' lang='lat' dir='ltr'><strong>illum</strong></span> <span class='ocrx_word' id='word_1_82' title='bbox 1385 895 1671 945; x_wconf 85' lang='lat' dir='ltr'><strong>defendendi</strong></span> <span class='ocrx_word' id='word_1_83' title='bbox 1704 897 1775 945; x_wconf 88' lang='lat' dir='ltr'><strong>sui</strong></span> <span class='ocrx_word' id='word_1_84' title='bbox 1807 896 2021 947; x_wconf 87' lang='lat' dir='ltr'><strong>necessi-</strong></span> 
     </span>
     <span class='ocr_line' id='line_1_9' title="bbox 121 979 2021 1048; baseline -0.003 -12"><span class='ocrx_word' id='word_1_85' title='bbox 121 994 264 1037; x_wconf 89' lang='lat' dir='ltr'><strong>tatem</strong></span> <span class='ocrx_word' id='word_1_86' title='bbox 292 992 546 1035; x_wconf 82' lang='lat' dir='ltr'><strong>venturum</strong></span> <span class='ocrx_word' id='word_1_87' title='bbox 580 981 727 1033; x_wconf 83' lang='lat' dir='ltr'><strong>fuisse</strong></span> <span class='ocrx_word' id='word_1_88' title='bbox 764 981 854 1032; x_wconf 89' lang='lat' dir='ltr'><strong>nisi</strong></span> <span class='ocrx_word' id='word_1_89' title='bbox 896 981 1122 1031; x_wconf 89' lang='lat' dir='ltr'><strong>nonnulla</strong></span> <span class='ocrx_word' id='word_1_90' title='bbox 1163 979 1443 1048; x_wconf 71' lang='lat' dir='ltr'><strong>protulisset</strong></span> <span class='ocrx_word' id='word_1_91' title='bbox 1486 996 1605 1047; x_wconf 90' lang='lat' dir='ltr'><strong>quae</strong></span> <span class='ocrx_word' id='word_1_92' title='bbox 1647 979 1892 1029; x_wconf 89' lang='lat' dir='ltr'><strong>turbarum</strong></span> <span class='ocrx_word' id='word_1_93' title='bbox 1935 979 2021 1030; x_wconf 88' lang='lat' dir='ltr'><strong>ali-</strong></span> 
     </span>
     <span class='ocr_line' id='line_1_10' title="bbox 122 1063 2021 1138; baseline -0.003 -18"><span class='ocrx_word' id='word_1_94' title='bbox 122 1069 228 1138; x_wconf 86' lang='lat' dir='ltr'><strong>quid</strong></span> <span class='ocrx_word' id='word_1_95' title='bbox 256 1068 583 1130; x_wconf 75' lang='lat' dir='ltr'><strong>excitassent,</strong></span> <span class='ocrx_word' id='word_1_96' title='bbox 639 1074 687 1115; x_wconf 86' lang='lat' dir='ltr'><strong>et</strong></span> <span class='ocrx_word' id='word_1_97' title='bbox 715 1083 772 1115; x_wconf 93' lang='lat' dir='ltr'><strong>eo</strong></span> <span class='ocrx_word' id='word_1_98' title='bbox 806 1065 1042 1115; x_wconf 86' lang='lat' dir='ltr'><strong>bominem</strong></span> <span class='ocrx_word' id='word_1_99' title='bbox 1087 1063 1407 1114; x_wconf 80' lang='lat' dir='ltr'><strong>adduxissent</strong></span> <span class='ocrx_word' id='word_1_100' title='bbox 1433 1072 1484 1114; x_wconf 90' lang='lat' dir='ltr'><strong>ut</strong></span> <span class='ocrx_word' id='word_1_101' title='bbox 1511 1063 1745 1113; x_wconf 88' lang='lat' dir='ltr'><strong>dictorum</strong></span> <span class='ocrx_word' id='word_1_102' title='bbox 1778 1064 2021 1114; x_wconf 73' lang='lat' dir='ltr'><strong>reddenda</strong></span> 
     </span>
     <span class='ocr_line' id='line_1_11' title="bbox 119 1147 2020 1216; baseline -0.003 -12"><span class='ocrx_word' id='word_1_103' title='bbox 119 1153 241 1204; x_wconf 91' lang='lat' dir='ltr'><strong>ratio</strong></span> <span class='ocrx_word' id='word_1_104' title='bbox 283 1152 548 1203; x_wconf 89' lang='lat' dir='ltr'><strong>videretur.</strong></span> <span class='ocrx_word' id='word_1_105' title='bbox 625 1148 817 1200; x_wconf 86' lang='lat' dir='ltr'><strong>Etenim</strong></span> <span class='ocrx_word' id='word_1_106' title='bbox 848 1149 950 1199; x_wconf 89' lang='lat' dir='ltr'><strong>fieri</strong></span> <span class='ocrx_word' id='word_1_107' title='bbox 979 1148 1092 1199; x_wconf 91' lang='lat' dir='ltr'><strong>illud</strong></span> <span class='ocrx_word' id='word_1_108' title='bbox 1123 1147 1274 1216; x_wconf 91' lang='lat' dir='ltr'><strong>potuit</strong></span> <span class='ocrx_word' id='word_1_109' title='bbox 1304 1156 1353 1197; x_wconf 91' lang='lat' dir='ltr'><strong>ut</strong></span> <span class='ocrx_word' id='word_1_110' title='bbox 1382 1156 1491 1215; x_wconf 87' lang='lat' dir='ltr'><strong>post</strong></span> <span class='ocrx_word' id='word_1_111' title='bbox 1518 1164 1734 1198; x_wconf 87' lang='lat' dir='ltr'><strong>errorem</strong></span> <span class='ocrx_word' id='word_1_112' title='bbox 1767 1163 1852 1215; x_wconf 91' lang='lat' dir='ltr'><strong>per</strong></span> <span class='ocrx_word' id='word_1_113' title='bbox 1886 1147 2020 1198; x_wconf 89' lang='lat' dir='ltr'><strong>libel-</strong></span> 
     </span>
     <span class='ocr_line' id='line_1_12' title="bbox 123 1229 2020 1301; baseline -0.004 -13"><span class='ocrx_word' id='word_1_114' title='bbox 123 1237 216 1288; x_wconf 90' lang='lat' dir='ltr'><strong>lum</strong></span> <span class='ocrx_word' id='word_1_115' title='bbox 242 1252 351 1287; x_wconf 90' lang='lat' dir='ltr'><strong>sese</strong></span> <span class='ocrx_word' id='word_1_116' title='bbox 384 1242 644 1286; x_wconf 82' lang='lat' dir='ltr'><strong>excusaret</strong></span> <span class='ocrx_word' id='word_1_117' title='bbox 672 1251 729 1284; x_wconf 90' lang='lat' dir='ltr'><strong>ac</strong></span> <span class='ocrx_word' id='word_1_118' title='bbox 767 1232 1062 1301; x_wconf 89' lang='lat' dir='ltr'><strong>corrigeret,</strong></span> <span class='ocrx_word' id='word_1_119' title='bbox 1118 1240 1200 1282; x_wconf 88' lang='lat' dir='ltr'><strong>aut</strong></span> <span class='ocrx_word' id='word_1_120' title='bbox 1229 1240 1278 1282; x_wconf 91' lang='lat' dir='ltr'><strong>ut</strong></span> <span class='ocrx_word' id='word_1_121' title='bbox 1306 1232 1474 1281; x_wconf 87' lang='lat' dir='ltr'><strong>eodem</strong></span> <span class='ocrx_word' id='word_1_122' title='bbox 1514 1231 1594 1281; x_wconf 91' lang='lat' dir='ltr'><strong>illo</strong></span> <span class='ocrx_word' id='word_1_123' title='bbox 1631 1229 1791 1300; x_wconf 86' lang='lat' dir='ltr'><strong>libello</strong></span> <span class='ocrx_word' id='word_1_124' title='bbox 1823 1230 1887 1281; x_wconf 92' lang='lat' dir='ltr'><strong>ita</strong></span> <span class='ocrx_word' id='word_1_125' title='bbox 1916 1247 2020 1281; x_wconf 92' lang='lat' dir='ltr'><strong>ser-</strong></span> 
     </span>
     <span class='ocr_line' id='line_1_13' title="bbox 122 1315 2021 1384; baseline -0.004 -13"><span class='ocrx_word' id='word_1_126' title='bbox 122 1320 339 1371; x_wconf 87' lang='lat' dir='ltr'><strong>monibus</strong></span> <span class='ocrx_word' id='word_1_127' title='bbox 369 1318 469 1369; x_wconf 88' lang='lat' dir='ltr'><strong>suis</strong></span> <span class='ocrx_word' id='word_1_128' title='bbox 499 1319 655 1377; x_wconf 83' lang='lat' dir='ltr'><strong>fucum</strong></span> <span class='ocrx_word' id='word_1_129' title='bbox 701 1319 907 1380; x_wconf 84' lang='lat' dir='ltr'><strong>faceret,</strong></span> <span class='ocrx_word' id='word_1_130' title='bbox 959 1324 1011 1367; x_wconf 94' lang='lat' dir='ltr'><strong>ut</strong></span> <span class='ocrx_word' id='word_1_131' title='bbox 1042 1333 1162 1384; x_wconf 88' lang='lat' dir='ltr'><strong>qnae</strong></span> <span class='ocrx_word' id='word_1_132' title='bbox 1202 1323 1341 1365; x_wconf 89' lang='lat' dir='ltr'><strong>antea</strong></span> <span class='ocrx_word' id='word_1_133' title='bbox 1382 1315 1588 1366; x_wconf 81' lang='lat' dir='ltr'><strong>dixisset</strong></span> <span class='ocrx_word' id='word_1_134' title='bbox 1625 1315 1846 1365; x_wconf 88' lang='lat' dir='ltr'><strong>consulto</strong></span> <span class='ocrx_word' id='word_1_135' title='bbox 1882 1315 2021 1365; x_wconf 88' lang='lat' dir='ltr'><strong>dissi-</strong></span> 
     </span>
     <span class='ocr_line' id='line_1_14' title="bbox 120 1399 2021 1469; baseline -0.003 -14"><span class='ocrx_word' id='word_1_136' title='bbox 120 1405 348 1464; x_wconf 85' lang='lat' dir='ltr'><strong>mularet,</strong></span> <span class='ocrx_word' id='word_1_137' title='bbox 391 1419 449 1453; x_wconf 88' lang='lat' dir='ltr'><strong>ne</strong></span> <span class='ocrx_word' id='word_1_138' title='bbox 478 1402 523 1452; x_wconf 90' lang='lat' dir='ltr'><strong>in</strong></span> <span class='ocrx_word' id='word_1_139' title='bbox 551 1401 764 1452; x_wconf 87' lang='lat' dir='ltr'><strong>ordinem</strong></span> <span class='ocrx_word' id='word_1_140' title='bbox 794 1400 1123 1469; x_wconf 83' lang='lat' dir='ltr'><strong>redigeretur,</strong></span> <span class='ocrx_word' id='word_1_141' title='bbox 1183 1399 1241 1450; x_wconf 93' lang='lat' dir='ltr'><strong>ab</strong></span> <span class='ocrx_word' id='word_1_142' title='bbox 1275 1399 1514 1450; x_wconf 89' lang='lat' dir='ltr'><strong>communi</strong></span> <span class='ocrx_word' id='word_1_143' title='bbox 1544 1400 1876 1467; x_wconf 81' lang='lat' dir='ltr'><strong>episcoporum</strong></span> <span class='ocrx_word' id='word_1_144' title='bbox 1906 1417 2021 1449; x_wconf 92' lang='lat' dir='ltr'><strong>con-</strong></span> 
     </span>
     <span class='ocr_line' id='line_1_15' title="bbox 121 1482 2022 1555; baseline -0.004 -15"><span class='ocrx_word' id='word_1_145' title='bbox 121 1506 261 1540; x_wconf 90' lang='lat' dir='ltr'><strong>sessu</strong></span> <span class='ocrx_word' id='word_1_146' title='bbox 305 1496 352 1537; x_wconf 90' lang='lat' dir='ltr'><strong>et</strong></span> <span class='ocrx_word' id='word_1_147' title='bbox 390 1503 573 1536; x_wconf 87' lang='lat' dir='ltr'><strong>canone</strong></span> <span class='ocrx_word' id='word_1_148' title='bbox 613 1485 875 1555; x_wconf 88' lang='lat' dir='ltr'><strong>depositus.</strong></span> <span class='ocrx_word' id='word_1_149' title='bbox 962 1482 1233 1552; x_wconf 84' lang='lat' dir='ltr'><strong>Utcumque</strong></span> <span class='ocrx_word' id='word_1_150' title='bbox 1274 1501 1327 1534; x_wconf 90' lang='lat' dir='ltr'><strong>se</strong></span> <span class='ocrx_word' id='word_1_151' title='bbox 1365 1501 1444 1534; x_wconf 87' lang='lat' dir='ltr'><strong>res</strong></span> <span class='ocrx_word' id='word_1_152' title='bbox 1482 1483 1682 1545; x_wconf 86' lang='lat' dir='ltr'><strong>habeat,</strong></span> <span class='ocrx_word' id='word_1_153' title='bbox 1745 1483 1863 1534; x_wconf 84' lang='lat' dir='ltr'><strong>haec</strong></span> <span class='ocrx_word' id='word_1_154' title='bbox 1909 1491 2022 1534; x_wconf 88' lang='lat' dir='ltr'><strong>sunt</strong></span> 
     </span>
     <span class='ocr_line' id='line_1_16' title="bbox 123 1566 2020 1640; baseline -0.004 -17"><span class='ocrx_word' id='word_1_155' title='bbox 123 1589 245 1640; x_wconf 88' lang='lat' dir='ltr'><strong>quae</strong></span> <span class='ocrx_word' id='word_1_156' title='bbox 270 1572 326 1621; x_wconf 92' lang='lat' dir='ltr'><strong>de</strong></span> <span class='ocrx_word' id='word_1_157' title='bbox 353 1567 590 1620; x_wconf 86' lang='lat' dir='ltr'><strong>Marcello</strong></span> <span class='ocrx_word' id='word_1_158' title='bbox 617 1586 898 1638; x_wconf 91' lang='lat' dir='ltr'><strong>comparare</strong></span> <span class='ocrx_word' id='word_1_159' title='bbox 925 1568 1182 1636; x_wconf 89' lang='lat' dir='ltr'><strong>potuimus.</strong></span> <span class='ocrx_word' id='word_1_160' title='bbox 1259 1566 1334 1619; x_wconf 91' lang='lat' dir='ltr'><strong>De</strong></span> <span class='ocrx_word' id='word_1_161' title='bbox 1365 1586 1458 1635; x_wconf 91' lang='lat' dir='ltr'><strong>quo</strong></span> <span class='ocrx_word' id='word_1_162' title='bbox 1487 1586 1591 1618; x_wconf 90' lang='lat' dir='ltr'><strong>cum</strong></span> <span class='ocrx_word' id='word_1_163' title='bbox 1622 1567 1878 1635; x_wconf 89' lang='lat' dir='ltr'><strong>aliquando</strong></span> <span class='ocrx_word' id='word_1_164' title='bbox 1906 1567 2020 1617; x_wconf 89' lang='lat' dir='ltr'><strong>bea-</strong></span> 
     </span>
     <span class='ocr_line' id='line_1_17' title="bbox 119 1651 2070 1723; baseline -0.003 -17"><span class='ocrx_word' id='word_1_165' title='bbox 119 1665 217 1707; x_wconf 85' lang='lat' dir='ltr'><strong>tum</strong></span> <span class='ocrx_word' id='word_1_166' title='bbox 245 1671 409 1723; x_wconf 87' lang='lat' dir='ltr'><strong>papam</strong></span> <span class='ocrx_word' id='word_1_167' title='bbox 442 1652 761 1703; x_wconf 83' lang='lat' dir='ltr'><strong>Athanasium</strong></span> <span class='ocrx_word' id='word_1_168' title='bbox 791 1652 1203 1719; x_wconf 87' lang='lat' dir='ltr'><strong>interrogassem,</strong></span> <span class='ocrx_word' id='word_1_169' title='bbox 1245 1652 1512 1702; x_wconf 90' lang='lat' dir='ltr'><strong>cuiusmodi</strong></span> <span class='ocrx_word' id='word_1_170' title='bbox 1540 1669 1646 1702; x_wconf 92' lang='lat' dir='ltr'><strong>eum</strong></span> <span class='ocrx_word' id='word_1_171' title='bbox 1677 1651 2018 1715; x_wconf 79' lang='lat' dir='ltr'><strong>arbitraretur,</strong></span> <span class='ocrx_word' id='word_1_172' title='bbox 2059 1675 2070 1684; x_wconf 88' lang='lat'><strong>·</strong></span> 
     </span>
     <span class='ocr_line' id='line_1_18' title="bbox 116 1735 2021 1805; baseline -0.002 -16"><span class='ocrx_word' id='word_1_173' title='bbox 116 1739 194 1790; x_wconf 88' lang='lat' dir='ltr'><strong>ille</strong></span> <span class='ocrx_word' id='word_1_174' title='bbox 223 1754 376 1805; x_wconf 85' lang='lat' dir='ltr'><strong>neque</strong></span> <span class='ocrx_word' id='word_1_175' title='bbox 407 1737 628 1804; x_wconf 84' lang='lat' dir='ltr'><strong>purgavit</strong></span> <span class='ocrx_word' id='word_1_176' title='bbox 654 1735 890 1786; x_wconf 85' lang='lat' dir='ltr'><strong>hominem</strong></span> <span class='ocrx_word' id='word_1_177' title='bbox 910 1776 923 1799; x_wconf 86' lang='lat'><strong>,</strong></span> <span class='ocrx_word' id='word_1_178' title='bbox 966 1753 1119 1803; x_wconf 89' lang='lat' dir='ltr'><strong>neque</strong></span> <span class='ocrx_word' id='word_1_179' title='bbox 1144 1754 1263 1788; x_wconf 84' lang='lat' dir='ltr'><strong>vero</strong></span> <span class='ocrx_word' id='word_1_180' title='bbox 1293 1737 1511 1804; x_wconf 90' lang='lat' dir='ltr'><strong>asperius</strong></span> <span class='ocrx_word' id='word_1_181' title='bbox 1536 1735 1748 1798; x_wconf 84' lang='lat' dir='ltr'><strong>notavit,</strong></span> <span class='ocrx_word' id='word_1_182' title='bbox 1789 1736 1872 1786; x_wconf 91' lang='lat' dir='ltr'><strong>sed</strong></span> <span class='ocrx_word' id='word_1_183' title='bbox 1902 1736 2021 1786; x_wconf 89' lang='lat' dir='ltr'><strong>leni-</strong></span> 
     </span>
     <span class='ocr_line' id='line_1_19' title="bbox 118 1819 2019 1888; baseline -0.002 -15"><span class='ocrx_word' id='word_1_184' title='bbox 118 1832 191 1873; x_wconf 89' lang='lat' dir='ltr'><strong>ter</strong></span> <span class='ocrx_word' id='word_1_185' title='bbox 216 1822 462 1883; x_wconf 84' lang='lat' dir='ltr'><strong>arridens,</strong></span> <span class='ocrx_word' id='word_1_186' title='bbox 520 1838 614 1870; x_wconf 91' lang='lat' dir='ltr'><strong>non</strong></span> <span class='ocrx_word' id='word_1_187' title='bbox 654 1820 849 1870; x_wconf 88' lang='lat' dir='ltr'><strong>multum</strong></span> <span class='ocrx_word' id='word_1_188' title='bbox 879 1820 936 1870; x_wconf 90' lang='lat' dir='ltr'><strong>ab</strong></span> <span class='ocrx_word' id='word_1_189' title='bbox 968 1819 1272 1887; x_wconf 87' lang='lat' dir='ltr'><strong>improbitate</strong></span> <span class='ocrx_word' id='word_1_190' title='bbox 1310 1820 1619 1871; x_wconf 87' lang='lat' dir='ltr'><strong>abhorruisse</strong></span> <span class='ocrx_word' id='word_1_191' title='bbox 1656 1819 1946 1888; x_wconf 87' lang='lat' dir='ltr'><strong>significavit</strong></span> <span class='ocrx_word' id='word_1_192' title='bbox 1972 1827 2019 1870; x_wconf 87' lang='lat' dir='ltr'><strong>et</strong></span> 
     </span>
     <span class='ocr_line' id='line_1_20' title="bbox 117 1904 1263 1973; baseline -0.002 -16"><span class='ocrx_word' id='word_1_193' title='bbox 117 1907 163 1957; x_wconf 90' lang='lat' dir='ltr'><strong>in</strong></span> <span class='ocrx_word' id='word_1_194' title='bbox 204 1923 367 1957; x_wconf 87' lang='lat' dir='ltr'><strong>eorum</strong></span> <span class='ocrx_word' id='word_1_195' title='bbox 408 1905 516 1955; x_wconf 91' lang='lat' dir='ltr'><strong>loco</strong></span> <span class='ocrx_word' id='word_1_196' title='bbox 554 1904 631 1972; x_wconf 90' lang='lat' dir='ltr'><strong>qui</strong></span> <span class='ocrx_word' id='word_1_197' title='bbox 670 1921 722 1955; x_wconf 90' lang='lat' dir='ltr'><strong>se</strong></span> <span class='ocrx_word' id='word_1_198' title='bbox 762 1913 1046 1973; x_wconf 86' lang='lat' dir='ltr'><strong>purgassent</strong></span> <span class='ocrx_word' id='word_1_199' title='bbox 1083 1904 1263 1955; x_wconf 86' lang='lat' dir='ltr'><strong>habuit.</strong></span> 
     </span>
    </p>

    <p class='ocr_par' dir='ltr' id='par_1_3' title="bbox 112 1982 2242 3066">
     <span class='ocr_line' id='line_1_21' title="bbox 251 1982 2242 2062; baseline -0.001 -23"><span class='ocrx_word' id='word_1_200' title='bbox 251 1988 398 2040; x_wconf 91' lang='lat' dir='ltr'><strong>Libet</strong></span> <span class='ocrx_word' id='word_1_201' title='bbox 426 1997 584 2040; x_wconf 83' lang='lat' dir='ltr'><strong>autem</strong></span> <span class='ocrx_word' id='word_1_202' title='bbox 610 1987 685 2038; x_wconf 87' lang='lat' dir='ltr'><strong>bic</strong></span> <span class='ocrx_word' id='word_1_203' title='bbox 719 2006 774 2038; x_wconf 82' lang='lat' dir='ltr'><strong>ea</strong></span> <span class='ocrx_word' id='word_1_204' title='bbox 802 1988 1043 2040; x_wconf 87' lang='lat' dir='ltr'><strong>subiicere</strong></span> <span class='ocrx_word' id='word_1_205' title='bbox 1075 2006 1197 2062; x_wconf 67' lang='lat' dir='ltr'><strong>quae</strong></span> <span class='ocrx_word' id='word_1_206' title='bbox 1223 1988 1271 2043; x_wconf 87' lang='lat' dir='ltr'><strong>in</strong></span> <span class='ocrx_word' id='word_1_207' title='bbox 1301 1986 1519 2039; x_wconf 80' lang='lat' dir='ltr'><strong>Marcelli</strong></span> <span class='ocrx_word' id='word_1_208' title='bbox 1552 1987 1743 2056; x_wconf 87' lang='lat' dir='ltr'><strong>scriptis</strong></span> <span class='ocrx_word' id='word_1_209' title='bbox 1768 2005 1795 2038; x_wconf 90' lang='lat' dir='ltr'><strong>a</strong></span> <span class='ocrx_word' id='word_1_210' title='bbox 1823 1987 2019 2053; x_wconf 89' lang='lat' dir='ltr'><strong>quibus·</strong></span> <span class='ocrx_word' id='word_1_211' title='bbox 2065 1982 2163 2038; x_wconf 88' lang='lat' dir='ltr'><strong>cap.</strong></span> <span class='ocrx_word' id='word_1_212' title='bbox 2192 1983 2242 2026; x_wconf 78' lang='lat' dir='ltr'><strong>V·</strong></span> 
     </span>
     <span class='ocr_line' id='line_1_22' title="bbox 114 2072 2021 2140; baseline -0.001 -16"><span class='ocrx_word' id='word_1_213' title='bbox 114 2075 219 2125; x_wconf 90' lang='lat' dir='ltr'><strong>dam</strong></span> <span class='ocrx_word' id='word_1_214' title='bbox 255 2074 514 2124; x_wconf 90' lang='lat' dir='ltr'><strong>observata</strong></span> <span class='ocrx_word' id='word_1_215' title='bbox 559 2081 698 2135; x_wconf 83' lang='lat' dir='ltr'><strong>sunt,</strong></span> <span class='ocrx_word' id='word_1_216' title='bbox 758 2089 876 2140; x_wconf 85' lang='lat' dir='ltr'><strong>quae</strong></span> <span class='ocrx_word' id='word_1_217' title='bbox 907 2073 984 2123; x_wconf 90' lang='lat' dir='ltr'><strong>isti</strong></span> <span class='ocrx_word' id='word_1_218' title='bbox 1015 2072 1407 2140; x_wconf 82' lang='lat' dir='ltr'><strong>reprehendenda</strong></span> <span class='ocrx_word' id='word_1_219' title='bbox 1441 2079 1760 2140; x_wconf 84' lang='lat' dir='ltr'><strong>putaverunt3</strong></span> <span class='ocrx_word' id='word_1_220' title='bbox 1816 2072 1943 2123; x_wconf 91' lang='lat' dir='ltr'><strong>unde</strong></span> <span class='ocrx_word' id='word_1_221' title='bbox 1972 2080 2021 2123; x_wconf 92' lang='lat' dir='ltr'><strong>et</strong></span> 
     </span>
     <span class='ocr_line' id='line_1_23' title="bbox 112 2153 2023 2225; baseline -0.001 -17"><span class='ocrx_word' id='word_1_222' title='bbox 112 2157 161 2208; x_wconf 90' lang='lat' dir='ltr'><strong>in</strong></span> <span class='ocrx_word' id='word_1_223' title='bbox 206 2158 409 2208; x_wconf 90' lang='lat' dir='ltr'><strong>eundem</strong></span> <span class='ocrx_word' id='word_1_224' title='bbox 456 2157 633 2208; x_wconf 87' lang='lat' dir='ltr'><strong>invecti</strong></span> <span class='ocrx_word' id='word_1_225' title='bbox 678 2157 955 2207; x_wconf 83' lang='lat' dir='ltr'><strong>confutandi</strong></span> <span class='ocrx_word' id='word_1_226' title='bbox 1003 2156 1159 2225; x_wconf 87' lang='lat' dir='ltr'><strong>gratia</strong></span> <span class='ocrx_word' id='word_1_227' title='bbox 1197 2157 1513 2225; x_wconf 88' lang='lat' dir='ltr'><strong>scripserunt.</strong></span> <span class='ocrx_word' id='word_1_228' title='bbox 1592 2153 1894 2224; x_wconf 84' lang='lat' dir='ltr'><strong>Quamquam</strong></span> <span class='ocrx_word' id='word_1_229' title='bbox 1940 2157 2023 2207; x_wconf 89' lang='lat' dir='ltr'><strong>alii</strong></span> 
     </span>
     <span class='ocr_line' id='line_1_24' title="bbox 113 2239 2018 2310; baseline -0.001 -18"><span class='ocrx_word' id='word_1_230' title='bbox 113 2259 197 2310; x_wconf 91' lang='lat' dir='ltr'><strong>pro</strong></span> <span class='ocrx_word' id='word_1_231' title='bbox 224 2258 281 2292; x_wconf 90' lang='lat' dir='ltr'><strong>eo</strong></span> <span class='ocrx_word' id='word_1_232' title='bbox 308 2241 431 2309; x_wconf 89' lang='lat' dir='ltr'><strong>quod</strong></span> <span class='ocrx_word' id='word_1_233' title='bbox 462 2241 540 2309; x_wconf 89' lang='lat' dir='ltr'><strong>qui</strong></span> <span class='ocrx_word' id='word_1_234' title='bbox 570 2241 802 2293; x_wconf 85' lang='lat' dir='ltr'><strong>adversus</strong></span> <span class='ocrx_word' id='word_1_235' title='bbox 830 2239 959 2291; x_wconf 88' lang='lat' dir='ltr'><strong>illum</strong></span> <span class='ocrx_word' id='word_1_236' title='bbox 988 2240 1294 2292; x_wconf 89' lang='lat' dir='ltr'><strong>commentati</strong></span> <span class='ocrx_word' id='word_1_237' title='bbox 1325 2248 1437 2291; x_wconf 90' lang='lat' dir='ltr'><strong>sunt</strong></span> <span class='ocrx_word' id='word_1_238' title='bbox 1464 2248 1630 2308; x_wconf 87' lang='lat' dir='ltr'><strong>postea</strong></span> <span class='ocrx_word' id='word_1_239' title='bbox 1662 2240 1931 2291; x_wconf 88' lang='lat' dir='ltr'><strong>contrarias</strong></span> <span class='ocrx_word' id='word_1_240' title='bbox 1960 2242 2018 2291; x_wconf 90' lang='lat' dir='ltr'><strong>ad</strong></span> 
     </span>
     <span class='ocr_line' id='line_1_25' title="bbox 112 2323 2020 2394; baseline -0.001 -18"><span class='ocrx_word' id='word_1_241' title='bbox 112 2335 272 2394; x_wconf 86' lang='lat' dir='ltr'><strong>partes</strong></span> <span class='ocrx_word' id='word_1_242' title='bbox 311 2325 649 2388; x_wconf 86' lang='lat' dir='ltr'><strong>desciverunt,</strong></span> <span class='ocrx_word' id='word_1_243' title='bbox 707 2325 874 2376; x_wconf 87' lang='lat' dir='ltr'><strong>horum</strong></span> <span class='ocrx_word' id='word_1_244' title='bbox 909 2325 1124 2394; x_wconf 88' lang='lat' dir='ltr'><strong>ipsorum</strong></span> <span class='ocrx_word' id='word_1_245' title='bbox 1155 2324 1516 2376; x_wconf 85' lang='lat' dir='ltr'><strong>lucubrationes</strong></span> <span class='ocrx_word' id='word_1_246' title='bbox 1545 2325 1755 2375; x_wconf 84' lang='lat' dir='ltr'><strong>refutare</strong></span> <span class='ocrx_word' id='word_1_247' title='bbox 1797 2323 2020 2391; x_wconf 85' lang='lat' dir='ltr'><strong>aggressi</strong></span> 
     </span>
     <span class='ocr_line' id='line_1_26' title="bbox 112 2406 2017 2477; baseline -0.001 -16"><span class='ocrx_word' id='word_1_248' title='bbox 112 2419 242 2462; x_wconf 91' lang='lat' dir='ltr'><strong>sunt.</strong></span> <span class='ocrx_word' id='word_1_249' title='bbox 319 2408 373 2460; x_wconf 87' lang='lat' dir='ltr'><strong>ln</strong></span> <span class='ocrx_word' id='word_1_250' title='bbox 401 2409 569 2477; x_wconf 90' lang='lat' dir='ltr'><strong>quibus</strong></span> <span class='ocrx_word' id='word_1_251' title='bbox 613 2408 832 2476; x_wconf 86' lang='lat' dir='ltr'><strong>vulgatas</strong></span> <span class='ocrx_word' id='word_1_252' title='bbox 857 2409 964 2460; x_wconf 81' lang='lat' dir='ltr'><strong>illas</strong></span> <span class='ocrx_word' id='word_1_253' title='bbox 994 2409 1257 2460; x_wconf 90' lang='lat' dir='ltr'><strong>divisiones</strong></span> <span class='ocrx_word' id='word_1_254' title='bbox 1289 2409 1519 2459; x_wconf 86' lang='lat' dir='ltr'><strong>Acacium</strong></span> <span class='ocrx_word' id='word_1_255' title='bbox 1551 2409 1679 2459; x_wconf 91' lang='lat' dir='ltr'><strong>inter</strong></span> <span class='ocrx_word' id='word_1_256' title='bbox 1708 2418 1756 2459; x_wconf 86' lang='lat' dir='ltr'><strong>et</strong></span> <span class='ocrx_word' id='word_1_257' title='bbox 1782 2406 2017 2459; x_wconf 89' lang='lat' dir='ltr'><strong>Basilium</strong></span> 
     </span>
     <span class='ocr_line' id='line_1_27' title="bbox 113 2491 2018 2561; baseline -0.002 -15"><span class='ocrx_word' id='word_1_258' title='bbox 113 2492 334 2547; x_wconf 87' lang='lat' dir='ltr'><strong>Galatam</strong></span> <span class='ocrx_word' id='word_1_259' title='bbox 375 2502 422 2543; x_wconf 91' lang='lat' dir='ltr'><strong>et</strong></span> <span class='ocrx_word' id='word_1_260' title='bbox 460 2491 722 2561; x_wconf 87' lang='lat' dir='ltr'><strong>Georgium</strong></span> <span class='ocrx_word' id='word_1_261' title='bbox 757 2491 1087 2544; x_wconf 88' lang='lat' dir='ltr'><strong>Laodicenum</strong></span> <span class='ocrx_word' id='word_1_262' title='bbox 1131 2493 1370 2544; x_wconf 85' lang='lat' dir='ltr'><strong>refutandi</strong></span> <span class='ocrx_word' id='word_1_263' title='bbox 1404 2493 1574 2543; x_wconf 86' lang='lat' dir='ltr'><strong>Aeacii</strong></span> <span class='ocrx_word' id='word_1_264' title='bbox 1614 2510 1787 2543; x_wconf 88' lang='lat' dir='ltr'><strong>caussa</strong></span> <span class='ocrx_word' id='word_1_265' title='bbox 1827 2492 2018 2559; x_wconf 88' lang='lat' dir='ltr'><strong>scriptis</strong></span> 
     </span>
     <span class='ocr_line' id='line_1_28' title="bbox 115 2571 2017 2645; baseline -0.002 -16"><span class='ocrx_word' id='word_1_266' title='bbox 115 2579 415 2629; x_wconf 86' lang='lat' dir='ltr'><strong>mandarunt.</strong></span> <span class='ocrx_word' id='word_1_267' title='bbox 506 2575 714 2627; x_wconf 78' lang='lat' dir='ltr'><strong>Hicest</strong></span> <span class='ocrx_word' id='word_1_268' title='bbox 760 2578 886 2628; x_wconf 86' lang='lat' dir='ltr'><strong>enim</strong></span> <span class='ocrx_word' id='word_1_269' title='bbox 927 2578 1005 2629; x_wconf 92' lang='lat' dir='ltr'><strong>ille</strong></span> <span class='ocrx_word' id='word_1_270' title='bbox 1043 2578 1120 2645; x_wconf 90' lang='lat' dir='ltr'><strong>qui</strong></span> <span class='ocrx_word' id='word_1_271' title='bbox 1159 2575 1449 2628; x_wconf 86' lang='lat' dir='ltr'><strong>Marcellum</strong></span> <span class='ocrx_word' id='word_1_272' title='bbox 1492 2595 1553 2627; x_wconf 85' lang='lat' dir='ltr'><strong>ex</strong></span> <span class='ocrx_word' id='word_1_273' title='bbox 1577 2571 1841 2645; x_wconf 49' lang='lat' dir='ltr'><strong>&#39;ipsiusmet</strong></span> <span class='ocrx_word' id='word_1_274' title='bbox 1881 2575 2017 2627; x_wconf 89' lang='lat' dir='ltr'><strong>libris</strong></span> 
     </span>
     <span class='ocr_line' id='line_1_29' title="bbox 116 2659 2018 2731; baseline -0.001 -17"><span class='ocrx_word' id='word_1_275' title='bbox 116 2662 351 2731; x_wconf 84' lang='lat' dir='ltr'><strong>coarguit.</strong></span> <span class='ocrx_word' id='word_1_276' title='bbox 443 2659 582 2729; x_wconf 82' lang='lat' dir='ltr'><strong>Quae</strong></span> <span class='ocrx_word' id='word_1_277' title='bbox 635 2679 722 2712; x_wconf 90' lang='lat' dir='ltr'><strong>uos</strong></span> <span class='ocrx_word' id='word_1_278' title='bbox 770 2661 877 2712; x_wconf 89' lang='lat' dir='ltr'><strong>ideo</strong></span> <span class='ocrx_word' id='word_1_279' title='bbox 922 2662 1287 2731; x_wconf 87' lang='lat' dir='ltr'><strong>proposuimuS,</strong></span> <span class='ocrx_word' id='word_1_280' title='bbox 1348 2678 1405 2711; x_wconf 86' lang='lat' dir='ltr'><strong>ue</strong></span> <span class='ocrx_word' id='word_1_281' title='bbox 1454 2661 1707 2712; x_wconf 87' lang='lat' dir='ltr'><strong>veritatem</strong></span> <span class='ocrx_word' id='word_1_282' title='bbox 1752 2661 1908 2728; x_wconf 87' lang='lat' dir='ltr'><strong>aliqua</strong></span> <span class='ocrx_word' id='word_1_283' title='bbox 1951 2678 2018 2712; x_wconf 86' lang='lat' dir='ltr'><strong>ex</strong></span> 
     </span>
     <span class='ocr_line' id='line_1_30' title="bbox 114 2743 2017 2816; baseline -0.001 -19"><span class='ocrx_word' id='word_1_284' title='bbox 114 2756 248 2816; x_wconf 90' lang='lat' dir='ltr'><strong>parte</strong></span> <span class='ocrx_word' id='word_1_285' title='bbox 290 2745 600 2814; x_wconf 88' lang='lat' dir='ltr'><strong>praeteriisse</strong></span> <span class='ocrx_word' id='word_1_286' title='bbox 645 2745 907 2797; x_wconf 86' lang='lat' dir='ltr'><strong>videamur.</strong></span> <span class='ocrx_word' id='word_1_287' title='bbox 987 2743 1226 2812; x_wconf 81' lang='lat' dir='ltr'><strong>Quoniam</strong></span> <span class='ocrx_word' id='word_1_288' title='bbox 1271 2763 1426 2812; x_wconf 90' lang='lat' dir='ltr'><strong>neque</strong></span> <span class='ocrx_word' id='word_1_289' title='bbox 1468 2746 1525 2795; x_wconf 92' lang='lat' dir='ltr'><strong>de</strong></span> <span class='ocrx_word' id='word_1_290' title='bbox 1565 2745 1902 2796; x_wconf 87' lang='lat' dir='ltr'><strong>emendatione</strong></span> <span class='ocrx_word' id='word_1_291' title='bbox 1935 2745 2017 2795; x_wconf 90' lang='lat' dir='ltr'><strong>de-</strong></span> 
     </span>
     <span class='ocr_line' id='line_1_31' title="bbox 116 2829 2017 2900; baseline -0.001 -19"><span class='ocrx_word' id='word_1_292' title='bbox 116 2847 396 2900; x_wconf 85' lang='lat' dir='ltr'><strong>speramus,</strong></span> <span class='ocrx_word' id='word_1_293' title='bbox 436 2846 539 2893; x_wconf 25' lang='lat' dir='ltr'><strong>-uec</strong></span> <span class='ocrx_word' id='word_1_294' title='bbox 571 2829 629 2878; x_wconf 93' lang='lat' dir='ltr'><strong>iis</strong></span> <span class='ocrx_word' id='word_1_295' title='bbox 663 2830 888 2880; x_wconf 87' lang='lat' dir='ltr'><strong>assentiri</strong></span> <span class='ocrx_word' id='word_1_296' title='bbox 920 2830 1141 2880; x_wconf 90' lang='lat' dir='ltr'><strong>volumus</strong></span> <span class='ocrx_word' id='word_1_297' title='bbox 1168 2830 1246 2896; x_wconf 89' lang='lat' dir='ltr'><strong>qui</strong></span> <span class='ocrx_word' id='word_1_298' title='bbox 1274 2838 1529 2897; x_wconf 88' lang='lat' dir='ltr'><strong>utcumque</strong></span> <span class='ocrx_word' id='word_1_299' title='bbox 1570 2848 1595 2880; x_wconf 91' lang='lat' dir='ltr'><strong>a</strong></span> <span class='ocrx_word' id='word_1_300' title='bbox 1627 2829 1833 2882; x_wconf 88' lang='lat' dir='ltr'><strong>veritate</strong></span> <span class='ocrx_word' id='word_1_301' title='bbox 1863 2830 2017 2880; x_wconf 88' lang='lat' dir='ltr'><strong>disce-</strong></span> 
     </span>
     <span class='ocr_line' id='line_1_32' title="bbox 114 2911 2016 2981; baseline -0.001 -16"><span class='ocrx_word' id='word_1_302' title='bbox 114 2915 246 2966; x_wconf 87' lang='lat' dir='ltr'><strong>dunt.</strong></span> <span class='ocrx_word' id='word_1_303' title='bbox 323 2911 461 2981; x_wconf 87' lang='lat' dir='ltr'><strong>Quae</strong></span> <span class='ocrx_word' id='word_1_304' title='bbox 504 2921 771 2980; x_wconf 90' lang='lat' dir='ltr'><strong>sequuntur</strong></span> <span class='ocrx_word' id='word_1_305' title='bbox 809 2913 955 2980; x_wconf 87' lang='lat' dir='ltr'><strong>igitur</strong></span> <span class='ocrx_word' id='word_1_306' title='bbox 997 2931 1061 2965; x_wconf 90' lang='lat' dir='ltr'><strong>ex</strong></span> <span class='ocrx_word' id='word_1_307' title='bbox 1085 2912 1257 2966; x_wconf 86' lang='lat' dir='ltr'><strong>Aeacii</strong></span> <span class='ocrx_word' id='word_1_308' title='bbox 1301 2914 1649 2965; x_wconf 88' lang='lat' dir='ltr'><strong>commentario</strong></span> <span class='ocrx_word' id='word_1_309' title='bbox 1681 2923 1850 2965; x_wconf 89' lang='lat' dir='ltr'><strong>contra</strong></span> <span class='ocrx_word' id='word_1_310' title='bbox 1879 2911 2016 2964; x_wconf 84' lang='lat' dir='ltr'><strong>Mar-</strong></span> 
     </span>
     <span class='ocr_line' id='line_1_33' title="bbox 112 2997 671 3066; baseline -0.005 -16"><span class='ocrx_word' id='word_1_311' title='bbox 112 2999 282 3050; x_wconf 87' lang='lat' dir='ltr'><strong>cellum</strong></span> <span class='ocrx_word' id='word_1_312' title='bbox 320 2997 671 3066; x_wconf 79' lang='lat' dir='ltr'><strong>excerpsimus,</strong></span> 
     </span>
    </p>
   </div>
   <div class='ocr_carea' id='block_1_3' title="bbox 110 3164 2014 3723">
    <p class='ocr_par' dir='ltr' id='par_1_4' title="bbox 110 3164 2014 3555">
     <span class='ocr_line' id='line_1_34' title="bbox 113 3164 2010 3208; baseline -0.001 -1"><span class='ocrx_word' id='word_1_313' title='bbox 113 3167 217 3208; x_wconf 86' lang='lat' dir='ltr'><strong>cium</strong></span> <span class='ocrx_word' id='word_1_314' title='bbox 246 3166 353 3206; x_wconf 81' lang='lat' dir='ltr'><strong>inter</strong></span> <span class='ocrx_word' id='word_1_315' title='bbox 381 3173 424 3205; x_wconf 84' lang='lat' dir='ltr'><strong>et</strong></span> <span class='ocrx_word' id='word_1_316' title='bbox 446 3164 635 3205; x_wconf 81' lang='lat' dir='ltr'><strong>Basilium</strong></span> <span class='ocrx_word' id='word_1_317' title='bbox 667 3165 853 3206; x_wconf 85' lang='lat' dir='ltr'><strong>Galatam</strong></span> <span class='ocrx_word' id='word_1_318' title='bbox 883 3172 924 3204; x_wconf 84' lang='lat' dir='ltr'><strong>et</strong></span> <span class='ocrx_word' id='word_1_319' title='bbox 950 3166 1029 3205; x_wconf 86' lang='lat' dir='ltr'><strong>Ge·</strong></span> <span class='ocrx_word' id='word_1_320' title='bbox 1087 3174 1231 3206; x_wconf 84' lang='lat' dir='ltr'><strong>contra</strong></span> <span class='ocrx_word' id='word_1_321' title='bbox 1260 3166 1387 3207; x_wconf 82' lang='lat' dir='ltr'><strong>factas</strong></span> <span class='ocrx_word' id='word_1_322' title='bbox 1422 3166 1641 3206; x_wconf 88' lang='lat' dir='ltr'><strong>divisiones</strong></span> <span class='ocrx_word' id='word_1_323' title='bbox 1671 3166 1791 3206; x_wconf 85' lang='lat' dir='ltr'><strong>etiam</strong></span> <span class='ocrx_word' id='word_1_324' title='bbox 1818 3166 1899 3206; x_wconf 86' lang='lat' dir='ltr'><strong>hoc</strong></span> <span class='ocrx_word' id='word_1_325' title='bbox 1939 3181 2010 3206; x_wconf 83' lang='lat' dir='ltr'><strong>ex·-</strong></span> 
     </span>
     <span class='ocr_line' id='line_1_35' title="bbox 113 3219 2012 3276; baseline 0 -13"><span class='ocrx_word' id='word_1_326' title='bbox 113 3222 272 3276; x_wconf 86' lang='lat' dir='ltr'><strong>orgium</strong></span> <span class='ocrx_word' id='word_1_327' title='bbox 311 3220 586 3262; x_wconf 86' lang='lat' dir='ltr'><strong>Laodicenum</strong></span> <span class='ocrx_word' id='word_1_328' title='bbox 629 3230 743 3262; x_wconf 82' lang='lat' dir='ltr'><strong>ortae</strong></span> <span class='ocrx_word' id='word_1_329' title='bbox 784 3219 941 3267; x_wconf 81' lang='lat' dir='ltr'><strong>essent,</strong></span> <span class='ocrx_word' id='word_1_330' title='bbox 990 3221 1031 3260; x_wconf 90' lang='lat' dir='ltr'><strong>in</strong></span> <span class='ocrx_word' id='word_1_331' title='bbox 1088 3232 1342 3275; x_wconf 82' lang='lat' dir='ltr'><strong>presserunt,</strong></span> <span class='ocrx_word' id='word_1_332' title='bbox 1391 3223 1593 3276; x_wconf 84' lang='lat' dir='ltr'><strong>producto</strong></span> <span class='ocrx_word' id='word_1_333' title='bbox 1633 3222 1672 3261; x_wconf 89' lang='lat' dir='ltr'><strong>in</strong></span> <span class='ocrx_word' id='word_1_334' title='bbox 1700 3223 1876 3261; x_wconf 84' lang='lat' dir='ltr'><strong>medium</strong></span> <span class='ocrx_word' id='word_1_335' title='bbox 1906 3227 2012 3263; x_wconf 87' lang='lat' dir='ltr'><strong>Aca-</strong></span> 
     </span>
     <span class='ocr_line' id='line_1_36' title="bbox 111 3277 2013 3332; baseline 0.001 -14"><span class='ocrx_word' id='word_1_336' title='bbox 111 3279 194 3319; x_wconf 88' lang='lat' dir='ltr'><strong>suis</strong></span> <span class='ocrx_word' id='word_1_337' title='bbox 235 3279 416 3332; x_wconf 85' lang='lat' dir='ltr'><strong>ipsorum</strong></span> <span class='ocrx_word' id='word_1_338' title='bbox 454 3277 612 3332; x_wconf 87' lang='lat' dir='ltr'><strong>scriptis</strong></span> <span class='ocrx_word' id='word_1_339' title='bbox 651 3278 704 3317; x_wconf 90' lang='lat' dir='ltr'><strong>ad</strong></span> <span class='ocrx_word' id='word_1_340' title='bbox 741 3277 1034 3318; x_wconf 87' lang='lat' dir='ltr'><strong>confutandum</strong></span> <span class='ocrx_word' id='word_1_341' title='bbox 1091 3278 1166 3319; x_wconf 91' lang='lat' dir='ltr'><strong>cio.</strong></span> <span class='ocrx_word' id='word_1_342' title='bbox 1212 3279 1294 3318; x_wconf 88' lang='lat' dir='ltr'><strong>Sed</strong></span> <span class='ocrx_word' id='word_1_343' title='bbox 1316 3288 1356 3318; x_wconf 82' lang='lat' dir='ltr'><strong>et</strong></span> <span class='ocrx_word' id='word_1_344' title='bbox 1380 3279 1565 3318; x_wconf 88' lang='lat' dir='ltr'><strong>Basilium</strong></span> <span class='ocrx_word' id='word_1_345' title='bbox 1584 3278 1784 3326; x_wconf 85' lang='lat' dir='ltr'><strong>Galatam,</strong></span> <span class='ocrx_word' id='word_1_346' title='bbox 1813 3286 1854 3317; x_wconf 87' lang='lat' dir='ltr'><strong>et</strong></span> <span class='ocrx_word' id='word_1_347' title='bbox 1883 3279 2013 3319; x_wconf 90' lang='lat' dir='ltr'><strong>Geor-</strong></span> 
     </span>
     <span class='ocr_line' id='line_1_37' title="bbox 112 3333 2012 3388; baseline 0.001 -14"><span class='ocrx_word' id='word_1_348' title='bbox 112 3333 305 3375; x_wconf 86' lang='lat' dir='ltr'><strong>Acacium</strong></span> <span class='ocrx_word' id='word_1_349' title='bbox 331 3333 392 3373; x_wconf 90' lang='lat' dir='ltr'><strong>usi</strong></span> <span class='ocrx_word' id='word_1_350' title='bbox 418 3341 524 3372; x_wconf 86' lang='lat' dir='ltr'><strong>sunt.</strong></span> <span class='ocrx_word' id='word_1_351' title='bbox 583 3336 792 3374; x_wconf 66' lang='lat' dir='ltr'><strong>Coi-narius</strong></span> <span class='ocrx_word' id='word_1_352' title='bbox 815 3337 925 3374; x_wconf 80' lang='lat' dir='ltr'><strong>vertit</strong></span> <span class='ocrx_word' id='word_1_353' title='bbox 948 3335 1035 3372; x_wconf 87' lang='lat' dir='ltr'><strong>Ve—</strong></span> <span class='ocrx_word' id='word_1_354' title='bbox 1090 3334 1199 3387; x_wconf 82' lang='lat' dir='ltr'><strong>gium</strong></span> <span class='ocrx_word' id='word_1_355' title='bbox 1226 3334 1482 3374; x_wconf 82' lang='lat' dir='ltr'><strong>Laodicaeae</strong></span> <span class='ocrx_word' id='word_1_356' title='bbox 1509 3334 1743 3388; x_wconf 87' lang='lat' dir='ltr'><strong>episcopum</strong></span> <span class='ocrx_word' id='word_1_357' title='bbox 1782 3334 2012 3375; x_wconf 79' lang='lat' dir='ltr'><strong>constitue-</strong></span> 
     </span>
     <span class='ocr_line' id='line_1_38' title="bbox 110 3388 2014 3443; baseline 0.001 -13"><span class='ocrx_word' id='word_1_358' title='bbox 110 3405 200 3430; x_wconf 89' lang='lat' dir='ltr'><strong>rum</strong></span> <span class='ocrx_word' id='word_1_359' title='bbox 227 3390 277 3430; x_wconf 88' lang='lat' dir='ltr'><strong>ab</strong></span> <span class='ocrx_word' id='word_1_360' title='bbox 307 3388 396 3429; x_wconf 86' lang='lat' dir='ltr'><strong>aliis</strong></span> <span class='ocrx_word' id='word_1_361' title='bbox 424 3403 581 3429; x_wconf 90' lang='lat' dir='ltr'><strong>rursum</strong></span> <span class='ocrx_word' id='word_1_362' title='bbox 610 3389 930 3429; x_wconf 82' lang='lat' dir='ltr'><strong>demonstratum</strong></span> <span class='ocrx_word' id='word_1_363' title='bbox 959 3397 1035 3436; x_wconf 82' lang='lat' dir='ltr'><strong>est,</strong></span> <span class='ocrx_word' id='word_1_364' title='bbox 1091 3397 1187 3429; x_wconf 84' lang='lat' dir='ltr'><strong>runt</strong></span> <span class='ocrx_word' id='word_1_365' title='bbox 1212 3389 1264 3429; x_wconf 88' lang='lat' dir='ltr'><strong>ad</strong></span> <span class='ocrx_word' id='word_1_366' title='bbox 1283 3390 1454 3429; x_wconf 83' lang='lat' dir='ltr'><strong>eundem</strong></span> <span class='ocrx_word' id='word_1_367' title='bbox 1475 3389 1659 3429; x_wconf 85' lang='lat' dir='ltr'><strong>Acacium</strong></span> <span class='ocrx_word' id='word_1_368' title='bbox 1678 3390 2014 3443; x_wconf 83' lang='lat' dir='ltr'><strong>redarguendum.</strong></span> 
     </span>
     <span class='ocr_line' id='line_1_39' title="bbox 113 3442 2011 3500; baseline 0.001 -15"><span class='ocrx_word' id='word_1_369' title='bbox 113 3446 224 3500; x_wconf 91' lang='lat' dir='ltr'><strong>quod</strong></span> <span class='ocrx_word' id='word_1_370' title='bbox 272 3444 541 3498; x_wconf 83' lang='lat' dir='ltr'><strong>redarguendi</strong></span> <span class='ocrx_word' id='word_1_371' title='bbox 586 3446 715 3497; x_wconf 80' lang='lat' dir='ltr'><strong>gratia</strong></span> <span class='ocrx_word' id='word_1_372' title='bbox 760 3445 1038 3499; x_wconf 85' lang='lat' dir='ltr'><strong>produxerunt</strong></span> <span class='ocrx_word' id='word_1_373' title='bbox 1148 3445 1185 3486; x_wconf 85' lang='lat'><strong>3.</strong></span> <span class='ocrx_word' id='word_1_374' title='bbox 1216 3442 1507 3495; x_wconf 80' lang='grc' dir='ltr'>ἅντισυντάξας</span> <span class='ocrx_word' id='word_1_375' title='bbox 1521 3447 1631 3485; x_wconf 86' lang='lat' dir='ltr'><strong>codd.</strong></span> <span class='ocrx_word' id='word_1_376' title='bbox 1651 3458 1740 3486; x_wconf 87' lang='lat' dir='ltr'><strong>mss.</strong></span> <span class='ocrx_word' id='word_1_377' title='bbox 1762 3449 1869 3487; x_wconf 84' lang='lat' dir='ltr'><strong>eted.</strong></span> <span class='ocrx_word' id='word_1_378' title='bbox 1887 3450 2011 3499; x_wconf 83' lang='lat' dir='ltr'><strong>princ.</strong></span> 
     </span>
     <span class='ocr_line' id='line_1_40' title="bbox 113 3497 1704 3555; baseline -0.001 -14"><span class='ocrx_word' id='word_1_379' title='bbox 113 3517 162 3542; x_wconf 89' lang='lat' dir='ltr'><strong>ea</strong></span> <span class='ocrx_word' id='word_1_380' title='bbox 192 3515 293 3555; x_wconf 87' lang='lat' dir='ltr'><strong>quae</strong></span> <span class='ocrx_word' id='word_1_381' title='bbox 320 3501 370 3540; x_wconf 92' lang='lat' dir='ltr'><strong>ab</strong></span> <span class='ocrx_word' id='word_1_382' title='bbox 393 3500 491 3554; x_wconf 88' lang='lat' dir='ltr'><strong>ipsis</strong></span> <span class='ocrx_word' id='word_1_383' title='bbox 516 3510 657 3540; x_wconf 86' lang='lat' dir='ltr'><strong>contra</strong></span> <span class='ocrx_word' id='word_1_384' title='bbox 679 3501 790 3540; x_wconf 84' lang='lat' dir='ltr'><strong>illum</strong></span> <span class='ocrx_word' id='word_1_385' title='bbox 816 3501 1040 3554; x_wconf 88' lang='lat' dir='ltr'><strong>composita</strong></span> <span class='ocrx_word' id='word_1_386' title='bbox 1094 3497 1457 3550; x_wconf 78' lang='grc' dir='ltr'>ἀντισυντάξαντας</span> <span class='ocrx_word' id='word_1_387' title='bbox 1485 3504 1543 3541; x_wconf 87' lang='lat' dir='ltr'><strong>ed.</strong></span> <span class='ocrx_word' id='word_1_388' title='bbox 1572 3503 1704 3542; x_wconf 82' lang='lat' dir='ltr'><strong>Petav.</strong></span> 
     </span>
    </p>

    <p class='ocr_par' dir='ltr' id='par_1_5' title="bbox 111 3555 2013 3666">
     <span class='ocr_line' id='line_1_41' title="bbox 111 3555 2013 3613; baseline 0.003 -17"><span class='ocrx_word' id='word_1_389' title='bbox 111 3565 219 3606; x_wconf 86' lang='lat' dir='ltr'><strong>sunt‚</strong></span> <span class='ocrx_word' id='word_1_390' title='bbox 251 3571 301 3598; x_wconf 75' lang='lat' dir='ltr'><strong>eo</strong></span> <span class='ocrx_word' id='word_1_391' title='bbox 322 3556 432 3610; x_wconf 91' lang='lat' dir='ltr'><strong>quod</strong></span> <span class='ocrx_word' id='word_1_392' title='bbox 454 3556 530 3610; x_wconf 88' lang='lat' dir='ltr'><strong>ipsi</strong></span> <span class='ocrx_word' id='word_1_393' title='bbox 553 3556 620 3609; x_wconf 85' lang='lat' dir='ltr'><strong>qui</strong></span> <span class='ocrx_word' id='word_1_394' title='bbox 645 3565 785 3597; x_wconf 77' lang='lat' dir='ltr'><strong>contra</strong></span> <span class='ocrx_word' id='word_1_395' title='bbox 802 3557 914 3596; x_wconf 86' lang='lat' dir='ltr'><strong>illum</strong></span> <span class='ocrx_word' id='word_1_396' title='bbox 937 3555 1033 3596; x_wconf 86' lang='lat' dir='ltr'><strong>scri·</strong></span> <span class='ocrx_word' id='word_1_397' title='bbox 1152 3556 1189 3597; x_wconf 75' lang='lat'><strong>4.</strong></span> <span class='ocrx_word' id='word_1_398' title='bbox 1221 3556 1442 3610; x_wconf 76' lang='grc' dir='ltr'>γενομένας</span> <span class='ocrx_word' id='word_1_399' title='bbox 1460 3559 1569 3598; x_wconf 83' lang='lat' dir='ltr'><strong>codd.</strong></span> <span class='ocrx_word' id='word_1_400' title='bbox 1589 3570 1676 3598; x_wconf 85' lang='lat' dir='ltr'><strong>mss.</strong></span> <span class='ocrx_word' id='word_1_401' title='bbox 1700 3563 1866 3610; x_wconf 77' lang='lat' dir='ltr'><strong>uterque.</strong></span> <span class='ocrx_word' id='word_1_402' title='bbox 1898 3560 2013 3613; x_wconf 86' lang='grc' dir='ltr'>λεγο-</span> 
     </span>
     <span class='ocr_line' id='line_1_42' title="bbox 112 3612 1343 3666; baseline 0 -14"><span class='ocrx_word' id='word_1_403' title='bbox 112 3621 278 3666; x_wconf 83' lang='lat' dir='ltr'><strong>pserunt</strong></span> <span class='ocrx_word' id='word_1_404' title='bbox 309 3620 452 3665; x_wconf 86' lang='lat' dir='ltr'><strong>postea</strong></span> <span class='ocrx_word' id='word_1_405' title='bbox 484 3613 524 3653; x_wconf 88' lang='lat' dir='ltr'><strong>in</strong></span> <span class='ocrx_word' id='word_1_406' title='bbox 555 3612 665 3652; x_wconf 87' lang='lat' dir='ltr'><strong>aliud</strong></span> <span class='ocrx_word' id='word_1_407' title='bbox 694 3613 836 3652; x_wconf 90' lang='lat' dir='ltr'><strong>mutati</strong></span> <span class='ocrx_word' id='word_1_408' title='bbox 856 3613 1031 3652; x_wconf 88' lang='lat' dir='ltr'><strong>fuerunt.</strong></span> <span class='ocrx_word' id='word_1_409' title='bbox 1090 3612 1215 3666; x_wconf 80' lang='grc' dir='ltr'>μένας</span> <span class='ocrx_word' id='word_1_410' title='bbox 1242 3615 1343 3653; x_wconf 76' lang='lat' dir='ltr'><strong>editi.</strong></span> 
     </span>
    </p>

    <p class='ocr_par' dir='ltr' id='par_1_6' title="bbox 114 3668 1033 3723">
     <span class='ocr_line' id='line_1_43' title="bbox 114 3668 1033 3723; baseline -0.002 -15"><span class='ocrx_word' id='word_1_411' title='bbox 114 3673 246 3723; x_wconf 86' lang='lat' dir='ltr'><strong>Atque</strong></span> <span class='ocrx_word' id='word_1_412' title='bbox 285 3668 327 3709; x_wconf 91' lang='lat' dir='ltr'><strong>hi</strong></span> <span class='ocrx_word' id='word_1_413' title='bbox 356 3668 434 3722; x_wconf 89' lang='lat' dir='ltr'><strong>ipsi</strong></span> <span class='ocrx_word' id='word_1_414' title='bbox 461 3669 504 3708; x_wconf 86' lang='lat' dir='ltr'><strong>in</strong></span> <span class='ocrx_word' id='word_1_415' title='bbox 539 3669 618 3708; x_wconf 91' lang='lat' dir='ltr'><strong>suis</strong></span> <span class='ocrx_word' id='word_1_416' title='bbox 656 3669 836 3722; x_wconf 81' lang='lat' dir='ltr'><strong>ipsorum</strong></span> <span class='ocrx_word' id='word_1_417' title='bbox 872 3668 1033 3723; x_wconf 86' lang='lat' dir='ltr'><strong>scriptis</strong></span> 
     </span>
    </p>
   </div>
  </div>
 </body>
</html>
