2508 4134
483 282 586 339 356
1192 292 1395 336 SANCTI
1424 292 1707 334 EPIPHANH

480 399 578 446 τῶν
617 389 793 461 άγίων,
845 391 930 442 καὶ
954 392 1214 453 πίνοντος,
1266 391 1351 442 καὶ
1377 395 1684 454 κοπιῶντος,
1736 390 1818 443 καὶ
1857 387 2291 458 ἀποθνήσκοντος,
2342 392 2405 447 οὖ

477 478 665 547 λέγεται
695 481 751 512 1⁵
772 473 839 536 ὥς
862 473 1010 536 αὐτὸς
1046 481 1099 511 ¹⁶
1117 477 1325 540 ἐσθίων,
1361 476 1445 528 καὶ
1468 481 1685 539 κοπιῶν,
1736 476 1821 527 καὶ
1848 472 2149 541 ἀποθανών,
2199 475 2296 530 ἄλλ’
2321 479 2402 532 ἐπὶ

393 588 417 612 ο
479 560 635 630 μόνου
679 567 772 614 τοῦ
813 563 867 614 ἐκ
905 563 1136 629 Μαρίαςς
1195 559 1259 612 uA
1304 558 1395 630 γάρ
1436 562 1612 628 ἔπασχε
1647 566 1790 613 τοῦτο
1830 558 1884 613 τό
1924 567 2091 628 σῶμα,
2144 567 2296 620 ταῦτα
2337 560 2404 626 οἷς

479 647 633 701 αὐτοῦ
675 646 945 715 πάσχοντος
979 648 1180 716 εἴρηται.
1255 647 1357 698 Καὶ
1386 651 1486 699 τῶν
1515 643 1671 698 ἄλλων
1700 645 1752 699 δὲ
1787 644 1986 700 πάντων
2021 649 2290 715 λεγομένων
2316 646 2404 716 μό·-

473 754 562 786 νον
611 731 759 785 Πὸτι
802 732 1100 799 ἐτέχθησαν,
1150 732 1234 784 καὶ
1271 729 1635 801 ἐγεννήθησαν,
1687 732 1768 784 ἐπὶ
1797 737 1885 784 τοῦ
1922 733 1975 784 ἐκ
2002 734 2209 803 Μαρίας
2244 731 2402 801 μόνου

473 820 685 890 εἴρηται,
726 819 827 870 Καὶ
865 815 894 870 ὁ
930 815 1073 887 λόγος
1108 815 1228 887 σάρξ
1265 818 1468 886 ἐγένετο.

246 1018 331 1053 pag.
350 1008 448 1065 1003.
607 989 694 1052 Ἐξ
727 981 797 1041 ὧν
841 991 1086 1042 δείκνυται
1127 987 1203 1042 ὅτι
1243 985 1369 1058 πρὸς
1406 987 1494 1055 μὲν
1531 984 1649 1049 τούς
1687 986 1862 1051 ἄλλους
1895 993 1913 1024 ¹
1933 987 2119 1050 πάντας
2147 989 2342 1058 γέγονεν
2369 985 2399 1042 ό

242 1054 354 1110 Κεφ·
379 1068 444 1110 ιγ·
473 1071 618 1144 λόγος
645 1080 737 1127 τοῦ
763 1073 1093 1145 προφητεύειν
1115 1072 1282 1143 χάριν,
1304 1074 1419 1126 -Ξέκ
1445 1075 1653 1141 Μαρίας
1675 1070 1823 1135 αὖτὸς
1846 1069 1876 1125 ό
1901 1073 2043 1144 λόγος
2072 1072 2229 1143 σάρκα
2258 1075 2398 1127 θὲαυ-

468 1165 537 1232 τῷ
570 1158 733 1228 λαβών
759 1165 1014 1230 προῆλθεν
1039 1157 1339 1230 ἅνθρωπος,
1390 1163 1450 1231 τῇ
1486 1158 1574 1225 μὲν
1613 1155 1759 1224 φύσει
1787 1159 1872 1211 καὶ
1900 1164 1959 1232 τῇ
1989 1158 2135 1232 οὐσίᾳ
2159 1157 2304 1229 λόγος
2327 1158 2398 1212 ὧν

467 1251 559 1298 τοῦ
589 1251 742 1308 θεοῦ,
794 1243 921 1298 κατά
949 1245 1001 1298 δὲ
1032 1243 1191 1315 σάρκα
1230 1246 1284 1297 ἐκ
1312 1245 1587 1313 σπέρματος
1614 1244 1805 1310 Δαβὶδ,
1853 1244 1936 1296 καὶ
1961 1249 2047 1312 τῆς
2068 1243 2251 1315 σαρκός
2278 1251 2396 1297 Μα-

467 1334 575 1401 ρίας
599 1330 858 1402 γενόμενος
884 1330 1178 1399 ἅνθρωπος,
1231 1327 1298 1392 ὥς
1329 1326 1464 1382 εἶπεν
1493 1325 1522 1382 ὁ
1552 1333 1769 1390 Παῦλος.
1850 1335 2035 1383 Τοῦτον
2061 1332 2146 1383 καὶ
2177 1328 2205 1384 ὅ
2233 1329 2394 1401 πατὴρ

464 1419 708 1470 ἐδείκνυεν
741 1418 795 1470 ἐν
835 1421 903 1489 τῷ
934 1414 1166 1488 Ἰορδάνῃ
1199 1416 1283 1468 καὶ
1314 1416 1366 1468 ἐν
1389 1420 1458 1487 τῷ
1489 1412 1621 1484 ὅρει,
1657 1415 1834 1484 λέγων,
1891 1408 2052 1477 Οὗτός
2079 1417 2206 1469 ἔστιν
2228 1413 2258 1470 ό
2286 1415 2396 1480 υἱός

463 1524 561 1570 μου
604 1500 634 1556 ό
661 1500 939 1572 ἀγαπητός,
980 1503 1032 1555 ἓν
1073 1494 1112 1574 ᾧ
1157 1499 1433 1568 ηὗδόκησα.
1526 1505 1713 1553 Τοῦτον
1750 1503 1805 1553 οἱ
1836 1500 1923 1568 μὲν
1957 1500 2205 1571 Ἀρειανοὶ
2241 1499 2392 1573 η’ρνή-

463 1605 638 1653 σαντο,
689 1585 831 1655 ἡμεῖς
869 1588 922 1640 δὲ
956 1585 1384 1657 4ἐπιγινώσκομεν
1421 1591 1834 1656 προςκυνοῦντες,
1884 1584 1945 1640 οὐ
1973 1590 2278 1658 διαιροῦντες
2307 1585 2393 1642 τόν

460 1671 573 1726 υἷὸν
606 1675 692 1726 καὶ
720 1672 806 1727 τὸν
846 1672 1017 1743 λόγον,
1071 1670 1161 1725 ἄλλ’
1198 1670 1349 1726 αὐτόν
1380 1669 1467 1725 τόν
1493 1669 1639 1742 λόγον
1669 1672 1849 1734 εἰδότες
1878 1669 2000 1726 εἶναι
2032 1671 2119 1726 τόν
2149 1671 2290 1739 υἱόν,
2328 1671 2391 1727 δι’

460 1752 523 1812 οὗ
550 1756 608 1811 τά
634 1757 795 1811 πάντα
831 1760 1025 1830 γέγονε,
1075 1759 1161 1811 καὶ
1205 1756 1345 1826 ἡμεῖς
1377 1756 1844 1828 5ἠλευθερώθημεν.
1919 1756 2014 1812 Διό
2049 1759 2133 1812 καὶ
2167 1758 2390 1828 ἐθαυμά-

457 1861 611 1912 σαμεν
647 1851 754 1908 πῶς
797 1844 923 1907 ὅλως
965 1846 1018 1897 ἐν
1065 1841 1221 1912 θῆμῖν
1269 1845 1381 1913 περὶ
1419 1843 1607 1896 τούτων
1650 1842 1853 1906 7οὕτως
1899 1845 2063 1914 γε’γονε
2100 1848 2385 1911 φιλονεικία.

447 1928 594 1982 Ἀλλά
621 1929 763 2001 χάρις
791 1934 857 2004 τῷ
893 1936 915 1966 8
935 1934 1055 2003 θεῷ,
1093 1928 1212 1983 ὅσον
1245 1927 1563 1996 ἐλυπήθημεν
1595 1935 1618 1965 ⁹
1638 1928 2008 2000 ἐντυγχάνοντες
2036 1938 2137 1992 τοῖς
2166 1927 2389 2000 ὑπομνή-

455 2033 598 2084 μασι,
636 2022 876 2070 τοσοῦτον
897 2015 1137 2086 ἐχάρημεν
1164 2017 1245 2068 ἐπὶ
1273 2021 1339 2087 τῷ
1378 2016 1498 2068 τέλει
1524 2013 1726 2068 τούτων.
1802 2013 1949 2068 Μετὰ
1976 2014 2069 2087 γάρ
2096 2019 2388 2083 συμφωνίας

455 2098 794 2172 ἀνεχώρησαν,
846 2103 931 2156 καὶ
964 2101 1250 2170 είρήνευσαν
1285 2102 1366 2154 ἐπὶ
1395 2106 1457 2174 τῇ
1484 2097 1718 2172 ὁμολογίᾳ
1745 2105 1834 2168 τῆς
1860 2098 2093 2168 εὐσεβοῦς
2121 2103 2206 2155 καὶ
2233 2093 2384 2172 ὄρθο-

454 2186 605 2250 δόξου
634 2191 854 2250 πίστεως.
937 2193 1093 2241 Τοῦτο
1122 2192 1244 2256 γοῦν
1276 2185 1402 2253 κάμὲ
1432 2184 1584 2239 πολλοὶ
1611 2185 1849 2256 πρότερον
1879 2186 2192 2254 σκεψάμενον
2229 2193 2385 2240 10πιε-

452 2276 629 2340 ποίηκε
670 2272 861 2343 γράψαι
898 2271 958 2324 τοὶ
1001 2270 1139 2342 ὀλίγα
1182 2278 1360 2337 ταῦτα,
1408 2269 1754 2341 λογισάμενον,
1808 2269 1875 2339 μὴ
1923 2270 2093 2342 1ῑόὲρα
2136 2274 2265 2326 12ἐκ
2299 2279 2386 2341 τῆς

451 2364 642 2427 σιωπῆς
671 2358 780 2412 ἀντὶ
808 2364 960 2429 χαρᾶς
987 2360 1118 2426 λύπη
1150 2359 1345 2428 γένηται
1374 2365 1476 2419 τοῖς
1511 2365 1567 2396 13
1589 2359 1642 2410 ἐκ
1682 2362 1768 2424 τῆς
1801 2361 2093 2424 συμφωνίας
2132 2357 2385 2429 πρόφασιν

449 2450 539 2497 τοῦ
574 2447 757 2514 χαίρειν
793 2450 1131 2513 παρασχοῦσιν
1173 2441 1304 2511 ἡμῖν.
1370 2442 1520 2506 Ἀξιῶ
1560 2446 1728 2495 τοίνυν
1765 2444 2147 2512 προηγουμένως
2175 2442 2263 2512 τὴν
2291 2442 2383 2512 σήν

455 2527 746 2597 εὐλάβειαν,
813 2530 898 2582 καὶ
937 2528 1163 2598 δεύτερον
1202 2527 1319 2591 τούς
1374 2527 1674 2590 ἀκούοντας,
1736 2525 1856 2595 μετά
1900 2527 2223 2597 συνειδήσεως
2267 2527 2384 2599 άγα-

446 2619 550 2681 θῆς
573 2620 727 2667 ταῦτα
752 2616 1006 2680 δέξασθαι,
1046 2616 1129 2668 καὶ
1156 2617 1201 2668 εἰ
1231 2615 1390 2682 ι4μὲν
1413 2612 1538 2685 πρὸς
1575 2611 1824 2680 εὐσέβειαν
1859 2617 2028 2680 λείπει,
2065 2620 2211 2668 τοῦτο
2251 2617 2382 2685 διορ-

446 2699 718 2753 θώσασθαι
745 2701 830 2754 καὶ
859 2703 1074 2768 δηλῶσαί
1100 2723 1211 2768 μοι,
1262 2702 1306 2753 εἰ
1336 2700 1390 2753 δὲ
1415 2698 1482 2762 ὥς
1511 2698 1648 2770 παρά
1678 2699 1877 2753 ἰδιώτου
1906 2706 1975 2772 τῷ
2016 2699 2145 2773 λόγῳ
2185 2700 2380 2768 ι*ῖμηδέε

446 2783 551 2838 κατ’
581 2783 750 2851 άξίαν,
804 2786 927 2853 μηδὲ
954 2789 1143 2848 τελείως
1179 2788 1472 2857 γέγραπται,
1527 2791 1804 2856 συγγνῶναι
1842 2783 2032 2848 πάντας
2072 2790 2132 2858 τῇ
2168 2781 2379 2858 ἡμετέρᾳ

445 2872 558 2942 περὶ
594 2868 649 2925 τὸ
686 2871 839 2942 λέγειν
882 2877 940 2909 ¹⁶
961 2872 1209 2945 ἀσθενείᾳ.
1290 2869 1628 2942 17Ἔρρωσθε.

1202 2985 1626 3031 ΠΕΠΛΗΡΩΤΔΙ.

217 3311 330 3369 Κεφ.
350 3312 415 3358 ιδ’.
583 3295 717 3351 Ἐπεὶ
762 3291 852 3352 οῦν
895 3299 980 3352 καὶ
1018 3295 1052 3366 ἡ
1088 3298 1314 3368 ἐπιστολὴ
1356 3298 1580 3370 ε’νετάγη,
1635 3300 1720 3353 καὶ
1758 3298 1818 3351 οὗ
1861 3297 2016 3365 μόνον
2055 3300 2106 3361 ἐξ
2148 3292 2220 3353 ὧν
2258 3296 2372 3372 παρ’

503 3442 567 3484 15.
599 3439 658 3491 ω“ς
684 3439 813 3492 αὐτὸς
843 3446 955 3484 codd.
982 3457 1073 3485 mss.
1107 3449 1141 3486 et
1167 3447 1226 3486 ed.
1252 3447 1377 3496 prz'nc.
1493 3443 1533 3486 3.
1565 3442 1703 3500 ἑαυτῷ
1736 3446 1841 3484 abest
1869 3456 1895 3484 a
1923 3445 1968 3484 Β.

442 3503 478 3540 et
504 3501 549 3540 Β.
610 3495 812 3549 ώςαύτως
840 3503 898 3541 ed.
931 3502 1066 3542 Petav.
1492 3498 1531 3542 4.
1563 3498 1904 3554 ἐπιγινώσκοντες
1931 3501 2236 3557 προςκυνοῦμεν
2264 3504 2310 3544 Β.

505 3556 566 3598 16.
599 3554 778 3606 ἐσῇίων,
815 3556 888 3600 καὶ
919 3557 1071 3609 πίνων,
1102 3557 1175 3601 καὶ
1206 3559 1376 3612 κοπιῶν,
1491 3560 1530 3599 5.
1563 3554 1859 3611 ἐλυτρώὲημεν
1887 3560 1933 3598 Β.

443 3610 515 3653 καὶ
545 3607 825 3666 οἷποὲῐνήσκων
855 3617 902 3655 Β.
1490 3613 1529 3657 6.
1562 3609 1658 3665 ὑμῖν
1689 3615 1746 3654 ed.
1780 3615 1916 3655 Petav.
1948 3619 1982 3655 et
2009 3617 2055 3656 B.

503 3668 567 3710 17.
601 3665 665 3712 ὅτι
688 3684 763 3711 non
791 3673 929 3722 legitur
951 3674 994 3712 in
1018 3673 1131 3712 codd.
1163 3683 1252 3712 mss.
1267 3701 1280 3722 ‚
1309 3683 1375 3711 ne·
1488 3670 1529 3714 7.
1560 3666 1670 3712 οῧτω
1696 3671 1885 3724 φανερῶν
1913 3670 2057 3725 γέγονε
2084 3673 2130 3713 Β.
2156 3673 2277 3713 Recte.

443 3735 514 3773 que
544 3727 585 3764 in
613 3729 702 3766 edit.
731 3731 857 3777 princ.
887 3730 936 3768 Et
962 3741 1054 3768 sane
1084 3730 1214 3769 abesse
1239 3733 1373 3780 potest.
1490 3727 1530 3769 8.
1560 3726 1690 3782 κυρίῳ
1723 3721 1788 3769 ὅτι
1816 3721 1913 3770 ὅσον
1947 3730 1987 3768 Β.

503 3780 599 3820 cn.
623 3783 739 3822 XIII.
770 3807 823 3814 —-
886 3786 923 3824 1.
955 3779 1140 3833 ἅπαντας
1168 3788 1213 3825 Β.
1492 3782 1531 3825 9.
1563 3781 1800 3839 ἐντυχόντες
1829 3786 1874 3824 Β.

498 3835 537 3877 2.
573 3839 826 3880 Scribendum
855 3839 904 3883 ἐκ
931 3839 979 3884 δὲ
1006 3841 1065 3882 Μ.
1090 3854 1178 3882 cum
1203 3844 1249 3882 Β.
1465 3841 1529 3884 10.
1557 3839 1730 3883 πέπεικε
1757 3842 1802 3881 Β.
