2508 4134
456 233 557 285 754

453 343 534 384 Dei
559 355 687 397 opera
709 348 805 381 sunt
835 341 1088 383 admirabilia
1103 373 1117 395 ,
1148 342 1260 397 quod
1288 352 1386 398 pro'-

507 413 629 453 batur
657 425 708 451 ex
734 412 876 453 mundi
910 412 1076 467 opificio
1099 414 1203 454 596.

453 483 564 523 Deus
590 496 810 538 personam
833 497 955 524 unam
977 498 1061 524 non
1087 483 1284 534 admittit,
1314 498 1385 524 ne-

508 567 587 609 que
614 552 656 593 in
682 566 734 594 eo
763 553 879 594 unius
904 569 993 595 esse
1016 562 1158 609 potest
1183 569 1385 609 personae

508 622 786 665 consideratio
803 627 900 667 482.
926 649 968 661 ·-÷
1006 633 1048 666 et
1072 639 1174 666 unus
1203 626 1383 666 omnium

506 709 643 736 rerum
673 695 862 737 conditor
891 695 992 737 deus
1010 728 1021 747 ,
1065 710 1151 736 non
1177 707 1277 738 vero
1303 712 1382 738 an—

506 765 589 821 geli
615 774 757 807 contra
774 766 1025 808 Saturnilum
1046 763 1302 809 haereticum
1329 771 1381 809 65

506 845 549 877 et
587 839 655 877 66.

448 907 560 948 Deus
591 906 802 963 quomodo
831 907 967 948 iurare
995 907 1146 950 dicitur
1175 913 1270 952 117.

448 978 561 1019 Deus
584 991 685 1018 unus
708 977 752 1018 in
775 978 962 1019 trinitate
987 994 1256 1034 personarum
1283 995 1381 1022 con-

504 1057 571 1090 tra
599 1048 831 1090 Noe'tianos
860 1053 957 1090 484.

446 1121 558 1161 Deus
577 1120 632 1162 ob
646 1128 823 1161 mortem
848 1120 1008 1162 homini
1022 1121 1281 1177 propositam
1295 1135 1380 1163 non

504 1199 568 1233 est
596 1190 848 1233 accusandus
878 1193 975 1233 551.

445 1263 559 1303 Deus
585 1261 697 1304 solus
723 1261 976 1317 adorandus,
1006 1262 1118 1304 nulla
1148 1276 1245 1305 vero
1263 1278 1378 1304 crea-

500 1342 595 1376 tura
618 1332 830 1375 adoranda
861 1336 955 1375 532.

443 1405 558 1446 Deus
596 1419 669 1446 cur
704 1404 836 1447 malos
862 1404 905 1445 in
934 1404 1015 1446 hoc
1042 1405 1197 1446 mundo
1226 1405 1382 1446 tolerat

502 1478 599 1520 379.
1073 1487 1075 1489 ’

444 1548 601 1589 Dextra
616 1555 658 1588 et
673 1546 839 1588 sinistra
853 1545 1065 1600 quomodo
1080 1546 1269 1587 dicantur
1285 1549 1381 1587 209.

443 1617 643 1659 Diabolus
662 1616 936 1673 simpliciores
954 1617 1196 1673 plerumque
1225 1626 1269 1658 ut
1285 1632 1380 1658 mu-

498 1689 621 1730 lieres
651 1688 890 1744 aggreditur
921 1692 1017 1730 269.

443 1759 610 1802 Diaboli
639 1759 712 1805 filii
741 1759 952 1815 quomodo
983 1759 1177 1801 dicantur
1207 1764 1303 1801 296.

440 1829 641 1872 Diabolus
665 1839 881 1885 peccatum
906 1831 958 1872 ab
976 1831 1167 1886 apostolo
1190 1840 1378 1883 vocatur,

498 1909 541 1943 et
570 1915 697 1957 quare
727 1904 826 1943 582.

440 1971 641 2017 Diabolus
671 1988 695 2014 a
726 1987 807 2028 quo
839 1974 1067 2029 productus
1098 1976 1192 2016 543.
1226 1999 1277 2006 ·—
1339 1983 1379 2014 et

498 2043 598 2099 quid
625 2043 680 2085 sit
711 2047 807 2086 544.

438 2113 639 2158 Diabolus
677 2115 776 2171 quid
813 2115 890 2166 sit,
934 2116 1100 2171 quando
1135 2116 1264 2158 fuerit
1292 2116 1379 2157 sive

496 2200 586 2232 esse
617 2186 805 2242 coeperit
835 2189 931 2228 632.

441 2256 641 2300 Diabolus
670 2272 752 2314 quo
784 2267 906 2313 pacto
947 2258 1164 2300 ecclesiam
1202 2258 1269 2300 dei
1302 2273 1376 2300 ve-

496 2337 568 2370 xet
598 2331 695 2370 996.

439 2399 636 2440 Diabolus
663 2400 830 2441 humani
855 2401 1016 2455 generis
1041 2401 1173 2442 hostis
1189 2433 1201 2455 ,
1232 2401 1377 2456 quibus

495 2471 651 2512 artibus
692 2470 903 2513 hominem
954 2487 976 2513 e
1007 2472 1125 2514 coelo
1156 2470 1377 2513 deturbare

499 2550 671 2582 conetur
701 2544 797 2582 923.
1402 2517 1409 2669 ἶ

1402 2671 1406 2704 l

437 2610 772 2654 Diaconissarum
811 2613 914 2654 ordo
958 2622 999 2654 et
1030 2613 1189 2654 functio
1227 2613 1272 2653 in
1302 2628 1373 2653 ec-

497 2682 625 2723 clesia
653 2685 775 2723 1060.
799 2707 851 2714 -—
883 2698 933 2724 ex
961 2698 1042 2739 quo
1067 2683 1281 2725 mulierem
1306 2699 1375 2738 ge·

494 2767 593 2795 nere
621 2763 879 2796 sumerentur
919 2754 1018 2796 ibid.
1053 2779 1102 2786 —-
1163 2754 1374 2811 presbyti-

494 2824 599 2877 dae,
653 2825 966 2881 presbyteridae
996 2840 1045 2867 ac
1074 2826 1374 2867 sacerdotissae
1401 2862 1404 2875 ,

498 2898 623 2937 1061.
920 2946 922 2948 ‚

436 2966 701 3008 Dictamnum
728 2967 836 3008 unde
863 2967 1046 3023 dictum,
1091 2977 1134 3009 et
1163 2969 1372 3023 quomodo
1400 3001 1403 3022 ᾖ

492 3038 621 3081 verbo
638 3038 782 3080 divino
801 3039 933 3094 possit
950 3039 1256 3081 accommodari
1274 3043 1370 3081 422.
1399 3024 1402 3066 ¹

434 3108 600 3164 Digami
639 3124 723 3151 non
759 3109 1035 3171 admittuntur
1072 3126 1095 3151 a
1128 3067 1403 3183 Novatianis!

491 3182 589 3221 495.
622 3205 676 3211 —
733 3180 887 3236 triplici
927 3180 1196 3222 similitudine
1240 3181 1365 3223 refel·
1398 3185 1402 3280 ξ

490 3250 628 3293 luntur
644 3250 744 3294 ibid.
765 3277 817 3284 —
861 3251 912 3293 ab
930 3252 1142 3294 ordinibus
1160 3253 1286 3294 sacris
1301 3268 1371 3294 ar—

493 3329 636 3363 centur
664 3325 760 3362 496.
1398 3293 1402 3388 ἐ

434 3391 643 3434 Diluvium
671 3402 713 3435 et
731 3402 834 3449 quot
857 3394 908 3435 ab
937 3408 986 3436 eo
1002 3404 1165 3437 servata
1187 3395 1371 3437 animan·
1396 3390 1402 3451 1

488 3463 547 3504 tia
578 3466 616 3503 5.
1397 3455 1401 3515 f

432 3537 542 3575 Ante
571 3534 768 3576 diluvium
795 3536 985 3577 haereses
1013 3536 1149 3578 nullae
1177 3541 1219 3579 4.
1397 3516 1400 3540 Ι

432 3603 755 3647 Dimoeritarum
790 3606 969 3648 haeresis
1009 3610 1075 3648 57.
1107 3608 1193 3650 sive
1221 3611 1287 3650 77.
1325 3608 1369 3650 hi

493 3674 642 3716 Christi
681 3676 907 3731 perfectam
937 3678 1263 3720 incarnationem
1288 3679 1368 3720 ab·

491 3755 644 3798 negant
671 3750 765 3787 995.
794 3773 848 3780 --
906 3749 990 3791 eius
1017 3759 1162 3792 auctor
1187 3765 1236 3791 ac
1262 3765 1363 3805 pro·
1393 3738 1398 3803 J

489 3824 662 3870 pagator
690 3819 939 3872 Apollinaris
970 3823 1062 3860 996.
1095 3845 1149 3853 --
1180 3821 1264 3861 eius
1296 3835 1360 3861 er·
1391 3807 1397 3881 l

1206 243 1388 286 mnEx
1415 244 1623 308 uEaUM.

1498 359 1570 386 ror
1590 344 1690 385 ibid.
1723 368 1771 375 —
1833 350 1877 383 et
1899 344 2083 399 synodus
2093 345 2249 387 xhabita
2275 360 2374 387 con-

1498 423 1563 456 tra
1593 413 1910 470 Apollinaristas
1942 416 2037 454 997.

1444 485 1708 528 Dioscorides
1736 483 1950 525 herbarius
1979 487 2019 527 3.
2059 511 2061 514 -

1443 555 1634 610 Dipsadis
1661 555 1770 595 virus
1798 552 2199 610 praesentissimum.
2245 556 2308 598 cui
2334 565 2377 596 et

1498 625 1676 666 haeresis
1699 625 1970 680 ‘comparatur
2000 628 2094 666 258.
2144 648 2147 651 <
2203 624 2207 630 “

1443 695 1641 751 Discipuli
1659 695 1819 736 Christi
1847 697 2108 751 septuaginta
2129 696 2238 750 duo}⁴
2249 700 2374 754 1p'rae—

1496 777 1561 807 ter
1600 775 1778 821 quatuor
1822 767 2095 821 evangelistas
2137 774 2180 808 et
2203 768 2375 824 septem

1497 837 1696 879 diaconos
1728 839 1795 878 50.

1442 907 1600 948 Divites
1631 916 1673 948 et
1702 922 1904 962 pauperes
1929 908 1971 948 in
1998 910 2237 964 evangelio,
2267 924 2376 966 quo-

1495 978 1622 1019 modo
1652 978 1764 1019 beati
1795 978 1986 1019 dicantur
2018 982 2111 1021 70-2.

1443 1051 1647 1104 Dogmata
1674 1063 1778 1104 quae
1802 1057 1945 1104 aperte
1972 1049 2076 1091 falsa
2095 1058 2191 1091 sunt
2217 1065 2272 1091 ea¹
2288 1050 2376 1092 dis-

1496 1120 1683 1174 putando
1713 1120 1859 1175 agitari
1890 1133 1970 1160 non
2003 1120 2159 1162 debent
2189 1124 2285 1162 999.

1441 1190 1661 1232 Dominica
1689 1191 1757 1232 die
1780 1191 1961 1232 ieiunare
1988 1200 2051 1233 est
2075 1192 2249 1233 vetitum
2279 1195 2376 1234 813.

1442 1261 1667 1303 Dominicis
1703 1261 1848 1303 diebus
1885 1277 1935 1303 ac
1964 1263 2230 1304 pentecostes
2267 1263 2375 1304 ieiu-

1494 1347 1594 1374 nare
1622 1347 1706 1374 non
1736 1333 1835 1374 licet
1866 1336 1992 1374 1105.

1440 1403 1631 1445 Dosithei
1659 1404 1834 1446 historia
1862 1407 1939 1445 30.

1441 1475 1734 1517 Dositheornm
1772 1475 1950 1517 haeresis
1990 1489 2095 1531 quae
2123 1484 2201 1517 est.
2229 1483 2375 1531 quarta

1495 1546 1851 1588 Samaritanorum
1882 1549 1949 1589 30.

1440 1618 1578 1658 Draco
1603 1618 1672 1672 qui
1692 1618 1917 1659 Ostracites
1938 1617 2100 1667 dicitur,
2130 1617 2192 1659 cui
2216 1616 2373 1660 Nestus

1495 1697 1760 1743 comparatur
1790 1692 1887 1729 489.

1441 1759 1622 1800 Dusarae
1639 1758 1710 1817 dei
1731 1760 1843 1815 apud
1863 1760 2018 1801 Arabes
2045 1747 2191 1810 cultus,
2216 1768 2260 1802 et
2288 1760 2371 1803 eius

1495 1830 1671 1871 nominis
1702 1830 1948 1886 significatio
1978 1835 2074 1872 444.
2107 1831 2341 1887 (addend.)

1886 1962 1928 2000 E.

1439 2043 1610 2085 Ebionei
1650 2044 1852 2086 Matthaei
1891 2043 2108 2099 evangelio
2144 2043 2291 2085 mutilo
2321 2058 2371 2085 u·-

1494 2123 1637 2156 tuntur
1664 2119 1758 2156 137.
1791 2139 1841 2148 —-—
1902 2123 2071 2159 utuntur
2109 2114 2234 2157 etiam
2254 2114 2369 2163 ⁴libro

1494 2186 1564 2242 qui
1601 2188 1713 2228 Petri
1755 2186 1951 2228 circuitus
1992 2194 2166 2227 vocatur
2206 2201 2230 2228 a
2271 2185 2367 2227 Cle-

1492 2267 1632 2299 mente
1660 2259 1842 2299 refutato
1870 2260 1964 2298 139.
1996 2281 2051 2289 --
2092 2256 2241 2299 lavant
2259 2271 2367 2312 quo-

1493 2328 1594 2370 tidie
1607 2329 1706 2370 ibid.
1718 2353 1772 2360 -—
1797 2345 1820 2370 a
1837 2328 2022 2370 carnibus
2037 2337 2080 2370 et
2093 2327 2282 2369 animatis
2296 2327 2368 2371 ab·

1491 2400 1648 2441 stinent
1661 2400 1761 2441 ibid.
1781 2424 1831 2431 —-
1863 2399 2141 2454 virginitatem
2156 2406 2367 2454 respuunt,

1493 2480 1534 2511 et
1565 2485 1706 2512 omnes
1736 2471 1963 2526 prophetas
1992 2470 2090 2513 ibid.
2110 2493 2164 2502 —-
2193 2484 2265 2512 cur
2290 2470 2368 2512 ab·-

1490 2542 1688 2583 horreant
1704 2557 1726 2583 a
1742 2543 1926 2583 carnium
1942 2556 2013 2583 esu
2028 2541 2125 2583 ibid.
2141 2566 2197 2573 —
2226 2556 2368 2587 eorum

1490 2613 1688 2668 mysteria
1719 2613 1819 2654 ibid.
1836 2638 1890 2644 —-
1933 2613 2226 2668 Apostolorum
2244 2619 2366 2655 Actus

1489 2684 1609 2725 fictos
1656 2685 1949 2726 circumferunt
1995 2687 2091 2728 140.
2122 2709 2172 2715 —
2235 2684 2367 2727 Ebion

1490 2755 1588 2811 quid
1623 2757 1781 2798 Graece
1810 2755 2014 2810 significet
2044 2760 2139 2796 141.
2172 2780 2225 2788 -
2284 2769 2366 2812 quo

1488 2828 1672 2869 remedio
1691 2835 1857 2869 utantur
1872 2826 2067 2870 adversus
2082 2826 2250 2869 morbos
2266 2825 2365 2868 ibid.

1488 2923 1539 2929 —-
1561 2898 1696 2939 Elxaei
1708 2898 1867 2939 somnia
1883 2898 2186 2953 amplectuntur
2196 2896 2296 2942 ibid.
2317 2922 2364 2929 -

1491 2969 1599 3010 unde
1637 2984 1733 3010 suos
1763 2984 1922 3011 errores
1952 2969 2154 3011 traxerint
2185 2971 2279 3011 142.
2310 2990 2362 3001 --

1489 3040 1698 3095 quomodo
1728 3055 1824 3082 suos
1866 3050 2094 3082 conventus
2132 3048 2283 3085 vocent
2307 3038 2361 3079 ib.

1487 3134 1539 3141 -
1584 3121 1737 3166 coguut
1777 3111 2061 3153 adolescentes
2105 3111 2159 3153 ad
2200 3108 2362 3165 nuptias

1486 3181 1670 3222 nondum
1685 3182 1858 3237 puberes
1873 3182 1973 3224 ibid.
1991 3208 2042 3213 —-—
2074 3180 2244 3238 repudia
2261 3194 2360 3235 per-

1485 3253 1657 3293 mittunt
1684 3253 1783 3294 ibid.
1805 3278 1856 3285 —-
1889 3268 1991 3309 quos
2014 3259 2240 3308 agnoscant
2255 3265 2357 3306 pro-

1485 3323 1630 3378 phetas
1658 3323 1756 3366 ibid.
1785 3349 1842 3358 -—
1883 3311 2060 3380 *qualem
2086 3321 2359 3365 confiteantur

1485 3409 1574 3435 esse
1605 3395 1809 3436 Christum
1832 3394 1930 3437 ibid.
1958 3420 2001 3426 --
2046 3393 2139 3435 libri
2158 3392 2210 3434 ab
2225 3392 2354 3435 Ebio-

1484 3465 1570 3506 neis
1600 3465 1815 3522 suppositi.
1848 3469 1941 3506 147.

1429 3536 1705 3578 Ebioneorum
1742 3537 1921 3578 haeresis
1961 3533 2119 3575 decima
2154 3542 2250 3588 post
2278 3549 2354 3575 ex-

1484 3616 1619 3649 ortum
1648 3590 1996 3649 Christianismum
2024 3607 2116 3644 125.
2148 3629 2202 3636 --
2245 3605 2354 3648 unde

1481 3678 1583 3719 dicti
1606 3678 1703 3718 ibid.
1726 3702 1777 3710 -
1809 3690 1946 3718 eorum
1972 3675 2167 3729 dogmata
2184 3676 2283 3718 ibid.
2299 3701 2351 3709 --

1480 3764 1504 3789 a
1532 3749 1688 3790 ludaeis
1718 3747 1959 3789 sabbathum
2000 3755 2040 3786 et
2069 3746 2350 3789 circumcisio-

1480 3834 1571 3861 nem
1613 3835 1635 3860 a
1668 3817 1904 3860 Christianis
1949 3831 2101 3859 nomen
2141 3827 2350 3861 assumunt
