2508 4134
500 254 601 310 668
1076 267 1346 310 ADDENDA
1372 267 1448 312 ΕΤ
1479 270 1850 338 conmeENnA.

499 379 586 418 μεν.
617 388 673 396 -
727 363 757 405 1.
787 364 851 408 17.
897 363 968 410 ἐὰν
1005 363 1054 411 δὲ
1093 364 1156 422 μή
1194 383 1257 417 τις
1288 369 1389 410 Ven.
1448 369 1552 411 Ibid.
1581 370 1764 412 rescribe
1792 365 1902 426 αὔρα
1924 385 2002 427 pro
2029 364 2151 428 αὖρα.
2184 397 2235 406 -
2291 372 2322 414 1.
2335 372 2413 418 “19.

497 430 622 490 ὅρμον
656 432 746 480 τινὰ
787 432 977 490 ἀκύμονα
1017 436 1091 481 καὶ
1127 433 1252 483 ἀπόδ.
1299 436 1641 497 ἀποκαταστήσει
1676 443 1779 483 Ven.
1812 466 1864 473 —
1921 442 1951 484 l.
1980 443 2049 485 22.
2091 436 2161 489 οὖν
2197 459 2280 488 om.
2310 446 2417 488 ven.

495 505 611 547 Idem
634 507 773 562 pergit
801 505 910 551 ἔστιν
938 502 966 551 ἃ
991 505 1090 552 ἀπὸ.
1122 531 1178 540 -
1233 510 1262 552 1.
1289 510 1355 554 23.
1389 512 1592 568 μακαρίου
1621 511 1834 557 Μεθοδίου
1864 511 1938 556 καὶ
1968 513 2076 569 (sine
2101 517 2196 572 τοῦ)
2226 518 2330 560 Ven.
2359 540 2417 550 —

493 577 523 618 l.
555 578 622 620 25.
665 574 962 628 Ἀναστάσεως
989 575 1106 637 λόγῳ
1135 577 1173 623 α’
1203 579 1383 625 ἐνταῦθα
1409 582 1704 638 παραθέμενος.
1735 583 1830 639 (sic)
1861 585 1966 625 Ven.
2011 587 2131 627 Bene.
2188 588 2416 644 Reponen-

494 647 593 690 dum
616 649 771 704 igitur,
814 649 848 690 si
874 651 1037 706 placet,
1083 650 1233 695 Ταῦτα
1262 650 1335 708 μὲν
1364 652 1473 699 ἔστιν
1514 649 1541 697 ἃ
1581 650 1664 698 ἀπὸ
1696 653 1847 709 μέρους
1872 677 1929 686 -
1956 679 2010 687 -—
2036 680 2089 688 —
2117 654 2231 716 λόγῳ
2262 653 2317 715 α’,
2346 659 2415 704 ἐν-

492 721 629 764 ταῦθα
662 722 816 776 παραθ.
878 720 1001 772 Quod
1042 722 1096 763 ad
1132 723 1377 778 scripturam
1425 724 1577 765 Veneti
1611 721 1725 781 λόγῳ
1766 723 1834 780 α’,
1879 740 1927 767 ea
1955 726 2084 781 proba
2120 743 2214 770 esse
2237 729 2413 773 videtur.

494 791 724 833 Secundam
749 792 857 833 enim
882 793 1090 834 Methodii
1113 793 1166 834 de
1193 794 1507 836 Resurrectione
1535 794 1766 836 orationem
1793 796 1964 838 laudant
1990 800 2161 840 Ioannes
2188 801 2414 843 Damasce-

493 877 568 903 nus
594 865 706 904 Orat.
728 865 799 904 III.
831 863 884 905 de
897 865 1008 919 Mag.
1040 864 1094 905 ad
1121 864 1190 906 fin.
1221 874 1264 906 et
1288 866 1516 907 Eustratius
1536 866 1851 923 Constantinop.
1878 868 1921 908 in
1947 868 2055 910 libro
2080 869 2133 910 de
2156 871 2280 913 Vitae
2304 873 2414 914 Fun-

494 941 653 974 ctorum
680 936 810 975 statu.
844 959 899 966 -
955 935 982 975 l.
1004 934 1073 978 26.
1106 935 1179 979 καὶ
1200 937 1281 991 τῆς
1306 933 1433 980 αὐτοῦ
1459 932 1696 992 ἀνατροπῆς
1718 937 1883 979 videtur
1908 953 1996 980 esse
2021 939 2144 981 etiam
2168 941 2210 983 in
2235 943 2412 986 Veneto.

492 1004 606 1046 Idem
634 1005 663 1046 l.
685 1005 752 1049 27.
782 1006 910 1047 habet
949 1005 994 1058 ἐξ
1029 1003 1198 1062 Ἑλλην.
1223 1007 1548 1063 δεισιδαιμονίας
1577 1008 1863 1064 κακοηθείας,
1906 1017 1952 1050 ut
1980 1010 2105 1054 edidi.
2133 1035 2187 1044 -
2244 1013 2272 1055 1.
2299 1014 2338 1059 7.
2359 1014 2412 1056 ab

489 1075 566 1117 inf.
596 1075 796 1132 εἰρημένα
825 1077 936 1118 delet
961 1075 1065 1119 Ven.
1098 1079 1237 1119 Recte.
1295 1078 1409 1119 Idem
1436 1079 1572 1135 pergit
1595 1077 1749 1129 πάντος
1779 1079 1872 1134 (sic)
1900 1095 1978 1124 που
2006 1075 2085 1127 κᾶν
2113 1081 2182 1126 ἐπὶ
2211 1085 2412 1129 τοσαῦτα.

490 1147 599 1189 Hinc
625 1148 927 1190 restituendum
952 1148 1118 1199 πάντως
1143 1164 1220 1193 που
1247 1148 1320 1192 καὶ
1351 1149 1434 1204 (vel
1460 1144 1558 1205 κᾶν)
1587 1149 1656 1194 ἐπὶ
1679 1151 1866 1194 τοσαῦτα
1888 1150 2022 1207 ἔτερα.
2055 1176 2106 1185 -
2149 1153 2178 1195 l.
2193 1150 2231 1198 4.
2258 1148 2309 1197 eb
2334 1156 2411 1198 inf.

490 1214 609 1262 αὐτοὶ
635 1217 683 1262 ἐκ
709 1220 790 1274 τῆς
813 1215 938 1275 ήμῶν
967 1222 1072 1262 Ven.
1103 1244 1158 1253 -
1214 1220 1242 1261 1.
1273 1221 1428 1275 penult.
1460 1221 1648 1262 Restitue
1675 1220 2014 1278 καταπαύσωμεν
2040 1239 2090 1266 ex
2114 1226 2218 1267 Ven.
2249 1228 2296 1268 et
2320 1229 2411 1270 Bas.

602 1292 734 1348 Pag.
758 1292 885 1336 350.
940 1291 968 1332 l.
997 1293 1032 1334 1.
1061 1290 1236 1335 πάντοτε
1260 1287 1330 1334 ἀεὶ
1354 1287 1482 1347 ἀμαρ.
1512 1291 1761 1348 (στέμμασιν
1784 1293 1920 1350 deest)
1948 1296 2054 1336 Ven.
2087 1319 2140 1328 -—
2195 1296 2224 1338 l.
2245 1293 2286 1340 4.
2315 1313 2413 1354 προ-

489 1361 751 1417 δεδήλωται,
782 1360 1081 1415 ἐπισκώπτων,
1114 1360 1189 1416 Μή
1218 1352 1302 1417 ἀρα
1328 1365 1496 1420 βυρσοδ.
1524 1365 1630 1405 Ven.
1690 1363 1806 1405 Idem
1830 1364 1858 1408 l.
1882 1364 1924 1409 6.
1955 1362 2053 1415 τοὺς
2072 1366 2186 1422 περὶ.
2214 1388 2266 1400 --
2322 1368 2351 1410 l.
2370 1368 2412 1412 8.

489 1430 640 1489 ἐλέγχῃ
670 1433 729 1490 τῇ
750 1434 823 1477 τοῦ
850 1435 1011 1475 Ven.-
1070 1434 1097 1474 l.
1127 1434 1189 1475 12.
1220 1434 1575 1490 παραφθείροντος
1605 1436 1710 1476 Ven.
1739 1459 1796 1466 —
1851 1435 1878 1477 1.
1913 1435 1975 1479 13.
2005 1439 2089 1481 τῶν
2115 1437 2212 1493 περὶ
2240 1439 2323 1494 τῆς
2345 1454 2412 1484 το-

488 1501 646 1548 σούτων
674 1506 778 1546 Ven.
810 1529 862 1536 —
921 1505 948 1546 1.
976 1503 1038 1547 16.
1072 1503 1234 1559 ψόγους
1269 1504 1344 1548 καὶ
1370 1502 1549 1555 δούπους
1579 1521 1674 1561 ματ.
1704 1502 1930 1557 ἀναλώσας
1955 1506 2152 1564 φρούδως
2176 1509 2250 1554 καὶ
2277 1512 2413 1561 κενῶς

486 1576 592 1617 Ven.
649 1576 783 1617 Proba
822 1575 1038 1631 scriptura.
1067 1599 1123 1607 —
1180 1575 1208 1618 l.
1246 1575 1310 1620 17.
1355 1572 1594 1632 ἀναγκαίων
1628 1577 1811 1628 πταίσας
1845 1576 1899 1623 δι’
1933 1571 1990 1623 ῶν
2025 1578 2296 1637 παρεχάραξα
2333 1579 2411 1638 τήν

485 1642 710 1691 ἀνάστασιν
734 1643 972 1690 ἀνέλπιστον
1007 1645 1084 1703 τὴν
1122 1649 1203 1702 τῆς
1239 1647 1440 1703 ἐμπορίας
1468 1663 1543 1692 σου
1567 1649 1876 1705 καματουργίαν
1905 1649 2292 1710 περιποιησάμενος.
2352 1651 2412 1697 Εἰ

485 1716 565 1773 γὰρ
591 1713 668 1761 ου’κ
694 1714 911 1762 ἀνίσταται
933 1716 981 1763 τὸ
1016 1719 1144 1774 σῶμα
1170 1716 1243 1762 σὺν
1270 1720 1324 1776 τῇ
1356 1721 1491 1776 ψυχῇ,
1525 1716 1626 1764 οὐδέ
1652 1735 1693 1764 τι
1720 1718 2027 1778 κληρονομήσει
2051 1725 2156 1764 Ven.
2187 1748 2241 1756 —
2297 1723 2325 1766 l.
2341 1724 2409 1768 20.
2484 1738 2486 1741 ’

486 1790 586 1830 Post
609 1789 733 1831 verba
772 1789 847 1845 μία
887 1788 1065 1845 ἐργασία
1111 1805 1160 1831 ex
1187 1792 1350 1833 Veneto
1376 1806 1534 1846 repone
1571 1791 1790 1847 Κάμνουσι
1828 1791 1876 1837 δὲ
1902 1793 2042 1837 πιστοὶ
2077 1793 2118 1838 ἐν
2143 1792 2312 1850 σώματι
2336 1795 2411 1839 καὶ

486 1861 606 1918 ψυχῇ
642 1859 711 1905 διὰ
747 1858 823 1917 τὴν
849 1859 957 1916 μετοὶ
983 1856 1208 1906 ἀνάστασιν
1236 1864 1319 1916 τῆς
1348 1862 1624 1918 κληρονομίας
1650 1862 1822 1918 ἐλπίδα,
1868 1859 1966 1918 ἥτις
1992 1862 2100 1909 κατὰ
2127 1863 2175 1908 σὲ
2203 1860 2410 1922 οὐγενή-

485 1945 617 1976 σεται.
664 1926 779 1987 ’Άρα
805 1930 838 1987 ή
865 1932 1004 1982 πίστις
1028 1930 1153 1988 ήμῶν
1178 1932 1278 1988 κενή
1306 1934 1355 1978 δὲ
1386 1934 1584 1989 (rescribo
1611 1933 1730 1990 κενή,
1759 1933 1858 1989 κενὴ
1889 1933 1953 1990 δὲ)
1986 1935 2059 1979 καὶ
2081 1933 2113 1990 ή
2140 1935 2261 1985 ἐλπὶς
2281 1933 2405 1991 ήμῶν

483 2001 591 2047 κατὰ
619 2002 689 2048 τόν
721 2001 771 2047 ἐκ
799 2002 1034 2059 πνεύματος
1063 2002 1182 2060 ἁγίου
1213 2003 1485 2049 ἀποστολικόν
1516 2004 1589 2049 καὶ
1618 2001 1762 2061 ἀληθῆ
1793 2003 1923 2062 λόγον.
1993 2006 2108 2048 Idem
2135 2007 2241 2049 liber
2268 2008 2406 2064 pergit

482 2074 632 2116 deinde
671 2070 920 2119 ῗΑνάστασιν
953 2074 1002 2120 δὲ
1025 2075 1145 2120 πάλιν
1174 2077 1300 2134 βοᾷς,
1346 2072 1407 2125 ῶς
1446 2076 1519 2120 καὶ
1555 2074 1685 2126 αὐτὸς
1719 2074 1931 2132 ὁμολογῶν
1968 2077 2403 2134 ἐπιφαντασιασμένην

482 2146 635 2201 (scribe
663 2147 1101 2202 πεφαντασιασμένην)
1144 2147 1319 2203 δόκησιν
1359 2146 1434 2191 καὶ
1473 2144 1550 2191 οὐκ
1587 2145 1800 2202 ἀληθινῶς
1828 2147 1946 2205 ἔχον,
1988 2144 2326 2205 ἀναγκαζόμενος
2351 2147 2400 2194 τὸ

483 2211 614 2273 ι’)’νομα
640 2216 781 2274 (μόνον
807 2218 945 2275 deest)
974 2218 1118 2274 λέγειν.
1175 2215 1429 2268 Ἀνάστασις
1457 2209 1527 2263 οὖν
1551 2218 1673 2268 ποίας
1697 2219 1842 2276 ψυχῆς
1866 2221 1954 2262 κτλ.
1976 2221 2160 2275 Optime.
2191 2245 2246 2253 -
2288 2220 2316 2262 1.
2335 2220 2405 2263 23.

482 2286 656 2333 δύνασαι
685 2289 815 2344 λέγειν
845 2292 951 2332 Ven.
982 2314 1036 2322 —
1094 2290 1123 2331 1.
1153 2287 1220 2332 24.
1252 2289 1390 2342 ἐστὶν,
1430 2299 1528 2346 post
1552 2288 1690 2345 δήλη,
1735 2304 1815 2332 om.
1848 2292 1951 2331 Ven.
2010 2291 2126 2333 Idem
2151 2291 2181 2334 1.
2198 2291 2265 2335 25.
2297 2286 2405 2336 ἀνά-

482 2374 653 2416 στασις,
699 2362 907 2418 πανταχοῦ
936 2376 983 2405 τε
1009 2361 1093 2405 καὶ.
1159 2362 1350 2403 Ceterum
1376 2376 1453 2417 pro
1479 2359 1613 2417 πάντῃ
1645 2360 1802 2416 corrige
1833 2360 1982 2417 πάντη.
2014 2385 2066 2393 ——
2123 2362 2152 2403 1.
2178 2363 2218 2407 7.
2249 2363 2301 2404 ab
2325 2363 2402 2405 inf.

478 2432 588 2482 τῶν,
631 2440 727 2473 ante
755 2432 1056 2488 τεθαμμένων,
1099 2447 1179 2473 om.
1204 2434 1308 2473 Ven.
1336 2456 1392 2463 —-
1448 2432 1477 2472 1.
1508 2432 1667 2487 penult.
1712 2429 1817 2477 ἀλλά
1842 2430 1889 2477 τὸ
1923 2431 2101 2490 ψυχικὸν
2126 2428 2229 2478 αὐτὸ
2256 2448 2402 2490 πνευμ.

480 2504 584 2544 Ven.
620 2503 762 2544 Recte.
796 2529 844 2534 --
905 2503 932 2544 l.
960 2503 1032 2544 ult.
1052 2497 1164 2547 ‘'O-re
1194 2502 1267 2558 μὲν
1296 2501 1376 2558 γὰρ
1407 2501 1533 2558 ἐσμὲν
1560 2505 1670 2545 Veu.

591 2576 725 2633 Pag.
750 2575 873 2619 352.
932 2574 960 2614 l.
984 2575 1020 2616 1.
1054 2571 1232 2628 σώματα
1280 2573 1427 2631 ἔχομεν
1469 2569 1630 2631 ψυχικοὶ
1657 2576 1761 2615 Ven.
1794 2599 1846 2607 —
1903 2574 1931 2616 1.
1953 2573 1991 2617 4.
2022 2577 2170 2617 venet.
2205 2574 2320 2617 delet
2345 2575 2404 2620 Et

480 2654 576 2688 ante
604 2646 754 2700 ζῶμεν.
783 2670 837 2676 -
877 2645 905 2685 1.
937 2645 998 2686 10.
1034 2642 1094 2693 ῶς
1119 2639 1288 2700 όίγγελοι
1317 2645 1420 2689 εἰσὶν
1444 2647 1547 2686 Ven.
1584 2670 1635 2677 --
1693 2646 1720 2687 l.
1755 2647 1799 2688 11
1829 2654 1872 2687 et
1905 2646 1968 2688 12.
1998 2644 2215 2701 εὑρίσκετο
2241 2668 2301 2678 -“
2320 2662 2403 2690 κα-

479 2717 639 2761 τέλειπε
666 2719 771 2757 Ven.
803 2741 854 2747 —
912 2715 940 2756 1.
972 2715 1033 2758 15.
1066 2715 1139 2759 καὶ
1172 2714 1221 2759 ου’
1250 2716 1444 2774 ψυχικῶς
1474 2718 1577 2757 Ven.
1638 2716 1753 2758 Idem
1784 2717 1812 2757 l.
1845 2716 1908 2760 16.
1942 2711 1999 2760 ῶν
2021 2715 2314 2772 πνευματικός.
2347 2740 2402 2751 --

479 2789 506 2830 l.
527 2788 590 2831 18.
619 2789 701 2832 τῶν
729 2784 798 2832 ἀεὶ
822 2787 986 2828 videtur
1015 2802 1103 2828 esse
1125 2788 1248 2828 etiam
1276 2788 1317 2828 in
1346 2790 1451 2829 Ven.
1514 2788 1627 2828 Idem
1648 2787 1673 2828 l.
1695 2787 1760 2830 19.
1792 2787 1982 2843 κοράκων
2006 2803 2054 2832 τε
2078 2789 2323 2845 τρέφεσθαι.
2354 2810 2402 2820 -

480 2861 508 2901 l.
541 2861 610 2902 20.
639 2856 745 2903 οἷλλά
771 2859 969 2914 τρέφεται
990 2860 1093 2899 Ven.
1126 2860 1267 2899 Recte.
1300 2883 1351 2890 -
1412 2861 1456 2899 In
1479 2874 1605 2914 marg.
1638 2859 1730 2903 cod.
1755 2861 1856 2900 Ven.
1884 2859 2035 2915 legitur
2062 2860 2104 2901 h.
2127 2859 2155 2901 l.
2186 2858 2298 2914 Περὶ
2324 2859 2397 2902 τοῦ

482 2929 677 2986 σώματος
709 2932 780 2974 τοῦ
815 2930 999 2985 Χριστοῦ
1043 2927 1150 2985 μετὰ
1187 2928 1265 2987 την
1301 2927 1540 2974 ἀνάστασιν.
1571 2953 1628 2960 -
1683 2929 1712 2972 l.
1738 2927 1805 2972 24.
1849 2927 1955 2974 ἀλλὰ
1990 2927 2092 2974 αὐτὸ
2124 2925 2172 2974 ’ὃν
2200 2929 2274 2974 καὶ
2297 2930 2400 2972 Ven.

479 3002 594 3044 Idem
622 3002 650 3042 1.
675 3002 740 3043 25.
773 2999 1019 3058 μεταβαλών
1041 2999 1318 3056 πνευματικὸν
1337 3034 1346 3052 ,
1376 3000 1666 3056 πνευματικὸν.
1697 3024 1747 3032 -
1806 3001 1834 3043 1.
1862 3002 1900 3044 5.
1931 3002 1981 3042 ab
2011 3001 2087 3043 inf.
2117 3001 2254 3042 Verba
2276 2998 2400 3044 Πάν-

477 3088 562 3123 τως
586 3088 663 3117 που
688 3098 744 3105 -
771 3097 822 3104 -
845 3096 900 3104 -
927 3067 1029 3116 αὐτὸ
1059 3070 1105 3115 τὸ
1135 3071 1448 3127 ἐσταυρωμένον
1472 3087 1556 3114 non
1581 3073 1708 3113 habet
1728 3074 1876 3113 Venet.
1939 3075 1984 3113 In
2014 3072 2161 3113 eodem
2185 3071 2292 3112 libro
2319 3071 2400 3112 de-

478 3145 680 3186 sideratur
708 3144 736 3184 1.
759 3141 796 3186 4.
828 3144 878 3185 ab
907 3143 983 3184 inf.
1017 3157 1065 3186 σε
1088 3152 1186 3198 post
1208 3140 1420 3201 Ἐλέγχει.
1451 3168 1502 3175 --
1562 3143 1588 3183 l.
1617 3143 1775 3199 penult.
1807 3141 1933 3187 τύπον
1961 3142 2118 3200 λόγχης
2145 3145 2293 3186 Venet.
2318 3142 2398 3184 ha-

477 3216 576 3257 bere
601 3215 776 3256 videtur.
2231 3230 2234 3231 ⁷

589 3287 722 3344 Pag.
748 3286 873 3331 354.
929 3286 958 3327 1.
985 3283 1023 3328 4.
1056 3284 1129 3330 καὶ
1153 3284 1288 3340 δέρμα
1315 3299 1394 3326 om.
1418 3287 1521 3327 Ven.
1551 3309 1606 3317 —
1664 3286 1779 3326 Idem
1804 3285 1905 3328 ibid.
1924 3280 2067 3329 Ἴδετε
2095 3278 2171 3327 ὅτι.
2202 3307 2257 3316 --
2313 3283 2339 3326 1.
2357 3285 2395 3329 7.

476 3353 610 3406 ἀλλὰ,
656 3366 751 3397 ante
777 3358 927 3412 σῶμα,
973 3371 1054 3398 om.
1083 3359 1214 3406 Ven.,
1249 3356 1317 3412 qui
1350 3356 1487 3411 pergit
1513 3371 1666 3411 augens
1691 3353 1994 3411 πνευματικὸν,
2036 3353 2110 3397 καὶ
2138 3350 2214 3411 οὐχ
2241 3351 2396 3406 ὑλικὸν,

477 3428 612 3471 καίτοι
635 3442 685 3482 γε
711 3427 789 3483 (ita
813 3428 936 3468 etiam
966 3429 1082 3478 Bas„
1113 3442 1246 3482 neque
1269 3428 1352 3468 hoc
1378 3427 1510 3468 solum
1535 3427 1664 3482 loco).
1697 3452 1751 3458 —
1807 3427 1835 3468 l.
1867 3428 1928 3468 11.
1961 3425 2034 3468 καὶ
2058 3424 2210 3479 μηκέτι
2240 3423 2396 3482 λυόμε-

477 3515 540 3543 νον
565 3501 670 3540 Ven.
698 3522 755 3530 -
793 3499 904 3541 1.12.
936 3498 985 3542 ἐκ
1008 3500 1091 3542 τῶν
1116 3499 1272 3552 νεκρῶν
1300 3501 1407 3546 Ven.
1441 3522 1492 3528 —
1536 3498 1564 3538 l.
1586 3499 1650 3540 15.
1680 3495 1718 3552 ὁ,
1748 3506 1844 3538 ante
1869 3492 2068 3550 Χριστὸς,
2100 3510 2180 3536 om.
2213 3498 2316 3539 Ven.
2337 3521 2396 3530 -—

477 3571 503 3610 l.
535 3571 597 3614 17.
629 3567 724 3620 διὰ,
755 3578 853 3610 ante
876 3566 1137 3622 Ἐλισσαίου,
1170 3583 1251 3610 om.
1281 3570 1385 3610 Ven.
1442 3568 1558 3610 Idem
1582 3569 1690 3610 liber
1714 3567 1837 3623 paulo
1867 3574 1962 3621 post
1987 3565 2099 3606 delet
2122 3567 2274 3618 πάντες
2298 3576 2396 3624 post

479 3639 638 3683 ἐκεῖνοι.
670 3663 725 3672 -
780 3640 898 3684 1.18.
940 3635 1051 3683 οὕτω
1095 3639 1168 3683 καὶ
1209 3637 1231 3683 ὂ
1259 3637 1450 3693 Χριστὸς
1488 3641 1592 3680 Ven.
1626 3663 1680 3670 -
1736 3638 1763 3680 1.
1793 3637 1859 3678 21.
1902 3633 1960 3690 ή,
1993 3645 2089 3677 ante
2125 3633 2278 3690 αὐτοῦ,
2310 3653 2392 3680 om.

483 3710 587 3751 Ven.
618 3733 669 3742 --
726 3710 753 3752 l.
778 3711 845 3753 23.
889 3706 985 3754 οὔτε
1021 3708 1241 3765 σώματος,
1283 3704 1378 3752 οὕτε
1415 3711 1519 3750 Ven.
1577 3709 1692 3749 Idem
1715 3707 1837 3762 paulo
1867 3714 1964 3760 post
2000 3705 2311 3766 ἐγκαταλείψῃς
2339 3731 2391 3740 —·

481 3777 640 3834 δώσης.
676 3803 726 3811 -
785 3781 813 3824 l.
837 3782 904 3824 25.
934 3780 1148 3836 σημαίνειν
1179 3783 1280 3822 Ven.
1342 3779 1458 3821 Idem
1493 3779 1520 3820 l.
1545 3778 1613 3821 26.
1642 3774 1821 3822 ἀναστὰν
1850 3771 2030 3832 ἄφθορον
2057 3780 2160 3821 Ven.
2193 3804 2246 3812 —
2303 3780 2329 3820 1.
2350 3780 2388 3821 5.
