2508 4134
208 799 319 856 Κεφ.
338 798 407 856 ιη’.

205 2609 290 2644 pag.
307 2599 406 2636 1012.

440 248 543 302 364
1144 257 1349 299 SANc‘m
1375 257 1663 299 EPIPHANH

441 355 666 423 φθαρτοὶ
703 351 764 406 τά
802 354 1004 421 σώματα
1048 356 1156 416 6εἷς
1195 352 1353 422 ἡμᾶς,
1412 353 1665 425 ἄφθαρτοι
1706 355 1759 408 δὲ
1796 354 1878 408 διά
1914 354 2002 424 τὴν
2040 356 2362 425 ἐνοικήσασαν

441 439 611 501 αὐτοῖς
634 444 761 492 θεοῦ
792 437 955 502 δόξαν.
1033 441 1134 492 Καὶ
1175 438 1287 493 σκιά
1316 440 1404 508 μὲν
1438 442 1633 511 Πέτρου
1663 439 1850 503 πάντας
1878 440 1996 503 τούς
2026 443 2361 511 προςφερομέ-

440 546 560 587 νους
585 526 782 592 ἔχοντας
807 522 1064 587 άσθενείας
1086 527 1191 579 ἰᾶτο
1206 546 1217 558 ·
1255 527 1339 578 καὶ
1365 524 1607 596 σουδάρια
1634 527 1719 578 καὶ
1740 529 2016 594 σιμικίνθια
2035 532 2133 580 τῶν
2156 529 2361 596 ἱματίων

447 609 653 663 Παύλου
691 608 924 678 δυνάμεις
960 608 1255 682 ἐργάζονται.

582 782 681 834 Καὶ
725 786 831 843 πῶς
868 775 1007 835 οὗτοι
1043 779 1167 836 θεὸν
1193 785 1690 852 πολυπραγμονοῦσιν
1728 780 1928 851 αἰσχράς
1962 803 2099 845 τινας
2122 779 2362 847 ὖπονοίας

437 865 810 935 τεκταινόμενοι,
851 868 991 939 ιπερὶ
1021 861 1091 921 ὧν
1118 866 1323 935 οὐδεμία
1353 870 1486 936 χρεία
1514 867 1788 936 γεγέννηται
1816 866 2015 921 πώποτε
2044 866 2171 939 πρὸς
2200 871 2361 923 διαλο-

437 951 554 1023 γήν,
604 950 664 1005 οῦ
698 952 956 1026 προφήτῃ,
1009 953 1103 1006 οὐκ
1131 951 1461 1026 εὐαγγελιστῇ,
1511 951 1606 1004 οὐκ
1633 950 1919 1025 ἆποστόλφ,
1972 950 2033 1006 οὐ
2064 961 2339 1026 συγγραφεῖ
2346 978 2359 1021 ;

420 1037 551 1091 ’Όσα
588 1036 681 1109 γάρ
714 1044 912 1092 τοιαῦτα
952 1032 1089 1091 οὗτοι
1126 1039 1347 1108 λέγουσι,
1399 1034 1494 1090 κᾶν
1527 1039 1676 1107 μυρία
1715 1038 1937 1090 ἐπέκεινα
1972 1036 2160 1092 τούτων
2197 1045 2362 1102 κακῶς

436 1121 804 1191 ὑπονοήσωσιν,
855 1121 948 1176 οὐκ
990 1122 1322 1193 ἀνατρέψουσι
1359 1122 1448 1191 τὴν
1488 1120 1734 1192 πατρικὴν
1771 1119 1913 1189 ἡμῶν
1950 1126 2137 1189 πίστιν,
2185 1123 2277 1193 τὴν
2301 1131 2362 1200 τῇ

437 1207 650 1282 άληθείᾳ
686 1207 903 1279 Χριστόν
937 1210 1368 1279 καταγγέλλουσαν.
1440 1205 1714 1278 Ἐγεννήθη
1755 1206 1846 1277 γάρ
1880 1207 2094 1278 Χριστός
2130 1211 2179 1263 ἐν
2215 1213 2362 1281 σαρκὶ

435 1293 560 1348 κατά
601 1292 839 1362 άλήθειαν
874 1292 974 1347 άπό
1009 1297 1215 1363 Μαρίας
1250 1299 1338 1361 τῆς
1384 1292 1722 1363 ἆειπαρθένου
1769 1291 1852 1345 διά
1890 1291 2165 1361 πνεύματος
2200 1292 2360 1365 άγίου,

439 1382 525 1434 καὶ
551 1378 707 1443 εὐθύς
736 1378 835 1433 ἀπὸ
858 1378 1079 1446 κυήσεως
1107 1377 1422 1448 Ἐμμανουήλ
1448 1385 1685 1446 καλεῖται,
1735 1377 1765 1431 ὅ
1789 1380 1888 1432 ἐστι
1917 1377 2039 1440 θεδς
2065 1377 2176 1447 μεθ’
2204 1378 2359 1449 ἡμῶν.

443 1464 620 1519 Οὐκέτι
649 1466 876 1537 δεύτερον
898 1471 1135 1536 γεννᾶται.
1214 1467 1312 1517 Καὶ
1352 1463 1540 1533 άπέδρα
1569 1466 1634 1526 εἰς
1669 1462 1759 1531 τὴν
1784 1467 2042 1534 Αἴγυπτον
2077 1463 2132 1518 τό
2160 1470 2362 1521 παιδίον

437 1550 556 1619 μετὰ
577 1551 761 1620 Ἰωσήφ
787 1553 868 1605 καὶ
902 1554 1132 1622 Μαρίας,
1172 1548 1338 1618 ἐπειδὴ
1368 1549 1567 1618 ἐζήτουν
1589 1547 1677 1617 τὴν
1706 1548 1873 1617 ψυχὴν
1900 1555 1990 1603 τοῦ
2013 1553 2240 1618 παιδίου,
2294 1550 2361 1615 οἷς

437 1639 716 1705 δυναμένου
741 1634 893 1690 αὐτοῦ
918 1638 970 1690 ἐν
992 1638 1139 1707 σαρκὶ
1166 1636 1564 1704 ἀποκτανθῆναι.
1608 1633 1747 1688 Ἀλλά
1767 1635 2116 1705 προςεκυνήθη
2143 1635 2242 1692 ὑπὸ
2262 1643 2361 1692 τῶν

438 1723 636 1793 Μάγων
664 1720 731 1785 οἷς
757 1721 879 1785 θεὸς
905 1721 1167 1790 ἀληθινός,
1206 1725 1257 1776 ἐν
1286 1723 1430 1792 σαρκὶ
1454 1722 1737 1792 γεννηθεὶς,
1775 1722 1858 1774 καὶ
1887 1719 1947 1775 οὐ
1971 1721 2183 1790 δοκήσει.
2260 1725 2359 1778 Καὶ

436 1805 659 1861 άνελθοὶν
697 1806 795 1862 άπὸ
826 1807 1087 1879 Αἰγύπτου
1122 1807 1246 1862 κατά
1283 1807 1446 1876 φόβον
1468 1813 1558 1860 τοῦ
1590 1805 1778 1875 Ἰωσὴφ
1806 1806 1899 1860 οὐκ
1933 1809 2157 1876 εἰςῆλθεν
2186 1810 2254 1871 εἷς
2279 1806 2361 1862 Ἱε-

436 1893 716 1965 ρουσαλήμ,
768 1892 831 1948 δι’
866 1893 1143 1964 Ἀρχέλαον,
1184 1891 1250 1956 ὥς
1275 1894 1551 1962 δυναμένου
1579 1899 1669 1946 τοῦ
1698 1896 1904 1946 παιδίου
1933 1899 2244 1964 κρατηθῆναι
2274 1898 2361 1949 καὶ

433 1979 530 2048 πρὸ
571 1987 661 2034 τοῦ
696 1986 872 2050 καιροῦ
912 1981 964 2033 ἐν
999 1981 1144 2050 σαρκὶ
1174 1987 1361 2032 παθεῖν
1398 1978 1518 2050 ὅπερ
1548 1980 1707 2046 ἔμελλε
1736 1976 1951 2047 πάσχειν.
2016 1978 2163 2032 Ἀλλά
2190 1983 2359 2034 διεκω-

432 2065 564 2134 λύθη
592 2064 691 2119 find
729 2064 988 2131 Ἰωάννου,
1028 2067 1352 2136 ἐπιγνωσθεὶς
1393 2062 1493 2118 ὖπό
1535 2070 1624 2117 τοῦ
1653 2063 1833 2118 δούλου
1871 2062 2110 2132 δεσπότης
2136 2064 2212 2119 ὅτι
2237 2065 2359 2129 θεὸς

434 2145 499 2220 ἦν
526 2151 918 2223 ἐνανθρωπήσας
958 2154 1010 2206 ἐν
1038 2151 1262 2223 ἀληθείᾳ.
1343 2147 1417 2203 Οὐ
1442 2151 1728 2213 κατεδέξατο
1763 2150 1816 2203 δὲ
1840 2148 1930 2218 τήν
1958 2156 2047 2203 τοῦ
2082 2152 2212 2204 ἰδίου
2240 2150 2359 2205 δού-

434 2243 521 2290 λου
565 2239 619 2290 ἐν
647 2243 706 2311 τῇ
739 2236 943 2311 τοιαύτῃ
987 2235 1228 2290 ὑποθέσει
1252 2233 1419 2303 τιμὴν,
1469 2237 1550 2287 ἵνα
1577 2233 1812 2308 πληρώσῃ
1848 2241 2015 2288 πᾶσαν
2045 2235 2360 2305 δικαιοσύνην

435 2325 489 2377 ἐν
516 2325 688 2393 σαρκὶ,
743 2325 795 2376 ἐν
823 2321 1032 2395 άληθείᾳ
1057 2323 1141 2375 καὶ
1170 2324 1323 2393 τελείᾳ
1357 2319 1753 2388 ἐνανθρωπήσει,
1803 2318 1889 2374 τόν
1918 2318 2245 2393 ὗπογραμμὸν
2271 2328 2359 2391 τῆς

433 2412 675 2478 σωτηρίας
699 2406 818 2475 ἡμῖν
845 2406 1217 2475 ὑπολιμπάνων.
1288 2404 1427 2458 Ἀλλά
1455 2407 1541 2458 καὶ
1582 2407 1825 2473 κέκμηκεν
1865 2404 2005 2460 2άπὸ
2042 2413 2130 2475 τῆς
2158 2405 2358 2462 ὁδοιπο-

434 2497 543 2563 ρίας
580 2496 630 2546 ἐν
666 2493 904 2565 ἀληθείᾳ,
943 2495 1028 2546 καὶ
1060 2492 1148 2560 οὐχ
1178 2489 1345 2553 άπλῶς
1371 2493 1573 2558 ἔκαμεν,
1612 2489 1732 2543 ἀλλά
1757 2493 1840 2545 καὶ
1871 2493 2141 2560 ἐκαθέσθη.
2215 2493 2360 2548 Διότι

443 2585 463 2615 ³
483 2577 757 2647 άληθινῶς,
798 2576 865 2641 ὥς
892 2577 1304 2649 ἐνηνθρώπησεν,
1343 2575 1463 2645 ἐβόα
1485 2578 1653 2646 λέγων,
1693 2583 1847 2629 Δεῦτε
1874 2577 2048 2639 πάντες
2073 2581 2124 2632 οἷ
2146 2585 2360 2633 κοπιῶν-

433 2686 510 2726 τες
551 2666 633 2717 καὶ
670 2665 1076 2733 πεφορτισμένοι,
1126 2662 1262 2733 κάγώ
1293 2661 1564 2716 άναπαύσω
1603 2660 1754 2729 ὑμᾶς·
1804 2665 1886 2715 ἵνα
1922 2666 2054 2737 δείξῃ
2085 2663 2175 2731 τήν
2205 2662 2358 2718 αὐτοῦ

433 2748 647 2818 θεότητα
691 2749 866 2818 ἱκανὴν
910 2744 1065 2803 οὖσαν
1103 2748 1263 2802 πάντα
1300 2746 1360 2801 τά
1385 2747 1553 2816 πλήθη
1589 2754 1676 2800 τοῦ
1714 2746 1902 2816 κόσμου
1939 2746 1999 2799 τά
2040 2748 2166 2819 πρὸς
2206 2747 2358 2803 αὐτόν

435 2833 776 2903 άφικνούμενα
819 2835 1116 2888 ἀναπαῦσαι.
1198 2833 1345 2886 Ἀλλά
1385 2835 1470 2886 καὶ
1509 2832 1781 2903 ἐπειράσθη
1820 2830 1918 2885 ὖπό
1970 2839 2057 2886 τοῦ
2097 2833 2354 2901 διαβόλου,

435 2924 520 2973 καὶ
550 2923 703 2989 ἔμεινε
731 2920 1092 2991 τεσσαράκοντα
1120 2917 1306 2989 ’ἡμέρας
1331 2919 1450 2988 μήτε
1477 2921 1686 2984 ἐσθίων,
1726 2917 1845 2986 μήτε
1881 2921 2062 2983 πίνων,
2114 2921 2196 2971 ’ἵνα
2223 2923 2355 2994 δείξῃ

433 3005 487 3060 τὸ
519 3004 735 3068 άνενδεὲς
765 3013 853 3074 τῆς
881 3004 1035 3059 αὐτοῦ
1060 3004 1311 3074 θεότητος.
1391 3004 1465 3056 Οὐ
1510 3003 1601 3074 γάρ
1631 3010 1814 3057 πεινῶν
1842 3001 2128 3070 ὑπέμεινεν,
2181 3002 2249 3066 οἷς
2275 3026 2357 3071 φι-

432 3099 710 3158 λοσοφικῶς
732 3090 849 3145 καθ’
871 3090 1001 3160 ἡμᾶς
1026 3090 1450 3161 ἐγκρατευόμενος,
1482 3091 1566 3142 καὶ
1589 3087 1740 3142 αὖτὸν
1764 3087 1922 3159 ἄγχων
1940 3090 2023 3141 καὶ
2048 3087 2354 3157 βιαζόμενος,

435 3177 552 3231 ἀλλά
584 3177 944 3248 άνυστερήτως,
995 3176 1078 3231 διά
1115 3175 1205 3245 τὴν
1232 3173 1474 3243 άληθινήν
1512 3173 1666 3228 αὐτοῦ
1703 3173 1927 3242 θεότητα.
2004 3175 2104 3226 Καὶ
2133 3174 2354 3247 ὕστερον,

435 3265 556 3331 φησὶ
583 3261 616 3331 ἡ
642 3262 827 3333 γραφὴ,
868 3265 1126 3316 ἐπείνασεν.
1185 3260 1296 3314 Ἵνα
1318 3264 1448 3334 δείξῃ
1475 3260 1565 3328 τὴν
1596 3257 1838 3328 άληθινήν
1862 3258 2244 3330 ἐνανθρώπησιν
2269 3268 2358 3330 τῆς

433 3348 693 3416 θεότητος,
747 3349 1033 3416 ἐνδιδούσης
1065 3354 1124 3422 τῇ
1165 3347 1384 3420 ἐνσάρκῳ
1413 3349 1659 3418 παρουσία
1699 3350 1795 3397 τῶν
1825 3342 2038 3414 εὐλόγων
2066 3352 2242 3416 χρειῶν
2269 3348 2355 3400 καὶ

431 3433 684 3501 ἀληθινῶν
727 3436 958 3502 μετέχειν,
1018 3436 1100 3487 ἵνα
1143 3433 1209 3501 μὴ
1259 3430 1314 3485 τό
1367 3430 1605 3500 άληθινόν
1646 3436 1732 3498 τῆς
1775 3429 2082 3493 ἀκολουθίας
2125 3431 2350 3507 ἀφανίσῃ

490 3564 530 3607 6.
561 3563 621 3613 ὦς
659 3562 789 3620 ιἡμεῖς
829 3567 987 3605 coniecit
1015 3567 1211 3605 Petavius.
1272 3567 1365 3603 Cor·
1478 3561 1517 3603 3.
1548 3556 1772 3613 ἀληῖῖινῶς,
1805 3555 1864 3608 ὥς
1885 3558 2220 3616 ἕνηνῖῒρώπησεν,
2251 3558 2355 3617 ἐβόα

432 3626 571 3662 narius
593 3627 691 3663 recle
715 3624 826 3662 vertit
861 3621 1147 3676 corruptibiles
1179 3620 1366 3675 corpori-
1423 3620 1470 3658 de
1507 3620 1724 3658 coniectura
1765 3628 1852 3656 mea
1886 3621 2066 3670 reposui,·
2105 3621 2193 3659 libri
2217 3620 2355 3660 habent

435 3677 508 3716 bus
540 3680 674 3731 quoad
703 3691 788 3717 nos.
1423 3670 1632 3727 οἷληὲῖινῶς
1671 3670 2017 3726 ἐνηνὲῐρώπησεν,
2065 3671 2181 3731 ἐβόα.
2238 3678 2353 3716 Peta-

493 3733 587 3774 CAP.
614 3736 770 3774 XVHI.
805 3758 851 3763 --
914 3734 949 3774 l.
980 3732 1048 3776 ἐπὶ
1068 3737 1206 3775 vitium
1228 3738 1282 3775 est
1305 3735 1364 3775 ed.
1421 3735 1508 3771 vius
1527 3731 1682 3781 putavit
1703 3725 1914 3783 ἀληθινῶς
1937 3729 2255 3785 ἐνηνῗὲρώπησεν
2280 3731 2354 3775 καὶ

434 3790 569 3834 Petav.
602 3792 729 3830 Colon.
759 3795 873 3840 repet.
1424 3786 1530 3840 ἐβία.
1574 3788 1782 3826 Cornarius
1807 3790 1919 3827 vertit
1944 3801 1994 3827 eo
2019 3788 2130 3841 quod
2157 3801 2254 3828 vere
2276 3789 2352 3829 ho-

490 3847 530 3889 2.
561 3840 638 3888 ὑπὸ
698 3849 781 3888 cod.
811 3848 971 3900 Rhediq.
1423 3857 1492 3885 mo
1523 3842 1657 3884 factus
1687 3850 1775 3884 erat
1804 3851 1847 3884 et
1876 3843 2078 3887 clamabat
2104 3844 2256 3888 dicens.
