2508 4134
202 695 285 730 pag.
306 683 401 719 1018.

191 2986 299 3042 Κεφ.
319 2975 400 3036 κς’.

435 214 536 266 376
1144 222 1348 266 εΑΝοΤῙ
1376 224 1659 266 EPIPHANII

2007 318 2140 340 *Pu

433 320 590 374 κότα.“
640 317 890 381 Ὡςαύτως
920 320 1014 373 οὐκ
1042 316 1172 388 εἶχον
1202 316 1478 376 ἀποδοῦναι
1503 321 1660 393 λόγον.
1737 323 1837 375 Καὶ
1867 326 2021 389 πολλη
2045 343 2165 389 ημιν
2192 323 2364 393 γέγονε

433 405 540 459 τότε
566 403 763 475 λυπηροὶ
796 402 829 473 ή
859 409 944 472 τῆς
971 410 1098 473 ζωῆς
1133 406 1448 473 κατάστασις,
1498 406 1575 461 ὅτι
1601 409 1652 461 ἐν
1674 413 1778 469 τοῖς
1813 407 2186 478 προειρημένοις
2221 407 2362 461 ἀδελ-

434 498 552 558 φοῖς
577 492 660 543 καὶ
691 492 964 552 ἐπαινετοῖς
1003 490 1285 560 ἐβλήθησαν
1313 490 1481 555 ἅπλῶς
1509 495 1825 559 φιλονεικίαι,
1875 494 1959 545 ἵνα
1992 492 2268 556 διαστάσεις
2307 495 2362 547 ἐν

432 574 553 645 ήμῖν
581 574 790 629 πάντοτε
823 574 852 629 6
878 579 1228 647 προειρημένος
1261 583 1360 632 τῶν
1389 576 1680 649 ἀνθρώπων
1708 579 1940 645 πολέμιος
1966 576 2200 646 διάβολος
2235 580 2362 649 ἐξερ-

434 660 656 734 γάσηται.
735 660 902 729 Πολλὴ
932 664 990 715 δέ
1021 665 1120 717 ἐστι
1158 670 1247 732 τῆς
1285 662 1517 732 τοιαύτης
1558 666 1746 728 αἰτίας,
1799 663 2030 729 ἀδελφοὶ,
2083 661 2118 731 ή
2156 661 2260 716 κατ’
2289 665 2363 717 ἕν-

432 770 575 801 νοιαν
613 746 786 816 βλάβη.
862 750 933 801 Εἰ
971 749 1055 816 μὲν
1087 748 1180 820 γοὶρ
1220 752 1270 813 ἐξ
1303 748 1460 819 ἀρχῆς
1495 751 1608 819 περὶ
1634 746 1815 801 τούτου
1843 748 1938 801 οὐκ
1969 747 2178 816 ἐκινήθη
2201 747 2363 819 λόγος,

431 831 769 887 ἁπλούστατον
807 827 885 902 ἦν.
966 838 1024 887 Τί
1057 832 1152 905 γοὲρ
1189 841 1334 888 τοῦτο
1373 832 1460 888 τὸν
1500 832 1690 901 κόσμον
1723 831 1880 901 ὤνησε
1909 832 1962 887 τὸ
1997 833 2360 902 καινοτόμημα,

429 918 465 987 ἢ
487 917 577 987 τήν
602 921 858 987 ἐκκλησίαν
886 919 1159 988 ὥφέλησενς
1211 919 1243 989 ἢ
1268 920 1378 988 οὐχὶ
1407 924 1589 988 μᾶλλον
1619 921 1832 986 ἔβλαψε,
1882 926 2025 986 μῖσος
2063 921 2147 973 καὶ
2189 918 2362 972 στάσιν

432 1003 788 1075 ἐργασάμενον,
859 1002 1058 1073 Ἐπειδὴ
1083 1007 1135 1059 δὲ
1161 1003 1191 1059 6
1217 1004 1362 1076 λόγος
1399 1003 1717 1075 προεβλήθη,
1769 1002 1986 1074 φοβερός
2023 1005 2247 1075 γέγονεν·
2299 1003 2361 1058 οὗ

430 1089 524 1162 γοὶρ
555 1093 622 1153 εἰς
648 1089 702 1145 τὸ
732 1097 958 1161 κρεῖσσον
988 1097 1077 1158 τῆς
1097 1089 1239 1159 ήμῶν
1266 1094 1521 1162 σωτηρίας.
1580 1088 1819 1160 ’Ἀρνησις
1857 1088 1949 1159 γάρ
1978 1091 2132 1154 ἐστιν,
2185 1089 2245 1143 οὗ
2275 1088 2362 1157 μό·-

429 1198 517 1230 νον
563 1178 615 1230 ἐν
655 1176 814 1250 τούτῳ
856 1182 925 1249 τῷ
965 1178 1100 1246 μέρει
1140 1182 1208 1248 τῷ
1235 1174 1305 1244 μή
1331 1174 1678 1246 ὁμολογοῦντι,
1732 1172 1848 1227 ἄλλα
1883 1175 1964 1228 καὶ
1993 1176 2044 1228 ἐν
2072 1173 2359 1248 βραχυτάτῳ

429 1265 546 1315 τινί·
586 1262 646 1315 οὗ
674 1261 764 1333 χρὴ
791 1260 883 1333 γάρ
914 1263 1033 1315 οὐδὲ
1058 1260 1154 1315 κᾶν
1182 1264 1233 1315 ἐν
1260 1267 1328 1334 τῷ
1355 1260 1551 1330 τυχόντι
1588 1261 1973 1331 παρεξέρχεσθαι
2005 1265 2093 1328 τῆς
2121 1257 2243 1314 ὁδοῦ
2273 1266 2362 1329 τῆς

430 1348 683 1417 ἀληθείας.
757 1350 991 1415 Λέξωμεν
1020 1351 1189 1401 τοίνυν
1217 1349 1301 1401 καὶ
1330 1345 1455 1400 κατα
1485 1345 1666 1414 ταύτης
1701 1352 1789 1414 τῆς
1821 1343 2137 1410 ὑποθέσεως,
2188 1345 2362 1415 βουλό-

431 1454 569 1502 μενοι
599 1432 667 1502 μή
698 1436 788 1498 ἔξω
818 1441 904 1503 τῆς
933 1436 1121 1487 ἕαυτῶν
1149 1439 1274 1501 ζωῆς
1301 1436 1520 1501 βαίνειν,
1571 1433 1693 1501 μηδὲ
1715 1430 1802 1485 τὸν
1828 1430 2019 1485 κανόνα
2056 1430 2362 1500 καταλιμπά-

429 1541 532 1572 νειν
573 1526 662 1587 τῆς
691 1518 834 1589 ἁγίας
874 1526 1002 1572 θεοῦ
1041 1521 1297 1586 ἐκκλησίας
1335 1520 1420 1571 καὶ
1456 1516 1730 1589 ὁμολογίας.
1810 1517 1991 1570 Οὖδενὶ
2027 1516 2121 1589 γὰρ
2162 1516 2362 1572 πώποτε

428 1611 526 1658 τῶν
550 1611 774 1658 παλαιῶν
800 1611 943 1658 τοῦτο
971 1607 1183 1675 εἴρηται,
1224 1603 1334 1658 οὔτε
1359 1603 1623 1678 προφήτῃ,
1662 1602 1774 1658 οὔτε
1801 1601 2054 1676 ἆποστόλῳ
2071 1645 2085 1668 ,
2137 1601 2249 1657 οὔτε
2271 1598 2360 1657 ἐὗ-

429 1696 708 1763 αγγελιστῇ,
747 1689 808 1744 οὔ
832 1713 928 1744 τινι
956 1697 1054 1744 τῶν
1079 1693 1341 1761 ἐξηγητῶν,
1380 1692 1473 1753 ἕως
1498 1690 1686 1744 τούτων
1711 1695 1811 1743 τῶν
1829 1686 2130 1760 ,Ξήμετέρων
2154 1687 2362 1760 χρόνων,

431 1777 479 1839 ἐξ
505 1769 567 1829 οὗ
595 1781 775 1846 καιροῦ
813 1774 911 1830 ἆπὸ
955 1783 1045 1830 τοῦ
1082 1777 1443 1847 προειρημένου
1486 1774 1786 1847 λογιωτάτου
1830 1773 2013 1845 ἀνδρὸς
2056 1774 2110 1829 vd
2139 1781 2364 1830 τοιοῦτον

429 1859 722 1928 σοφιστικόν
761 1868 984 1933 προῆλθε
1015 1865 1164 1932 ῥῆμα.
1241 1865 1454 1935 Παιδεία
1488 1860 1580 1933 γάρ
1610 1860 1670 1916 ού
1698 1867 1760 1936 τῇ
1788 1859 2002 1935 τυχούσῃ
2039 1859 2070 1915 6
2093 1859 2217 1932 ἀνὴρ
2250 1860 2357 1930 ἐξή-

429 1964 604 2015 σκηται
618 1990 632 2013 ,
671 1946 771 2001 ἀπὸ
800 1954 887 2016 τῆς
911 1954 1009 2001 τῶν
1034 1947 1193 2018 λόγων
1222 1946 1625 2017 προπαιδεύσεῶς
1649 1969 1698 2000 τε
1719 1949 1805 2000 καὶ
1827 1945 2110 2014 Ἑλληνικῆς
2132 1950 2364 2001 διδασκα-

428 2036 533 2095 λίας
562 2031 873 2103 ὁρμώμενος,
913 2032 1079 2087 πᾶσάν
1104 2055 1154 2086 τε
1181 2031 1487 2102 διαλεκτικήν
1518 2036 1601 2087 καὶ
1631 2033 1922 2101 σοφιστικήν
1954 2035 2362 2101 πεπαιδευμένος,

429 2116 549 2172 ἄλλα
576 2120 662 2171 καὶ
693 2117 780 2173 τόν
811 2117 954 2173 ἄλλον
982 2124 1092 2188 βίον
1131 2118 1451 2191 σεμνότατος,
1505 2121 1590 2172 καὶ
1626 2125 1761 2173 3τῶν
1791 2117 1918 2189 πρὸς
1945 2118 2258 2189 ὄρθοδόξους
2284 2118 2362 2174 οῗεὶ

429 2206 482 2258 ἐν
508 2201 678 2278 οἷγοὶπῃ
718 2207 770 2258 ἐν
798 2204 978 2279 πρώτῳ
1023 2204 1223 2277 ἀριθμῷ
1261 2203 1553 2273 ταττόμενος
1585 2207 1676 2267 ἕως
1703 2204 1884 2259 τούτου
1922 2211 2052 2259 4τοῦ
2077 2205 2227 2277 λόγου
2261 2208 2360 2261 διέ-

430 2311 603 2358 μεινεν.
670 2289 818 2344 Ἀλλά
850 2293 936 2344 καὶ
965 2294 1154 2360 ἐξορίαν
1188 2288 1443 2358 ὑπέμεινε,
1494 2288 1574 2344 δια
1603 2289 1657 2344 τό
1688 2290 1753 2360 μή
1780 2292 2177 2363 τοῖςἈρειανοῖς
2204 2299 2227 2330 ⁵
2245 2310 2359 2363 συγ-

427 2382 658 2429 κατεῖναι.
733 2378 836 2429 Καὶ
860 2380 905 2429 τί
935 2398 992 2444 με
1023 2380 1100 2429 δεῖ
1125 2377 1277 2445 λέγειν
1289 2399 1304 2439 3
1354 2373 1505 2443 πολλή
1546 2373 1687 2443 ἡμῶν
1715 2375 1749 2445 ἦ
1775 2378 1934 2447 λύπη,
1990 2380 2072 2432 καὶ
2110 2380 2299 2443 πένθος
2325 2377 2360 2448 ἡ

428 2458 556 2529 ζωή,
594 2460 671 2514 ὅτι
696 2467 868 2514 λυπεῖν
900 2465 1081 2515 εἴωθεν
1108 2458 1136 2514 6
1164 2461 1397 2529 διάβολος
1421 2458 1551 2529 ήμᾶς
1579 2458 1680 2525 ἀεὶ,
1734 2457 1801 2520 ὥς
1826 2457 1923 2526 ἤδη
1946 2457 2177 2523 πολλάκις
2203 2457 2358 2516 εἶπον.

561 2969 806 3043 ’Ἀρξομαι
832 2976 1001 3025 τοίνυν
1028 2975 1141 3044 περὶ
1167 2972 1349 3028 τούτου
1374 2978 1463 3027 τοῦ
1490 2976 1643 3043 ῥητοῦ
1669 2975 1848 3045 λέγειν,
1885 2976 1967 3026 ’ἵνα
1996 2975 2150 3041 μηδέν
2177 2995 2247 3041 τι,
2291 2973 2359 3038 οἷς

426 3059 578 3125 ἔφην,
626 3064 712 3126 τῆς
742 3057 978 3125 ἀληθείας
1013 3063 1319 3129 παραλείψω.
1402 3063 1460 3112 Τί
1495 3057 1624 3127 ήμᾶς
1658 3058 1877 3127 ὠφέλησε
1911 3057 1964 3112 τό
2005 3059 2357 3130 παρεκβάλλειν

424 3142 513 3196 τὸν
545 3149 666 3196 νοῦν
705 3141 804 3196 οῗπό
839 3150 927 3211 τῆς
964 3142 1207 3215 ἐνσοέρκου
1246 3149 1521 3215 παρουσίας
1564 3150 1809 3214 Χριστοῦ,·
1884 3147 1955 3196 Εἰ
1984 3143 2076 3215 γάρ
2111 3134 2354 3208 ὅλωςποῦ

426 3232 704 3296 βοηθῆσαι,
755 3227 818 3281 ’ἵν’
848 3229 1006 3291 οὕτως
1045 3233 1193 3294 εἴπω,
1244 3237 1312 3303 τῷ
1339 3234 1494 3303 κυρίῳ
1537 3228 1676 3298 ήμῶν
1720 3227 1877 3297 Ἰησοῦ
1908 3235 2105 3302 Χριστῷ
2131 3233 2216 3284 καὶ
2246 3238 2355 3306 θεῷ’

422 3313 551 3386 λόγῳ
579 3315 661 3367 καὶ
694 3317 789 3386 υἱῷ
817 3321 970 3380 θεοῦ,
1022 3313 1050 3369 6
1077 3314 1311 3387 ’ὑμέτερος
1345 3315 1574 3386 λογισμός
1601 3313 1861 3385 προήχθη,
1911 3318 1994 3368 ἵνα
2032 3315 2100 3384 μή
2139 3319 2354 3386 εἴπωμεν

425 3397 577 3451 αὐτὸν
610 3401 860 3467 εἰληφέναι
888 3406 1034 3465 νοῦν,
1085 3400 1224 3463 ὅπως
1261 3400 1329 3469 μή
1357 3401 1614 3469 νοήσωμεν
1645 3399 1899 3453 ἐλάττωσιν
1929 3402 2039 3471 περὶ
2076 3400 2167 3469 τήν
2197 3402 2355 3457 αὐτοῦ

424 3484 663 3551 θεότητα,
715 3491 873 3557 πολλῷ
916 3491 1095 3553 μᾶλλον
1134 3486 1521 3557 1προτιμότερον
1553 3484 1692 3554 ήμῶν
1728 3483 2025 3554 τυγχάνουσι
2060 3494 2350 3557 Μανιχαῖοι,

479 3600 517 3640 2.
551 3603 788 3641 Vocabulum
822 3596 1064 3654 ἡμετέρων,
1109 3604 1148 3643 in
1176 3605 1258 3643 cod.
1288 3605 1360 3643 len.
1421 3605 1591 3644 deratur.

423 3660 536 3695 aniea
562 3661 772 3708 omissum,
817 3660 865 3696 ab
897 3661 1059 3709 eadem,
1105 3672 1204 3709 quae
1233 3664 1356 3700 cetera
1471 3659 1509 3701 3.
1539 3661 1716 3699 Fortasse
1739 3655 1844 3711 πρός
1866 3658 1948 3702 τῶν
1975 3655 2223 3712 ἐρὲοδόξων.
2258 3665 2352 3703 Cor-

420 3715 599 3761 scripsit,
643 3717 806 3764 antiqua
834 3726 954 3755 manu
981 3718 1021 3755 in
1045 3718 1223 3767 maryine
1251 3718 1359 3756 adie-
1417 3718 1552 3756 narius
1588 3718 1698 3755 vertit
1737 3723 1779 3755 et
1808 3715 1916 3755 inter
1945 3717 2201 3758 orthodoxos
2239 3733 2354 3759 sem-

423 3772 525 3813 ccum
549 3771 647 3822 suit,
690 3775 732 3810 αι
759 3774 800 3812 in
827 3773 911 3811 cod.
936 3773 1097 3824 Rhediy.
1120 3775 1238 3823 plane
1263 3775 1364 3813 desi·
1422 3787 1496 3829 per
1524 3772 1564 3810 in
1593 3771 1727 3828 primo
1760 3771 1904 3816 ordine
1934 3772 2093 3818 locatus
2126 3775 2216 3818 fuit.
