2508 4134
574 302 798 345 PANARH
828 302 930 342 Lm.
961 303 1035 342 m.
1066 304 1198 344 ToM.
1226 305 1256 343 ι,
1290 303 1451 344 HAER.
1477 302 1617 345 Lxx.
1978 289 2044 340 25

141 417 200 452 eo
250 399 392 451 modo
442 417 538 468 quo>
572 399 702 451 inest
735 399 783 449 in
822 416 881 450 eo
920 399 1176 467 splendore
1215 401 1292 468 qui
1333 399 1810 470 comprehensionem
1851 400 2047 451 excedit

142 501 351 536 omnem.
432 482 565 533 Haec
603 500 692 534 nos
734 500 821 551 pro
862 482 1046 533 viribus
1089 484 1269 532 nostris
1304 484 1359 533 ad
1390 485 1462 534 dei
1498 485 1728 535 bonorem
1764 492 1813 534 et
1840 483 2043 551 gloriam

141 568 344 619 humana
375 566 539 635 lingua
565 566 931 635 disputavimus.
1005 564 1122 616 Non
1167 566 1292 615 enim
1327 567 1419 615 alta
1449 584 1568 618 voce
1606 576 1689 618 aut
1725 583 1950 618 sermone
1979 565 2045 616 uti

140 668 414 718 possumus,
455 650 533 718 qui
563 649 627 700 sit
652 667 710 699 eo
746 648 1070 717 praestantior
1096 665 1234 716 quem
1265 648 1403 699 nobis
1431 651 1571 699 modo
1597 651 1799 717 quodam
1829 668 1885 700 ac
1912 667 2047 701 men-

140 751 251 785 sura
283 734 401 785 deus
428 732 668 797 attribuit3
713 732 898 781 tametsi
928 732 1251 801 praestantius
1278 732 1455 799 aliquid
1486 743 1645 782 mente
1676 735 1732 783 de
1762 735 1851 784 deo
1882 734 2045 785 conci·

140 819 344 887 piamus.
421 815 604 866 Verum
633 824 857 883 quantum
893 824 1055 865 nostra
1089 832 1222 865 mens
1251 815 1406 882 capit,
1462 823 1643 864 tantum
1676 834 1730 865 os
1761 817 1918 884 eloqui
1948 834 2042 867 non

141 911 327 970 potest,
387 900 510 968 quod
554 907 600 948 et
638 915 861 948 mensura
903 898 980 948 illa
1011 908 1290 961 coercetur,
1347 907 1394 948 et
1433 898 1681 965 corporeis
1714 899 2044 950 instrumentis

140 986 328 1035 affixum
383 991 592 1033 tenetur.
689 979 931 1047 Quocirca
988 981 1299 1032 imbecillitati
1357 990 1553 1032 nostrae
1605 982 1720 1031 deus
1769 982 2042 1048 indulgenS,

139 1085 278 1135 quam
311 1066 501 1135 deipso
528 1065 742 1116 notitiam
777 1064 1085 1132 adipiscimur
1110 1082 1164 1115 ac
1191 1064 1393 1132 gloriam
1424 1063 1703 1126 deserimus,
1746 1065 1884 1131 aequi
1911 1066 2046 1116 lioni-

140 1169 230 1220 qne
256 1150 482 1212 consulit,
525 1150 630 1199 dum
656 1149 783 1198 illam
811 1148 952 1198 etiam
981 1165 1126 1216 snpra
1151 1148 1325 1198 virium
1356 1157 1627 1198 nostrarum
1657 1156 1843 1215 captum
1875 1158 2047 1198 exten-

139 1236 324 1297 dimus,
384 1251 478 1283 non
510 1241 558 1283 ut
590 1232 682 1283 ulla
713 1233 758 1282 in
792 1249 843 1281 re
879 1233 969 1281 deo
999 1232 1352 1297 gratificemur,
1408 1232 1491 1282 sed
1519 1239 1572 1281 ut
1600 1231 1758 1294 illum,
1802 1233 1954 1299 quoad
1983 1232 2046 1282 si·-

138 1327 236 1368 tum
280 1317 328 1367 in
370 1317 508 1367 nobis
550 1324 651 1378 est,
705 1315 844 1366 laude
878 1315 1207 1379 celebremu83
1259 1324 1313 1365 ut
1347 1316 1477 1366 etde
1505 1315 1584 1366 illo
1614 1313 1841 1382 religiose
1871 1315 2048 1365 sentia-

139 1419 273 1464 mus,
316 1401 442 1452 etab
470 1399 575 1451 eius
606 1399 761 1467 gratia
794 1408 841 1449 et
873 1400 1075 1449 veritate
1105 1417 1198 1448 non
1229 1399 1530 1450 excidamus.
1610 1399 1770 1466 Atque
1815 1398 1933 1448 haec
1966 1399 2048 1448 ad·

140 1502 311 1536 versus
340 1483 550 1535 Audium
584 1483 931 1550 Audianosqne
967 1482 1268 1552 disputantes
1309 1481 1498 1532 illorum
1539 1483 1761 1549 dogmata
1797 1481 2049 1551 proposui-

138 1586 271 1632 mus3
297 1585 419 1637 quae
447 1566 726 1636 simpliciori
756 1567 955 1634 quadam
979 1566 1167 1617 ratione
1191 1583 1246 1616 ac
1275 1565 1507 1634 pertinaci
1537 1564 1862 1616 contentionis
1890 1565 2047 1615 studio

139 1653 345 1722 turpiter
380 1659 685 1703 asseverant.

278 1735 472 1786 Habent
519 1752 638 1785 vero
682 1743 730 1784 et
770 1734 861 1784 alia
910 1734 1184 1802 complura,
1244 1732 1415 1800 quibus
1458 1732 1755 1801 potissimum
1808 1732 2041 1795 nituntur,

138 1837 285 1888 seque
331 1820 388 1869 ab
433 1819 671 1869 ecclesiae
710 1818 1050 1868 coniunctione
1087 1825 1436 1884 segregarunt,
1492 1817 1661 1883 quibus
1709 1825 1752 1867 et
1795 1817 1914 1866 alios
1952 1816 2050 1883 ple·

137 1920 336 1970 rumque
378 1902 688 1952 conturbatos
733 1901 791 1951 ab
836 1902 1001 1950 eadem
1039 1901 1243 1951 ecclesia
1284 1900 1545 1961 divellunt,
1603 1900 1851 1966 utriusque
1901 1915 2049 1949 sexus

142 1986 382 2037 homines.
456 1984 587 2036 Nam
615 2002 721 2034 cum
762 1982 950 2034 ludaeis
978 1982 1165 2034 Pascha
1206 1984 1453 2034 celebrare
1486 1984 1679 2045 volunt,
1732 1983 1821 2033 hoc
1855 1992 1929 2033 est
1956 2001 2049 2050 quo

140 2080 356 2138 tempore
389 2068 552 2120 ludaei
587 2068 776 2137 Azyma
811 2085 896 2118 sua
931 2076 1192 2135 peragunt,
1251 2077 1363 2117 tunc
1410 2067 1477 2116 illi
1507 2064 1762 2116 Paschatis
1797 2066 2050 2116 celebrita-

137 2162 231 2204 tem
271 2154 478 2215 obeunt,
531 2161 583 2203 ut
624 2152 683 2201 ab
727 2151 934 2201 ecclesia
980 2151 1235 2200 dissentire
1280 2151 1553 2201 videantur.
1645 2147 1786 2215 Quod
1827 2150 2052 2200 videlicet

139 2238 248 2288 olim
286 2238 401 2289 baec
429 2237 476 2286 in
502 2236 706 2286 ecclesia
738 2235 1036 2284 consuetudo
1069 2243 1263 2302 recepta
1298 2234 1458 2283 suerit.
1538 2232 1838 2300 Quamquam
1881 2233 2051 2282 nonni-

139 2321 202 2371 hil
235 2321 321 2371 bac
349 2321 396 2370 in
430 2328 564 2388 parte
591 2319 970 2380 calumniantur,
1014 2326 1061 2367 et
1085 2317 1431 2367 ecclesiasticis
1466 2317 1630 2367 falsam
1661 2317 1896 2366 rationem
1932 2316 2052 2365 obii-

139 2404 288 2454 ciunt.
366 2401 779 2464 A‘Constantini‚
822 2402 1069 2468 inquiunt,
1114 2410 1357 2468 tempore,
1400 2410 1450 2450 ut
1478 2401 1783 2468 imperatoris
1815 2400 2049 2449 rationem

141 2487 383 2538 haberetis
408 2495 652 2555 paternam
683 2486 730 2535 iu
759 2485 1048 2535 celebrando
1077 2485 1301 2552 paschate
1334 2484 1731 2534 consuetudinem
1765 2484 2047 2551 reliquistis,

141 2572 360 2638 diemque
388 2570 738 2630 commutastis,
782 2578 831 2619 ut
861 2586 948 2619 vos
977 2569 1033 2617 ad
1066 2568 1371 2635 imperatoris
1403 2577 1566 2618 nutum
1598 2567 2047 2617 accommodaretis.

142 2653 347 2721 Quidam
393 2654 537 2703 etiam
582 2652 882 2721 pervicacius
927 2652 1182 2713 deliciunt,
1241 2661 1319 2714 ct,
1378 2649 1500 2703 Cum
1551 2651 1752 2713 nataliS‚
1809 2651 2048 2718 inquiunt,

142 2736 451 2789 Constantini
497 2737 855 2797 celebraretur,
914 2733 1162 2785 Paschatis
1203 2736 1437 2785 rationem
1481 2734 1789 2784 immutastis.
1869 2732 2050 2785 Verum

142 2822 180 2873 si
211 2823 375 2871 eadem
406 2820 663 2888 quotannis
695 2820 770 2869 die
803 2817 989 2868 Pascha
1019 2828 1502 2886 repraesentaretur,
1544 2819 1590 2867 in
1625 2835 1776 2885 eaque
1801 2818 2052 2867 celebran-

142 2906 251 2955 dum
290 2922 400 2954 esse
440 2904 691 2953 statuisset
736 2903 815 2952 illa
845 2903 1059 2969 synodus
1097 2920 1120 2950 a
1156 2900 1478 2952 Constantino
1515 2902 1747 2961 collecta,
1791 2900 2051 2968 probabilis

141 2989 341 3039 istorum
372 2996 501 3038 esset
528 2986 704 3037 oratio.
783 2985 927 3035 Nunc
966 3002 1073 3034 cum
1105 2986 1243 3035 annis
1278 2985 1478 3051 singulis
1523 3003 1616 3035 non
1666 2986 1830 3035 eadem
1871 2993 2052 3050 tempo-

141 3090 245 3122 rum
279 3072 434 3123 series
476 3071 752 3138 potatioque
783 3069 1098 3135 respondeat,
1154 3069 1311 3118 inanis
1345 3078 1418 3118 est
1449 3069 1537 3118 ista
1564 3070 1704 3118 ratic.
1784 3066 1895 3116 Non
1926 3067 2051 3116 enim

144 3156 204 3205 ob
236 3156 442 3204 natalem
478 3172 645 3215 suum,
687 3155 769 3202 sed
801 3153 855 3201 ad
889 3152 1144 3201 ecclesiam
1171 3152 1519 3201 conciliandam
1554 3152 1594 3200 ei
1628 3151 1695 3200 rei
1729 3151 1933 3200 studium
1967 3151 2052 3198 im-

143 3250 340 3307 perator
369 3238 600 3288 adhibuit.
678 3236 809 3287 Sane
842 3236 952 3285 illud
984 3236 1222 3284 l'atendnm
1253 3236 1390 3285 nobis
1421 3244 1522 3296 est,
1565 3238 1657 3282 duo
1688 3234 1918 3300 quaedam
1954 3251 2053 3282 ma-

143 3321 272 3372 xima
321 3339 406 3389 per
448 3320 864 3387 religiosissimum
910 3336 965 3368 ac
1018 3317 1324 3368 beatissimae
1377 3318 1637 3367 memoriae
1680 3314 2052 3366 Constantinum

143 3423 169 3454 a
204 3407 293 3455 deo
325 3421 434 3454 esse
477 3404 725 3472 praestita.
804 3401 1021 3467 Quorum
1055 3402 1254 3467 primum
1285 3403 1369 3451 fuit
1401 3411 1449 3450 ut
1488 3401 1798 3449 oecumenica
1838 3402 2052 3468 synodus

147 3488 485 3555 colligeretur,
538 3505 591 3537 ac
645 3486 754 3536 fidei
802 3502 985 3535 summa
1023 3483 1241 3534 Nicaeae
1290 3485 1529 3551 explicata
1569 3492 1949 3551 proponeretur,
2007 3493 2055 3533 et

201 3708 241 3749 3.
273 3705 351 3750 ὖπό
383 3711 531 3748 volebat
561 3712 752 3749 petavius.
1120 3704 1375 3759 ἐντεθεῖσαν)
1406 3708 1492 3746 edit.
1525 3708 1659 3749 Petav.
1690 3704 1936 3748 ἐκταθεῖσαν
1965 3708 2054 3747 reli-

202 3762 241 3804 4.
272 3762 512 3809 ἐκτεθεῖσαν
528 3765 608 3820 (ed.
636 3767 763 3805 Colon-
787 3769 903 3815 repet.
931 3765 1063 3804 vitiose
1121 3765 1186 3816 qui
1217 3764 1317 3803 libri.

2077 1751 2175 1804 Cap.
2197 1750 2273 1792 IX.
