2508 4134
255 708 367 764 Κεφ.
385 707 453 753 ιδ’.

275 2007 360 2045 pag.
379 1996 452 2032 904.

491 258 589 308 174
1195 266 1397 310 εΛΝοΤῐ
1425 268 1708 311 EPIPHANH

484 371 613 417 λειον
638 368 725 429 τῆς
762 358 1067 428 ἀποφάσεως
1110 360 1324 430 ἐχούσης.
1404 363 1547 419 Οὕτω
1587 387 1669 432 μοι
1714 366 1797 418 καὶ
1826 366 1941 435 περὶ
1966 366 2266 434 πνεύματος,
2315 371 2400 423 καὶ

484 452 623 513 υἱοῦ,
658 447 737 500 καὶ
766 444 951 514 πατρὸς
975 444 1065 514 τὴν
1093 450 1210 514 μίαν
1234 454 1411 517 γνῶσιν
1435 451 1520 503 καὶ
1543 447 1635 516 τὴν
1661 453 1971 520 προγνωσίαν
1997 458 2170 519 σαφαῖς
2194 452 2400 522 ἐχούσης

485 539 574 601 τῆς
606 529 749 602 άγίας
784 529 981 602 τριάδος
1016 529 1106 599 τὴν
1141 531 1412 600 τελειότητά
1447 555 1497 588 τε
1535 537 1617 588 καὶ
1654 533 1935 603 ταυτότητα.

627 703 728 755 Καὶ
766 698 1001 770 ἀμύθητα
1041 704 1139 755 ἔστι
1175 703 1287 771 περὶ
1326 701 1515 757 τούτων
1555 705 1732 775 λέγειν,
1783 706 1866 757 καὶ
1894 702 1994 759 ἀπὸ
2029 710 2176 771 θείας
2203 713 2401 779 γραφῆς

482 786 631 858 ὄγκον
666 793 946 858 μαρτυριῶν
985 788 1178 856 φέρειν,
1225 788 1310 840 καὶ
1348 790 1417 850 εἰς
1441 787 1621 851 πλάτος
1650 788 1994 858 ἐπιμηκύνειν,
2047 795 2134 845 καὶ
2175 791 2398 860 κάματον

480 875 703 941 ἐμποιεῖν
741 879 844 935 τοῖς
885 871 1270 941 ἐντυγχάνουσιν.
1340 869 1574 942 Ἀρκετῶς
1609 873 1701 944 γάρ
1742 876 1794 928 ἐν
1837 874 2008 949 ιπάσῃ
2038 878 2220 947 αἱρέσει
2247 874 2402 932 πολλοὶ

482 956 699 1020 εἰπόντες
741 956 827 1019 τοὶς
855 955 1016 1019 πάσας
1042 959 1094 1010 έν
1130 962 1258 1009 θεοῦ
1286 955 1491 1026 δυνάμει
1528 956 1668 1026 ἡμεῖς
1696 961 1749 1012 οἱ
1780 957 2007 1022 ἀσθενεῖς
2046 959 2400 1032 ἀνετρέψαμεν,

480 1044 566 1097 καὶ
605 1039 918 1110 ἀπεδείξαμεν
955 1040 1206 1111 ἀλλοτρίας
1252 1039 1403 1104 οὔσας
1443 1049 1532 1110 τῆς
1573 1040 1831 1110 ἀληθείας,
1881 1046 1966 1098 καὶ
2003 1044 2212 1115 ἑκάστην
2234 1046 2402 1101 αὐτῶν

480 1131 870 1197 βλασφημοῦσαν
895 1129 978 1180 καὶ
1005 1124 1312 1195 ἀρνουμένην
1335 1127 1426 1196 τὴν
1453 1127 1712 1195 ἀλήθειαν,
1750 1127 1843 1182 κάν
1864 1150 1914 1182 τε
1940 1133 1990 1184 έν
2017 1134 2199 1202 βραχεῖ,
2236 1130 2333 1186 κάν
2350 1153 2402 1185 τε

481 1216 535 1268 ἐν
558 1218 732 1286 πολλῷ.
803 1209 889 1274 Ὡς
917 1213 1002 1265 καὶ
1031 1205 1172 1265 οὗτοι
1207 1212 1364 1280 μάτην
1405 1215 1474 1275 εἰς
1511 1211 1598 1266 τὸν
1628 1211 1804 1283 κύριον
1840 1217 2267 1283 βλασφημοῦντες,
2315 1219 2399 1270 καὶ

482 1301 551 1361 εἰς
573 1296 628 1351 τὸ
660 1296 802 1368 ἅγιον
829 1303 1047 1363 πνεῦμα,
1095 1297 1178 1349 καὶ
1217 1297 1284 1365 μή
1313 1299 1502 1365 ἔχοντες
1526 1297 1646 1365 μήτε
1676 1299 1922 1363 ἐνταῦθα,
1970 1299 2091 1368 μήτε
2117 1302 2170 1354 έν
2194 1307 2262 1373 τῷ
2289 1304 2397 1370 μέλ·

480 1392 611 1439 λοντι
653 1385 796 1436 αἰῶνι
836 1379 960 1435 κατά
998 1379 1058 1434 τά
1093 1378 1193 1435 ’ὖπό
1231 1386 1408 1452 κυρίου
1435 1383 1664 1453 εἰρημένα
1690 1380 1865 1448 ἄφεσιν
1889 1381 2166 1454 ἁμαρτιῶν,
2203 1385 2287 1439 διὰ
2312 1385 2401 1455 τὴν

480 1474 550 1534 εἰς
574 1467 628 1523 τὸ
662 1468 804 1539 ἅγιον
830 1472 1020 1535 πνεῦμα
1045 1470 1380 1535 βλασφημίαν,
1428 1468 1852 1535 καταπατηθέντες
1878 1465 1959 1522 ὑπ’
1994 1469 2148 1538 αὐτῆς
2170 1476 2259 1538 τῆς
2278 1469 2399 1540 ἄλη.

478 1559 624 1617 θείας
658 1557 799 1621 δίκην
832 1551 1070 1622 κεράστου
1107 1555 1270 1606 δεινοῦ
1308 1553 1669 1623 μονοκέρωτος,
1719 1557 1806 1605 τοῦ
1841 1559 1932 1606 νοῦ
1959 1561 2046 1622 τῆς
2072 1558 2399 1624 βλασφημίας,

482 1641 758 1709 δυναμένου
786 1637 901 1692 ὅλον
929 1635 982 1691 vd
1010 1644 1149 1705 σῶμα
1174 1641 1427 1708 φθείρειν,
1465 1641 1748 1700 πεισθέντες
1769 1643 1836 1711 τῷ
1864 1631 1952 1692 τοῦ
1982 1639 2128 1702 ξύλου
2153 1640 2282 1715 λόγῳ
2313 1643 2400 1695 καὶ

479 1734 540 1801 τῇ
589 1731 677 1779 τοῦ
726 1729 1021 1793 μονογενοῦς
1067 1723 1284 1797 ἀληθινῇ
1321 1721 1552 1796 ὁμολογίᾳ
1597 1723 1674 1776 ὅτι
1719 1729 1786 1796 τῷ
1821 1726 2195 1793 βλασφημοῦντι
2241 1728 2310 1789 εἰς
2343 1724 2398 1780 τὸ

480 1818 674 1880 πνεῦμα
698 1807 808 1864 οὔτε
832 1811 884 1862 έν
909 1814 976 1881 τῷ
1005 1810 1147 1862 αἰῶνι
1172 1807 1359 1881 τούτῳ,
1406 1807 1519 1862 οὔτε
1545 1811 1600 1863 ἐν
1623 1814 1692 1882 τῷ
1715 1810 1931 1877 μέλλοντι
1959 1806 2264 1879 ἀφεθήσεται
2279 1853 2294 1876 ,
2328 1809 2400 1874 ὥς

482 1901 622 1966 ἔφην.
701 1895 1144 1961 Καταπατηθέντες
1166 1895 1249 1948 καὶ
1278 1895 1625 1964 συντριβέντες,
1663 1891 1732 1962 μὴ
1759 1893 2002 1962 ἰσχύοντες
2025 1893 2149 1948 κατά
2172 1902 2259 1964 τῆς
2282 1894 2399 1965 ἀλη-

484 1987 640 2044 θείας.
715 1979 879 2032 Πύλαι
908 1977 998 2050 γάρ
1044 1977 1174 2052 ᾅδου
1224 1977 1423 2047 ἀληθῶς
1459 1985 1615 2032 πᾶσαι
1643 1982 1699 2032 αἰ
1725 1982 1957 2050 αἱρέσεις,
2011 1979 2132 2034 ἀλλά
2159 1981 2284 2036 κατὰ
2310 1989 2399 2051 τῆς

478 2071 656 2139 πέτρας
681 2065 741 2120 οὐ
766 2062 1134 2133 κατισχύσουσι,
1171 2064 1389 2118 τούτεστι
1415 2063 1540 2118 κατὰ
1564 2071 1650 2132 τῆς
1677 2064 1922 2132 ἀληθείας.
1999 2063 2112 2119 Κάν
2138 2087 2188 2119 τε
2217 2065 2310 2138 γάρ
2335 2070 2396 2131 ’ἐξ

479 2155 644 2208 αὐτῶν
670 2172 795 2213 τινες
819 2149 1077 2217 θελήσειαν
1101 2151 1253 2220 λέγειν
1279 2150 1372 2215 ὅτι,
1418 2148 1517 2217 Τὴν
1544 2150 1633 2217 μὲν
1659 2153 1820 2203 πίστιν
1845 2148 1932 2218 τὴν
1961 2152 2244 2204 ἕκτεθεῖσαν
2272 2150 2397 2206 κατὰ

482 2243 696 2294 Νικαίαν
726 2238 812 2291 καὶ
835 2233 976 2289 αὐτοὶ
999 2233 1351 2305 ὁμολογοῦμεν,
1387 2238 1546 2298 δεῖξον
1575 2236 1629 2288 δέ
1655 2257 1739 2303 μοι
1767 2231 1850 2288 ἀπ’
1885 2233 2038 2304 αὐτῆς
2065 2234 2141 2289 ὅτι
2170 2234 2224 2290 τὸ
2257 2235 2398 2307 ἅγιον
2453 2301 2455 2304 ⁴

477 2332 671 2392 πνεῦμα
698 2325 749 2377 ἐν
769 2328 831 2395 τῇ
862 2320 1064 2388 θεότητι
1088 2327 1487 2389 συναριθμεῖται,
1516 2352 1583 2361 -
1631 2318 1989 2390 εὑρεθήσονται
2014 2322 2096 2373 καὶ
2125 2319 2210 2374 ἀπ’
2237 2320 2396 2390 αὐτῆς

478 2409 788 2481 ἐλεγχόμενοι.
867 2404 942 2459 Οὔ
970 2408 1134 2476 γέγονε
1163 2405 1216 2458 δὲ
1241 2403 1348 2458 τότε
1377 2406 1485 2474 περὶ
1514 2411 1602 2458 τοῦ
1632 2404 1907 2474 πνεύματος
1930 2403 1963 2474 ἡ
1989 2404 2197 2474 ζήτησις.
2256 2406 2396 2478 Πρός

477 2494 570 2566 γάρ
598 2493 652 2548 τὸ
681 2491 963 2547 ὖποπίπτον
1002 2493 1052 2544 ἐν
1079 2497 1259 2563 καιρῷ,
1312 2492 1396 2543 καὶ
1433 2497 1616 2564 καιρῷ,
1667 2494 1723 2544 αἱ
1761 2490 1961 2545 σύνοδοι
2000 2490 2088 2560 τήν
2128 2489 2397 2559 ἀσφάλειαν

476 2586 751 2635 ποιοῦνται.
787 2576 918 2630 Ἐπεὶ
944 2570 1037 2630 οὖν
1066 2574 1095 2630 ὁ
1122 2575 1318 2646 ’Ἀρειος
1344 2578 1412 2638 εἷς
1441 2575 1527 2629 τὸν
1552 2576 1664 2630 υἱὸν
1682 2575 1769 2645 τήν
1797 2580 2078 2646 δυσφημίαν
2102 2574 2394 2642 ἀπετείνετο,

476 2665 656 2720 τούτου
682 2666 823 2718 ἕνεκα
859 2661 978 2731 μετά
1010 2667 1241 2732 περισσῆς
1278 2665 1506 2732 διαλογῆς
1542 2660 1767 2732 ἀκρίβεια
1806 2668 1905 2715 τῶν
1940 2661 2098 2733 λόγων
2132 2664 2395 2733 γεγένηται.

462 2751 595 2823 *Όρα
619 2752 673 2804 δὲ
698 2747 780 2804 ἀπ’
807 2748 960 2816 αὐτῆς
983 2753 1069 2814 τῆς
1093 2744 1352 2816 ὁμολογίας
1380 2746 1457 2800 ὅτι
1482 2745 1592 2800 οὔτε
1621 2749 1674 2800 έν
1697 2746 1854 2820 τούτῳ
1881 2744 2236 2817 εὖρεθήσονταί
2254 2771 2300 2801 τι
2322 2749 2396 2802 λέ·

477 2858 643 2910 γοντες
671 2838 723 2890 οἱ
744 2837 814 2897 εἰς
841 2832 895 2887 vd
926 2838 1118 2900 πνεῦμα
1146 2835 1570 2900 βλασφημοῦντες,
1611 2835 1663 2886 οἱ
1688 2831 2108 2901 πνευματομάχοι,
2145 2833 2228 2885 καὶ
2257 2830 2396 2887 ἀλλό-

476 2945 602 2995 τριοι
626 2928 715 2990 τῆς
749 2918 903 2974 αὐτοῦ
930 2922 1117 2986 δωρεᾶς
1147 2919 1232 2970 καὶ
1271 2916 1559 2988 ἆγιαστείας.
1634 2917 1818 2980 Εὐθΰς
1854 2917 1946 2989 γάρ
1985 2915 2020 2985 ἡ
2045 2918 2243 2979 ἔκθεσις
2279 2914 2395 2985 ὄμο-

475 3016 635 3079 λογεῖ,
673 3008 757 3061 καὶ
785 3006 878 3060 οὐκ
905 3003 1138 3074 ἀρνεῖται.
1218 3003 1519 3071 Πιστεύομεν
1546 3002 1637 3074 γάρ
1666 3005 1735 3065 εἰς
1773 3004 1859 3056 ἕνα
1901 3001 2025 3056 θεὸν
2052 3003 2238 3073 πατέρα
2269 3025 2394 3056 παν-

476 3093 763 3164 τοκράτορα,
844 3088 909 3144 Τὸ
939 3090 991 3142 δὲ
1026 3088 1327 3156 Πιστεύομεν
1355 3087 1444 3157 οὐχ
1473 3086 1640 3150 άπλοῖς
1669 3091 1881 3158 εἴρηται,
1919 3085 2036 3140 ἀλλά
2063 3084 2098 3154 ἦ
2127 3090 2288 3149 πίστις
2324 3089 2394 3149 εἰς

475 3179 562 3234 τὸν
599 3177 736 3232 θεόν.
814 3177 913 3228 Καὶ
952 3177 1021 3237 εἰς
1059 3176 1145 3228 ἕνα
1184 3175 1356 3245 κύριον
1388 3172 1578 3242 Ἰησοῦν
1617 3172 1833 3243 Χριστόν
1871 3170 1960 3240 οὐχ
1994 3169 2159 3234 ἅπλῶς
2191 3174 2393 3242 εἴρηται,

478 3263 576 3318 ἀλλ’
603 3267 672 3327 εἰς
697 3261 822 3316 θεόν
850 3258 884 3330 ἦ
911 3264 1083 3321 πίστις.
1160 3261 1260 3312 Καὶ
1288 3262 1355 3322 εἰς
1384 3258 1438 3313 τὸ
1468 3260 1608 3330 ἅγιον
1633 3264 1825 3326 πνεῦμα
1845 3259 1931 3310 καὶ
1956 3256 2047 3324 οὐχ
2072 3253 2237 3319 ἅπλῶς
2263 3259 2393 3328 εἴρησ-

478 3371 583 3416 ται,
622 3347 716 3402 ἀλλ’
744 3350 812 3410 εἰς
844 3349 959 3414 μίαν
985 3348 1292 3416 δοξολογίαν,
1330 3346 1414 3398 καὶ
1439 3347 1508 3407 είς
1538 3347 1654 3412 μίαν
1679 3345 1852 3397 ἕνωσιν
1874 3341 2126 3410 θεότητος,
2163 3343 2246 3396 καὶ
2275 3345 2393 3411 μίαν

539 3550 633 3593 Cn.
656 3551 772 3593 XIV.
802 3574 857 3581 —-
918 3549 952 3590 1.
981 3545 1099 3605 πάσῃ
1130 3550 1214 3591 cod.
1246 3550 1404 3600 Rhedig.
1463 3547 1567 3591 πᾶσι
1595 3546 1680 3587 cod.
1708 3546 1785 3586 len.
1816 3548 1851 3585 et
1877 3543 1980 3584 editi.
