2508 4134
557 262 778 303 PANARn
808 262 909 302 Lm.
929 264 1001 302 ΠΙ.
1032 264 1212 305 TOM.1.
1242 265 1601 307 HAER.LXX11.
1968 255 2034 306 49

136 360 240 412 sive
267 358 484 410 lumbrici
509 358 692 423 instar,
734 369 814 411 aut
842 369 1002 411 terrae
1031 361 1300 427 interanei,
1343 364 1537 415 missum
1569 371 1810 432 postremo
1843 362 2032 414 faciam.

136 442 234 495 lam
265 443 390 494 enim
420 442 555 494 brevi
583 444 832 495 admodum
864 453 1076 512 tempore
1105 445 1231 496 illius
1260 457 1334 497 est
1360 447 1578 499 haeresis
1603 446 1848 516 dissipata.
1887 445 2034 497 Nunc

134 527 409 596 implorata,
449 536 501 578 ut
533 527 772 592 solemuS‚
813 545 903 597 ope
930 528 1005 579 dei
1043 529 1101 579 ad
1136 528 1344 597 reliquas
1382 532 1610 583 haereses
1648 530 2028 602 progrediemur.

489 752 860 815 CONTRA
915 753 1680 830 MARCELLIANOS,

448 871 582 930 quae
640 857 723 912 est
780 852 1026 913 haeresis
1080 851 1244 928 LII.,
1304 854 1421 915 sive
1479 853 1722 915 LXXII.

273 974 370 1027 Per
398 977 522 1027 idem
550 985 734 1046 tempus
764 979 895 1040 (nam
930 977 978 1027 in
1006 978 1206 1027 eandem
1246 987 1452 1029 aetatem
1489 978 1555 1029 illi
1586 995 1755 1029 omnes
1792 980 2031 1044 incidunt)
2069 994 2169 1050 cap.
2196 998 2225 1036 Ι.

139 1061 364 1130 Ancyrae
402 1059 667 1112 Marcellus
706 1061 892 1124 extitit,
935 1061 1014 1129 qui
1052 1062 1110 1112 ad
1146 1071 1310 1113 nostra
1354 1081 1504 1131 usque
1543 1074 1758 1133 tempora
1796 1066 2035 1133 pervenit,

137 1155 185 1198 et
221 1146 404 1198 duobus
435 1145 605 1196 abhinc
643 1145 747 1214 plns
787 1145 941 1196 minus
973 1146 1111 1197 annis
1152 1146 1287 1196 obiit.
1364 1146 1457 1198 Hic
1496 1148 1711 1199 nonnihil
1750 1149 1798 1200 in
1830 1150 2039 1201 ecclesia

138 1231 329 1282 divortii
369 1229 621 1293 conflavit,
675 1230 843 1280 eodem
873 1230 975 1280 fere
1015 1238 1065 1280 ut
1103 1231 1203 1282 dixi
1245 1240 1478 1299 tempore.
1557 1233 1740 1285 Verum
1783 1234 2039 1285 obscuram

139 1314 387 1366 admodum
435 1313 671 1382 dogmatis
717 1315 791 1366 sui
829 1313 1231 1380 significationem
1277 1316 1435 1381 dedit,
1498 1335 1604 1368 cum
1651 1319 1709 1369 ad
1749 1316 1948 1370 Sabellii
1996 1328 2045 1370 et

137 1396 322 1449 Novati
362 1398 617 1448 factionem
654 1398 1020 1467 adiungeretur,
1078 1399 1278 1450 Arianis
1317 1401 1616 1469 potissimum
1655 1421 1741 1472 pro
1780 1421 1869 1454 suo
1908 1403 1955 1453 in
1987 1404 2043 1454 il-

141 1482 236 1533 lum
269 1482 376 1533 odio
405 1482 492 1532 hoc
521 1482 674 1550 ipsum
713 1483 1146 1551 exprobrantibuS,
1204 1485 1328 1553 quod
1369 1485 1591 1537 nimirum
1630 1488 1865 1539 adversus
1898 1486 2044 1537 Aria-

142 1583 229 1617 nos
258 1566 590 1616 contenderet.
668 1564 795 1616 Hinc
834 1575 908 1617 est
948 1569 1069 1635 quod
1110 1586 1138 1619 a
1166 1569 1408 1620 nonnullis
1447 1587 1505 1621 eo
1537 1572 1731 1621 nomine
1761 1571 2040 1635 incessitur,

141 1650 274 1718 quasi
301 1650 358 1700 ad
387 1647 774 1701 Sabellianorum
814 1651 1144 1703 cavillationes
1174 1654 1343 1720 partim
1378 1654 1673 1706 adhaeserit.
1752 1654 1933 1706 Verum
1963 1655 2046 1706 alii

140 1734 292 1785 eidem
328 1734 685 1801 patrocinantes
725 1752 892 1786 verum
930 1736 975 1786 id
1005 1753 1113 1787 esse
1150 1747 1356 1804 negant,
1414 1755 1440 1790 e
1471 1739 1716 1790 contrario
1755 1758 1874 1792 vero
1907 1758 2043 1809 prae-

139 1817 267 1868 clare
294 1817 424 1868 illum
454 1817 640 1868 vixisse
672 1836 727 1869 ac
757 1829 888 1870 recte
921 1821 1135 1871 sensisse
1163 1823 1461 1873 confirmant.
1540 1822 1675 1876 Unde
1707 1842 1879 1892 magna
1900 1826 1956 1875 de
1985 1842 2044 1876 eo

141 1902 472 1952 controversia
514 1902 718 1953 conflata
762 1913 855 1954 est.
933 1902 1199 1956 Enimvero
1242 1923 1363 1974 quae
1407 1907 1454 1957 in
1494 1907 1621 1958 illius
1658 1908 1817 1958 animo
1857 1910 2045 1960 occulta

142 1987 332 2036 fuerunt
369 1986 447 2036 uni
477 1986 566 2036 deo
600 1987 792 2054 cognita
833 1996 962 2038 sunt.
1041 1986 1271 2040 Ceterum
1312 1991 1437 2042 illius
1474 2001 1769 2056 sectatoreS‚
1822 2002 1871 2043 et
1895 1993 1951 2043 ab
1986 2011 2043 2044 eo

140 2070 373 2133 instituti,
415 2088 520 2121 cum
555 2071 657 2122 eius
688 2080 894 2122 mentem
923 2072 1232 2139 ignorarent,
1275 2092 1362 2125 nec
1391 2092 1513 2142 qnae
1542 2092 1660 2126 vere
1694 2076 1772 2126 ille
1806 2078 2045 2129 sensisset

143 2153 500 2223 exprimerent,
543 2164 641 2207 tres
673 2155 956 2225 hypostases
986 2157 1203 2208 confiteri
1238 2158 1522 2223 noluerunt,
1574 2159 1643 2210 uti
1673 2160 1855 2211 veritas
1884 2162 2042 2225 docet,

142 2255 262 2306 quae
290 2256 430 2290 unam
459 2249 626 2291 censet
657 2257 767 2291 esse
803 2241 1101 2292 divinitatem
1133 2260 1371 2311 unamque
1412 2243 1615 2310 gloriam
1651 2253 1698 2294 et
1729 2245 2047 2297 consubstan-

140 2322 298 2373 tialem
331 2323 621 2388 trinitatem,
676 2342 794 2392 quae
834 2325 950 2376 nibil
976 2326 1024 2375 in
1051 2325 1205 2394 gloria
1235 2344 1324 2378 sua
1348 2326 1593 2378 diversum
1620 2327 1822 2393 habeat,
1879 2338 2043 2398 utpote

141 2408 355 2476 perfecta
379 2408 595 2472 trinitas,
638 2418 685 2460 et
715 2428 809 2460 una
836 2410 1091 2475 divinitas,
1134 2429 1228 2462 una
1255 2412 1438 2475 virtuS,
1482 2430 1575 2463 una
1609 2413 1848 2478 essentia,
1891 2432 2047 2483 neque

141 2490 189 2542 in
218 2509 360 2542 unum
393 2502 640 2544 contracta
670 2504 752 2545 aut
779 2496 1007 2558 confusa,
1051 2513 1141 2546 nec
1170 2496 1262 2547 ulla
1289 2495 1364 2546 sui
1394 2505 1529 2564 parte
1555 2496 1787 2561 inferior,
1828 2507 1909 2549 aut
1936 2499 2048 2550 sub-

141 2574 286 2627 iecta.
361 2573 624 2629 Marcellus
654 2587 813 2629 autem
853 2581 1190 2631 nonnullorum
1220 2580 1461 2631 sententia
1498 2598 1604 2631 cum
1644 2582 1820 2650 aliquid
1850 2584 2050 2652 amplius

141 2659 214 2710 his
241 2668 461 2711 astruere
489 2661 661 2726 vellet,
703 2663 750 2713 in
783 2660 984 2715 Sabellii
1011 2682 1226 2716 errorem
1253 2664 1481 2716 incidisse
1507 2664 1643 2716 visus
1675 2675 1768 2717 est.
1844 2665 1926 2717 Ex
1956 2686 2049 2735 quo

144 2744 317 2795 factum
356 2754 432 2796 est
461 2754 512 2796 ut
540 2744 668 2797 inter
705 2746 933 2799 haereses
980 2749 1070 2799 ista
1111 2766 1300 2817 quoque
1335 2750 1634 2800 recensenda
1674 2768 1729 2801 ac
1762 2752 2052 2804 confutanda

146 2828 355 2880 veniret.
429 2827 576 2880 Libet
604 2840 762 2882 autem
795 2840 843 2882 et
872 2832 999 2883 illius
1031 2834 1302 2884 orationem
1334 2833 1600 2897 subiicere,
1642 2851 1781 2901 quam
1815 2837 2049 2903 purgandi

145 2913 218 2962 sui
250 2912 406 2980 gratia
444 2914 501 2964 ad
532 2914 702 2966 beatae
741 2916 1001 2967 memoriae
1044 2918 1213 2968 Iulium
1243 2916 1574 2969 Romanorum
1616 2920 1893 2987 episcopum
1929 2920 2050 2970 scri-

148 2995 257 3065 psit.
336 2994 446 3064 Qua
476 3015 542 3049 ex
572 2999 855 3050 defensione
884 3009 929 3051 et
959 3000 1119 3052 libello
1169 3002 1396 3053 nonnulla
1437 3011 1607 3053 contra
1641 3002 1880 3053 sinceram
1913 3003 2050 3054 fidem

149 3081 390 3148 opinatum
420 3099 531 3134 esse
560 3084 818 3135 constabit.
894 3083 1087 3135 Etenim
1116 3085 1157 3136 si
1192 3086 1306 3136 nihil
1339 3086 1396 3138 ab
1428 3086 1505 3136 illa
1539 3087 1780 3137 diversum
1816 3087 2053 3138 sensisset

149 3182 385 3233 unquam,
427 3167 674 3218 cuiusnam
704 3169 774 3219 rei
804 3168 958 3236 gratia
987 3168 1106 3219 hanc
1136 3170 1263 3220 illam
1289 3171 1361 3220 sui
1392 3172 1722 3239 purgationem
1753 3171 2048 3234 institueret,

151 3248 242 3299 nisi
276 3251 505 3317 quaedam
534 3251 592 3301 ab
623 3252 704 3302 illo
734 3270 897 3321 parum
928 3261 1058 3303 recte
1088 3254 1241 3322 posita
1268 3272 1323 3304 ac
1353 3255 1660 3323 pronuntiata
1690 3256 1878 3318 forent,
1930 3272 2052 3323 quae

150 3350 255 3383 cum
290 3333 473 3402 aliquos
508 3336 896 3402 perturbassent,
938 3337 1224 3387 defendendi
1260 3340 1332 3388 sui
1365 3347 1506 3405 atque
1546 3338 1809 3388 excusandi
1838 3339 2053 3391 uecessi-

152 3423 296 3468 tatem
335 3417 613 3470 attulerint?
685 3418 974 3490 Exemplum
1013 3420 1159 3489 igitur
1196 3422 1429 3490 epistolae
1468 3421 1538 3472 sic
1577 3438 1630 3473 se
1670 3421 1829 3474 habet.

240 3737 384 3784 eorpus
401 3738 624 3775 Haereseol.
655 3739 701 3774 11.
724 3741 755 3774 3.
1686 3750 1716 3796 4
