2508 4134
732 282 874 324 ToMl
905 280 1119 321 Pmoms
1151 281 1285 322 PARS
1315 282 1489 322 PmoR.
1965 272 2065 322 597

165 380 258 419 Bas.
288 401 337 410 -—-
396 378 499 419 lbid.
527 375 610 424 οἷπό
639 381 711 423 τοῦ
741 377 1054 435 ἓβδομηκοστοῦ
1079 379 1246 433 ψαλμοῦ
1271 376 1341 422 τὸν
1366 373 1466 422 ὄντα
1489 381 1590 420 Ven.
1627 403 1668 409 —
1732 379 1759 419 l.
1782 378 1822 420 3.
1852 373 2068 433 ἅνθρωπος

165 447 237 491 καὶ
261 446 284 491 ὅ
306 447 529 498 νεανίσκος.
572 448 660 492 Καὶ
682 450 784 490 Ven.
812 470 868 479 —
924 447 949 488 1.
967 449 1007 489 5.
1036 446 1254 502 ἐξεφέρετο
1275 450 1377 489 ven.
1409 472 1461 479 —-
1519 449 1546 488 l.
1570 449 1611 490 8.
1643 448 1960 503 αἰνιγματωδῶς
1983 443 2066 503 ἄρα

164 515 188 560 o‘
212 515 339 573 νόμος
359 519 460 559 ven.
496 542 544 550 —-
584 519 611 561 l.
637 519 698 561 10.
723 512 841 561 αὐτοὶ
865 531 942 571 pro
969 508 1081 560 οὗτοι
1104 517 1206 558 ven.
1251 518 1375 558 Paulo
1402 526 1497 573 post
1524 513 1727 562 οἷνατείλει
1749 518 1858 559 idem
1879 519 1995 560 liber.
2013 542 2064 550 —

162 586 189 627 l.
214 586 275 629 11.
304 587 437 628 verba
464 588 536 631 τοῦ
565 583 717 637 ὕδατος
745 587 892 629 absunt
916 601 940 628 a
968 587 1071 627 ven.
1106 608 1154 617 -·
1205 586 1233 626 l.
1256 586 1307 628 13
1334 595 1375 627 et
1405 584 1468 629 14.
1497 590 1642 628 venet.
1672 597 1767 642 post
1793 588 1851 631 Τί
1875 586 2066 643 ποιήσω-

164 671 236 711 μεν
271 657 388 698 addit
429 651 576 712 ἄνδρες
613 654 798 712 ἀδελφοὶ.
831 680 882 687 -
940 656 970 696 1.
999 657 1048 698 15
1079 662 1122 696 et
1150 654 1212 697 16.
1245 658 1343 696 Post
1368 655 1651 711 μετανοήσατε
1681 660 1823 699 venet.
1859 659 2068 699 interserit

161 728 308 768 iterum
351 722 497 781 ἄνδρες
537 723 725 782 ἀδελφοὶ.
755 750 806 758 —-
861 725 888 766 1.
917 725 980 769 17.
1012 722 1130 780 ὑμῶν
1158 739 1235 779 pro
1266 721 1361 778 ὑμῖν
1389 726 1516 766 habet
1548 728 1650 767 Ven.
1681 751 1734 758 —
1792 728 1819 768 l.
1846 728 1899 769 25
1928 737 1970 768 et
1998 728 2064 771 26.

161 794 380 852 προφήτης
402 796 523 851 λέγει,
546 793 697 854 Ἀνέβη
724 798 824 838 Ven.
851 796 990 836 Recte.
1017 819 1063 826 —
1100 795 1126 834 l.
1140 794 1208 838 27.
1228 795 1331 835 Ven.
1358 809 1434 849 pro
1461 795 1634 849 ἓιυρίδας
1658 797 1826 850 praebet
1851 795 2066 852 ἒςύρας..-

158 866 184 905 l.
208 865 276 908 30.
317 865 386 909 ἐὰν
427 862 481 910 δι’
519 862 655 910 αὐτῶν
684 868 784 908 ven.
813 888 870 896 —
924 865 950 905 l.
981 861 1045 907 34.
1088 860 1343 907 Ἐλεύσαντο
1390 872 1502 905 extat
1539 874 1624 906 tam
1658 866 1701 906 in
1739 868 1842 908 Ven.
1876 882 1996 922 quam
2023 868 2065 908 in

159 937 250 976 Bas.
288 959 330 966 -·
390 936 416 976 l.
441 944 632 991 antepen.
662 934 722 991 μή
749 935 808 985 εἰς
837 936 974 990 μῆκος
1000 931 1140 977 έλάσω
1165 935 1270 976 Veu.
1295 957 1343 970 -.
1402 934 1429 974 l.
1458 935 1530 975 ult.
1568 937 1737 990 Repone
1766 934 1874 981 κατὰ
1901 939 1984 980 τῶν
2012 933 2065 982 δι’

159 1004 344 1055 ἐναντίας
372 1020 421 1046 ex
450 1008 696 1048 auctoritate
726 1005 886 1047 veneti.

268 1076 399 1133 Pag-
430 1077 514 1121 ⁷4.
569 1077 597 1118 l.
626 1078 662 1119 1.
692 1077 764 1120 τοῦ
791 1073 911 1131 οἷγίου
939 1074 1056 1115 abest
1087 1088 1110 1115 a
1145 1075 1248 1115 ven.
1281 1097 1331 1106 -
1389 1074 1418 1116 1.
1445 1073 1483 1116 2.
1514 1075 1685 1131 Μωῦσῇ
1728 1078 1830 1117 Ven.
1864 1100 1913 1108 —-
1973 1078 1999 1117 1.
2025 1078 2063 1120 6.

158 1145 231 1189 καὶ
258 1141 353 1188 καθ’
380 1143 577 1201 ὁμοίωσιν
605 1148 709 1188 ven.
739 1169 792 1177 --
849 1145 877 1185 l.
899 1144 937 1186 8.
970 1138 1086 1198 ἔφθη
1115 1146 1219 1185 Ven.
1251 1168 1305 1174 —
1360 1144 1386 1183 1.
1423 1146 1485 1186 10.
1530 1145 1602 1188 καὶ
1632 1143 1724 1202 οὐχὶ
1752 1149 1805 1202 τῇ
1839 1144 2065 1204 ἀκολουθίᾳ

158 1217 261 1256 Ven.
291 1239 343 1246 -
399 1215 426 1257 l.
458 1217 515 1258 12.
546 1218 715 1271 Repone
742 1212 934 1258 “Ησαΐου.
974 1215 1076 1256 Ven.
1113 1214 1239 1256 habet
1282 1209 1456 1257 Ἠσαῖα.
1489 1238 1542 1245 --
1600 1216 1704 1256 Ibid.
1734 1213 1780 1259 οὗ
1806 1218 2064 1273 παραδέχον-

157 1300 225 1328 ται
248 1287 301 1342 τῇ
331 1286 590 1343 προαχὲείσῃ
630 1283 725 1340 παρ’
752 1282 902 1339 ,αὐτοῖς
940 1281 1022 1327 οἷπό
1052 1285 1135 1328 τῶν
1165 1284 1279 1328 ἰδίων
1317 1284 1516 1339 πατέρων.
1549 1287 1669 1326 Bene.
1705 1309 1754 1316 —
1812 1286 1839 1325 l.
1868 1286 1934 1328 21.
1965 1301 2065 1341 φρο-

157 1357 320 1404 νοῦντες
348 1350 486 1405 ἄλλοις
507 1371 547 1400 π.
576 1371 612 1399 τ.
640 1373 677 1400 κ.
707 1371 744 1399 σ.
773 1354 846 1399 καὶ
872 1355 953 1397 τῶν
983 1353 1025 1397 έν
1052 1355 1113 1411 τῷ
1142 1352 1259 1410 νόμῳ
1289 1356 1393 1396 ven.

269 1427 400 1483 rag.
426 1427 511 1471 76.
566 1426 594 1467 1.
623 1427 694 1467 ult.
724 1426 823 1467 Dele
849 1429 936 1474 τοῖς
961 1433 1058 1465 ante
1084 1423 1266 1473 ἐκείνοις.
1291 1448 1340 1455 -
1374 1424 1476 1465 lbid.
1506 1424 1545 1467 Γ
1548 1424 1714 1479 ορὲηνοὶ
1738 1427 1845 1475 Bas„
1876 1435 1921 1466 ut
1946 1427 2064 1468 solet.

268 1497 399 1553 Pag.
428 1497 514 1542 78.
582 1497 610 1537 l.
644 1496 707 1539 16.
751 1495 894 1536 Altera
932 1509 1073 1535 manus
1109 1509 1160 1534 ex
1196 1494 1287 1535 cod.
1326 1496 1429 1536 Ven.
1470 1494 1570 1535 mihi
1606 1496 1822 1536 annotavit
1862 1496 2064 1539 diversam

154 1566 398 1621 scripturam
422 1562 681 1621 ὁρμημένος,
725 1580 844 1621 quam
872 1579 975 1619 quae
1022 1564 1201 1605 indicata
1239 1564 1279 1604 in
1315 1573 1456 1605 annot.
1501 1561 1751 1619 ὄρμῆμενος.
1785 1590 1833 1597 -
1892 1566 1919 1607 l.
1945 1568 1985 1611 7.
2011 1569 2062 1609 ab

154 1636 229 1676 inf.
268 1636 439 1690 Repone
470 1634 644 1689 έξέρῲαν
687 1650 734 1678 τε
764 1633 999 1688 σκώληκας.
1038 1659 1084 1666 -
1141 1635 1167 1675 l.
1198 1634 1352 1689 penult.
1386 1636 1512 1675 Recte
1543 1635 1808 1690 βοσκήματα.

267 1706 399 1762 Pag.
425 1706 514 1750 80.
569 1705 598 1746 l.
619 1702 646 1746 4
668 1714 709 1745 et
733 1707 772 1747 5.
818 1702 840 1747 ὁ
879 1703 926 1748 δὲ
953 1701 1221 1759 Ἰουδαῖσμός
1260 1704 1466 1759 ἐμερίσὲη
1500 1704 1556 1753 εἰς
1586 1705 1764 1759 αἱρέσεις
1795 1703 1841 1757 ζ’.
1874 1709 1976 1750 Ven.
2009 1733 2061 1740 —-

154 1777 181 1817 1.
206 1773 267 1818 14.
298 1768 408 1819 οὗτοι
446 1770 588 1823 αὐτοῖς
612 1777 716 1815 ven.
746 1798 797 1805 —-
854 1775 881 1815 l.
905 1775 972 1816 22.
1002 1770 1077 1817 Ἐν
1114 1772 1418 1829 Ἱεροσολύμοις
1462 1772 1509 1818 δὲ
1546 1773 1662 1817 dimo.
1695 1777 1796 1816 Ven.
1827 1801 1882 1807 —
1938 1778 1965 1818 1.
1991 1776 2061 1820 24.

158 1845 325 1900 Corrige
365 1840 445 1889 οἷπὸ
492 1844 560 1898 τῆ
578 1859 598 1893 ς
637 1842 884 1895 ἀξιοπίστου.
946 1844 1103 1885 Deinde
1130 1859 1207 1899 pro
1237 1840 1290 1899 ἣν
1319 1839 1438 1887 αὐτοὶ
1463 1846 1563 1885 Ven.
1596 1845 1766 1899 praebet
1796 1842 1870 1901 ἀφ’
1896 1840 1954 1902 τῖς
1982 1844 2063 1891 αὗ-

153 1915 229 1958 τοὶ.
265 1939 311 1945 —-
369 1915 397 1955 l.
422 1915 485 1956 25.
517 1909 582 1957 ὅτι
606 1915 831 1970 προςῆλὲον
855 1916 958 1954 Ven.
992 1938 1042 1945 —-
1086 1914 1114 1954 l.
1135 1914 1201 1958 27.
1233 1914 1366 1970 ἔγημε
1391 1913 1463 1957 καὶ
1487 1912 1681 1957 ἐτελεύτα
1705 1917 1805 1957 Ven.
1835 1940 1892 1948 --
1947 1918 1975 1958 l.
1993 1918 2061 1961 28.

151 1985 481 2041 ἐπιγαμβρεῦσαι
502 1986 603 2025 Ven.
633 2008 688 2015 —-
744 1985 771 2025 l.
799 1984 866 2026 29.
902 1979 1076 2033 ἄπαιδος
1105 1999 1183 2025 om.
1212 1986 1312 2025 Ven.
1344 2008 1394 2016 -
1453 1985 1478 2023 1.
1507 1985 1574 2026 30.
1605 1981 1776 2042 οἷδελφῷ
1801 1984 1928 2030 αὐτοῦ
1957 1985 2063 2042 πρός

149 2056 251 2097 Ven.
280 2078 336 2085 —-
391 2054 418 2094 l.
441 2054 507 2097 31.
550 2057 647 2108 γοῦν
679 2069 760 2095 om.
789 2055 890 2095 Ven.
922 2078 976 2086 —
1032 2054 1060 2095 l.
1082 2054 1150 2096 33.
1192 2055 1228 2097 οἱ
1270 2052 1372 2097 ἑπτὰ
1405 2051 1537 2109 αὐτὴν
1576 2053 1829 2110 έγνώκασιν;
1873 2059 1977 2098 Ven.
2006 2082 2063 2089 -—

149 2126 175 2166 l.
203 2125 272 2168 36.
302 2123 463 2176 διδάξει
485 2126 603 2182 ven..
622 2149 672 2156 --
731 2124 758 2166 1.
788 2124 1041 2179 antepenult.
1074 2123 1172 2173 ἓεὸς
1200 2123 1248 2169 δὲ
1276 2123 1393 2178 ἐστὶ,
1441 2125 1514 2168 καὶ
1542 2121 1589 2167 οὗ
1620 2126 1676 2180 (h.
1700 2140 1734 2166 e.
1767 2123 1866 2176 ἓεός
1895 2127 1944 2170 δέ
1973 2126 2062 2170 ἐστι

152 2195 313 2247 ζώντων
329 2227 338 2244 ,
369 2194 442 2237 καὶ
472 2191 540 2249 οὗ)
571 2196 673 2238 Ven.

260 2266 392 2322 Pag.
414 2267 504 2310 82.
557 2265 584 2306 1.
606 2267 644 2308 5.
673 2267 844 2320 Repone
874 2264 1020 2322 χρόνου
1045 2259 1076 2318 ἦ
1104 2263 1186 2307 καὶ.
1246 2265 1449 2306 Particula
1486 2259 1517 2319 ἧ
1555 2265 1812 2307 desideratur
1854 2267 1977 2308 etiam
2016 2268 2060 2309 in

149 2335 213 2376 ed.
245 2336 383 2375 Petav.
415 2334 558 2376 Colon.
587 2345 716 2390 repet.
749 2359 800 2366 —
858 2336 885 2376 l.
911 2334 946 2376 9·
967 2344 1010 2375 et
1044 2336 1106 2376 10.
1137 2335 1333 2378 πινακίων
1377 2337 1480 2377 Ven.
1511 2359 1563 2367 -—
1619 2336 1647 2386 l.
1668 2337 1729 2378 15.
1760 2338 1931 2419 Repone
1959 2337 2059 2382 έπε-

148 2405 334 2455 τίθεντο,
365 2419 440 2459 pro
468 2403 705 2457 ἐπετίθετο,
737 2421 785 2447 ex
815 2405 1059 2446 auctoritate
1087 2405 1250 2446 Veneti.
1280 2429 1330 2436 -
1391 2405 1493 2446 lbid
1537 2403 1775 2461 πορφύρας,
1819 2401 1871 2456 ἃς
1900 2408 2059 2462 νομίσει

149 2472 187 2519 δ’
226 2470 274 2518 ἄν
311 2490 398 2527 τις,
456 2473 520 2518 ἐπ.
555 2491 593 2531 χ
632 2475 672 2519 ἐν
710 2491 745 2519 τ.
778 2490 920 2530 ευαγγ.
950 2477 1071 2518 τοῦτο
1101 2476 1202 2516 ven.
1236 2499 1286 2506 —
1344 2475 1369 2514 1.
1400 2475 1460 2518 17.
1492 2475 1565 2518 καὶ
1589 2477 1714 2520 ἴωὲον
1738 2475 1843 2526 τινὲς
1869 2480 1973 2520 Ven.
2005 2503 2058 2510 —

148 2546 175 2586 l.
218 2546 283 2587 22.
333 2545 479 2588 εἴωὲον
531 2546 666 2594 Ven,
722 2546 779 2586 uti
820 2560 954 2600 supra.
1002 2569 1051 2575 —-
1127 2544 1398 2589 11)ἰᾶ.ἑνεκα
1439 2547 1541 2587 Ven.
1585 2570 1635 2577 —-
1705 2547 1733 2586 l.
1772 2548 1838 2589 25.
1883 2551 2060 2601 κροσοῢς

149 2617 251 2656 Ven.
282 2638 337 2646 —-
394 2615 422 2655 l.
444 2613 511 2656 29.
552 2616 630 2656 Pro
671 2610 826 2670 ήσκεεν
867 2631 957 2656 cum
992 2617 1095 2656 Ven.
1135 2615 1412 2669 rescripserim
1453 2611 1590 2672 ἤσκει.
1622 2641 1673 2648 -
1730 2617 1755 2656 l.
1785 2617 1850 2660 31.
1881 2617 1935 2661 τὰ
1963 2616 2059 2674 παρ’

148 2680 287 2728 αὐτῶν
315 2686 417 2726 Ven.
448 2686 586 2726 Recte.
616 2709 670 2716 -
726 2686 752 2726 1.
770 2686 837 2727 32.
868 2687 998 2739 δῆῗῐεν
1029 2686 1146 2726 abest
1176 2701 1200 2726 a
1226 2687 1326 2726 Ven.
1356 2710 1411 2716 —-
1468 2687 1493 2726 1.
1519 2684 1585 2728 34.
1615 2687 1838 2736 Μωῦσέως
1882 2690 1998 2730 abest
2034 2705 2058 2731 a

147 2757 250 2796 Ven.
284 2780 335 2786 —
392 2756 419 2795 l.
450 2755 603 2808 penult.
637 2755 863 2810 σαμωνέου.
898 2780 946 2786 ——
1006 2756 1031 2795 l.
1062 2755 1134 2795 ult.
1163 2755 1401 2811 νενόμισται
1438 2756 1572 2812 εἴησις
1604 2758 1780 2813 σοφίας,
1825 2759 1974 2814 σοφίας
2009 2759 2058 2804 δὲ

144 2826 338 2867 Venetus.

258 2897 388 2953 Pag.
412 2896 500 2940 84.
557 2895 584 2935 1.
616 2897 648 2937 l.
685 2892 811 2951 αὐχεῖ
846 2910 892 2938 τε
934 2895 1008 2938 καὶ
1040 2897 1143 2938 ven.
1177 2921 1228 2927 —-
1286 2897 1313 2938 l.
1340 2896 1403 2939 16.
1436 2893 1485 2939 ἵν’
1523 2894 1746 2941 ὖπνώσειέν
1777 2913 1839 2947 τις
1865 2900 1969 2941 ven.
2003 2922 2056 2932 --

146 2967 172 3006 l.
201 2967 264 3009 18.
295 2963 498 3022 κάχλικας
529 2967 618 3006 Bas.

257 3037 387 3093 Pag.
413 3037 501 3080 86.
557 3035 585 3075 l.
607 3036 641 3076 4.
672 3032 966 3090 ἤμακαίσεμες
987 3035 1083 3077 Bas.
1120 3061 1168 3069 —-
1226 3038 1252 3077 l.
1273 3037 1312 3079 6.
1344 3038 1514 3093 Repone
1545 3038 1759 3079 articulum
1789 3035 1819 3092 ἦ
1848 3047 1943 3080 ante
1970 3040 2054 3082 Σε·

145 3105 264 3161 λῆνη.
300 3130 349 3136 -
408 3105 436 3147 l.
454 3107 492 3147 8.
534 3106 595 3145 Ex
634 3107 737 3147 Ven.
766 3106 894 3146 altera
930 3119 1070 3146 manus
1095 3107 1195 3147 mihi
1223 3108 1424 3162 excerpsit
1454 3106 1605 3163 λουηδό
1634 3123 1710 3163 pro
1741 3106 1909 3163 λουνδό,
1951 3124 2054 3164 quae

144 3177 186 3217 in
207 3185 346 3218 annot.
371 3175 550 3216 indicata
578 3184 639 3216 est
663 3176 877 3230 scriptura.
906 3198 961 3206 —
1018 3177 1044 3216 l.
1069 3176 1132 3218 19.
1167 3178 1355 3231 σκορπίον
1381 3173 1484 3232 ἅκρο
1509 3181 1595 3219 Bas.
1619 3187 1660 3218 et
1686 3179 1775 3219 cod.
1805 3179 1978 3233 Rhedig.
2001 3203 2053 3211 —-

144 3247 171 3287 1.
191 3248 258 3289 20.
287 3244 490 3303 ὁδριχόον.
528 3270 575 3276 -
622 3246 647 3285 1.
680 3245 739 3287 13.
769 3241 1023 3300 Ἐλήλεκται
1047 3247 1172 3287 habet
1199 3249 1301 3288 Ven.
1336 3272 1389 3279 —
1431 3249 1532 3288 Ibid.
1565 3244 1858 3292 οἷσυστατοῢσα
1882 3251 1982 3290 Ven.
2001 3273 2053 3282 --

144 3317 255 3358 125.
285 3314 557 3371 νομιζόντων,
601 3313 705 3358 ἀλλὰ
734 3314 805 3358 καὶ
845 3314 886 3357 έν
915 3316 974 3372 τῷ
1005 3318 1106 3357 Ven.
1142 3341 1190 3347 -
1247 3317 1274 3356 1.
1298 3318 1363 3361 27.
1393 3317 1783 3373 πεπραγμάτευται,
1829 3316 1899 3362 διὰ
1929 3317 1977 3363 δὲ
2005 3317 2052 3363 τὸ

142 3389 244 3429 Ven.
307 3387 493 3427 Ceterum
519 3386 694 3427 rescribe
718 3385 870 3426 ibidem
899 3381 1040 3439 Ἀλλὰ,
1070 3400 1147 3440 pro
1170 3381 1307 3437 Ἀλλα,
1341 3389 1452 3443 quod
1475 3389 1719 3444 typothetae
1744 3397 1977 3443 peccarunt
1999 3413 2051 3420 --

143 3457 170 3497 l
194 3457 261 3498 28.
295 3457 462 3511 Corrige
489 3454 776 3511 παραδόσεων.

254 3527 386 3584 Pag.
409 3529 498 3572 88.
553 3527 581 3568 l.
607 3526 645 3568 6.
679 3527 804 3566 Abest
833 3523 935 3568 εἶναι
959 3541 983 3567 a
1007 3528 1111 3566 Ven.
1145 3549 1189 3556 —
1248 3527 1275 3567 1.
1304 3528 1367 3568 10.
1398 3527 1455 3577 ἐν,
1487 3528 1552 3568 vel
1581 3527 1650 3580 ἔνι,
1681 3529 1791 3583 quod
1817 3543 1894 3583 ego
1923 3529 2048 3581 edidi,

60 3600 66 3605 '
146 3610 225 3636 om.
252 3597 355 3637 Ven.
413 3601 472 3637 Ac
500 3612 597 3637 sane
633 3597 774 3637 abesse
806 3604 957 3651 potest.
994 3620 1042 3626 —
1098 3596 1126 3636 l.
1152 3598 1214 3638 11.
1247 3596 1444 3651 εἰρημένη
1476 3598 1531 3652 (h.
1556 3613 1590 3637 e.
1618 3597 1837 3655 εἰρημένῃ)
1863 3601 1966 3641 Ven.
1996 3624 2050 3632 —-

146 3665 248 3707 Ibid.
278 3665 421 3709 θέλετε
441 3669 541 3708 Ven.
572 3690 627 3697 -—
671 3668 696 3707 l.
721 3667 782 3709 13.
815 3668 985 3720 Repone
1011 3664 1099 3709 έστι
1124 3666 1196 3709 καὶ
1221 3666 1352 3721 σαφὲς
1375 3667 1447 3710 καὶ
1471 3664 1761 3723 οἷναμφίβολον.
1818 3671 1952 3712 Verba
1977 3669 2050 3714 καὶ

148 3735 278 3790 σαφὲς
306 3736 542 3776 exciderunt
572 3737 694 3777 etiam
721 3738 771 3777 ab
799 3736 896 3776 edit.
925 3738 1062 3777 Petav.
1094 3759 1142 3767 —
1194 3737 1297 3777 Ibid.
1333 3733 1438 3786 ὤςτε
1464 3735 1510 3780 τὸ
1541 3735 1675 3789 αὖτεξ.
1706 3741 1806 3781 Ven.
1830 3765 1879 3771 —
1939 3741 2048 3782 125.

145 3805 186 3851 ἐν
214 3806 274 3866 τῷ
306 3803 443 3852 ἐπάνω
472 3807 543 3851 τοῦ
577 3803 748 3862 οὐρανοῦ
766 3838 778 3858 ,
821 3807 940 3851 τοῦτο
970 3808 1070 3850 ven.
1105 3831 1154 3843 --
1212 3807 1238 3851 l.
1265 3807 1333 3854 28.
1363 3803 1606 3871 ὤφελεὲησι
1634 3811 1737 3853 Ven.
1768 3834 1819 3845 ψ·-
1876 3811 1903 3853 l.
1926 3810 1977 3856 31
2006 3818 2050 3853 et
