2508 4134
644 249 782 295 TOM1
811 252 1019 294 Pmoms
1049 253 1185 296 PARS
1214 254 1529 297 PosTEmoR.
1934 245 2034 296 663

141 351 242 391 Ven.
273 373 328 382 -
383 350 411 391 1.
434 351 474 393 5.
501 351 552 392 ab
577 350 653 392 inf.
693 348 928 405 πράξαντας
953 353 1058 393 Ven.
1116 351 1231 392 Idem
1255 352 1379 406 paulo
1405 359 1501 407 post
1530 353 1722 409 διαγωγῇ
1749 343 1818 396 οὖν
1850 347 1947 396 τότε
1972 355 2043 395 δεῖ

139 422 192 467 τά
222 419 400 475 σώματα
430 419 603 464 ἔσεσθαι
633 419 841 476 λέγεσθαι.
869 443 925 451 —
979 420 1007 463 1.
1038 421 1109 462 ult.
1143 420 1393 476 διάπτωσιν,
1424 423 1516 477 εἴδη
1546 422 1778 478 παρρησίαν
1806 423 1909 464 Ven.

251 492 383 548 Pag.
400 490 527 537 304.
581 491 666 534 1.1.
699 488 1014 545 διαλεγομένους
1041 492 1143 532 Ven.
1169 516 1221 522 —
1280 492 1308 532 l.
1327 492 1367 534 3.
1401 490 1601 546 ἐπέφερες
1629 492 1683 535 Οἱ
1707 491 1755 536 δὲ
1783 499 1921 532 tuetur
1946 492 2035 533 Ve-

138 571 268 604 netus.
301 584 355 592 —
412 561 441 601 1.
463 559 504 604 4.
534 559 630 615 καὶ,
659 568 754 602 ante
779 556 919 615 ἡμᾶς,
959 574 1038 601 om.
1065 562 1168 602 Ven.
1199 586 1254 592 -
1309 560 1338 602 l.
1360 560 1401 603 6.
1433 560 1665 616 ἐπιστήσας
1693 559 1753 611 οἷς
1779 558 1984 618 ἀριστέως
2013 558 2036 606 ό

136 647 177 676 π.
203 633 306 674 Ven.
334 655 390 665 —-
446 632 473 673 l.
492 631 533 674 8.
565 629 684 687 μόνον
709 629 949 685 ἰσαγγέλους
973 628 1047 673 καὶ
1073 645 1111 673 κ.
1142 632 1176 673 λ.
1202 631 1415 685 διανείμας
1441 629 1678 686 ἐκόσμησεν
1704 634 1807 675 Ven.
1838 657 1887 663 —
1946 632 1975 673 1.
1993 631 2033 674 9.

136 701 253 757 γένος
275 702 359 746 τῶν
388 698 575 757 ἀγγέλων
611 700 684 745 καὶ
711 695 809 744 ἄλλο
832 701 936 741 Ven.
994 699 1109 740 Idem
1133 699 1161 740 1.
1183 701 1246 743 10.
1271 700 1344 743 καὶ
1370 700 1578 755 φθαρτρία
1607 700 1805 755 (fortasse
1833 701 2033 758 φρατρία)

134 773 216 815 τῶν
241 769 472 816 ἀθανάτων.
501 795 553 803 -
609 770 638 812 l.
661 766 723 813 14.
743 764 880 823 Ἀταρ
908 769 1043 810 firmat
1068 770 1215 810 Veneti
1241 771 1475 811 auctoritas.
1507 794 1561 803 -
1618 770 1646 811 1.
1671 770 1732 813 18.
1765 770 1825 820 εἰς
1849 770 1925 826 τήν
1951 771 2034 815 τῶν

134 836 268 884 ἄλλων
293 843 397 882 ven.
455 842 568 883 Idem
589 841 617 882 1.
643 840 710 884 20.
742 839 802 889 εἰς
829 838 967 894 ἑτέραν
1005 837 1167 894 μορφήν
1207 841 1471 895 πλασθῆναι,
1514 849 1557 881 et
1585 841 1707 896 paulo
1732 850 1828 897 post
1857 855 2032 895 μετασκ.

133 909 203 955 τὸν
229 905 442 965 ἄνθρωπον
479 909 602 967 φύσιν
633 911 746 966 (εἰσ).
778 934 833 942 -
888 909 915 950 1.
933 909 1000 952 22.
1044 909 1195 966 χρῆναι
1221 908 1302 964 γάρ
1329 908 1370 953 ἐν
1398 911 1460 966 τῷ
1493 909 1587 968 ἰδίῳ
1615 912 1695 965 τῆς
1721 908 1881 961 τάξεως
1909 907 2033 954 αὐτοῦ

133 979 252 1037 τύπῳ
274 983 376 1023 Ven.
436 981 548 1022 Idem
576 981 604 1021 l.
625 981 692 1023 23.
724 978 885 1024 πάντων
926 978 1009 1022 εἰσὶ
1044 981 1219 1034 πεπληρ.
1253 1004 1304 1011 -
1361 980 1391 1022 l.
1407 980 1472 1021 25.
1519 980 1592 1023 καὶ
1634 978 1687 1024 τοὶ
1728 977 1838 1036 ἄκρα
1871 979 1922 1024 τὰ
1962 980 2035 1024 καὶ

134 1047 345 1107 ἀκραιφνῆ
381 1053 503 1107 φῶτα
539 1066 574 1094 τ.
609 1051 693 1104 Σ.,
734 1045 839 1105 ἅπερ
879 1047 1099 1104 ἑστήκασι.
1135 1072 1184 1080 -—
1242 1050 1272 1090 l.
1301 1050 1370 1094 27.
1418 1047 1753 1108 μεταβάλλεσθαι
1792 1052 1933 1095 δοῦναι
1962 1050 2034 1094 καὶ

132 1119 232 1171 τοὺς
259 1117 352 1177 ἀγγ.
379 1121 439 1170 εἰς
466 1121 522 1172 ἐξ.
539 1152 551 1175 ,
580 1120 654 1164 καὶ
684 1120 819 1164 ταῦτα
844 1144 867 1151 -
894 1142 916 1152 -
943 1118 1124 1163 κίνδυνον
1149 1119 1259 1176 πέσῃ
1290 1120 1393 1160 ven.
1426 1144 1479 1151 —-
1534 1120 1562 1160 1.
1582 1122 1622 1161 5.
1652 1121 1702 1161 ab
1726 1121 1802 1163 inf.
1831 1119 2033 1176 τεκτηνό-

134 1206 254 1247 μενος
280 1193 384 1233 Ven.
443 1191 557 1232 Idem
585 1190 614 1231 l.
645 1190 718 1233 ult.
747 1187 818 1234 τὸν
847 1183 1061 1244 ἄνθρωπον
1091 1184 1307 1244 ἄνθρωπον
1338 1188 1466 1233 ἐποίει
1495 1191 1597 1231 Ven.
1632 1192 1753 1231 Bene.

244 1263 376 1319 Pag.
396 1262 520 1306 300.
578 1261 667 1303 1.1.
708 1260 849 1302 Scribe
874 1261 1002 1315 εἴγε.
1033 1284 1085 1292 --
1143 1259 1246 1300 Ibid.
1281 1259 1476 1314 γενέσθαι
1506 1255 1658 1314 ἤθελεν
1689 1262 1791 1303 Ven.
1823 1284 1877 1292 —
1933 1261 1961 1301 l.
1990 1260 2031 1304 3.

130 1330 178 1376 τὸ
204 1331 332 1396 χείρω
356 1333 481 1374 ποιῶν
510 1331 611 1372 ven.
638 1353 688 1362 --
729 1330 759 1371 l.
785 1331 846 1372 10.
878 1327 1113 1381 σώζεσθαι·
1143 1325 1346 1373 ἀθάνατον
1375 1329 1423 1374 δὲ
1448 1329 1520 1373 καὶ
1541 1328 1564 1374 ὁ
1588 1326 1819 1384 ἄνθρωπος.
1850 1325 2033 1373 ’Έκτισε

131 1401 210 1457 γὰρ
237 1403 339 1444 ven.
371 1425 424 1432 —
482 1401 510 1441 l.
544 1397 607 1442 14.
653 1398 713 1450 οἷς
740 1399 813 1443 καὶ
840 1397 864 1445 ὁ
895 1398 1037 1453 κύριος
1064 1402 1169 1441 Ven.
1228 1400 1341 1441 Idem
1369 1400 1397 1440 1.
1424 1399 1488 1443 17.
1519 1415 1606 1456 γυν.
1647 1398 1745 1450 τούς
1783 1399 1886 1445 ἓπτά
1925 1401 2032 1455 (sine

131 1471 238 1527 καὶ).
270 1494 327 1502 —-
381 1471 408 1511 l.
431 1470 495 1513 18.
526 1469 645 1526 λόγον
676 1466 1014 1524 ἀποκηρύσσουσι
1041 1470 1140 1526 (sic)
1159 1502 1172 1520 ‚
1213 1471 1441 1526 προςῆλθον
1470 1470 1519 1514 δὲ
1544 1468 1658 1527 αὐτῷ
1685 1469 1809 1514 εἰπῶν
1836 1469 1934 1525 (sic)
1961 1469 2034 1513 καὶ

130 1542 267 1585 Σαδδ.
295 1543 379 1596 λεγ.
407 1539 465 1596 μή
496 1538 597 1584 εἶναι
626 1537 850 1583 ἀνάστασιν
877 1542 978 1582 Ven.
1010 1563 1063 1570 —-
1120 1540 1149 1580 l.
1168 1540 1235 1581 20.
1267 1537 1448 1591 ἐσώζετο
1475 1538 1507 1595 ή
1531 1537 1647 1596 ψυχή
1673 1541 1777 1583 Ven.
1809 1564 1859 1571 —
1917 1540 1946 1582 l.
1965 1539 2033 1581 23.

131 1609 237 1655 ἀλλὰ
259 1608 306 1654 τὸ
338 1608 399 1666 μή
430 1613 533 1652 Ven.
589 1610 702 1650 Idem
738 1610 860 1664 paulo
900 1618 996 1664 post
1024 1606 1240 1665 ἀφθαρσία
1279 1609 1352 1654 καὶ
1387 1612 1483 1666 φῶς
1518 1606 1569 1654 ἵν’
1606 1607 1797 1666 ἀγγέλοις
1833 1609 1946 1664 (sic).
1979 1633 2030 1640 —

130 1681 158 1722 1.
175 1681 243 1723 25.
276 1678 384 1736 μήτε
404 1680 553 1736 γάμοις
577 1680 823 1729 εἰσιλαπίνες
848 1680 947 1735 (sic)
978 1680 1038 1723 ἔτι
1065 1683 1194 1737 σχολ.,
1223 1677 1326 1724 ἀλλά
1354 1679 1402 1724 τὸ
1432 1682 1493 1737 βλ.
1517 1682 1622 1722 Ven.
1653 1704 1703 1711 --
1762 1680 1790 1722 I.
1808 1679 1875 1721 26.
1908 1676 2033 1733 ήμῶν

128 1751 202 1794 τοῦ
231 1751 312 1805 Χρ.
344 1753 447 1792 ven.
505 1750 619 1791 Idem
649 1751 675 1791 l.
694 1750 764 1794 27.
807 1746 936 1801 ἀλλά,
979 1746 1075 1799 Ὡς.
1107 1775 1156 1780 -
1216 1751 1244 1790 l.
1267 1751 1306 1791 3.
1336 1751 1387 1791 ab
1412 1750 1488 1791 inf.
1532 1750 1615 1792 τῶν
1652 1748 1733 1804 τῆς
1770 1750 1896 1790 habet
1925 1752 2031 1790 Ven-

130 1835 306 1876 quoque.
338 1844 388 1852 —·
445 1820 472 1862 l.
508 1820 664 1875 penult.
705 1818 870 1868 πάντως
909 1816 1073 1874 ἀνήλιον
1114 1817 1217 1864 εἶναι
1257 1823 1346 1861 Bas,
1379 1844 1435 1851 —
1491 1819 1520 1860 l.
1555 1820 1626 1860 ult.
1674 1815 1798 1863 αὐτὸν
1838 1818 2032 1875 ἐλέγομεν

127 1893 234 1933 Ven.
265 1891 404 1932 Recte.

239 1962 370 2018 Pag.
396 1962 521 2006 3⁰8.
577 1961 604 2001 l.
624 1961 664 2005 3.
705 1956 886 2015 Ἐπειδή
929 1958 990 2015 μή
1020 1959 1129 2003 ἐστιν
1166 1959 1345 2017 χρυσὸς,
1388 1958 1493 2004 ἀλλά
1516 1960 1589 2003 τοῦ
1616 1957 1718 2003 εἶναι
1746 1957 1930 2016 χρυσὸς,
1959 1959 2032 2002 καὶ

128 2038 247 2087 φαντ.
275 2029 345 2075 τὸν
374 2046 465 2088 χρ.,
492 2027 539 2075 οὔ
564 2029 732 2088 χρυσὸς,
763 2026 850 2074 ἀλλ’
875 2028 935 2079 ὦς
956 2046 1018 2087 χρ.
1051 2032 1084 2073 λ.
1114 2032 1218 2072 Ven.
1276 2032 1357 2072 Pro
1382 2028 1633 2085 φαντάζεται
1658 2030 1700 2070 in
1727 2031 1813 2070 Bas.
1846 2038 1908 2070 est
1931 2044 2031 2085 φαν-

126 2100 341 2153 τάζεσθαι.
370 2124 426 2133 --
482 2101 509 2144 l.
530 2103 569 2142 5.
613 2102 748 2142 Verba
785 2100 826 2144 ἐν
855 2103 909 2157 τῇ
949 2097 1177 2144 ἀναστάσει
1213 2101 1360 2141 desunt
1387 2101 1429 2141 in
1458 2102 1561 2141 Ven.
1592 2126 1647 2131 —
1702 2101 1731 2141 l.
1758 2101 1799 2143 8.
1829 2100 1909 2153 Χρ.
1936 2098 2034 2148 τοὺς

128 2168 270 2227 ἀγίους
296 2169 537 2227 ἀπεφήνατο
551 2173 654 2212 Ven.
676 2195 732 2203 —
774 2171 801 2212 1.
823 2171 888 2212 12.
924 2171 1089 2225 Corrige
1114 2169 1269 2215 ὁπόταν
1286 2170 1393 2227 λέγῃ
1421 2186 1471 2211 ex
1497 2172 1599 2212 Ven.
1624 2194 1674 2200 —
1724 2171 1750 2210 l.
1771 2169 1832 2212 14.
1866 2170 1925 2219 εἰς
1951 2170 2030 2225 γῆν

129 2239 324 2296 σώματος
340 2243 445 2282 Ven.
505 2240 618 2282 Idem
641 2242 670 2282 1.
693 2243 755 2284 15.
785 2240 834 2286 δὲ
860 2239 963 2295 σὰρξ
988 2241 1093 2295 (sine
1116 2242 1324 2297 articulo),
1348 2240 1462 2298 ψυχή
1489 2239 1569 2296 γὰρ
1587 2234 1805 2290 ἀθάνατος,
1833 2241 1957 2294 σῶμα
1981 2238 2029 2284 δὲ

128 2309 151 2354 ὅ
180 2309 348 2364 νεκρὸς,
389 2311 554 2367 reliquis
595 2311 780 2365 omissis,
827 2313 929 2353 Ven.
960 2335 1016 2343 —
1072 2311 1184 2353 1.22.
1227 2310 1335 2363 Λάζ.
1375 2311 1555 2366 ἱστορίαν
1592 2313 1695 2352 Ven.
1755 2310 1867 2350 Idem
1905 2310 2028 2363 paulo

126 2389 222 2436 post
246 2395 331 2422 non
354 2381 480 2422 habet
513 2380 637 2436 δοὺς,
680 2390 776 2422 ante
803 2379 1104 2426 ἀναπαύεσθαι.
1133 2406 1188 2413 -
1246 2381 1350 2422 Ibid.
1398 2381 1508 2421 Idem
1533 2378 1605 2426 τόν
1630 2381 1678 2426 δὲ
1715 2379 1756 2424 ἐν
1783 2376 2027 2435 ἀλγηδόσιν.

130 2475 178 2482 --
210 2451 238 2490 l.
262 2451 329 2493 23.
371 2448 469 2502 τὸν,
512 2461 607 2492 ante
637 2449 858 2510 Ἃβραάμ,
902 2467 983 2494 om.
1012 2454 1114 2494 Ven.
1143 2477 1194 2483 -
1253 2452 1367 2492 Idem
1392 2451 1491 2492 ibid.
1523 2452 1788 2507 Σαλομῶνος.
1820 2476 1873 2483 -
1929 2451 1955 2491 l.
1983 2450 2023 2492 3.

128 2521 179 2561 ab
202 2521 279 2561 inf.
312 2519 532 2578 βιάζεσθαι
559 2520 688 2577 λέγειν
714 2524 818 2565 Ven.
846 2547 900 2554 ——
955 2523 984 2564 l.
1012 2523 1168 2578 penult.
1199 2521 1358 2578 ἀλογία.
1403 2522 1482 2565 Δεῖ
1499 2520 1578 2577 γάρ
1605 2520 1765 2578 φθορὰν
1791 2523 1894 2565 ven.
1935 2522 2029 2562 Hoc

128 2591 253 2645 igitur
279 2592 562 2646 reponendum
589 2600 663 2632 est.
710 2620 713 2623 κ

238 2663 368 2718 Pag.
388 2663 514 2706 310.
570 2662 595 2702 l.
619 2664 655 2703 1.
698 2666 801 2703 Ante
832 2659 892 2718 μή
916 2678 979 2706 τοι
1004 2677 1114 2718 pone
1137 2663 1346 2717 virgulam.
1377 2687 1430 2694 —
1486 2662 1515 2703 l.
1535 2662 1574 2705 3.
1619 2659 1822 2707 ἀθάνατον
1845 2659 1921 2716 τήν
1948 2665 2027 2714 ψυ-

126 2730 205 2788 χήν
240 2735 345 2783 διδ.,
390 2731 463 2774 καὶ
500 2733 546 2783 ψ.
577 2727 687 2788 αὐτῇ
730 2734 831 2772 Ven.
868 2755 918 2764 —·
974 2733 1002 2773 l.
1022 2733 1061 2774 5.
1108 2733 1263 2785 ψεῦδος
1297 2732 1343 2777 τὸ
1388 2730 1621 2787 ἀνώλεθρον
1657 2733 1736 2789 (sic
1770 2732 1903 2773 scribe
1950 2746 2025 2786 pro

127 2799 345 2856 ἀνόλεθρον
371 2817 420 2842 ex
442 2803 546 2842 Ven.
574 2811 614 2842 et
644 2802 754 2856 Bas.)
779 2799 910 2856 αὐτὴν
935 2802 1008 2846 καὶ
1034 2805 1137 2846 Ven.
1162 2827 1212 2834 —-
1272 2804 1301 2845 1.
1319 2805 1357 2848 7.
1389 2802 1581 2846 Μωῦσέα
1605 2805 1705 2843 Ven.
1765 2802 1878 2842 Idem
1902 2801 2025 2855 paulo

126 2881 222 2927 post
247 2868 375 2916 Ἀλλά
399 2868 533 2915 οὐδὲν.
565 2896 617 2903 -
673 2871 763 2913 1.8-
806 2866 837 2926 ἧ
863 2871 1040 2927 φάσμα,
1081 2871 1178 2922 τοὺς
1205 2870 1352 2917 ἀποστ.
1387 2876 1490 2915 Ven.
1522 2897 1575 2905 -
1631 2873 1658 2913 1.
1684 2872 1745 2913 10.
1794 2867 1899 2914 ἀλλά
1924 2868 1971 2914 τό
2000 2864 2024 2914 ὃ

126 2934 235 2996 ἦσαν
261 2943 363 2982 Ven.
395 2965 451 2973 —
505 2942 619 2983 1.11.
664 2939 793 2996 αὐτὴν
824 2939 926 2985 εἶναι
963 2944 1065 2983 Ven.
1094 2945 1211 2984 Bene.
1272 2945 1350 2985 Pro
1381 2941 1600 2997 ἀνόλεθρον
1625 2942 1755 2982 scribe
1779 2937 2025 2994 ἀνώλεθρον,

126 3021 172 3052 ut
199 3011 325 3052 estin
353 3013 456 3052 Ven.
489 3020 530 3052 et
559 3013 648 3052 Bas.
684 3037 731 3042 —
790 3012 817 3052 l.
841 3012 904 3054 13.
947 3011 1019 3055 καὶ
1049 3010 1095 3055 οὗ
1127 3014 1271 3069 ψυχῆς
1306 3015 1408 3056 ven,
1439 3037 1494 3044 —-
1550 3013 1577 3054 l.
1605 3013 1664 3054 16.
1710 3010 1840 3053 οἰκίαν
1880 3010 2025 3064 δείμα-

128 3083 227 3126 σθαι
250 3082 323 3125 τοῦ
348 3080 482 3138 Δαβὶδ
509 3081 569 3130 εἰς
591 3080 639 3125 τὸ
670 3082 836 3136 μέλλον,
865 3078 914 3124 ’ἶν’
944 3081 984 3125 ἐν
1004 3083 1060 3138 τῇ
1086 3085 1179 3138 βασ.
1209 3085 1309 3123 Ven.
1341 3107 1396 3115 --
1453 3083 1480 3122 l.
1503 3082 1566 3125 19.
1599 3076 1732 3129 οὕτως
1755 3076 1850 3136 χρή.
1909 3074 2024 3123 Πάν-

126 3168 206 3196 των
236 3151 285 3198 δὲ
313 3153 447 3208 ῥᾶστα
473 3153 574 3191 Ven.
604 3175 659 3182 —
715 3151 743 3192 l.
765 3152 833 3192 21.
881 3152 1047 3206 Corrige
1088 3155 1309 3208 προςσχῇς.
1368 3155 1414 3193 In
1444 3155 1546 3192 Ven.
1578 3160 1619 3192 et
1645 3152 1686 3191 in
1719 3155 1803 3191 Bas.
1834 3158 1897 3190 est
1922 3164 2025 3201 προ-

129 3224 247 3280 σχῆς.
279 3246 333 3255 -
389 3222 416 3264 l.
438 3221 505 3264 23.
536 3220 742 3276 γίγνεται,
785 3220 857 3264 καὶ
882 3222 1002 3264 τοῦτο
1029 3220 1207 3265 θανάτου
1234 3222 1306 3265 καὶ
1334 3219 1604 3270 ἀναστάσεως
1632 3220 1783 3276 μελέτη
1811 3215 1925 3276 ῧπνῳ
1952 3218 2025 3262 καὶ

128 3290 295 3348 θανάτῳ
336 3292 493 3347 δίδυμα
528 3290 760 3346 όνεανάγκη
801 3289 854 3346 δή
897 3291 995 3346 (sic)
1035 3292 1137 3331 Ven.
1195 3293 1274 3332 Pro
1312 3290 1555 3347 διδυμάοσιν
1585 3292 1626 3331 in
1656 3293 1743 3331 Bas.
1772 3299 1835 3330 est
1868 3289 2025 3343 δίδυμοι

128 3354 184 3405 ὦν
208 3360 265 3405 ἓν.
294 3385 350 3395 —-
403 3362 434 3402 1.
454 3362 520 3404 28.
549 3362 731 3417 γίγνεται
758 3363 859 3401 Ven.
923 3361 1034 3400 Idem
1059 3360 1086 3402 1.
1104 3360 1172 3402 29.
1204 3360 1389 3417 σχήματι
1414 3359 1632 3405 καθεύδων
1661 3359 1701 3403 ἐν
1725 3360 1785 3416 τῷ
1813 3357 1904 3409 ἀεὶ,
1935 3355 2023 3402 ἀλλ’

128 3423 263 3480 αὖθις.
297 3456 347 3462 -
405 3432 433 3472 1.
454 3430 493 3475 6.
519 3433 568 3472 ab
596 3432 672 3472 inf.
703 3430 925 3485 κληθέντος
955 3433 1057 3473 Ven.
1116 3430 1230 3471 Idem
1259 3431 1285 3470 l.
1307 3434 1345 3473 5.
1374 3432 1424 3472 ab
1452 3431 1527 3472 inf.
1570 3430 1619 3473 ἐκ
1654 3431 1726 3473 τοῦ
1756 3426 1949 3479 θανόντος
1973 3427 2021 3475 'td

129 3499 448 3558 ἀναβιώσασθαι
473 3503 575 3542 Ven.
609 3526 663 3533 —
719 3502 746 3541 1.
770 3501 922 3555 penult.
953 3502 1117 3550 τοῦτον,
1149 3499 1185 3543 εἰ
1215 3499 1352 3556 βούλει
1380 3503 1467 3542 Bas.

240 3572 368 3628 Peg.
389 3572 511 3615 312.
570 3572 597 3612 l.
620 3573 658 3612 2.
688 3567 815 3614 Ἐπεὶ
836 3565 867 3624 ἦ
893 3569 1069 3625 θνήσκοι
1092 3572 1195 3612 ven.
1224 3594 1279 3602 ——
1335 3571 1362 3611 l.
1382 3571 1421 3613 7.
1453 3569 1627 3627 λάβομεν
1655 3573 1758 3615 ven.
1791 3597 1843 3604 -
1898 3573 1928 3614 1.
1957 3572 2020 3615 16.

129 3641 190 3697 τῷ
223 3641 347 3695 σῶμα
372 3643 510 3698 λαβεῖν
538 3644 640 3683 Ven.
701 3641 812 3682 Idem
840 3641 869 3680 l.
892 3641 954 3682 18.
985 3640 1096 3680 delet
1122 3639 1195 3683 καὶ
1224 3648 1318 3680 ante
1359 3639 1528 3694 δεσμὸν.
1560 3665 1610 3672 -
1667 3642 1696 3682 l.
1723 3643 1788 3685 21.
1824 3642 1933 3687 πέδα
1957 3659 2021 3688 νο-

131 3710 293 3765 μίζεται
331 3712 432 3753 Ven.
492 3712 604 3752 Idem
644 3711 747 3752 liber
787 3711 814 3751 1.
838 3710 902 3752 22.
944 3709 1068 3751 habet
1108 3707 1238 3765 μόνη,
1280 3707 1568 3766 ἀμαρτήσαντι
1607 3710 1686 3768 γάρ
1730 3711 1837 3769 μετὰ
1872 3712 1935 3759 τό.
1967 3738 2021 3748 -
