2508 4134
558 256 785 298 PANARH
812 257 918 297 Lm.
940 257 1013 298 111.
1043 256 1178 297 ToM.
1203 258 1235 297 1.
1268 256 1432 296 nasa.
1463 256 1603 297 Lxx.
1977 246 2044 297 29

128 356 519 423 adstringerent3
574 371 698 405 neve
739 353 937 404 dissidia
978 362 1120 419 atque
1165 353 1441 421 opinionum
1491 352 1822 404 dissensiones
1861 353 2046 403 existe-

129 449 256 491 rent.
334 438 545 489 Audiani
574 454 693 488 vero
723 455 829 487 cum
859 436 1063 505 apostoli
1103 435 1231 486 illius
1263 437 1442 486 decreti
1478 453 1672 488 sensum
1710 435 1904 487 minime
1939 454 2047 505 per-

130 523 377 591 ciperent,
435 538 496 572 ex
538 538 597 571 eo
636 519 706 571 sic
745 521 866 586 apud
909 536 963 570 se
1003 519 1303 586 cogitarunt,
1362 517 1547 570 Pascha
1588 518 1870 570 ludaeorum
1912 537 2046 571 more

130 606 468 657 celebrandum
508 603 682 654 videri.
760 601 916 653 Porro
959 611 1067 670 post
1108 602 1505 652 constitutionem
1547 602 1674 652 illam
1714 603 1983 671 quindecim
2019 620 2046 654 e

130 688 501 739 circumcisione
530 687 742 755 episcopi
777 687 1000 749 fuerunt,
1056 685 1199 752 idque
1228 683 1613 754 Hierosolymis,
1655 705 1855 754 quorum
1883 695 2048 737 aucto-

130 772 319 822 ritatem
349 768 657 823 Christianus
690 770 846 819 omnis
875 769 1006 819 orbis
1038 768 1195 835 sequi,
1237 777 1286 818 et
1314 786 1419 818 cum
1454 768 1547 818 illis
1580 771 1829 820 celebrare
1860 769 2045 821 Pascha

130 855 322 918 debuit,
376 871 470 905 una
510 863 560 904 ut
595 853 805 903 omnium
839 852 1128 914 concordia,
1182 868 1274 901 una
1309 852 1577 919 professio,
1628 872 1721 903 una
1753 854 2046 904 celebritatis

129 938 380 989 obeundae
410 939 535 988 ratio
565 956 621 988 ac
645 937 944 987 consuetudo
978 937 1271 985 firmaretur.
1354 933 1506 1002 lgitur
1533 937 1588 985 ad
1631 936 1873 986 hominnm
1915 955 2047 987 men-

132 1031 206 1073 tes
238 1022 284 1072 in
315 1039 454 1071 unam
490 1021 727 1071 ecclesiae
758 1021 1072 1081 societatem,
1127 1035 1250 1086 quae
1291 1027 1426 1068 tanto
1464 1020 1695 1087 temporis
1735 1021 1889 1087 spatio
1930 1039 2050 1071 non-

133 1107 240 1157 dum
287 1105 492 1155 obtineri
523 1113 774 1173 potuerat,
829 1103 1186 1166 conciliandas,
1242 1111 1428 1171 patrum
1477 1102 1667 1153 illorum
1704 1121 1817 1153 cura
1847 1103 2047 1171 diligen-

133 1189 323 1257 tiaque,
379 1207 474 1239 non
521 1188 628 1239 sine
671 1189 745 1237 dei
791 1196 939 1250 nutu,
1000 1185 1312 1238 Constantini
1352 1187 1647 1254 temporibus
1685 1187 1916 1238 inrubuit.
1997 1187 2048 1239 ln

135 1273 482 1340 Apostolorum
526 1289 646 1323 vero
675 1268 1118 1322 Constitutionibus
1153 1271 1208 1321 ad
1242 1271 1546 1320 concordiam
1576 1271 1774 1339 perinde
1804 1272 2050 1322 decretum

133 1355 246 1406 illud
281 1357 508 1425 pertinet.
586 1353 636 1406 Id
665 1356 788 1422 quod
817 1355 881 1405 illi
915 1355 1004 1422 ipsi
1041 1363 1281 1405 testantur
1316 1354 1387 1404 his
1417 1354 1600 1417 verbis,
1645 1354 1879 1422 Quamvis
1913 1357 2052 1406 aber-

135 1449 245 1490 rent
271 1439 384 1507 ipsi,
428 1439 546 1490 nihil
577 1439 621 1489 id
649 1457 738 1490 vos
770 1447 1094 1488 commoveat.
1174 1435 1403 1489 Ceterum
1437 1455 1501 1488 ex
1532 1439 1611 1500 iis,
1653 1456 1774 1506 qnae
1808 1441 1975 1490 eodem
2006 1440 2053 1490 in

135 1522 257 1572 libro
288 1522 466 1591 scripta
496 1531 636 1583 sunt,
680 1523 889 1573 Andiani
929 1522 1153 1573 facillime
1188 1523 1517 1572 confutantur.
1600 1521 1769 1573 tutwnt
1810 1524 1934 1573 enim
1971 1541 2054 1574 eoâ€”

136 1607 241 1656 dem
285 1606 331 1655 in
371 1607 477 1657 loco
532 1607 689 1656 medio
736 1606 1035 1675 Azymorum
1083 1615 1298 1674 tempore
1342 1605 1648 1674 pervigilium
1693 1607 1847 1659 obire.
1947 1607 2055 1659 Hoc

137 1699 293 1740 autem
341 1690 387 1740 in
437 1690 770 1741 ecclesiastica
822 1700 1088 1759 temporum
1136 1689 1475 1759 supputatione
1518 1689 1623 1741 fieri
1675 1700 1907 1760 perpetuo
1956 1709 2052 1742 non

137 1782 315 1841 potest.

279 1856 400 1908 Tria
441 1866 554 1907 sunt
583 1858 708 1908 enim
736 1858 994 1926 praecipue
1027 1857 1198 1925 quibus
1225 1854 1480 1907 Paschatis
1521 1858 1777 1909 celebritas
1810 1858 2051 1926 alligatur.
2080 1864 2176 1918 Cap.
2199 1865 2272 1905 Xt.

145 1938 278 1992 Solis
303 1941 523 2009 inprimis
563 1959 764 2004 cursus,
815 1951 1012 2009 propter
1043 1941 1330 1991 dominicam
1359 1959 1414 1992 ac
1445 1959 1679 1993 mensem.
1759 1942 1888 1993 Tum
1914 1944 2056 1994 lunae

138 2026 300 2075 itidem
330 2042 529 2089 cursus,
586 2025 727 2093 idque
758 2035 954 2094 propter
985 2025 1140 2092 legem
1173 2042 1296 2092 quae
1330 2025 1513 2077 decima
1546 2035 1715 2094 quarta
1746 2027 1859 2078 luna
1888 2027 2058 2078 immo-

139 2109 226 2160 lari
264 2107 455 2160 Pascha
501 2109 751 2178 praecipit.
846 2107 1013 2176 ltaque
1061 2125 1216 2176 neque
1262 2109 1499 2159 celebrari
1530 2120 1673 2161 antea
1716 2120 1874 2179 potest
1917 2129 2056 2179 quam

138 2193 492 2261 aequinoctium
522 2194 791 2244 confectum
825 2192 907 2256 sit,
950 2193 1074 2259 quod
1110 2190 1269 2242 ludaei
1307 2211 1608 2261 nequaquam
1643 2194 1925 2258 observant,
1969 2213 2058 2245 nec

140 2284 414 2327 accuratam
453 2277 545 2327 hoc
572 2277 621 2326 in
651 2277 846 2345 negotio
879 2277 1116 2327 rationem
1156 2276 1278 2326 inire
1310 2278 1535 2341 student3
1590 2279 1712 2346 apud
1740 2297 1860 2345 quos
1889 2281 2058 2347 depra-

141 2370 251 2413 vata
282 2377 338 2410 ac
364 2360 640 2428 perturbata
673 2370 786 2411 sunt
820 2361 999 2411 omnia.
1078 2358 1263 2410 Verum
1297 2360 1408 2411 licet
1440 2369 1604 2412 tantae
1635 2362 1934 2430 quaestionis
1967 2372 2061 2413 tam

142 2445 206 2495 sit
234 2453 409 2494 exacta
438 2444 651 2508 decisio,
707 2463 802 2495 non
846 2454 1006 2495 tamen
1040 2444 1098 2494 ob
1125 2443 1360 2494 eiusmodi
1391 2445 1723 2512 quaestionem
1760 2455 2062 2497 accuratam-

144 2545 235 2596 que
274 2529 542 2589 rationem,
598 2529 682 2578 sed
723 2529 783 2578 ob
826 2545 966 2579 unam
1002 2528 1309 2578 concordiam
1351 2529 1469 2579 haec
1499 2529 1557 2579 ab
1591 2530 1820 2598 apostolis
1850 2549 2061 2600 pronun-

143 2612 258 2662 tiata
299 2620 429 2662 sunt.
508 2609 650 2678 Quod
698 2612 736 2663 si
767 2612 843 2663 vel
874 2630 979 2662 cum
1011 2608 1194 2662 Christi
1223 2611 1471 2677 hostibus,
1526 2622 1576 2663 ut
1609 2614 1675 2663 illi
1709 2623 1905 2682 putant,
1947 2633 2061 2683 apo-

145 2695 255 2746 stoli
288 2695 628 2746 celebrandum
658 2712 766 2746 esse
794 2694 983 2746 Pascha
1011 2703 1333 2757 censuerunt,
1377 2705 1555 2762 quanto
1588 2698 1739 2764 magis
1772 2700 1828 2749 ad
1862 2699 2061 2749 eandem

144 2778 444 2830 retinendam
480 2780 851 2829 consensionem
882 2798 985 2830 cum
1020 2779 1227 2829 ecclesia
1262 2779 1511 2829 celebrare
1551 2783 1799 2846 convenit,
1842 2799 1901 2833 ne
1932 2782 2060 2833 illius

147 2862 407 2913 concordia
449 2862 726 2913 laceretur?
801 2861 1009 2930 Quinam
1054 2863 1202 2930 igitur
1239 2854 1363 2913 istud
1396 2862 1521 2913 effici
1553 2868 1743 2932 potest?
1818 2864 1902 2918 Sic
1934 2866 2061 2916 enim

148 2946 289 2996 iidem
335 2947 539 3013 apostoli
581 2946 908 3014 praecipiunt:
961 2945 1087 2996 Dum
1120 2946 1374 3014 epulantur
1399 2946 1497 3010 illi,
1552 2966 1641 2999 vos
1672 2950 1945 3001 ieiunantes
1974 2967 2061 3016 pro

146 3028 241 3080 illis
268 3031 448 3097 lugete,
512 3031 736 3097 quoniam
768 3032 890 3080 festo
915 3029 996 3080 illo
1025 3028 1100 3079 die
1128 3026 1375 3080 Christum
1417 3030 1465 3080 in
1508 3049 1699 3082 crucem
1740 3034 2058 3084 sustulerunt.

151 3110 371 3180 Cumque
401 3114 466 3163 illi
496 3114 715 3180 lugentes
749 3113 951 3182 Azymis
992 3122 1041 3163 et
1069 3114 1270 3163 lactucis
1313 3115 1588 3181 agrestibus
1626 3125 1917 3178 vescentur,
1972 3132 2060 3166 vos

154 3197 430 3264 epulamini.
519 3194 750 3247 Ceterum
781 3214 1122 3263 nonnunquam
1151 3198 1353 3261 accidit,
1410 3208 1459 3248 ut
1486 3200 1720 3249 dominica
1747 3201 1823 3249 die
1856 3198 2064 3268 Azymis

150 3288 365 3331 utantur.
441 3279 748 3331 Adveniente
777 3280 948 3348 quippe
979 3280 1245 3330 dominicae
1275 3299 1479 3350 vespera
1507 3281 1692 3333 Pascha
1723 3301 1861 3333 suum
1894 3283 2064 3333 immo-

151 3362 251 3413 lare
295 3372 515 3430 possunt.
607 3362 734 3414 Nam
777 3373 885 3432 post
924 3380 1176 3430 vesperam
1224 3366 1487 3431 praeterito
1531 3366 1731 3416 sabbato
1774 3384 1893 3434 opus
1936 3367 2063 3417 istud

151 3445 269 3514 ipsis
298 3462 536 3497 exercere
574 3465 669 3497 non
707 3447 837 3498 licet.
915 3445 1236 3512 Posteaquam
1277 3447 1425 3514 igitur
1461 3449 1869 3514 sacrificaverint,
1923 3451 1963 3501 si
2006 3452 2066 3501 ad

155 3529 318 3596 epulas
355 3538 680 3597 consurgunt,
733 3549 822 3581 nos
850 3529 1136 3581 dominicam
1170 3530 1293 3579 diem
1334 3549 1541 3597 quonam
1576 3540 1714 3599 pacto
1747 3532 1877 3583 luctu
1908 3550 1965 3584 ac
1993 3533 2064 3584 ie-

155 3664 354 3720 perficere
377 3666 420 3706 id
445 3668 626 3721 apostoli
650 3678 945 3723 praeceperunt
986 3673 1084 3719 cettâ€ž
1196 3669 1235 3711 3.
1268 3663 1333 3710 á½…Ï„Î¹
1359 3671 1462 3709 abest
1487 3681 1512 3709 Î±
1543 3672 1625 3710 cod.
1654 3672 1814 3723 Rhediy.

156 3730 202 3762 ut
229 3721 266 3764 Îµá¼°
289 3721 367 3777 Î³á½°Ï
393 3722 466 3766 ÎºÎ±á½¶
493 3719 599 3777 Î¼ÎµÏ„á½°
626 3729 812 3776 cogitasse
836 3728 1026 3767 videatur.
