2508 4134
462 277 564 328 390
1172 284 1377 327 SANCTI
1407 286 1690 327 EPIPHANII

466 382 698 452 Χριστόν.
793 380 859 435 Τὸ
909 383 962 435 δὲ
995 382 1307 445 Ἀπέστειλας
1348 380 1546 436 ὄίνωθεν
1587 385 1697 451 ἕχον
1732 382 1823 451 τήν
1857 383 2123 454 θεωρίαν,
2155 380 2253 436 ἀλλ’
2301 383 2397 438 οὐκ

461 466 602 529 έκτὸς
639 464 698 521 ὂν
732 472 833 519 τῶν
875 464 974 521 find
1024 469 1224 537 Πέτρου
1263 470 1529 537 εἰρημένων
1570 467 1674 533 ὅτι,
1721 467 1920 537 Ἰησοῦν
1961 467 2045 522 τόν
2082 473 2394 537 Ναζωραῖον,

463 551 622 623 ἄνδρα
653 553 1066 623 ἀποδεδειγμένον
1092 555 1160 615 εἰς
1185 551 1313 621 ὑμᾶς
1338 555 1504 623 τέρασι
1532 555 1617 606 καὶ
1645 557 1880 622 σημείοις,
1918 553 1976 607 ὃν
2002 555 2188 623 ἔχρισεν
2219 550 2250 606 o‘
2273 551 2398 616 θεός

467 638 711 706 πνεύματι
748 635 895 711 ἁγίῳ·
933 639 1018 690 καὶ
1055 637 1115 691 τοὶ
1151 637 1344 701 τούτοις
1382 638 1546 707 ὅμοια.

240 733 346 787 Κεφ.
370 731 447 788 λγ.
607 721 734 776 Εἶτα
773 724 826 777 δὲ
866 722 1014 776 πάλιν
1058 726 1111 777 οἴ
1144 724 1435 795 γλυκύτατοι
1474 720 1615 791 ἡμῶν
1655 720 1887 790 ἀδελφοὶ,
1938 721 2231 791 βουλόμενοι
2272 724 2399 777 κατὰ

464 807 626 863 πάντα
669 813 984 876 φιλονείκους
1017 807 1138 877 ἡμῖν
1177 811 1417 879 εἰςφέρειν
1451 811 1696 872 διανοίας,
1748 810 1833 861 καὶ
1870 806 1959 876 τὴν
1997 809 2155 862 αὐτοῦ
2181 808 2399 878 θεότητα

231 913 315 948 pag.
340 903 435 937 1⁰2⁶·
467 903 787 949 πεπονθυῖαν
816 894 908 948 οὐκ
937 892 1219 963 ἄτολμήτως
1240 893 1592 965 κηρύττουσιν,
1633 896 1687 946 ἐκ
1711 900 1800 947 τοῦ
1827 897 1979 963 ῤἠτοῦ
2001 900 2089 947 τοῦ
2121 896 2399 964 εἰρημένου,

472 983 536 1033 Εἰ
574 979 666 1051 γάρ
703 982 945 1050 ἔγνωσαν,
1001 978 1093 1034 οὐκ
1134 978 1194 1033 ὂὲν
1229 979 1317 1033 τὸν
1341 977 1518 1049 κύριον
1556 985 1646 1046 τῆς
1677 977 1826 1046 δόξης
1855 978 2181 1048 ἐσταύρωσαν.
2263 979 2402 1042 Τινὲς

465 1067 517 1120 δὲ
540 1071 637 1120 τῶν
673 1066 831 1119 αὐτοῦ
860 1069 1052 1119 παίδων
1079 1064 1147 1133 μὴ
1173 1071 1406 1126 νοοῦντες
1430 1070 1574 1118 τοῦτο
1591 1107 1604 1129 ,
1658 1062 1727 1125 οἷς
1755 1062 1919 1133 οἶμαι,
1969 1062 2088 1131 μετὰ
2118 1070 2217 1118 τῶν
2245 1062 2402 1118 ἄλλων

463 1150 849 1222 προβαλλόμενοι
889 1149 1151 1219 βούλονται
1190 1152 1576 1215 ἔπισοφίζεσθαι.
1654 1149 1901 1218 Θαυμάζω
1931 1148 2025 1220 γὰρ
2062 1152 2107 1203 εἰ
2137 1147 2285 1213 αὐτὸς
2315 1148 2402 1203 οῦ-

463 1260 559 1299 τως
587 1234 781 1303 φοὲσκει.
862 1236 937 1289 Οὐ
982 1233 1274 1303 θαυμαστόν
1313 1233 1406 1305 γαρ
1445 1233 1532 1288 έοῖν
1565 1237 1680 1308 εἴπῃ
1713 1233 1747 1304 ἦ
1773 1239 1889 1288 θεία
1917 1233 2082 1305 γραφὴ
2108 1233 2196 1288 τὸν
2227 1235 2402 1306 κύριον

463 1329 552 1390 τῆς
575 1323 721 1390 δόξης
753 1325 1109 1393 ἐσταυρῶσθαι.
1187 1322 1290 1373 Καὶ
1317 1319 1410 1391 γάρ
1439 1321 1524 1373 καὶ
1553 1318 1727 1389 κύριον
1768 1319 1916 1389 δόξης
1944 1317 2278 1391 ὁμολογοῦμεν
2314 1322 2402 1374 καὶ

467 1407 626 1476 αὐτὴν
670 1407 758 1476 την
800 1410 1040 1477 ἔνσαρκον
1078 1409 1383 1476 παρουσίαν·
1439 1405 1500 1459 οὗ
1530 1404 1622 1476 γάρ
1657 1404 1884 1480 διῄρηται
1917 1404 2020 1459 ἀπὸ
2047 1413 2134 1475 τῆς
2163 1404 2403 1473 θεότητος

466 1492 499 1561 ἦ
541 1494 780 1563 ἔνσαρκος
821 1496 1095 1561 παρουσία·
1151 1498 1239 1559 τῆς
1284 1490 1490 1559 ἑκάστης
1533 1488 1824 1554 ὑποθέσεως
1863 1490 2075 1563 εὐλόγως
2113 1493 2401 1560 νοουμένης,

465 1580 551 1633 καὶ
583 1580 661 1632 ε’πὶ
693 1578 746 1632 τὸ
781 1577 902 1631 αὐτὸ
930 1585 1018 1645 τῆς
1044 1576 1209 1645 πάσης
1242 1580 1574 1649 πραγματείας
1604 1579 1672 1640 εἰς
1699 1581 1818 1644 μίαν
1851 1580 2142 1645 οἰκονομίαν
2173 1578 2258 1631 καὶ
2286 1580 2403 1645 μίαν

466 1662 740 1731 τελειότητα
782 1662 904 1732 ἡμῖν
944 1665 1304 1732 συνηνωμένης.
1383 1661 1630 1731 Παθητός
1667 1661 1760 1734 γὰρ
1802 1660 1923 1730 ’ἡμῖν
1957 1662 2242 1734 κηρύττεται
2282 1668 2403 1734 Χρι-

467 1747 581 1812 στὸς
609 1751 691 1802 καὶ
725 1748 1029 1814 πιστεύεται,
1079 1749 1139 1802 οὗ
1168 1747 1285 1802 καθ’
1325 1747 1503 1802 ἓαυτὸν
1534 1747 1746 1814 παθών,
1799 1746 1915 1802 οὐδὲ
1942 1747 2019 1802 ὅτι
2046 1747 2188 1812 ἄλλος
2221 1750 2350 1803 ἐστὶν
2374 1747 2405 1803 ὅ

465 1834 739 1898 πεπονθώς
779 1837 862 1888 καὶ
908 1833 1050 1896 ἄλλος
1092 1832 1121 1888 ὅ
1151 1834 1349 1904 κύριος,
1402 1833 1518 1888 οὐδὲ
1557 1833 1632 1888 ὅτι
1662 1833 1696 1902 ἡ
1728 1833 1910 1901 θεότης
1951 1835 2234 1900 πέπονθεν,
2286 1833 2405 1889 ἀλλὰ

467 1923 694 1975 πέπονθε
723 1922 810 1989 μὲν
842 1918 870 1974 ὁ
898 1919 1073 1990 κύριος
1100 1918 1243 1988 ἡμῶν
1265 1919 1457 1988 Ἰησοῦς
1484 1918 1726 1991 Χριστός,
1779 1925 1868 1987 τῆς
1896 1918 2135 1988 θεότητος
2161 1920 2406 1991 ἆτρέπτου

468 2006 712 2075 μενούσης
744 2028 794 2060 τε
820 2009 903 2060 καὶ
933 2004 1198 2071 ἀπαθοῦς,
1255 2004 1538 2074 πασχούσης
1576 2006 1630 2059 δὲ
1657 2008 1708 2059 ἐν
1737 2011 1797 2079 τῇ
1838 2007 2010 2075 σαρκὶ,
2063 2007 2148 2059 καὶ
2173 2003 2407 2070 ἀπαθοῦς

469 2092 723 2161 μενούσης.
800 2095 871 2144 Εἰ
896 2090 988 2162 γοὶρ
1017 2093 1244 2145 ἀπέθανε
1279 2091 1494 2162 Χριστὸς
1529 2089 1653 2161 ὑπὲρ
1694 2088 1860 2159 ἡμῶν,
1912 2093 1995 2144 καὶ
2033 2088 2187 2153 ὅντως
2217 2089 2407 2145 ἀπέθα-

468 2199 572 2244 νεν,
623 2177 712 2246 οὐχ
741 2176 773 2245 ἦ
801 2178 985 2244 θεότης
1021 2175 1303 2243 οἷπέθανεν,
1358 2175 1476 2230 ἄλλοὲ
1509 2174 1762 2230 ἀπέθανεν
1803 2178 1856 2229 ἐν
1885 2178 2054 2246 σαρκὶ,
2105 2174 2231 2230 κατα
2257 2175 2312 2230 τό
2342 2179 2404 2229 εἰ·

469 2266 705 2334 ρημένον,
758 2265 1080 2325 Θανατωθεὶς
1122 2265 1292 2332 σαρκὶ,
1347 2264 1677 2330 ζωοποιηθεὶς
1710 2263 1763 2315 δὲ
1786 2269 1854 2335 τῷ
1882 2261 2150 2330 πνεύματι,
2168 2298 2179 2302 -
2201 2263 2285 2315 καὶ
2313 2260 2406 2315 πά-

468 2356 570 2412 λιν,
616 2355 839 2420 Χριστοῦ
869 2349 1124 2410 παθόντος
1159 2346 1282 2418 ὗπὲρ
1318 2347 1462 2416 ἡμῶν
1494 2352 1652 2418 σαρκί.
1732 2352 2039 2415 Θαυμαστῶς
2063 2344 2183 2415 ἡμῖν
2216 2345 2407 2415 duom-f

468 2458 612 2505 γηται
645 2433 917 2496 πεπονθώς
942 2438 994 2488 ἐν
1023 2432 1232 2505 οἷληθείᾳ
1258 2436 1340 2487 καὶ
1368 2433 1575 2502 ἀπαθὴς
1602 2436 1653 2487 έν
1679 2433 1918 2540 ἀληθείᾳ,
1956 2439 2043 2501 τῆς
2073 2435 2312 2501 θεότητος
2337 2432 2405 2502 μὴ

467 2519 759 2588 παθούσης,
815 2519 897 2573 δια
944 2519 997 2574 τὸ
1047 2520 1285 2624 ἄτρεπτον
1327 2521 1411 2573 καὶ
1452 2518 1650 2581 ἀπαθὲς
1693 2521 1778 2573 καὶ
1822 2517 2087 2587 ομοούσιον
2132 2525 2201 2591 τῷ
2243 2524 2403 2590 πατρί.

470 2605 751 2673 Παθούσης
783 2606 835 2658 δὲ
860 2612 947 2674 τῆς
976 2605 1185 2676 σαρκος,
1239 2607 1324 2659 καὶ
1364 2605 1423 2659 οὗ
1457 2608 1768 2673 μερισθείσης
1799 2611 1887 2674 τῆς
1915 2604 2154 2672 θεότητος
2191 2603 2293 2659 ἆπὸ
2319 2611 2405 2674 τῆς

469 2690 712 2762 ένσαρκου
748 2695 1024 2764 παρουσίας
1059 2694 1109 2745 ἐν
1141 2698 1208 2764 τῷ
1254 2690 1425 2745 παθει.
1500 2697 1672 2759 Συνῆν
1714 2714 1806 2762 γαρ
1849 2692 1932 2744 καὶ
1975 2713 2008 2758 η
2036 2688 2217 2758 θεότης
2258 2692 2342 2744 καὶ
2370 2714 2403 2760 η

469 2776 879 2844 ένανθρώπησις,
926 2777 1043 2830 1’ὅτε
1074 2779 1153 2830 ἐπι
1183 2783 1259 2851 τῷ
1277 2783 1471 2849 σταυρῷ
1498 2779 1674 2845 ἔπασχε
1704 2777 1794 2844 μὲν
1827 2774 2040 2846 Χριστος
2067 2777 2237 2844 σαρκὶ,
2277 2797 2403 2828 απα-

466 2861 568 2931 θης
597 2864 649 2916 δὲ
679 2865 834 2928 ἔμεινε
857 2861 1082 2931 θεότητι·
1134 2866 1213 2916 ἵνα
1241 2861 1330 2930 τὴν
1363 2866 1617 2916 δικαίωσιν
1646 2864 1815 2930 μηκέτι
1847 2864 1901 2915 έν
1928 2863 2076 2931 σαρκὶ
2101 2859 2256 2927 μόνον
2286 2863 2400 2930 ἔχω-

469 2969 582 3016 μεν,
624 2947 742 3001 ἆλλοὶ
767 2950 819 3001 ἐν
852 2954 912 3021 τῇ
941 2947 1168 3016 θεότητι,
1207 2950 1291 3002 καὶ
1325 2951 1408 3001 ἵνα
1441 2950 1492 3001 ἒν
1520 2954 1581 3022 τῇ
1606 2948 1807 3016 θεότητι
1834 2949 1918 3000 καὶ
1946 2949 1999 3000 ἐν
2026 2951 2084 3019 τῇ
2121 2947 2266 3015 σαρκὶ
2297 2945 2402 2999 κατ’

468 3032 658 3102 ἀμφοῖν
685 3031 805 3101 ’ἡμῖν
834 3038 1048 3104 σωτηρία
1073 3036 1283 3104 γένηται.
1363 3032 1439 3086 Οὔ
1465 3032 1557 3104 γάρ
1587 3032 1735 3100 ψιλός
1765 3031 1884 3101 ἡμῖν
1912 3029 2186 3101 ἅνθρωπος
2213 3029 2242 3084 ὅ
2278 3037 2399 3102 Χρι-

467 3117 604 3184 στὸς,
649 3117 810 3171 ’ὶοῖλλᾶ
838 3118 982 3190 λόγος
1009 3119 1366 3184 ἔνυπόστατος,
1404 3122 1666 3190 ἕνσαρκος,
1706 3121 1791 3172 καὶ
1819 3117 1940 3180 θεὸς
1967 3114 2243 3184 ἅνθρωπος
2265 3139 2401 3188 γεγο-

466 3203 566 3267 νώς
594 3207 646 3258 ἐν
676 3204 915 3277 ἀληθείᾳ,
969 3203 1111 3273 ἡμῶν
1147 3203 1214 3274 μὴ
1258 3204 1467 3273 ἐχόντων
1507 3204 1595 3273 τήν
1627 3207 1797 3258 ἐλπίδα
1840 3201 1913 3257 ἐπ’
1949 3201 2247 3272 ἄνθρωπον,
2300 3201 2398 3256 ἄλλ’

468 3293 522 3344 ἐν
550 3297 610 3364 τῇ
639 3289 869 3358 θεότητι,
921 3292 1004 3343 καὶ
1038 3289 1180 3359 ’ἡμῶν
1221 3289 1288 3359 μὴ
1317 3289 1526 3359 ἐχόντων
1570 3289 1691 3344 θεὸν
1734 3288 2012 3357 πάσχοντα,
2064 3285 2163 3340 ἀλλ’
2200 3288 2396 3362 ἆπαθῇ,

526 3435 622 3475 ΟΛΡ.
641 3436 850 3475 XXXIII.
874 3458 928 3466 —
990 3437 1023 3476 l.
1055 3430 1122 3479 ὅτι
1146 3438 1330 3477 mendum
1354 3441 1409 3478 est
1435 3438 1493 3478 ed.
1526 3438 1661 3479 Petav.
1697 3437 1826 3476 Golon.
1856 3438 1974 3485 repet.

522 3491 562 3532 2.
595 3487 684 3534 ἀλλ’
715 3490 838 3546 λόγος
868 3494 928 3533 ed.
960 3495 1094 3534 Petav.
