2508 4134
247 2730 332 2767 pag.
351 2719 426 2757 949.

478 274 581 332 252
1187 292 1391 336 sANch
1420 294 1708 335 EPJPHANH

612 388 806 459 Ἀνατρ.
850 389 1148 452 Ἀντιθέτως
1174 388 1455 461 παρειςάγει
1483 388 1692 456 Ἀέτιος,
1729 393 1784 444 ἐκ
1820 397 2194 461 συλλογιστικῶν
2223 389 2402 460 ὄνομα·

479 478 598 527 σιῶν
627 470 950 543 οἷνθρωπίνης
986 476 1206 538 ἐπινοίας
1246 475 1369 530 θεὸν
1409 480 1700 544 καταλαβεῖν
1741 476 2060 544 βουλόμενος,
2111 478 2196 530 καὶ
2234 473 2302 539 οἱς
2348 478 2403 532 ἐκ

476 560 649 622 λέξεων
676 556 1055 628 ἀκρωτηριάζειν
1086 567 1312 631 πειρᾶται
1353 567 1440 629 τῆς
1471 563 1707 631 ἐναργοῦς
1741 565 1948 624 πίστεως
1983 561 2073 630 τήν
2101 565 2307 630 βεβαίαν
2333 564 2404 616 32.-

478 647 617 709 πίδα,
645 642 883 711 άνόμοιον
909 642 1160 719 2ἀνομοίῳ
1186 645 1509 717 συγκρούσας,
1535 649 1616 701 καὶ
1641 648 1767 710 λέξιν
1787 648 1907 709 λέξει
1937 646 2283 716 ἆνατροπικῶς
2308 669 2402 701 πα-

479 731 692 799 ρενθεὶς,
731 727 798 792 οἷς
826 732 879 784 ἐκ
908 730 1088 785 τούτου
1117 731 1372 800 βιάζεσθαι
1399 731 1453 785 τό
1482 731 1721 800 ἀνόμοιον
1766 738 1788 769 ³
1809 736 1897 785 τοῦ
1921 734 2037 786 υἱοῦ
2062 731 2189 801 πρὸς
2218 734 2404 803 πατέρα

480 819 759 882 σημαίνειν,
798 815 920 887 ὅπερ
949 818 1078 871 ἐστὶν
1106 815 1366 871 ἀδύνατον.
1431 817 1516 881 Ἐξ
1547 815 1711 871 αὐτῶν
1737 816 1856 888 γάρ,
1896 815 1963 879 ὦς
1992 820 2179 882 ἐδίδαξε
2206 816 2404 872 τόνκό-

479 918 632 968 σμον,
670 907 1002 972 συλλογισμῶν
1036 904 1118 955 καὶ
1145 900 1296 965 αὐτὸς
1324 901 1769 973 συλλογισθήσεται.
1846 901 2033 957 Φάσκει
2062 902 2181 973 γάρ,
2237 905 2310 956 Εἰ
2330 904 2403 957 τέ-

477 992 607 1039 λειον
638 979 700 1054 ἧν
726 986 780 1041 τό
813 988 1054 1058 γέννημα,
1107 990 1159 1041 ἐν
1197 985 1444 1061 ἆγεννήτῳ
1480 986 1742 1058 γεννήματί
1768 991 1890 1054 ἐστι,
1939 990 2024 1042 καὶ
2063 986 2156 1042 οὔκ
2197 989 2246 1052 ἐξ
2283 981 2353 1041 οἷν
2375 984 2407 1042 ὅ

479 1068 740 1141 άγέννητος
768 1071 890 1127 αὐτὸ
918 1074 1162 1143 ἐγέννησε·
1218 1072 1452 1143 γεννητὴν
1481 1071 1572 1143 γάρ
1603 1073 1755 1139 φύσιν
1786 1076 1836 1127 ἐν
1866 1071 2107 1147 ἀγεννήτῃ
2133 1073 2281 1147 οὗσίᾳ
2306 1072 2405 1131 οὐκ

478 1158 715 1225 ἐνδέχεται
735 1155 882 1211 εἶναι·
915 1156 1002 1211 4τὸ
1032 1156 1123 1229 γάρ
1149 1156 1275 1212 εἷναί
1302 1160 1353 1211 τέ
1379 1160 1480 1212 ἐστι
1508 1160 1591 1212 καὶ
1620 1157 1687 1227 μὴ
1717 1155 1864 1212 εἶναι·
1903 1159 2120 1229 γέννημα
2146 1156 2239 1228 γάρ
2265 1155 2403 1229 άγέν·

478 1264 626 1311 νητον
650 1243 744 1296 οὐκ
770 1245 894 1309 ἔστι,
942 1245 1027 1296 καὶ
1055 1243 1321 1314 ἀγέννητον
1344 1242 1404 1297 ὃν
1434 1245 1650 1314 γέννημα
1678 1243 1772 1297 οὐκ
1799 1238 1890 1312 ἦν,
1939 1249 2028 1296 τοῦ
2055 1241 2296 1312 άνομοίου
2322 1245 2406 1312 μέ-

479 1350 599 1399 ρους
628 1330 708 1382 ἐπὶ
738 1335 865 1382 θεοῦ
889 1332 1203 1397 βλασφημίας
1226 1327 1382 1382 τύπον
1413 1330 1497 1381 καὶ
1516 1328 1663 1399 ῦβριν
1689 1330 1969 1397 ἐπέχοντος·
2023 1327 2141 1391 dign
2169 1331 2218 1393 ἐξ
2249 1328 2406 1382 ἅπαν-

479 1436 563 1476 τος
592 1416 872 1485 ἐλέγχεσθαι
908 1413 968 1468 τά
1007 1421 1095 1483 τῆς
1122 1413 1505 1483 παραποιήσεως
1533 1416 1657 1485 μέρη
1683 1413 2004 1484 τῶνλόγων,
2055 1410 2123 1476 οἷς
2154 1413 2249 1467 οὐκ
2277 1414 2403 1468 ἐνδέ-

478 1521 609 1568 χεται
636 1497 875 1568 οἷνόμοιον
902 1497 1026 1554 εἶναι
1052 1498 1138 1554 τόν
1165 1498 1280 1553 υἷόν
1315 1506 1384 1573 τῷ
1420 1501 1593 1567 πατρὶ,
1647 1496 1756 1553 οὐδ’
1795 1496 1970 1554 ἆῖνισον
1997 1504 2097 1566 τῆς
2139 1499 2294 1553 αὐτοῦ
2333 1519 2407 1552 τε·-

478 1588 607 1647 λείας
633 1584 888 1652 θεότητος.
963 1588 1036 1638 Εἰ
1058 1584 1150 1656 γάρ
1182 1585 1309 1648 ὅλως
1337 1583 1514 1651 φάσκει
1550 1590 1574 1621 ⁵
1593 1585 1946 1653 βεβιασμένως,
1995 1582 2116 1638 καθ’
2141 1585 2321 1638 ἑαυτοῦ
2353 1584 2408 1639 δὲ

479 1672 758 1739 ἐπιστρέφει
783 1669 907 1741 ῥητοὶ
932 1670 963 1724 ἃ
993 1675 1256 1741 διηγεῖται,
1307 1668 1361 1724 τὸ
1389 1668 1622 1741 γεννητόν
1659 1672 1742 1724 καὶ
1780 1668 2045 1741 ἀγέννητον
2075 1666 2152 1724 άεὶ
2179 1668 2406 1737 φάσκων,

478 1755 580 1811 ἆπὸ
610 1755 789 1810 τούτου
827 1758 1028 1825 μαθέτω
1066 1755 1121 1810 vd
1150 1754 1344 1810 κτιστὸν
1370 1757 1455 1810 καὶ
1481 1753 1707 1809 ὄῖκτιστον
1732 1755 1807 1809 ὅτι
1832 1755 1926 1809 οὐκ
1954 1757 2195 1824 ἐνδέχεται
2219 1757 2405 1809 ἐπικοι·

478 1850 650 1896 νωνεῖν
672 1849 816 1896 τοῦτο
846 1841 1003 1916 τούτῳ
1031 1840 1158 1912 πρὸς
1182 1840 1236 1895 τὸ
1270 1840 1460 1908 άξίωμα
1477 1884 1491 1907 ,
1541 1840 1661 1911 ὅπερ
1690 1842 1786 1895 ἐστὶ
1817 1839 1872 1895 τὸ
1901 1840 2017 1895 ’ὅλον
2051 1838 2406 1911 προςκννητόν.

480 1930 550 1981 Εἰ
571 1926 663 1999 γάρ
692 1927 819 1991 ὅλως
842 1926 1181 1998 προςκυνητὸν
1203 1925 1259 1981 τὸ
1283 1925 1521 1993 άνόμοιον
1543 1932 1610 1999 τῷ
1636 1924 1855 2000 άνομοίςο
1878 1925 2207 1995 ἐξισούμενον,
2244 1923 2409 1981 οὐκέτι

479 2017 653 2068 διοίσει
677 2013 820 2085 λόγος
851 2013 936 2068 τόν
976 2015 1063 2067 ἕνα
1099 2011 1198 2066 άπὸ
1230 2019 1329 2066 τῶν
1369 2011 1522 2078 ὅλων,
1572 2017 1659 2080 τῆς
1696 2010 1933 2080 οἷνομοίας
1965 2011 2027 2066 οὗ
2055 2013 2332 2080 δυναμένης
2358 2013 2409 2065 ἐν

477 2099 608 2164 τάξει
636 2105 724 2153 τοῦ
753 2097 906 2168 αὐτῆς
933 2096 1208 2167 άξιώματος
1234 2097 1513 2160 τάττεσθαι,
1550 2095 1645 2151 κάν
1672 2118 1721 2150 τε
1744 2099 1798 2151 ἐν
1823 2098 1942 2172 δόξῃ
1968 2095 2322 2169 ὑπερβάλλοιτο
2351 2094 2405 2151 τό

477 2183 576 2239 άπὸ
605 2184 805 2239 πάντων
823 2188 880 2238 ἓν
906 2183 1062 2239 ὅντων
1093 2184 1345 2252 ἀνομοίων
1377 2181 1541 2252 6πρός
1569 2181 1694 2251 [τὴν]
1723 2181 1809 2236 τόν
1836 2185 1946 2248 ἕνα,
1985 2182 2066 2236 διά
2094 2181 2183 2250 τὴν
2210 2180 2278 2251 μὴ
2306 2183 2409 2237 ἐπι-

478 2277 813 2341 κοινωνοῦσαν
846 2276 914 2343 τῷ
953 2272 1027 2324 ἑνὶ
1063 2269 1264 2323 πάντων
1306 2266 1433 2338 πρὸς
1463 2266 1551 2321 τόν
1594 2269 1678 2322 ἕνα
1715 2266 2059 2336 άνομοιότητα.
2137 2269 2239 2321 Καὶ
2275 2269 2410 2322 ἔσται

478 2355 651 2410 λοιπὸν
674 2358 760 2409 καὶ
787 2355 951 2424 ἥλιος,
990 2358 1076 2408 καὶ
1104 2353 1308 2422 σελήνη,
1347 2355 1430 2406 καὶ
1459 2352 1639 2423 ἄστρα,
1677 2354 1761 2407 καὶ
1790 2360 1878 2424 γῆ,
1928 2357 2013 2407 καὶ
2035 2352 2224 2407 τούτων
2246 2354 2319 2426 ἔτι
2347 2352 2409 2407 τά

480 2439 830 2510 ὑποβεβηκότα
855 2438 1188 2509 προςκυνητοὶ,
1225 2440 1308 2492 καὶ
1335 2437 1500 2492 οὐκέτι
1525 2437 1555 2492 ό
1584 2436 1653 2501 εἷς
1680 2437 1772 2491 σῦν
1795 2445 1863 2512 τῷ
1891 2440 1964 2492 ἐνὶ
1992 2437 2247 2506 πνεύματι,
2286 2438 2407 2508 ὅπερ

481 2529 580 2581 ἐστὶ
606 2531 691 2595 μία
720 2524 883 2598 τριάς,
920 2527 1004 2578 καὶ
1033 2529 1120 2593 μία
1147 2525 1354 2593 θεότης,
1394 2526 1478 2577 καὶ
1510 2528 1595 2593 μία
1623 2523 1969 2594 προςκὺνησις.
2046 2522 2216 2594 7”Αρα
2242 2517 2335 2579 οὖν
2367 2526 2413 2577 εἰ

479 2619 623 2667 τοῦτο
654 2610 736 2666 διά
761 2618 905 2666 τοῦτο
934 2613 1295 2682 συλλογιστέον,
1335 2612 1467 2664 ἔσται
1492 2611 1578 2677 μὲν
1608 2608 1730 2663 αὐτὸ
1759 2612 1811 2663 ἐν
1845 2608 2080 2682 ἀληθείᾳ,
2119 2609 2288 2677 ἐπειδὴ
2321 2607 2412 2679 οὐχ

482 2698 655 2768 ὅμοιος
683 2696 712 2751 ό
739 2695 809 2760 εἷς
834 2696 977 2768 λόγος
1000 2705 1103 2759 τοῖς
1129 2703 1249 2750 πᾶσι
1275 2694 1444 2766 λόγος,
1495 2693 1610 2749 οὐδὲ
1642 2693 1710 2749 86
1743 2692 1813 2758 εἷς
1846 2689 1957 2757 υἷός
1993 2702 2095 2757 τοῖς
2131 2700 2255 2748 πᾶσι
2286 2693 2412 2748 κατά

481 2782 742 2855 ἀναγωγὴν
771 2784 1174 2851 κικλησκομένοις
1206 2785 1338 2845 ἰ’σοςς
1419 2778 1493 2834 023
1529 2779 1620 2851 γάρ
1659 2783 1758 2835 ἔστι
1797 2781 1886 2834 σύν
1925 2787 2030 2842 τοῖς
2066 2785 2244 2843 πᾶσιν,
2292 2775 2411 2832 άλλοὶ

482 2868 545 2923 δι’
573 2863 633 2923 οὗ
661 2872 712 2923 οἷ
734 2868 925 2931 πάντες.
1009 2867 1074 2922 T&
1105 2874 1226 2938 γοῦν
1258 2864 1520 2928 ἀδυνάτως
1554 2864 1670 2937 παρ’
1699 2866 1836 2938 αὐτῷ
1862 2871 1929 2938 τῷ
1953 2865 2126 2937 Ἀετίῳ
2154 2864 2337 2932 ταχθὲν
2362 2865 2411 2928 ἐξ

479 2953 728 3025 ὑπαρχῆς,
765 2957 848 3008 καὶ
877 2957 946 3017 είς
972 2954 1119 3022 ῦβριν
1148 2954 1319 3021 ἐπέχον
1349 2952 1508 3005 τύπον
1541 2955 1856 3020 βλασφημίας
1886 2949 1969 3004 διά
1997 2947 2051 3003 τό
2078 2951 2228 3018 μέρος
2257 2948 2286 3003 ὃ
2312 2950 2410 3016 ἔφη

484 3044 535 3095 ἐν
571 3047 676 3113 θεῷ
720 3040 777 3094 ὃν
820 3040 958 3110 (ὅπερ
998 3038 1056 3092 οὐ
1109 3042 1358 3106 διαφορᾶς
1408 3038 1556 3106 μέρος
1602 3034 1833 3105 ὑπάρχει,
1885 3033 1981 3088 ἀλλ’
2025 3033 2277 3101 ἰσότητος,
2327 3034 2410 3087 καὶ

483 3126 594 3181 οὕτε
618 3128 927 3197 μεριζομένης
958 3132 1044 3193 τῆς
1069 3124 1333 3191 θεότητος,
1374 3121 1469 3174 ἀλλ’
1502 3122 1580 3174 ἀεὶ
1603 3121 1755 3189 οὔσης
1782 3119 2107 3187 τελειοτάτης,
2154 3122 2264 3188 τρία
2292 3116 2411 3172 ὅντα

482 3215 659 3277 τέλεια,
713 3216 798 3280 μία
837 3212 1062 3279 θεότης),
1114 3216 1293 3277 μᾶλλον
1332 3208 1385 3260 δὲ
1412 3209 1482 3269 εἰς
1508 3206 1742 3260 σύστασιν
1768 3212 1856 3274 τῆς
1885 3208 1937 3259 ἐν
1967 3203 2178 3276 ἀληθείᾳ
2205 3207 2412 3266 πίστεως

481 3297 535 3352 τὸ
568 3295 809 3366 οἷνόμοιον
846 3295 966 3365 ἡμῖν
997 3298 1386 3362 ἐπησφαλίσατο,
1438 3295 1507 3354 εἰς
1531 3291 1585 3346 τὸ
1616 3291 1683 3360 μὴ
1711 3295 1948 3359 νομίζειν,
1999 3288 2116 3357 μήτε
2145 3293 2412 3343 πείθεσθαι

537 3414 578 3455 *2.
611 3416 677 3455 Sic
703 3416 866 3455 correxi.
898 3415 1004 3453 Libri
1032 3413 1171 3453 habent
1198 3405 1417 3464 ἀνομοίως.
1533 3405 1572 3448 4.
1604 3411 1756 3458 Repone
1779 3404 1826 3449 τὸ
1889 3403 1940 3459 ἀρ
1966 3401 2070 3448 εἶναι
2098 3401 2203 3450 αὐτό
2228 3404 2276 3449 τέ
2304 3403 2409 3455 ἐστι,

539 3470 578 3511 3,
594 3471 666 3513 τοῦ
695 3471 783 3514 υἱοῦ
809 3468 915 3524 πρὸς
929 3468 1088 3521 πατέρα
1106 3480 1192 3507 mea
1217 3471 1271 3507 est
1292 3479 1419 3507 emen·
1479 3470 1548 3506 aut
1576 3461 1702 3507 ταύτὸ
1735 3461 1816 3516 γὰρ
1847 3476 1866 3505 ε
1885 3461 1951 3504 ναί
1982 3461 2083 3504 ἐστι.

484 3529 604 3567 da'io.
653 3529 725 3570 τοῦ
753 3525 910 3580 πατρὸς
932 3523 1003 3569 τὸν
1034 3521 1122 3567 υἱὸν
1149 3526 1338 3564 ariolatus
1367 3526 1421 3562 est
1534 3523 1571 3562 5.
1604 3519 1676 3562 καὶ
1702 3518 1989 3575 βεβιασμένως
2019 3522 2102 3560 cod.
2134 3521 2295 3571 Rhediy.

483 3586 679 3624 Pelavius.
742 3586 954 3624 Carnarius
978 3585 1091 3623 verrit
1117 3578 1418 3620 dissimilitudi-
1534 3576 1574 3618 6.
1599 3578 1895 3617 Rescribendum
1919 3578 2093 3626 suspicor
2116 3574 2221 3629 πρὸς
2245 3573 2300 3630 δὴ
2323 3573 2408 3626 τὸν,

486 3653 580 3678 nem
604 3639 672 3678 filii
698 3639 750 3679 ad
779 3649 938 3693 patrem
955 3671 964 3689 ,
1005 3639 1109 3690 quod
1144 3650 1231 3678 cum
1266 3648 1309 3676 eo
1331 3649 1421 3678 con-
1480 3637 1549 3675 aut
1575 3630 1683 3699 πρρς,
1703 3632 1843 3698 τοτῦτον
1873 3629 1960 3674 τὸν.
2103 3682 2124 3699 ,Ι
2246 3678 2264 3699 v

484 3707 619 3746 gruere
641 3698 792 3736 videtur
816 3698 919 3746 quod
948 3707 1071 3745 supra
1098 3696 1265 3742 reposui.
1327 3693 1421 3733 God.
1536 3689 1571 3731 7.
1618 3703 1670 3740 αρ
1714 3703 1783 3730 ουν
1823 3690 1906 3729 cod.
1949 3691 2025 3729 Ien.
2097 3702 2180 3742 αρα
2215 3702 2285 3730 ουν
2321 3689 2407 3729 cod.

486 3753 561 3791 len.
599 3752 710 3791 habet
747 3753 818 3794 τοῦ
855 3750 960 3805 πρὸς
986 3751 1097 3803 π’ρῖι,
1142 3752 1224 3790 cod.
1258 3750 1417 3798 Rhediy.
1476 3747 1636 3795 Rhediy.
1667 3749 1701 3784 et
1729 3747 1832 3786 editi.

486 3806 559 3848 τοῦ
588 3803 665 3859 πρὸ
695 3807 879 3859 πατέρα,
910 3810 977 3847 sed
1005 3820 1031 3846 ο
1055 3819 1106 3847 m.
1134 3819 1163 3847 s,
1223 3807 1330 3848 Editi
1353 3816 1420 3846 ex·
1532 3804 1570 3842 ὅ.
1603 3797 1625 3843 ὁ
1664 3797 1724 3849 εἷς
1767 3803 1879 3846 codd,
1909 3814 1999 3844 mss.
2043 3806 2210 3859 uterque.
2284 3796 2343 3851 εἷς
2385 3795 2408 3850 0‘

486 3864 613 3908 hibent
641 3862 714 3906 τοῦ
744 3861 900 3918 πατρὸς
927 3861 1096 3917 πατέρα.
1481 3859 1572 3900 editi
1600 3859 1698 3902 libri„
