2508 4134
465 253 569 304 610
766 289 774 298 .
1040 264 1309 304 ADDENDA
1338 266 1411 306 ET
1443 264 1808 330 coRRlGENDA.

579 361 722 418 Pag.
744 358 873 405 22¹4.
929 359 954 400 l.
976 360 1015 401 2.
1050 360 1287 415 σπέρματος
1310 357 1463 417 ἀνδρὸς
1490 361 1610 416 ψιλὸν
1636 365 1738 404 ven.
1768 387 1821 395 —
1882 362 1909 403 l.
1930 361 1971 405 6.
2001 362 2153 419 ἔλεγεν,
2199 361 2247 408 οὗ
2273 362 2381 409 πάν-

460 446 545 481 τως
575 433 679 474 Ven.
712 454 765 462 —
824 429 941 472 1.1-Ἰ-.
984 430 1252 485 πλανημένων
1294 434 1397 474 Ven.
1428 458 1482 465 -
1538 434 1565 474 l.
1594 433 1656 476 17.
1697 432 1976 490 χειριζομένου
2013 435 2117 474 ven.
2150 459 2205 466 -
2261 435 2290 477 1.
2317 437 2379 477 18.

461 496 858 556 εὖαγγελλιζόμενος
894 502 996 547 Ven.
1027 526 1083 532 -
1152 501 1178 543 l.
1198 503 1252 544 25
1281 511 1325 543 et
1353 502 1420 546 26.
1466 505 1638 559 Repone
1678 518 1727 543 ex
1762 504 1865 546 Ven.
1902 503 2000 546 θεοῦ
2041 501 2127 548 υἱὸν
2163 503 2295 560 λόγον.
2334 506 2379 536 4-

461 571 567 613 Ibid.
597 570 670 615 καὶ
699 566 769 614 ἀπ’
800 567 962 626 αὐτῆς,
992 571 1080 612 sine
1113 569 1193 623 ὥς,
1226 575 1327 614 Ven.

573 642 851 699 Pag.2·76.
906 641 934 681 l.
961 642 994 684 1.
1037 640 1078 685 ἔν
1106 657 1153 685 τε
1190 641 1262 687 τὸν
1304 642 1470 699 Πετρόν
1499 646 1600 684 Ven.
1635 668 1684 675 --
1745 644 1772 684 l.
1796 643 1836 685 3.
1882 645 2074 699 σωτῆρος
2114 644 2383 702 ἐξενεχθῆναι

460 707 525 756 ὅτι
547 715 649 756 Ven.
680 736 737 743 —-
793 712 821 752 1.
843 712 882 752 5.
916 710 1038 766 μόνον
1065 711 1163 761 τοὺς
1188 711 1325 763 πόδας
1355 730 1457 768 μου,
1488 711 1594 757 ἀλλὰ
1622 730 1661 756 κ.
1687 729 1725 756 τ.
1756 728 1878 769 κεφ.,
1920 716 1993 757 τοῦ
2021 713 2070 759 δὲ
2094 715 2236 770 κυρίου
2260 712 2382 760 πάλιν

459 783 649 838 λέγοντος
678 778 743 827 ’ὅτι
766 784 870 825 ven.
900 806 951 815 —
1009 781 1095 825 1.7.
1127 779 1236 833 ’ὅλως
1264 786 1367 826 Ven.
1430 809 1482 816 -
1511 784 1539 825 l.
1561 783 1601 825 9.
1634 782 1676 826 ἐν
1704 783 1767 840 τῷ
1793 779 1937 840 εὗαγγ.
1962 787 2064 826 Ven.
2094 810 2149 818 —
2205 785 2234 827 1.
2265 790 2311 828 11
2339 794 2382 827 et

462 855 527 899 12.
558 857 640 899 διδ.
667 853 959 903 διδασκαλίαις
983 856 1086 895 Ven.
1115 879 1169 886 —
1226 855 1253 895 l.
1281 853 1342 897 14.
1376 854 1511 895 Verba
1537 853 1611 897 καὶ
1637 855 1784 910 πυγμῇ
1811 870 1847 898 τ.
1876 870 1916 911 χ.
1944 855 2207 910 νιπτομένους
2232 855 2381 897 absunt

458 939 484 965 a
510 926 613 966 Ven.
645 949 699 956 --
755 925 782 965 l.
809 926 850 967 11
887 933 929 965 et
959 925 1009 967 12
1036 925 1088 966 ab
1118 925 1241 966 in'fer.
1287 925 1423 966 Verba
1447 924 1514 968 ἵνα
1549 921 1610 979 μή
1638 939 1702 973 τις
1731 926 1827 980 μεθ.
1857 925 1918 975 εἰς
1942 941 1978 969 τ.
2009 925 2160 970 ἑαυτοῦ
2189 922 2383 970 ὑπόνοιαν

458 995 608 1037 absunt
637 1011 662 1037 a
691 997 794 1036 Ven.
825 1022 879 1030 —-
936 995 962 1036 l.
994 996 1151 1051 penult.
1180 991 1300 1039 αὐτοὶ
1326 994 1571 1049 προςέθεντο
1600 997 1704 1036 Ven.

569 1067 704 1125 Pag.
726 1066 854 1112 278.
909 1067 937 1109 l.
964 1068 1026 1111 17.
1073 1063 1120 1110 οὗ
1149 1066 1436 1124 βεβδέλυκται.
1487 1060 1602 1120 ’Ἄρα
1638 1066 1785 1107 ceteris
1824 1067 2008 1120 omissis,
2051 1069 2154 1108 Ven.
2183 1091 2239 1100 —
2294 1067 2323 1108 l.
2341 1067 2380 1111 7.

457 1138 509 1180 ab
536 1138 612 1179 inf.
644 1136 692 1183 τὸ
725 1136 860 1192 σαφὲς
888 1139 993 1180 Ven.

500 1230 502 1232 ·
569 1211 701 1267 Pag-
722 1209 850 1254 28⁰.
905 1209 931 1249 l.
953 1209 992 1251 8.
1024 1204 1176 1258 αὐτὸς,
1207 1216 1304 1249 ante
1325 1204 1550 1263 Ἰωάννης,
1581 1222 1660 1249 om.
1691 1210 1795 1250 Ven.
1829 1233 1880 1240 —
1941 1209 2056 1251 l.11.
2087 1209 2225 1250 Verba
2253 1205 2276 1251 ὁ
2304 1205 2380 1251 κύ-

457 1295 557 1335 ριος,
587 1289 686 1336 Post
716 1276 812 1331 ὅτε,
842 1294 923 1321 om.
948 1281 1053 1320 Ven.
1086 1303 1138 1310 —-
1197 1279 1224 1320 1.
1249 1279 1313 1320 13.
1347 1274 1456 1323 ὅτιὲ
1486 1280 1610 1335 ζῆλος
1639 1280 1742 1320 Ven.
1775 1303 1828 1310 ——
1885 1279 1913 1319 l.
1938 1280 1999 1322 18.
2030 1278 2252 1323 Πολιτείαν
2277 1293 2381 1334 παρ-

455 1351 562 1408 έχων
591 1353 694 1393 Ven.
728 1375 776 1381 —-
837 1350 863 1391 l.
884 1350 922 1392 9.
951 1351 1002 1391 ab
1030 1349 1152 1391 infer.
1181 1346 1243 1392 ἐπ’
1273 1344 1382 1405 αὐτῇ
1410 1351 1515 1390 Ven.
1549 1373 1600 1381 —-
1657 1349 1684 1390 l.
1711 1352 1751 1392 5.
1781 1349 1833 1391 ab
1860 1350 1983 1393 infer.
2025 1352 2263 1407 βαλανεῖον,
2307 1348 2382 1392 καὶ

454 1418 665 1479 κατορύξῃ
699 1419 819 1477 ἡμᾶς
857 1418 963 1476 μετὰ
993 1423 1093 1462 ven.
1124 1445 1178 1451 —
1236 1420 1263 1461 l.
1285 1419 1327 1462 3.
1350 1420 1402 1461 ab
1430 1420 1506 1463 inf.
1536 1417 1819 1477 Πολυχρόνιος
1848 1419 1897 1465 δὲ
1924 1423 2031 1463 ven.
2058 1445 2112 1454 —
2168 1421 2196 1464 1.
2225 1420 2379 1475 penult.

456 1492 538 1543 ἕως
566 1494 640 1537 τοῦ
671 1492 880 1546 Τραϊανοῦ
913 1493 1015 1533 Ven.

567 1565 698 1621 Pag.
723 1563 850 1607 282.
906 1562 934 1602 l.
954 1563 994 1604 2.
1029 1558 1089 1611 οἷς
1114 1559 1235 1605 πάντι
1264 1564 1354 1603 Bas.
1415 1564 1508 1604 Vox
1535 1559 1809 1606 οἷποστολικοῦ
1837 1577 1928 1604 cum
1956 1562 2089 1604 Vatic.
2118 1562 2230 1604 delet
2255 1562 2380 1604 etiam

453 1636 586 1686 Ven.,
630 1635 700 1690 qui
724 1634 835 1676 idem
871 1641 1016 1688 postea
1044 1630 1091 1677 τὸ
1125 1633 1265 1686 δῆλον.
1299 1657 1349 1664 -
1409 1633 1438 1673 l.
1458 1633 1499 1676 3.
1531 1633 1668 1674 Verba
1698 1629 1759 1683 ω“ς
1785 1634 2132 1690 βλασφημοῦντες
2159 1630 2286 1678 αὐτὸν
2315 1633 2381 1677 λέ-

452 1719 572 1761 γουσι
596 1719 681 1746 non
707 1705 834 1746 habet
858 1706 962 1746 Ven.
993 1727 1049 1734 —
1106 1703 1133 1744 l.
1163 1705 1225 1745 10.
1255 1701 1529 1759 Γαμαλιήλου
1566 1706 1667 1746 Ven.
1701 1729 1753 1735 —
1811 1705 1839 1746 l.
1865 1707 1928 1746 11.
1958 1702 2013 1748 τά
2037 1703 2261 1761 κυήματα,
2290 1704 2380 1745 siue

452 1774 592 1831 δεινὰ,
621 1778 728 1818 Ven.
758 1800 809 1807 —
869 1775 895 1815 1.
924 1774 985 1817 19.
1020 1774 1184 1829 θαρσέα
1211 1776 1298 1815 Bas.
1325 1799 1380 1806 —
1438 1775 1464 1815 l.
1484 1772 1551 1816 27.
1583 1771 1745 1826 ἄλλοις,
1776 1773 1928 1819 καθότι
1955 1775 2167 1833 συνέβαινε
2189 1777 2294 1816 Ven.
2327 1798 2378 1807 --

451 1846 480 1890 l.
500 1847 569 1890 29.
603 1842 705 1891 ὅπου
735 1846 871 1888 fimat
900 1846 1025 1887 etiam
1057 1848 1158 1886 Ven.
1192 1870 1243 1877 —
1304 1845 1331 1886 l.
1357 1846 1426 1888 32.
1456 1845 1672 1900 πολέμων,
1704 1841 1769 1890 ’ὅτι
1797 1845 1870 1890 καὶ
1900 1846 1960 1896 εἰς
1989 1851 2162 1895 σκιτιεῖς
2191 1849 2292 1887 Ven.

565 1919 698 1976 rag.
719 1917 846 1964 284.
904 1917 931 1958 l.
957 1919 990 1960 1.
1034 1915 1104 1962 διὰ
1143 1914 1215 1960 τὸν
1247 1913 1513 1971 ιῖπομεσόντα
1542 1918 1646 1958 Ven.
1679 1942 1728 1948 -
1789 1918 1818 1958 l.
1844 1919 1882 1959 2.
1923 1914 2251 1973 κατοικήσαντες
2276 1918 2379 1958 ven.

451 2014 507 2021 —
536 1989 561 2030 l.
582 1989 609 2031 6
638 1999 679 2030 et
705 1990 744 2033 7.
784 1987 837 2034 τὰ
864 1989 1111 2043 θρέμματα,
1158 1987 1231 2031 καὶ
1251 2002 1342 2042 πορ.
1374 1990 1478 2030 Ven.
1512 2013 1561 2020 -
1621 1988 1648 2028 1.
1669 1988 1705 2031 7.
1740 1991 1841 2029 Ven.
1870 1989 1996 2029 habet
2023 1983 2090 2031 ’ὅτι
2113 1985 2183 2032 διὰ
2213 1986 2253 2030 τί
2278 1985 2375 2030 ἐτα-

452 2058 605 2117 χύνατε
633 2073 673 2103 σ.
699 2061 772 2104 τοῦ
800 2059 957 2110 ἐλθεῑν;
998 2057 1103 2113 πρὸς
1143 2054 1282 2102 αῦτόν.
1315 2083 1368 2090 —-
1426 2058 1514 2102 1.8.
1559 2055 1764 2114 ἐρρύσατο
1799 2060 1899 2098 Ven.
1932 2083 1986 2090 —
2043 2058 2073 2099 l.
2102 2060 2164 2100 15.
2212 2053 2377 2101 Οὐκοῦν

453 2146 534 2174 om.
563 2134 669 2174 Ven.
698 2155 754 2163 —
808 2131 926 2174 1.19.
966 2127 1192 2186 ήγούμενοι
1231 2144 1312 2171 om.
1343 2131 1444 2171 Ven.
1475 2154 1533 2162 -—
1588 2129 1615 2170 l.
1640 2130 1708 2171 20.
1752 2129 1888 2170 verba
1928 2125 1982 2173 δι’
2024 2122 2097 2178 οὓς
2124 2127 2225 2180 ἐξισ.
2258 2128 2377 2184 νομί-

454 2205 570 2254 ζουσι
599 2217 677 2245 om.
703 2204 809 2245 Ven.
845 2226 892 2233 —
952 2202 981 2242 l.
1001 2200 1069 2243 24.
1099 2199 1254 2256 φησὶν,
1296 2214 1373 2255 pro
1405 2214 1486 2255 quo
1515 2200 1627 2241 edidi
1653 2198 1802 2255 φασὶν,
1843 2200 2013 2241 retineri
2037 2208 2178 2255 potest
2205 2214 2297 2242 cum
2321 2199 2377 2240 li-

450 2274 548 2316 bris.
578 2299 631 2306 —
689 2274 717 2315 l.
734 2273 803 2316 26.
848 2275 927 2315 Pro
953 2273 1129 2327 κλεῐθρα
1162 2271 1204 2312 in
1239 2273 1339 2312 Ven.
1371 2280 1435 2312 est
1461 2270 1534 2314 καὶ
1561 2285 1647 2325 ερα.
1680 2294 1730 2301 --
1791 2270 1894 2312 lbid.
1926 2273 2027 2311 Ven.
2056 2267 2234 2325 ψάμμος
2270 2265 2378 2326 ὅριον

452 2343 676 2400 θαλάσσης
703 2344 776 2388 καὶ
798 2340 1138 2399 προςτάγματος,
1172 2339 1245 2391 ὥς.
1304 2342 1605 2396 Reponendum
1628 2341 1753 2397 igitur
1781 2339 2004 2396 θαλάσσης
2026 2350 2123 2396 post
2150 2336 2271 2396 ἔριον.
2331 2344 2376 2383 lu

451 2416 642 2457 versione
666 2416 738 2456 lat.
776 2418 886 2471 (pag.
911 2415 1006 2457 285.
1036 2413 1063 2453 1.
1082 2412 1167 2467 27.)
1201 2412 1294 2452 dele
1335 2427 1493 2453 comma
1521 2421 1615 2468 post
1639 2418 1787 2464 portae.
1819 2437 1874 2443 —-—
1931 2413 1959 2453 1.
1977 2413 2004 2453 5
2031 2421 2074 2453 et
2101 2410 2140 2454 4.
2170 2413 2221 2454 ab
2249 2413 2371 2455 infer.

454 2486 626 2542 ἐγείρειν
652 2483 705 2530 τοὶ
735 2500 800 2542 σχ.
833 2488 931 2525 Ven.
963 2508 1018 2515 —
1075 2484 1103 2524 l.
1129 2483 1285 2539 penult.
1316 2482 1464 2527 ἑαυτοῦ
1503 2485 1598 2538 λυμ.
1633 2485 1736 2526 Ven.
1772 2508 1824 2514 —
1881 2483 1911 2524 l.
1944 2483 2016 2524 ult.
2048 2482 2122 2527 καὶ
2149 2482 2287 2540 ἑαυτῷ
2314 2486 2377 2542 βι-

455 2558 645 2614 βρῶσκον
677 2556 813 2613 ἑαυτῷ
844 2551 1020 2599 άναλωτ.
1056 2556 1156 2594 Veu.

566 2629 699 2686 Pag.
720 2628 847 2672 286.
903 2626 933 2666 l.
955 2623 994 2667 4.
1028 2625 1348 2682 καταβρωκέναι
1382 2628 1483 2667 Ven.
1516 2651 1568 2657 —
1627 2626 1654 2666 l.
1683 2627 1743 2668 10.
1773 2624 1932 2669 παιδίον
1973 2625 2202 2680 γεννηθείς.
2262 2623 2377 2678 Δόξα

452 2701 556 2742 ven.
586 2722 641 2729 —
698 2698 817 2739 1.11.
860 2696 1084 2752 προέλαβεν
1127 2696 1200 2751 (an
1239 2696 1520 2753 προέβαλενῗ)
1564 2699 1666 2738 Ven.
1703 2720 1752 2726 —
1813 2695 1925 2737 1.15.
1970 2695 2117 2737 Melius
2151 2698 2253 2739 Ven.
2296 2693 2374 2753 τήν

450 2768 547 2824 περὶ
570 2771 652 2825 τῆς
675 2782 806 2824 περιτ.
838 2792 888 2798 -
949 2767 975 2808 l.
1000 2766 1061 2809 16.
1095 2768 1429 2822 περιτετμῆσθαι
1453 2782 1530 2808 nec
1556 2769 1658 2808 Ven.
1687 2766 1886 2822 agnoscit.
1917 2791 1964 2798 —
2026 2766 2052 2807 l.
2072 2766 2139 2808 20.
2173 2768 2251 2808 Pro
2275 2769 2375 2824 βρα-

451 2845 541 2898 χεῐς
568 2840 609 2881 in
637 2842 740 2882 Ven.
771 2846 834 2879 est
867 2833 1026 2886 οἷδαείς.
1090 2838 1211 2888 Quod
1246 2838 1280 2878 si
1308 2853 1391 2879 non
1422 2839 1608 2894 praefers
1645 2837 1933 2892 corrigendum
1959 2837 2136 2877 fortasse
2166 2837 2248 2879 erit
2273 2840 2372 2895 βρα-

451 2915 554 2961 δεῖς.
585 2934 639 2942 —
696 2910 724 2951 l.
743 2911 782 2951 5.
811 2909 862 2951 ab
886 2909 960 2949 inf.
1007 2909 1142 2950 Verba
1171 2908 1255 2959 ἕως
1287 2905 1415 2953 αὐτοῦ
1440 2924 1475 2952 τ.
1503 2925 1567 2966 χρ.
1596 2913 1660 2963 δ.,
1705 2908 1779 2952 καὶ
1805 2907 1845 2952 ἐν
1876 2903 1993 2964 αὐτῷ
2022 2902 2191 2962 άφιστ.,
2222 2907 2283 2958 εἰς
2305 2910 2371 2951 πλ.

452 2980 502 3025 δὲ
533 2978 836 3037 μεθιστάμενον
866 2994 950 3021 non
979 2980 1172 3034 leguntur
1199 2981 1242 3021 in
1274 2982 1374 3021 Ven.

564 3053 697 3111 Pag.
717 3053 844 3097 288.
900 3051 929 3091 l.
955 3052 994 3094 7.
1038 3047 1163 3095 αὐτὸν
1202 3047 1378 3096 δοθέντα
1408 3054 1508 3093 Ven.
1542 3076 1596 3082 —-
1653 3051 1680 3091 l.
1705 3054 1767 3093 11.
1801 3049 2043 3107 βουλόμενοι
2070 3064 2152 3091 om.
2183 3052 2284 3092 Ven.
2314 3074 2370 3083 —-

451 3123 481 3165 1.
509 3125 560 3166 12
586 3132 629 3165 et
661 3124 721 3166 13.
753 3122 956 3171 Φίλιππος
979 3122 1039 3179 τῷ
1067 3118 1271 3179 Ἰωάννῃ,
1303 3122 1376 3166 καὶ
1402 3118 1602 3176 Ἰωάννης
1626 3123 1687 3177 τῷ
1717 3116 1862 3176 Ἰησοῦ
1892 3120 1974 3176 ἔφη
2003 3122 2104 3162 Ven.
2142 3144 2194 3152 —
2252 3121 2278 3161 l.
2307 3119 2369 3164 18.

451 3193 574 3250 ἅληθ.
612 3190 1009 3249 καταμανθάνουσαν
1047 3195 1145 3234 Ven.
1179 3218 1232 3225 ——
1307 3194 1333 3234 l.
1358 3194 1424 3235 20.
1471 3193 1608 3234 Verba
1653 3188 1904 3235 ἀκούσονται
1941 3186 2006 3235 ὅτι
2046 3205 2127 3232 om.
2169 3192 2272 3234 ven.
2315 3215 2369 3224 —

449 3266 479 3308 l.
500 3267 568 3309 22.
612 3266 749 3307 Verba
788 3261 933 3308 ἑαυτὸν
970 3259 1236 3319 ἀνειληφέναι
1275 3278 1354 3305 om.
1399 3265 1499 3304 Ven.
1530 3287 1579 3294 ——
1653 3263 1681 3303 1.
1704 3263 1769 3305 26.
1811 3261 1974 3306 δέδωκε
2012 3263 2114 3302 Ven.
2146 3284 2197 3292 —-
2254 3261 2282 3304 l.
2299 3261 2368 3306 29.

450 3337 590 3378 Verba
604 3331 774 3386 ’Ἄλλως
800 3350 847 3379 τε
876 3349 955 3376 om.
983 3336 1086 3376 Ven.
1120 3360 1169 3366 —
1228 3335 1255 3376 l.
1273 3335 1313 3378 6.
1340 3335 1391 3376 ab
1419 3335 1496 3376 inf.
1527 3337 1587 3375 Ex
1617 3335 1720 3375 ven.
1760 3331 2053 3374 restituendum
2083 3340 2146 3372 est
2174 3332 2244 3376 νῦν
2269 3329 2367 3377 ταῦ-

451 3422 526 3462 την
550 3405 733 3463 Χριστὸν
757 3405 1065 3461 περιτμηθέντα
1093 3408 1182 3462 βεβ.
1216 3430 1268 3436 -
1325 3406 1353 3446 l.
1374 3403 1414 3447 4.
1437 3405 1488 3447 ab
1512 3405 1632 3446 infer.
1665 3405 1834 3459 Repone
1858 3398 2163 3457 γεννηθήσεται
2186 3418 2235 3444 ex
2263 3405 2367 3446 Ven.

451 3502 502 3510 —
535 3478 563 3520 l.
581 3478 621 3521 3.
650 3478 701 3520 ab
730 3477 805 3519 inf.
836 3476 1004 3531 Corrige
1033 3478 1270 3533 πρεσβῦτις.
1301 3499 1356 3508 —-
1414 3476 1517 3517 Ibid.
1560 3477 1640 3517 Pro
1670 3472 1694 3519 ὁ
1723 3472 1863 3529 κύριος
1895 3475 1994 3515 ven.
2030 3473 2157 3515 habet
2190 3475 2262 3518 τοῦ
2288 3490 2367 3519 κυ-

479 3548 492 3591 ί
515 3564 538 3591 υ
567 3550 589 3591 λ
685 3563 730 3591 τε
758 3578 767 3588 .

453 3564 473 3603 ρ
494 3564 513 3592 0
564 3548 697 3677 Ιέέἓ.
716 3563 843 3664 2ς90.
898 3618 924 3659 1.
947 3618 974 3661 3
1003 3626 1046 3659 et
1074 3616 1114 3660 4.
1145 3619 1318 3674 Repone
1345 3618 1493 3659 iterum
1517 3611 1820 3674 γεννηθήσεται
1848 3629 1897 3655 ex
1921 3615 2026 3655 Ven.
2060 3639 2115 3647 -
2170 3616 2198 3659 l.
2219 3619 2258 3659 5.
2288 3612 2365 3661 αιῖ,

451 3690 513 3744 τῷ
542 3689 614 3732 καὶ
640 3704 721 3731 om.
757 3691 858 3731 Ven.
888 3713 943 3720 —
998 3688 1028 3729 l.
1051 3686 1117 3731 14.
1162 3686 1361 3745 ὑποδείξῃ
1399 3691 1504 3731 Ven.
1535 3713 1589 3721 -
1644 3688 1673 3729 l.
1696 3687 1764 3728 24.
1795 3681 1937 3740 αὐτῷ,
1982 3692 2078 3740 post
2106 3686 2364 3743 προςεκύνη-

455 3771 550 3809 σαν,
586 3774 666 3801 om.
698 3762 800 3800 Ven.
829 3785 885 3792 —
941 3759 969 3802 l.
999 3760 1254 3814 antepenult.
1286 3754 1352 3803 ὅτι
1381 3754 1454 3802 ’ὅτε
1483 3758 1658 3813 ἐξῆλθεν
1689 3758 1790 3799 ven.

566 3830 697 3885 Pag.
721 3832 846 3874 292.
902 3830 928 3870 l.
951 3831 984 3872 1.
1018 3827 1142 3873 αὐτοῦ
1167 3825 1345 3883 ἀνῆλθον
1368 3831 1472 3871 Ven.
1505 3852 1558 3860 —-
1614 3828 1642 3868 1.
1666 3828 1732 3869 10.
1762 3825 1949 3870 τουτέστι
1973 3825 2130 3882 πατρὸς
2155 3829 2227 3872 τοῦ
2257 3828 2360 3872 ἰδίου

453 3896 713 3953 οἰκοδομήθη
753 3900 855 3941 Ven.
889 3923 939 3931 -
996 3900 1105 3942 1.13.
1150 3897 1240 3943 ἀλλ’
1277 3895 1406 3950 εὐθὺς
1444 3895 1792 3953 θαλλαλεωτέρως
1831 3898 1957 3952 (corr.
1987 3898 2357 3955 θαρσαλεωτέρως)
