2508 4134
229 558 339 614 Κεφ.
370 557 423 602 κ’.

226 2363 310 2400 pag.
334 2352 429 2388 1104.

458 258 558 309 526
1162 266 1367 309 sANc'n
1394 267 1679 308 EPrPHANn

457 381 597 434 ρησιν
626 363 912 431 ποιήσηται,
964 365 1017 416 ἐν
1054 369 1252 435 Χριστῷ
1271 361 1439 431 Ἰησοῦ
1472 368 1539 436 τῷ
1573 365 1729 435 κυρίῳ
1755 360 1921 431 ἡμῶν,
1974 361 2036 416 δι’
2061 357 2123 417 οὗ
2151 366 2233 417 καὶ
2269 362 2381 432 μεθ’

455 442 517 502 οὗ
554 446 673 511 δόξα
709 453 777 520 τῷ
814 450 988 518 πατρὶ,
1026 446 1117 501 σύν
1153 446 1276 521 ἁγίῳ
1313 447 1551 516 πνεύματι
1589 450 1659 509 εἰς
1695 451 1904 512 αἰῶνας,
1940 445 2106 516 Ἀμήν.

599 535 699 585 Καὶ
727 532 759 585 ἃ
786 533 873 600 μὲν
898 534 1010 604 περὶ
1034 536 1242 595 πίστεως
1269 535 1362 602 ἔχει
1383 532 1507 601 αὕτη
1534 531 1568 601 ἦ
1593 531 1720 600 μόνη
1747 531 1991 600 καθολικὴ
2017 534 2259 601 ἐκκλησία,
2295 536 2381 606 καὶ

453 616 707 689 περιστερά
748 616 968 681 ἄκακος,
1006 621 1093 684 μία
1136 612 1261 672 οὖσα
1301 625 1369 690 τῷ
1408 617 1556 688 ἀνδρὶ
1595 614 1776 684 αὐτῆς,
1832 614 1900 680 ώς
1932 618 2081 688 λέγει,
2132 623 2246 673 Μία
2281 622 2380 674 ἐστὶ

452 702 712 774 περιστερά
734 725 848 771 μου,
875 704 958 756 καὶ
982 701 1166 771 ὁμοίως
1187 705 1298 774 περὶ
1325 709 1423 756 τῶν
1447 702 1727 770 ἀμυθήτων
1752 705 2005 768 νεανίδων,
2035 697 2105 756 ῶν
2131 699 2228 758 οὐκ
2250 707 2382 759 ἔστιν

453 786 700 859 ἀριθμός,
739 787 994 856 συντόμως
1023 790 1235 856 ἔφημεν,
1275 792 1386 859 περί
1417 809 1467 841 τε
1492 785 1678 857 πατρὸς
1706 788 1790 839 καὶ
1817 790 1931 840 υἱοῦ
1956 789 2039 840 καὶ
2068 786 2211 859 ἆγίου
2237 790 2381 844 πνεύ-

455 895 606 942 ματος
635 871 1044 941 όμοουσιότητος,
1082 875 1166 927 καὶ
1195 875 1308 944 περὶ
1336 879 1421 940 τῆς
1450 870 1689 942 ἐνσοὲρκου
1725 877 1944 942 Χριστοῦ
1972 875 2056 926 καὶ
2084 879 2263 938 τελείας
2288 897 2379 929 πα-

453 963 679 1029 ρουσίας,
733 961 817 1011 καὶ
850 958 1005 1013 ἄλλων
1032 965 1195 1029 μερῶν
1222 965 1308 1026 τῆς
1331 962 1552 1019 πίστεως.
1631 958 1758 1026 Περὶ
1794 963 1998 1026 θεσμῶν
2027 958 2080 1012 δὲ
2111 965 2197 1027 τῆς
2231 959 2383 1030 αὐτῆς

454 1047 506 1099 ἐν
533 1044 679 1117 ὀλίγῳ
721 1046 809 1112 μέν
840 1066 923 1112 μοι
949 1046 1047 1097 ἔστι
1075 1043 1220 1096 πάλιν
1251 1044 1447 1113 ἀνάγκη
1479 1049 1569 1096 τοῦ
1597 1044 1922 1113 παραθέσθαι
1949 1049 2047 1097 τῶν
2090 1044 2256 1099 αὐτῶν
2291 1054 2378 1100 θε-

454 1136 590 1199 σμῶν
617 1128 715 1183 dmi
741 1131 920 1199 μέρους
941 1127 995 1182 τό
1027 1127 1173 1194 εἶδος,
1215 1128 1400 1199 ὅσαπερ
1425 1127 1572 1194 φύσει
1597 1128 1905 1194 πεφύλακται
1927 1130 1978 1182 έν
2003 1127 2144 1204 αὐτῇ,
2174 1133 2258 1185 καὶ
2285 1153 2378 1199 φυ-
2428 1204 2430 1206 ¹

452 1215 692 1280 λάσσεται,
730 1212 789 1268 τοὶ
816 1215 902 1282 μὲν
931 1217 984 1267 ἐκ
1013 1212 1398 1283 προςτάγματος,
1436 1212 1496 1267 τοὶ
1523 1214 1576 1267 δὲ
1601 1212 1724 1266 κατα
1749 1211 2006 1282 οἷποδοχήν
2030 1217 2377 1286 προαιρέσεως,

451 1307 539 1354 τοῦ
566 1306 692 1354 θεοῦ
715 1304 971 1370 χαίροντος
997 1301 1078 1353 ε’πὶ
1103 1306 1162 1373 τῇ
1186 1297 1333 1372 οἷρετῇ
1360 1305 1447 1367 τῆς
1474 1298 1627 1360 αὐτοῦ
1654 1302 1980 1361 διδασκαλίας.
2055 1303 2157 1354 Καὶ
2181 1307 2381 1372 πρῶτον

455 1386 541 1454 μὲν
571 1387 753 1456 κρηπὶς
780 1387 891 1450 καὶ,
932 1383 1000 1446 ώς
1022 1387 1199 1449 εἰπεῖν,
1239 1382 1442 1452 βαθμδς
1471 1386 1522 1438 ἓν
1547 1384 1674 1458 αὐτῇ
1701 1382 1734 1452 ἦ
1764 1389 2041 1455 παρθενία,
2097 1387 2379 1455 ἄσκουμένη

453 1493 503 1525 τε
525 1473 610 1525 καὶ
635 1472 974 1538 φυλαττομένη
1004 1468 1138 1541 παρα
1163 1476 1360 1531 πολλοῖς
1391 1471 1477 1523 καὶ
1506 1472 1866 1539 ἐνδοξαζομένη.
1941 1473 2214 1526 Συνέπεται
2237 1474 2290 1527 δὲ
2316 1478 2378 1547 τῇ

454 1554 578 1630 αὐτῇ
602 1559 853 1628 παρθενίᾳ
881 1552 913 1622 ἡ
942 1555 1172 1623 μονότης,
1211 1554 1344 1625 παρα
1369 1559 1553 1609 πλείοσι
1577 1561 1676 1608 τῶν
1705 1555 2015 1623 μοναζόντων
2036 1559 2119 1611 καὶ
2145 1564 2381 1626 μοναζου-

454 1648 563 1695 σῶν.
639 1640 786 1694 Mete}
826 1639 1011 1709 ταύτην
1045 1641 1294 1711 ἐγκράτεια
1333 1642 1416 1694 ἐπὶ
1454 1639 1538 1695 τόν
1576 1638 1726 1695 αὐτόν
1764 1641 1947 1712 δρόμον
1982 1645 2379 1712 τεθεμελιωμένη.

438 1726 644 1781 ’Ἑπειτα
683 1727 736 1780 δὲ
763 1726 1009 1797 χηροσύνη
1054 1725 1172 1795 μετα
1210 1724 1375 1794 πάσης
1402 1733 1650 1798 προςοχῆς
1673 1729 1758 1781 καὶ
1789 1725 2030 1797 οἷχράντου
2057 1747 2381 1800 συναναστρο-

453 1819 566 1881 φῆς.
648 1813 858 1876 Ταύταις
894 1814 946 1866 δὲ
983 1820 1090 1875 ταῖς
1124 1811 1314 1875 τάξεσιν
1354 1810 1635 1874 ἀκόλουθος
1664 1810 1693 1866 ό
1718 1811 1892 1881 σεμνός
1929 1812 2089 1884 γάμος
2124 1816 2176 1868 ἕν
2199 1814 2380 1889 μεγάλῃ

452 1904 597 1972 τιμῇ,
649 1896 679 1953 ὅ
707 1900 756 1952 ἐν
786 1901 1059 1970 μονογαμία
1095 1896 1327 1964 μάλιστα,
1364 1899 1446 1951 καὶ
1480 1904 1811 1972 παραφυλακῇ
1838 1899 2156 1964 ἐνταλμάτων.
2233 1902 2306 1953 Εἰ
2328 1900 2383 1953 δέ

453 2006 527 2047 τις
553 1983 900 2053 τελευτησάσης
933 1990 1019 2052 τῆς
1046 1981 1199 2036 αὐτοῦ
1227 1982 1491 2053 γυναικός,
1547 1982 1583 2052 ἢ
1609 1982 1790 2054 οἷνδρὸς
1814 1984 2180 2052 τελευτήσαντος
2203 1990 2291 2052 τῆς
2315 2007 2380 2038 τι-

455 2091 540 2132 νος
565 2069 800 2141 γυναικός
827 2073 1017 2137 ἐφίεται
1044 2070 1248 2141 δευτέρᾳ
1271 2076 1608 2137 συναφθῆναι,
1646 2068 1681 2137 ἢ
1706 2071 1932 2143 δευτέρῳ,
1977 2076 1994 2106 ¹
2014 2069 2132 2137 μετα
2159 2069 2382 2124 θάνατον

453 2162 542 2209 τοῦ
581 2155 808 2227 πρώτου,
862 2154 896 2223 ἢ
923 2161 1011 2223 τῆς
1053 2153 1264 2224 πρώτης.
1340 2154 1575 2222 Στεφάνη
1615 2155 1667 2207 δὲ
1702 2154 1890 2208 τούτων
1918 2155 2117 2208 πάντων
2145 2154 2179 2224 ἢ
2204 2154 2379 2227 μήτηρ,

457 2239 524 2304 ώς
555 2244 737 2306 εἰπεῖν,
776 2242 858 2295 καὶ
889 2239 1145 2311 γεννήτρια
1171 2237 1206 2307 ἦ
1234 2237 1348 2310 ἆγία
1377 2238 1644 2310 ίερωσύνη,
1683 2241 1737 2293 ἐκ
1766 2241 1854 2307 μὲν
1879 2242 2146 2312 παρθένων
2174 2239 2229 2295 τό
2254 2248 2378 2295 πλεῖ-

457 2346 570 2381 στον
597 2325 882 2397 ὁρμωμένη,
921 2328 966 2378 εἰ
992 2326 1044 2378 δὲ
1072 2325 1166 2378 οὐκ
1190 2326 1244 2378 έκ
1268 2327 1555 2394 παρθένων,
1594 2327 1648 2378 ἐκ
1679 2324 2010 2392 μοναζόντων·
2050 2329 2094 2379 εἰ
2117 2327 2170 2380 δὲ
2198 2325 2265 2395 μὴ
2287 2324 2382 2380 εἶεν

453 2415 615 2467 ἱκανοὶ
645 2415 715 2475 εἰς
754 2409 1027 2481 ύπηρεσίαν
1065 2407 1162 2463 ἀπὸ
1195 2408 1528 2477 μοναζόντων,
1579 2412 1628 2474 ἐξ
1665 2412 2087 2482 ἐγκρατευομέ-νων
2115 2418 2214 2466 τῶν
2244 2414 2383 2466 ἰδίων

451 2504 726 2569 γυναικῶν,
776 2495 811 2564 ἢ
856 2494 1196 2566 χηρευσάντων
1236 2492 1334 2548 οἷπό
1374 2499 1689 2566 μονογαμίας.
1777 2499 2152 2568 Δευτερόγαμον
2194 2498 2247 2551 δὲ
2289 2495 2382 2551 ούκ

455 2586 605 2647 ἔξεστι
628 2584 852 2651 δέχεσθαι
880 2583 932 2634 έν
960 2578 1086 2653 αὐτῇ
1113 2583 1182 2643 εἰς
1209 2579 1547 2651 Ξῖερωσύνην,
1600 2579 1696 2634 κόἷν
1728 2603 1777 2634 τε
1804 2582 2217 2653 ἐγκρατευόμενος
2247 2590 2268 2622 3
2285 2585 2378 2652 εἴη,

452 2668 488 2738 ἢ
509 2675 682 2739 χῆρος,
723 2667 946 2737 ἆπαρχῆς
969 2665 1148 2729 τάξεως
1175 2665 1472 2730 ἐπισκόπου,
1514 2668 1596 2719 καὶ
1627 2669 1976 2739 πρεσβυτέρου,
2014 2670 2097 2722 καὶ
2127 2668 2379 2734 διακόνου,

455 2755 540 2808 καὶ
565 2751 919 2807 ύποδιακόνου.
996 2750 1143 2805 Meto}
1167 2751 1348 2820 ταύτην
1375 2750 1465 2819 τὴν
1502 2758 1529 2789 4
1547 2751 1816 2823 ἱερωσύνην
1850 2751 2025 2806 λοιπόν
2057 2753 2381 2825 ἄναγνωστῶν

455 2839 615 2909 τάγμα
646 2841 695 2903 ἐξ
725 2838 853 2893 ὅλων
892 2843 991 2890 τῶν
1026 2836 1309 2908 ταγμάτων,
1364 2839 1581 2891 τουτέστι
1611 2839 1903 2909 παρθένων,
1940 2840 2026 2893 καὶ
2054 2838 2379 2907 μοναζόντων,

456 2927 541 2978 καὶ
580 2925 1029 2995 ἐγκρατευομένων,
1080 2925 1162 2977 καὶ
1190 2921 1552 2993 χηρευσοὲντων,
1603 2926 1686 2977 καὶ
1717 2931 1814 2977 τῶν
1839 2926 1908 2977 ἔτι
1945 2926 1996 2978 έν
2027 2930 2185 2997 σεμνῷ
2212 2922 2377 2997 γάμῳ·

456 3013 500 3063 εἰ
528 3011 581 3063 δὲ
622 3013 696 3078 εἴη
725 3008 940 3080 ἀνάγκη,
991 3011 1073 3062 καὶ
1117 3007 1214 3062 ἆπὸ
1258 3014 1355 3061 τῶν
1393 3006 1510 3076 μετά
1544 3007 1764 3063 θάνατον
1799 3016 1886 3077 τῆς
1915 3009 2113 3079 πρώτης
2145 3006 2379 3079 γυναικός

458 3097 662 3168 δευτέρᾳ
687 3095 1058 3162 συναφθέντων.
1135 3096 1234 3147 Καὶ
1261 3092 1353 3164 γάρ
1386 3091 1477 3147 οὐκ
1508 3095 1635 3147 ἔστιν
1662 3093 1816 3165 ἱερεύς
1850 3093 1880 3148 ὁ
1905 3094 2241 3165 ἆναγνώστης,
2280 3092 2378 3148 ἀλλ’

460 3178 528 3243 ώς
554 3179 864 3251 γραμματεύς
890 3186 980 3232 τοῦ
1013 3178 1174 3250 λόγου.
1252 3181 1351 3232 Καὶ
1378 3178 1685 3233 διακόνισσαι
1722 3180 1775 3232 δὲ
1803 3183 2124 3233 καθίστανται
2155 3181 2223 3241 εἰς
2249 3177 2378 3249 ύπη-

512 3353 608 3393 CAP.
630 3353 735 3393 XX.
756 3377 809 3384 -
845 3353 877 3394 1.
906 3353 1066 3405 „Deest
1093 3351 1296 3408 βούλεται,
1320 3361 1391 3393 aut
1447 3352 1697 3394 subdiaconi.
1763 3355 1974 3394 Gornarius
2001 3355 2113 3393 vertit
2142 3355 2225 3393 ita:
2269 3353 2378 3394 Nam

452 3409 607 3465 aliquid
639 3409 870 3449 eiusmodi“
910 3413 1106 3451 Petavius.
1163 3413 1293 3451 Facile
1329 3413 1389 3450 in·
1448 3425 1538 3450 eum
1562 3411 1630 3464 qui
1653 3409 1850 3450 secundas
1865 3407 2028 3462 nuptias
2049 3409 2268 3458 contraxit,
2291 3423 2376 3450 non

451 3469 641 3518 telle9itur
664 3464 800 3516 ἔξεστι
818 3466 1023 3519 γίνεσθαι,
1054 3470 1114 3508 vel
1136 3470 1260 3507 simile
1283 3468 1389 3518 quid.
1447 3466 1545 3507 licet
1570 3466 1611 3506 in
1639 3467 1728 3521 ipsa
1763 3465 1815 3505 ad
1844 3464 2118 3505 sacerdotium
2156 3465 2375 3520 suscipere,

512 3524 550 3563 2.
581 3521 795 3576 ἱερωσύνην
826 3525 915 3564 edit.
944 3525 1079 3565 Petav.
1449 3523 1607 3563 etiamsi
1630 3522 1664 3563 is
1689 3521 1758 3577 qui
1778 3521 1829 3562 ab
1852 3520 1969 3561 initio
1994 3522 2208 3562 continens
2231 3522 2376 3563 viduus

511 3579 550 3620 3.
584 3580 649 3632 εἴη
678 3572 709 3633 ἦ
738 3579 869 3635 χῆρος
896 3581 943 3619 de
969 3592 1052 3620 meo
1076 3582 1254 3631 restitum
1294 3592 1387 3621 nam
1449 3579 1602 3627 fuerit,
1657 3578 1788 3632 possit
1826 3577 1977 3617 habere
2013 3577 2150 3618 locum
2192 3577 2377 3633 episcopi

456 3629 488 3687 ἦ
519 3638 559 3675 in
597 3638 704 3676 libris
741 3638 857 3686 vulgo
898 3649 974 3676 non
1007 3639 1207 3687 reperitur.
1280 3639 1388 3677 Verte
1444 3641 1526 3677 cett.
1556 3637 1727 3687 Mirifice.
1763 3636 1959 3674 Tractavit
1983 3636 2083 3676 hunc
2109 3638 2233 3676 locum
2259 3638 2375 3676 etiam

454 3691 619 3730 tametsi
637 3700 707 3731 aut
727 3706 817 3732 sese
838 3692 889 3732 ab
914 3706 1041 3732 uxore
1067 3693 1293 3742 contineat,
1319 3700 1389 3732 aut
1445 3694 1703 3733 Montacutius
1729 3693 1860 3742 Ori99.
1884 3692 2026 3731 Eccles.
2049 3693 2080 3742 Ι,
2106 3691 2143 3732 2.
2170 3705 2264 3744 pay.
2279 3690 2373 3734 398.

457 3745 511 3785 sit
534 3746 707 3795 viduus,
738 3748 980 3802 praesertim
1010 3748 1042 3788 si
1075 3748 1202 3789 fuerit
1232 3748 1387 3789 ordinis
1501 3746 1538 3790 4.
1570 3743 1784 3800 ἱερωσύνην
1815 3748 1902 3786 edit.
1929 3748 2062 3788 Petav.

459 3801 728 3857 episcopalis,
784 3804 1044 3858 presbyteri,
1101 3804 1266 3845 diaconi
1318 3813 1388 3844 aut
