2508 4134
547 297 774 339 PANARII
801 298 1002 339 LIB.11[.
1032 298 1165 338 ΤοΜ.
1193 300 1224 338 1.
1256 297 1419 337 HAER.
1449 296 1644 336 Lxxvi.
1939 284 2038 334 213

141 417 198 450 ac
225 398 267 449 si
305 398 465 466 genita
497 396 690 447 soboles
722 395 827 446 sine
855 395 952 445 ullo
983 395 1076 445 fine
1107 395 1268 461 genita
1306 404 1407 458 est,
1463 411 1609 462 prava
1649 393 1727 444 illa
1775 392 1832 443 de
1874 392 2038 443 homo·

141 482 277 533 ousio
318 489 364 532 et
404 479 717 531 homoeousio
760 479 998 529 sententia
1038 478 1395 546 profligabitur:
1452 496 1558 528 cum
1596 477 1710 528 illud
1752 476 1942 527 interim
1990 476 2039 527 in

139 565 385 633 utriusque
428 574 628 616 naturae
669 562 900 631 dignitate
936 570 1187 612 remaneat
1212 570 1291 625 ut,
1344 562 1467 628 quod
1498 562 1555 611 ad
1587 561 1900 611 substantiam
1929 561 2039 611 atti-

139 659 251 712 net,
293 648 559 718 comparari
597 646 725 698 inter
761 664 814 697 se
853 654 1111 714 nequeant.

273 736 331 783 V.
369 730 426 784 Si
463 732 704 800 ingenitus
732 730 1001 781 substantia
1033 730 1151 780 deus
1181 737 1273 792 est,
1316 729 1438 795 quod
1469 729 1681 796 genitum
1716 738 1790 780 εει
1817 747 1912 780 non
1941 730 2037 780 dis-

106 816 375 868 tractione
420 817 619 884 quadam
662 814 956 866 substantiae
998 814 1210 882 genitum
1257 820 1361 874 est,
1429 813 1512 862 sed
1557 813 1615 862 ab
1649 813 1946 877 substantia,
2008 832 2037 864 a

136 919 225 968 qua
254 901 534 970 productum
572 908 674 962 est,
730 899 962 949 manavit.
1040 895 1227 965 Quippe
1256 897 1454 946 eandem
1486 896 1800 947 substantiam
1826 897 2035 965 genitam

135 985 276 1036 simul
314 993 361 1035 et
398 984 659 1052 ingenitam
701 1000 810 1034 esse
849 983 977 1033 nulla
1017 1000 1121 1032 cum
1161 981 1335 1050 pietate
1374 980 1628 1030 coniuncta
1677 981 1799 1031 ratio
1837 980 2033 1049 patitur.

274 1071 352 1119 VI.
380 1066 434 1120 Si
461 1069 673 1137 genitum
709 1077 782 1118 est
807 1067 920 1117 illud
947 1067 1118 1135 ipsum,
1164 1065 1286 1131 quod
1319 1073 1393 1114 est
1416 1065 1680 1131 ingenitum
1700 1103 1714 1127 ‚
1756 1065 1865 1132 quid
1893 1065 2036 1116 etiam

133 1152 354 1221 prohibet
402 1154 524 1220 quod
574 1151 785 1220 genitum
837 1159 911 1202 est
947 1151 1212 1218 ingenitum
1263 1148 1449 1199 fuisse?
1522 1146 1578 1200 Si
1626 1149 1813 1215 quidem
1863 1158 2036 1202 natura

133 1236 288 1287 omnis
314 1237 373 1287 ad
406 1238 452 1287 id
481 1237 603 1306 quod
634 1244 889 1304 cognatum
917 1234 1005 1286 sibi
1040 1243 1114 1285 est
1142 1233 1295 1301 magis
1323 1251 1461 1301 quain
1492 1233 1547 1284 ad
1584 1233 1790 1284 alienum
1819 1234 2035 1303 peregri-

130 1339 336 1390 numque
374 1321 587 1372 festinat.

269 1407 369 1456 Vll.
413 1403 468 1456 Si
502 1413 631 1456 totus
658 1422 751 1455 uon
781 1413 854 1455 est
881 1404 1122 1472 ingenitus
1153 1404 1289 1465 deus,
1332 1402 1445 1452 nihil
1476 1410 1551 1452 est
1579 1401 1700 1469 quod
1731 1401 1891 1452 obstet
1916 1418 2031 1469 quo-

130 1489 285 1542 minus
311 1490 571 1541 secundum
599 1489 911 1540 substantiam
942 1487 1182 1556 genuerit.
1262 1484 1349 1538 Sin
1378 1495 1506 1537 totus
1537 1485 1780 1554 ingenitus
1801 1494 1894 1548 est,
1937 1504 2034 1536 non

128 1582 203 1624 est
235 1574 496 1624 secundum
523 1573 836 1625 substantiam
865 1573 1178 1640 generatione
1208 1572 1466 1622 distractus
1487 1609 1499 1633 ,
1549 1570 1633 1621 sed
1665 1587 1730 1620 ex
1763 1569 2033 1621 substantia

127 1674 214 1709 sua
251 1658 460 1726 genitam
499 1658 626 1709 illam
665 1675 692 1708 a
729 1675 781 1709 se
820 1657 1032 1707 sobolem
1071 1656 1318 1725 produxit.

265 1744 390 1792 Vlll.
430 1741 485 1794 Si
516 1743 761 1810 ingenitus
789 1743 905 1792 deus
931 1750 1058 1791 totus
1088 1748 1162 1791 est
1191 1739 1387 1808 genitali
1416 1739 1461 1790 vi
1495 1739 1758 1808 praedituS,
1801 1739 1924 1805 quod
1948 1756 2032 1806 ge-

125 1825 274 1876 nitum
313 1835 388 1877 est
414 1828 674 1878 secuudum
707 1826 1021 1878 substantiam
1069 1843 1165 1875 non
1200 1834 1274 1876 est
1305 1824 1548 1892 genitum,
1607 1840 1714 1873 cum
1766 1823 1854 1873 toti
1900 1822 2029 1873 illius

125 1910 422 1961 substantiae
460 1929 554 1961 non
593 1920 644 1962 ut
679 1919 967 1979 generetur,
1010 1910 1091 1959 sed
1136 1918 1184 1959 ιιι
1221 1918 1450 1977 generet,
1490 1908 1688 1958 insitum
1726 1907 1806 1957 sit.

265 1997 344 2045 IX.
374 1993 514 2062 Quod
547 1995 589 2046 si
622 1996 670 2045 in
713 1996 852 2046 aliam
886 1996 1086 2045 formam
1119 2002 1405 2044 commutata
1440 1992 1515 2043 dei
1542 1992 1810 2043 substantia
1837 1991 2030 2043 soboles

125 2079 316 2143 dicitur,
358 2097 454 2130 non
478 2080 570 2131 erit
599 2079 678 2130 illa
705 2080 810 2148 ipsa
834 2078 911 2130 dei
938 2079 1206 2129 substantia
1237 2077 1512 2128 mutationis
1541 2093 1738 2145 experS,
1782 2094 1889 2127 cum
1921 2093 2031 2144 pro-

125 2163 228 2232 pria
267 2163 349 2214 filii
388 2164 599 2215 conditio
637 2164 901 2214 mutatione
939 2163 1200 2214 constituta
1240 2163 1320 2213 sit.

260 2250 319 2298 X.
362 2245 502 2315 Quod
543 2247 584 2299 si
623 2248 783 2299 divina
823 2248 1088 2299 substantia
1131 2247 1407 2298 mutationis
1434 2254 1506 2297 est
1537 2245 1692 2296 omnis
1722 2262 1929 2314 expers,
1982 2254 2031 2295 et

123 2332 436 2401 generatione
464 2333 712 2400 superior,
754 2332 973 2402 quicquid
999 2333 1056 2383 ad
1087 2331 1228 2382 lilium
1259 2331 1496 2400 pertinet,
1549 2331 1651 2380 sola
1681 2330 1916 2381 duntaxat
1947 2347 2029 2398 ap-

123 2416 382 2485 pellatione
420 2417 765 2485 profitebimur.

260 2502 341 2550 Xl.
384 2497 438 2551 Si
465 2502 512 2550 in
546 2501 761 2569 ingenito
803 2503 892 2552 deo
930 2501 1090 2569 genita
1131 2500 1350 2563 soboleS,
1407 2500 1538 2551 velut
1585 2498 1767 2549 semine
1799 2498 2021 2566 quodam,

124 2584 480 2648 continebatur,
523 2594 629 2654 post
655 2587 1016 2653 generationem
1041 2585 1199 2654 aliqua
1226 2603 1278 2636 re
1305 2585 1613 2636 extrinsecus
1637 2592 1881 2652 assumpta
1913 2601 2028 2634 con-

122 2669 307 2719 firmata
337 2669 743 2737 corroborataque
772 2671 934 2720 fuerit.
1014 2668 1339 2737 Quamobrem
1368 2688 1462 2720 non
1487 2687 1549 2719 ex
1575 2667 1634 2719 iis
1668 2685 1789 2735 quae
1822 2685 2027 2735 genera-

122 2753 253 2804 tione
282 2754 482 2804 sortitus
511 2763 614 2818 est,
665 2755 748 2804 sed
791 2771 851 2804 ex
888 2755 1138 2805 adscititiis
1167 2755 1261 2805 illis
1303 2754 1446 2805 habet
1488 2753 1640 2815 filius,
1692 2761 1741 2803 ut
1783 2753 2026 2820 perfectus

122 2836 464 2905 absolutusque
493 2838 572 2888 sit.
633 2836 760 2888 Nam
790 2855 1117 2906 quaecumque
1149 2839 1429 2889 naturaliter
1459 2837 1786 2889 accessionem
1820 2836 2024 2903 aliquam

122 2922 332 2990 capiunt,
376 2931 539 2990 utpote
570 2939 634 2972 ex
666 2922 756 2972 illis
785 2922 902 2990 ipsis
930 2923 1210 2985 constituta,
1253 2922 1453 2991 perfec-ti
1486 2939 1658 2973 nomen
1692 2921 1883 2972 diversa
1910 2937 2025 2987 qua-

122 3006 229 3056 dam
267 3006 455 3056 ratione
494 3007 650 3056 solent
689 3006 958 3056 admittere.

259 3091 363 3139 XII.
400 3088 455 3141 Si
483 3092 695 3159 perfecta
736 3091 782 3140 in
824 3090 1036 3157 ingenito
1064 3091 1226 3158 genita
1255 3091 1448 3141 soboles
1473 3099 1594 3152 erat,
1637 3088 1799 3156 genita
1829 3087 2020 3138 soboles

122 3183 196 3225 est
226 3191 322 3223 nou
352 3191 415 3224 ex
442 3174 502 3226 iis
538 3192 658 3242 quae
701 3192 804 3224 cum
836 3175 893 3224 ab
922 3174 1137 3241 ingenito
1165 3175 1447 3242 gigneretur
1480 3173 1700 3225 obtinuit.
1780 3170 1906 3222 Nam
1939 3189 2023 3239 ge-

121 3259 222 3308 nita
252 3267 424 3309 natura
447 3259 496 3310 in
523 3259 738 3327 ingenita
775 3257 1042 3309 substantia
1070 3275 1178 3309 csse
1206 3277 1300 3309 non
1330 3269 1516 3327 potest;
1572 3267 1704 3309 esset
1729 3256 1853 3306 enim
1882 3256 2022 3307 simul

119 3342 244 3393 idem
276 3351 323 3392 et
352 3361 447 3393 non
478 3352 627 3395 esset.
702 3341 830 3394 Nam
857 3343 980 3410 quod
1011 3341 1223 3410 genitum
1252 3353 1353 3406 est,
1407 3342 1671 3410 ingenitum
1703 3359 1797 3392 non
1829 3349 1931 3404 est,
1974 3349 2023 3391 et

122 3428 244 3494 quod
276 3427 540 3494 ingenitum
574 3437 675 3492 est,
728 3428 938 3495 genitum
973 3444 1067 3475 non
1106 3427 1210 3477 fuit.
1289 3424 1477 3496 Quippe
1505 3426 1782 3477 dissimilem
1811 3425 2016 3492 aliquam

121 3512 211 3560 deo
259 3521 442 3579 partem
479 3513 737 3580 affingere,
785 3509 1024 3561 maledicti
1058 3510 1106 3559 in
1144 3511 1354 3561 divinum
1392 3527 1566 3561 numen
1604 3527 1659 3560 ac
1699 3509 2017 3560 contumeliae

121 3595 330 3663 speciem
370 3598 599 3664 praefert.

175 3735 241 3778 26.
267 3737 376 3785 Infra
405 3734 622 3788 προΐεσῖται
650 3735 842 3789 πέφυκεν.
1097 3737 1298 3785 vulyatam
1335 3733 1518 3788 γέννημα
1556 3733 1596 3777 ἐν
1646 3730 1885 3791 οἷγεννῆτῳ,
1929 3733 2020 3790 γέν·

174 3792 239 3833 27.
267 3793 374 3843 Infra
402 3789 449 3834 τὸ
477 3792 671 3848 γέννημα.
701 3794 1043 3844 Interpunctionem
1099 3787 1212 3846 νημά
1242 3789 1329 3834 ἐστι
1357 3794 1506 3835 correxi
1535 3803 1581 3832 ex
1610 3793 1732 3845 Refut.
