2508 4134
1136 805 1182 875 S
1208 803 1272 875 Y
1298 807 1355 876 L
1382 805 1439 874 L
1468 803 1531 876 O
1562 805 1626 874 G
1652 805 1711 876 E
1922 877 1925 879 ,

696 945 1247 1010 ADDENDORUM
1289 947 1393 1008 ET
1442 945 2148 1012 CORRIGENDORUM.

1027 1076 1170 1116 ToMl
1211 1074 1424 1116 Pmoms
1468 1073 1605 1114 PARS
1650 1056 1834 1118 Pfflon.

572 1244 704 1302 Pag.
725 1246 772 1289 2.
830 1244 902 1284 lin.
926 1244 968 1287 2.
1001 1244 1170 1299 Corrige
1195 1243 1393 1302 δευτέρῳ.
1426 1268 1478 1275 -
1536 1242 1564 1286 l.
1583 1241 1623 1286 4.
1654 1243 1720 1287 ed.
1738 1261 1800 1301 pr.
1823 1247 1945 1289 Basil.
1971 1249 2115 1303 (quam
2137 1249 2234 1291 inde
2264 1264 2391 1306 usque

458 1314 700 1370 simpliciter
729 1330 805 1370 per
836 1316 948 1356 Bas.
980 1315 1272 1370 compendium
1300 1314 1560 1370 significabo,
1589 1315 1696 1357 sicut
1729 1317 1822 1359 cod.
1850 1319 2053 1360 venetum
2082 1334 2159 1375 per
2188 1335 2392 1377 compen-

460 1386 573 1427 dium
596 1386 746 1441 Ven.)
787 1385 915 1426 habet
952 1385 1261 1442 Παλαιστηνὸν.
1294 1411 1343 1418 -
1403 1386 1432 1427 1.
1469 1387 1509 1431 7.
1551 1388 1656 1429 Ven.
1703 1388 2012 1439 Κωνσταντίας.
2043 1414 2097 1423 -
2153 1390 2183 1432 l.
2211 1401 2390 1449 antepe-

459 1457 562 1499 nult.
588 1459 691 1498 Ven.
724 1454 1124 1513 προκυλινδούμενοι.
1155 1482 1209 1489 -
1267 1458 1294 1499 l.
1311 1454 1352 1498 6.
1383 1472 1461 1513 pro
1489 1452 1555 1502 ὅτι
1579 1456 1622 1502 ἐν
1647 1458 1714 1500 ed.
1732 1461 1872 1501 Petav.
1904 1460 2050 1504 Colon.
2075 1476 2293 1517 perperam
2316 1464 2391 1506 ha-

458 1527 532 1569 bet
562 1526 601 1571 οἳ
622 1526 664 1571 ἐν
695 1542 900 1570 excusum.
931 1553 985 1560 —-
1042 1528 1071 1571 l.
1092 1526 1160 1570 24.
1192 1530 1272 1571 Pro
1304 1528 1604 1584 δεδωρημένην
1632 1529 1675 1570 in
1704 1531 1809 1573 Ven.
1840 1539 1961 1573 antea
1990 1532 2190 1588 scriptum
2218 1534 2391 1590 legeba-

458 1607 528 1639 tur
556 1598 807 1654 διδωμένην.

572 1670 705 1727 Pag.
729 1672 779 1714 6.
836 1670 864 1711 1.
884 1670 925 1713 8.
957 1670 1146 1712 Restitue
1170 1667 1376 1728 ὑπόβασιν
1404 1685 1453 1712 ex
1492 1672 1621 1722 Ven.‚
1661 1687 1739 1728 pro
1765 1669 1993 1729 ὑπόφασιν.
2023 1699 2074 1706 -
2143 1674 2173 1717 l.
2192 1674 2233 1718 9.
2262 1691 2392 1734 χαρα-

458 1741 581 1796 κτῆρι
606 1740 858 1797 κεχρημένοι
880 1743 985 1783 Ven.
1017 1766 1072 1775 --
1130 1742 1158 1784 l.
1180 1742 1243 1785 13.
1274 1738 1398 1791 ὄντας
1422 1743 1524 1784 Ven.
1549 1766 1599 1773 —
1656 1742 1684 1784 1.
1711 1744 1775 1788 17.
1802 1744 1940 1786 Verba
1966 1743 2039 1788 καὶ
2067 1746 2392 1802 Βηριοδηκτικόν

457 1811 606 1852 absunt
643 1827 668 1852 a
708 1813 812 1854 Ven.
840 1836 897 1845 --
966 1813 995 1855 1.
1017 1813 1085 1856 23.
1128 1815 1301 1869 Repone
1345 1813 1547 1868 αἱρέσεων
1587 1823 1685 1855 ante
1725 1809 2078 1870 οἷποκαλυφὲεῖσα
2116 1832 2165 1858 ex
2203 1819 2305 1860 Ven.
2336 1843 2392 1851 —

458 1882 485 1924 l.
504 1883 571 1924 25.
594 1884 678 1927 τῶν
704 1891 801 1924 ante
826 1881 896 1928 τὸν
924 1884 1042 1925 abest
1069 1900 1092 1925 a
1120 1886 1227 1928 Ven.
1261 1908 1312 1916 -
1370 1884 1398 1925 l.
1418 1885 1576 1940 penult.
1601 1900 1759 1941 repone
1784 1882 1886 1941 ὑπὲρ
1913 1901 1990 1942 pro
2015 1886 2126 1942 περὶ,
2157 1903 2206 1930 ex
2231 1897 2390 1932 auctor.

458 1953 634 2003 Veneti;
667 1950 769 2009 ὖπὲρ
799 1954 951 2010 legitur
981 1955 1106 1996 etiam
1136 1955 1178 1996 in
1208 1955 1576 2011 Anacephalaeosi.

572 2026 705 2083 Pag.
731 2027 782 2070 S.
839 2026 868 2067 l.
888 2026 927 2068 2.
962 2026 1065 2067 Dele
1095 2041 1186 2068 voc.
1217 2023 1378 2081 Ἰησοῦ,
1410 2042 1487 2082 pro
1520 2041 1602 2082 quo
1632 2027 1674 2067 in
1703 2027 2005 2084 antiquioribus
2033 2029 2155 2070 editis
2186 2028 2246 2079 εἰς
2273 2025 2312 2081 ὃ,
2343 2047 2393 2073 ex

457 2096 706 2138 auctoritate
731 2097 894 2138 Veneti.
927 2121 980 2129 —
1037 2098 1064 2138 l.
1091 2098 1131 2140 3.
1163 2096 1236 2141 καὶ
1258 2096 1487 2155 σεβάσμιον
1512 2099 1612 2140 Ven.
1649 2121 1697 2129 -
1754 2098 1783 2139 l.
1805 2098 1846 2141 7.
1881 2100 1964 2140 Pro
1990 2097 2262 2155 ἐπισκήπτειν
2289 2103 2394 2145 Ven.

458 2167 585 2208 habet
611 2165 886 2212 ἐπισκόπτειν.
923 2192 972 2199 -
1017 2168 1044 2208 1.
1072 2169 1136 2210 12.
1167 2168 1371 2223 δείξωμεν
1389 2170 1493 2211 ven.
1511 2192 1567 2200 —
1610 2168 1638 2210 l.
1660 2169 1729 2211 25.
1759 2167 2026 2224 Πυθαγόριοι
2050 2171 2156 2212 ven.
2185 2195 2237 2203 —
2279 2172 2393 2219 1.26.

457 2234 726 2294 Ἀριστοτέλη
761 2241 865 2280 Ven.
898 2263 951 2271 —
1009 2239 1039 2280 l.
1059 2239 1128 2282 27.
1157 2237 1420 2294 Ἐπικούριοι
1446 2240 1553 2280 Ven.
1582 2263 1637 2270 —-
1694 2239 1721 2280 l.
1743 2240 1811 2282 28.
1842 2239 2074 2295 Γοροῖῐηνοὶ
2105 2241 2256 2298 ubique
2283 2243 2394 2299 legi-

458 2318 528 2350 tur
555 2319 764 2351 exaratum
788 2309 831 2350 in
854 2311 958 2352 Ven.
992 2335 1044 2343 —·
1101 2311 1129 2353 l.
1147 2311 1215 2354 31.
1246 2307 1317 2355 διὰ
1345 2308 1508 2366 Δαβὶδ,
1551 2310 1624 2352 τοῦ
1655 2307 1978 2366 βασιλεύσαντος
2006 2313 2126 2365 ven„
2155 2327 2261 2369 quae
2286 2315 2392 2358 scri-

457 2390 578 2436 ptura
613 2389 811 2436 praestat.
872 2381 1064 2423 Ceterum
1107 2396 1264 2436 repone
1309 2395 1470 2422 comma
1506 2389 1604 2422 ante
1644 2379 1727 2425 διὰ.
1758 2406 1813 2414 —-
1870 2382 1899 2423 l.
1931 2382 2088 2437 penult.
2126 2385 2285 2427 Vocab.
2319 2386 2393 2430 τοῦ

458 2460 557 2492 ante
586 2448 857 2507 Ἰουδαϊσμοῢ
883 2453 1002 2493 abest
1031 2468 1054 2493 a
1086 2454 1190 2493 Ven.

571 2524 704 2580 Pag.
731 2524 820 2568 10.
872 2522 902 2564 l.
929 2525 962 2565 l.
991 2520 1381 2580 “Ημεροβαπτισταί
1404 2524 1510 2564 Ven.
1540 2546 1595 2555 —
1652 2523 1681 2564 l.
1706 2523 1746 2567 8.
1778 2519 1869 2568 ἄλλ’
1903 2520 1999 2581 οὐχὶ
2026 2525 2130 2568 ven.
2159 2550 2213 2558 —
2269 2527 2298 2568 1.
2325 2528 2389 2571 13.

458 2593 725 2651 Βαρβηλιδαί
756 2594 857 2635 Ven.
885 2618 941 2625 —
998 2594 1026 2635 1.
1051 2594 1116 2637 16.
1146 2591 1487 2649 Ἑπιφοὶνηςκαὶ
1519 2591 1761 2648 “Ησίδωρος
1790 2597 1895 2636 Ven.
1946 2597 2007 2636 De
2041 2595 2265 2651 Epiphanis
2304 2599 2393 2642 sive

457 2663 681 2719 Epiphanii
724 2664 891 2705 nomine
921 2680 959 2705 v.
988 2667 1019 2706 Ι.
1046 2666 1091 2706 Β.
1121 2665 1300 2706 Coteler.
1332 2666 1516 2707 Monum.
1546 2666 1658 2707 Eccl.
1692 2666 1764 2707 Gr.
1788 2668 1818 2717 Ι,
1849 2681 1890 2720 p.
1907 2662 2004 2708 768.
2034 2691 2090 2698 -
2161 2668 2189 2711 l.
2211 2668 2278 2711 20.
2309 2671 2392 2711 Re-

457 2748 567 2791 pone
610 2749 660 2776 ex
703 2735 952 2776 auctoritate
981 2737 1087 2777 Ven.
1132 2745 1447 2792 ceterorumque
1489 2737 1689 2777 librorum
1733 2736 2008 2791 Μαρκίωνες,
2053 2738 2166 2793 quod
2207 2739 2394 2783 similiter

458 2806 615 2847 dictum
644 2806 808 2847 videtur
837 2815 881 2847 ut
910 2802 1176 2851 Οὖαλεντῖνοι
1209 2808 1361 2863 passim
1390 2822 1468 2863 pro
1500 2805 1855 2862 Ουάλεντινιανοί,
1900 2807 2089 2852 Ναυᾶτοι
2132 2823 2209 2864 pro
2239 2809 2392 2855 Ναυα-

459 2877 611 2930 τιανοί,
656 2886 697 2918 et
734 2877 814 2919 alia
859 2877 946 2918 eius
975 2878 1136 2932 generis
1166 2879 1347 2920 nomina.
1380 2903 1429 2909 —-
1499 2879 1527 2920 l.
1547 2877 1616 2922 26.
1642 2878 1941 2922 Κουιντιλιανοί
1969 2880 2071 2921 Ven.
2104 2903 2155 2910 —
2212 2880 2240 2923 1.
2268 2890 2393 2924 ante-

459 2948 614 3004 penult.
657 2950 830 3004 Repone
872 2963 922 2989 ex
952 2948 1133 2990 omnium
1174 2949 1376 2991 librorum
1417 2949 1667 2991 auctoritate
1709 2949 1913 2993 Ναυᾶτοι.
1956 2974 2007 2980 -
2077 2950 2106 2992 l.
2138 2951 2210 2992 ult.
2254 2953 2392 2995 Verba

462 3018 747 3077 αἰσχροποιοὶ,
778 3035 816 3063 τ.
844 3035 881 3062 τ.
908 3016 1159 3074 Ὠριγένειοι
1187 3020 1336 3061 absunt
1364 3036 1388 3062 a
1415 3022 1518 3063 Ven.

573 3093 706 3149 Pag.
733 3093 822 3136 12.
877 3091 904 3132 l.
941 3094 977 3132 1.
1005 3093 1077 3134 τοῦ
1108 3091 1301 3132 articulus
1346 3100 1444 3147 post
1473 3090 1647 3135 Παύλου
1678 3092 1795 3133 abest
1833 3108 1857 3133 a
1885 3094 1990 3134 Ven.
2025 3115 2071 3123 —-
2129 3093 2161 3134 l.
2190 3095 2253 3136 10.
2286 3096 2392 3139 Ven.

459 3162 565 3204 liber
593 3171 729 3203 utrum
756 3157 966 3217 Ἀνόμοιοι
993 3162 1162 3212 habeat,
1192 3177 1243 3203 an
1274 3159 1476 3217 Ἀνὸμιοι,
1507 3177 1556 3203 ex
1577 3163 1739 3204 schedis
1769 3162 1870 3204 mihi
1898 3161 2144 3204 transmissis
2161 3163 2272 3205 haud
2289 3166 2390 3208 satis

458 3233 602 3289 liquet.
634 3258 686 3264 --
745 3233 773 3274 l.
806 3232 867 3275 13.
899 3234 1002 3275 Ven.
1043 3233 1204 3288 plenius
1240 3232 1317 3288 τὴν
1348 3232 1540 3278 Ξεοτὸκον
1572 3232 1645 3278 καὶ
1672 3231 1742 3278 οἶεὶ
1770 3234 1898 3288 mpii.
1926 3256 1978 3265 —
2035 3233 2064 3274 l.
2086 3233 2154 3276 31.
2199 3235 2390 3281 Στωϊκοὶ

463 3306 564 3348 ven.
595 3303 770 3347 Στοῖκοὶ
802 3306 888 3344 Bas.
921 3312 963 3344 et
994 3303 1058 3344 ed.
1090 3306 1233 3345 Petav.
1265 3305 1409 3348 Colon.
1439 3314 1572 3359 repet.

573 3376 706 3433 Pag.
731 3376 819 3420 14.
875 3374 901 3415 1.
919 3375 959 3418 3.
989 3375 1287 3429 Σωκρατεῖται
1307 3377 1410 3417 ven.
1440 3399 1493 3407 —
1550 3376 1578 3417 l.
1603 3376 1644 3420 7.
1673 3377 1847 3431 Repone
1868 3371 2135 3430 Ἐπιφάνης,
2168 3376 2228 3416 uti
2251 3391 2389 3433 supra.

462 3448 564 3488 Item
593 3446 693 3488 1.10
724 3445 896 3486 restitue
933 3445 1054 3487 codd.
1084 3462 1181 3487 mss.
1229 3447 1292 3500 (et
1319 3448 1448 3496 Ven.)
1489 3447 1732 3502 scripturam
1765 3445 2038 3501 Μαρκίωνες,
2085 3455 2131 3487 ut
2159 3461 2297 3502 supra.
2332 3472 2387 3480 —

459 3518 488 3561 1.
507 3518 574 3560 27.
604 3518 863 3561 Μελιτιανῶν
890 3517 974 3561 τῶν
1005 3515 1046 3561 έν
1076 3517 1131 3574 τῇ
1162 3516 1255 3572 Αἰγ.
1287 3531 1353 3573 σχ.
1385 3518 1489 3559 ven.
1519 3540 1575 3548 —
1631 3517 1705 3560 lin.
1729 3515 1796 3559 29.
1827 3516 1890 3573 τῷ
1920 3515 2055 3566 artie,
2087 3525 2184 3558 ante
2212 3516 2387 3575 πρώτῳ,

462 3588 579 3629 abest
606 3603 630 3630 a
658 3591 763 3631 Ven.
795 3613 846 3619 —
905 3588 934 3628 l.
966 3587 1223 3643 antepenult.
1256 3588 1429 3642 εἴπαμεν
1458 3587 1563 3628 Ven.
1955 3581 1957 3583 ’

576 3660 708 3717 Pag.
731 3661 820 3703 16.
875 3658 905 3700 1.
922 3659 962 3699 2.
995 3660 1095 3699 Post
1138 3655 1259 3713 οἱγίαν
1301 3673 1351 3699 ex
1382 3657 1474 3699 cod.
1505 3660 1609 3701 Ven.
1648 3656 1755 3698 adde
1795 3655 1976 3711 Μαρίαν.
2008 3682 2062 3689 -
2120 3659 2147 3700 1.
2172 3661 2211 3702 5.
2242 3660 2316 3704 καὶ
2353 3658 2385 3715 'ei

462 3728 557 3781 περὶ
581 3730 698 3781 Ven.‚
728 3729 840 3784 quod
861 3737 1072 3783 praestare
1100 3729 1277 3770 videtur.
1309 3752 1360 3759 —
1404 3727 1431 3768 l.
1460 3725 1501 3768 9.
1534 3728 1634 3783 μιᾶς
1663 3734 1777 3768 extat
1806 3727 1930 3768 etiam
1955 3727 1996 3767 in
2024 3729 2128 3771 Ven.
2160 3755 2211 3761 —
2269 3730 2297 3772 l.
2320 3731 2385 3772 10.

464 3798 545 3853 τῆς
571 3806 668 3839 ante
699 3799 930 3855 καθολικῆς
958 3800 1075 3841 abest
1104 3815 1127 3840 a
1158 3801 1286 3850 Ven.‚
1330 3798 1397 3853 qui
1426 3813 1503 3854 pro
1527 3797 1714 3842 τουτέστι
1738 3797 1866 3839 habet
1892 3797 2115 3843 τουτέστιν.
2154 3824 2205 3831 -
2263 3800 2291 3842 l.
2319 3800 2383 3843 11.
