2508 4134
205 540 321 596 Κεφ.
334 538 401 585 ια’.

230 1408 315 1446 pag.
337 1399 411 1435 858.

434 246 501 298 92
1142 254 1345 298 SANCTI
1375 255 1659 298 EPIPHANII

432 360 522 422 τῆς
551 356 606 408 ἐκ
644 359 732 407 τοῦ
767 350 954 422 πατρός
982 353 1334 423 γεγεννημένης
1371 352 1543 416 οὐσίας
1578 354 1881 422 νοουμένης,
1929 352 2015 420 τό,
2074 352 2247 420 Οῦτως
2276 352 2366 424 τήν

436 437 700 508 ὁμοιότητα
735 442 821 506 τῆς
858 435 1030 501 οὐσίας
1065 435 1193 508 πρὸς
1228 438 1403 493 οὐσίαν
1446 443 1724 508 8σημαίνει.

579 526 682 576 Καὶ
710 526 758 576 εἴ
781 545 855 586 τις
887 521 941 577 τὸ
960 566 974 590 ,
998 522 1200 578 ’Έκτισέ
1226 546 1310 593 με,
1347 526 1433 578 καὶ
1457 523 1538 591 vd,
1579 527 1737 597 Γεννᾷ
1760 545 1845 593 με,
1883 522 1998 595 παρ’
2029 522 2185 577 αὐτοῦ
2210 524 2366 580 ἀκού-

436 631 506 664 ων
527 607 608 674 vd,
660 613 821 683 Γεννᾷ
849 630 930 676 με,
984 607 1051 678 μὴ
1090 611 1172 664 ἐπὶ
1207 615 1295 663 τοῦ
1332 609 1490 663 αὐτοῦ
1531 612 1614 664 καὶ
1650 608 1756 663 κατ’
1793 607 1967 664 οὐσίαν
2013 612 2197 675 ἐννοεῖ,
2249 608 2367 665 ἀλλά

431 692 609 749 ταύτὸν
649 695 779 764 λέγοι
818 693 893 760 τὸ,
934 701 1091 768 Γεννᾷ
1130 716 1215 763 με,
1266 701 1352 769 τῷ,
1389 694 1587 750 ’Έκτισέ
1616 716 1702 763 με,
1757 692 1825 757 οὖς
1862 694 1930 765 μή
1966 697 2118 767 λέγων
2143 693 2231 750 τὸν
2256 695 2383 754 υἷὸν,

431 778 519 834 τόν
544 777 760 843 ἀπαθῶς
786 781 967 834 τέλειον
999 782 1052 834 ἐκ
1079 786 1178 834 τῶν
1209 780 1299 835 δύο
1335 779 1619 848 ὀνομάτων,
1658 787 1770 846 τοῦ,
1793 779 1991 835 ’Ἐκτισέ
2021 802 2108 850 με,
2146 783 2230 835 καὶ
2259 787 2365 847 τοῦ,

436 870 597 938 Γεννᾷ
626 886 709 933 με,
747 869 925 934 κτίσμα
949 865 1108 935 μόνον
1132 865 1410 937 ὁμολογῶν,
1448 868 1532 920 καὶ
1558 868 1727 935 μηκέτι
1758 864 1888 932 υἱὸν,
1927 864 1995 930 οἷς
2017 869 2367 938 παραδέδωκεν

432 948 467 1019 ἦ
492 954 644 1017 σοφία
672 952 725 1004 ἐκ
753 957 851 1005 τῶν
880 951 971 1005 δύο
1001 951 1216 1020 εὐσεβῶς
1245 951 1333 1020 τήν
1356 954 1579 1017 ἔννοιαν,
1619 949 1851 1020 ἀνάθεμα
1882 954 2020 1006 ἔστω.
2096 954 2195 1006 Καὶ
2227 955 2274 1007 εἷ’
2295 975 2368 1017 τις

432 1041 523 1090 τοῦ
549 1038 666 1090 υἱοῦ
692 1034 782 1104 τὴν
811 1037 897 1105 μὲν
926 1035 1030 1090 κατ’
1063 1037 1239 1091 οὐσίαν
1267 1036 1396 1106 πρδς
1421 1036 1508 1091 τὸν
1539 1038 1716 1091 ἑαυτοῦ
1746 1039 1933 1107 πατέρα
1960 1036 2227 1106 ὁμοιότητα
2249 1036 2368 1107 ἡμῖν

434 1119 870 1185 ἀποκαλύπτοντος
900 1120 961 1176 δι’
995 1116 1067 1176 ῶν
1108 1141 1255 1191 φησι,
1290 1122 1481 1193 ’Ώςπερ
1521 1121 1615 1193 γάρ
1644 1121 1675 1177 6
1701 1122 1863 1190 πατὴρ
1892 1121 2021 1191 ζωὴν
2049 1125 2143 1192 ἔχει
2173 1126 2225 1178 ἐν
2255 1125 2368 1178 ἕαυ-

432 1213 526 1281 τῷ,
581 1206 742 1270 οὕτως
770 1209 856 1261 καὶ
880 1213 949 1281 τῷ
981 1210 1076 1282 υἱῷ
1105 1210 1258 1262 ἔδωκε
1288 1207 1415 1276 ζωὴν
1443 1211 1566 1276 ἔχειν
1593 1210 1644 1262 ἐν
1669 1209 1852 1281 ἑαυτῷ,
1905 1207 1996 1276 τὴν
2023 1209 2077 1262 δὲ
2107 1207 2211 1262 κατ’
2238 1211 2369 1281 ἐνέρ-

435 1314 572 1364 γειαν
605 1292 662 1346 δι’
696 1286 767 1346 ῶν
798 1292 1049 1358 παιδεύει,
1088 1292 1152 1346 “A
1193 1293 1286 1364 γάρ
1313 1293 1376 1347 ἀν
1408 1291 1436 1347 6
1463 1292 1624 1362 πατὴρ
1658 1298 1804 1368 ποιῇ,
1858 1299 2013 1347 ταῦτα
2053 1296 2139 1348 καὶ
2179 1292 2208 1348 6
2241 1295 2367 1360 υἱὸς,

437 1377 619 1447 ὁμοίως
644 1386 799 1444 ποιεῖ,
861 1385 873 1415 ¹
897 1378 1055 1447 μόνην
1085 1377 1174 1447 τὴν
1197 1377 1300 1432 κατ’
1329 1380 1570 1449 ἐνέργειαν
1598 1376 1867 1447 ὁμοιότητα
1906 1379 2120 1442 Ξδιδούς
2147 1379 2238 1449 τὴν
2264 1379 2369 1435 κατ’

433 1463 634 1529 οὐσίαν,
682 1464 716 1532 ἥ
748 1466 846 1518 ἐστι
883 1464 939 1518 τό
979 1466 1467 1530 κεφαλαιωδέστατον
1496 1462 1637 1532 ἡμῶν
1670 1470 1757 1532 τῆς
1787 1469 2021 1531 πίστεως,
2073 1464 2369 1537 ἀποστεροίη

431 1556 521 1604 τοῦ
550 1552 690 1612 υἱοῦ,
743 1548 809 1613 ὥς
837 1548 1014 1604 ἓαυτὸν
1043 1550 1331 1620 ἀποστερῶν
1373 1556 1461 1618 τῆς
1501 1552 1553 1604 ἐν
1581 1550 1757 1621 γνώσει
1783 1549 1970 1621 πατρὸς
1996 1553 2082 1605 καὶ
2109 1555 2224 1607 υἱοῦ
2253 1556 2367 1608 αἰω-

432 1640 542 1690 νίου
578 1642 731 1704 ζωῆς,
782 1634 1011 1703 ἀνάθεμα
1037 1637 1173 1689 ἔστω.
1250 1638 1353 1689 Καὶ
1386 1638 1433 1689 εἷ’
1455 1658 1526 1698 τις
1556 1639 1625 1698 εἷς
1653 1638 1840 1707 πατέρα
1871 1639 1955 1690 καὶ
1983 1635 2096 1691 υἱὸν
2126 1639 2371 1694 πιστεύειν

436 1720 845 1792 ἐπαγγελλόμενος
880 1720 966 1775 τὸν
1006 1723 1193 1792 πατέρα
1234 1719 1303 1790 μὴ
1341 1719 1512 1784 οὐσίας
1553 1719 1728 1790 ὁμοίας
1767 1722 1964 1777 θαύτοῦ
2000 1724 2133 1794 λέγοι
2165 1726 2368 1793 πατέρα,

434 1806 552 1861 ἀλλά
587 1809 851 1878 ἐνεργείας,
905 1805 971 1870 ὥς
999 1806 1240 1876 βεβήλους
1277 1811 1616 1875 καινοφωνίας
1657 1807 1781 1862 κατά
1820 1815 1906 1875 τῆς
1936 1808 2110 1872 οὐσίας
2142 1817 2230 1864 τοῦ
2255 1813 2372 1866 υἱοῦ

433 1898 522 1947 τοῦ
559 1899 686 1947 θεοῦ
728 1896 1042 1964 φθέγγεσθαι
1089 1900 1306 1961 τολμῶν,
1362 1895 1444 1946 καὶ
1490 1891 1708 1963 ἀναιρῶν
1751 1892 1806 1947 τό
1841 1891 1967 1948 εἶναι
2006 1890 2211 1963 ἀληθῶς
2239 1894 2368 1961 υἱόν,

434 1978 666 2048 ἀνάθεμα
696 1982 833 2034 ἔστω.
910 1980 1011 2032 Καὶ
1040 1981 1087 2032 εἷ’
1108 2001 1181 2041 τις
1207 1978 1319 2032 υἱὸν
1350 1978 1524 2047 ὅμοιον
1551 1977 1656 2032 κατ’
1687 1978 1864 2033 οὐσίαν
1901 1986 2028 2033 νοῶν
2054 1983 2269 2047 ἐκείνου,
2308 1975 2370 2036 οὗ

431 2068 516 2120 καὶ
545 2074 727 2120 νοεῖται
752 2063 885 2130 υἱὸς,
941 2063 973 2132 ἢ
1000 2062 1179 2118 ταύτὸν
1203 2066 1334 2134 λέγοι
1361 2071 1426 2137 τῷ
1458 2066 1606 2135 πατρὶ
1632 2062 1718 2118 τὸν
1743 2063 1879 2131 υἱὸν,
1933 2064 1969 2134 ἢ
1990 2068 2139 2135 μέρος
2164 2073 2252 2121 τοῦ
2278 2090 2369 2121 πα-

430 2151 572 2220 τρὸς,
610 2150 644 2219 ἢ
669 2149 793 2204 κατά
823 2149 1102 2219 ἀπόῤῥοιαν
1125 2151 1209 2202 καὶ
1241 2148 1366 2202 κατά
1394 2150 1593 2215 πάθος,
1635 2148 1702 2213 οἷς
1732 2151 2044 2218 σωματικούς
2073 2151 2246 2217 υἱούς,
2283 2152 2371 2208 τὸν

433 2240 485 2291 ἐκ
513 2243 603 2290 τοῦ
635 2233 902 2302 ἀσωμάτου
934 2234 1121 2304 πατρὸς
1149 2232 1411 2303 ἀσώματον
1447 2234 1559 2288 υἱόν
1599 2233 1908 2302 ὑποστάντα,
1959 2236 2189 2305 ἀνάθεμα
2232 2241 2366 2294 ἔστω.

434 2324 535 2376 Καὶ
566 2325 613 2375 εἴ
638 2344 712 2384 τις
736 2319 818 2374 διά
847 2320 900 2374 vd
931 2319 1017 2374 τόν
1043 2322 1230 2390 πατέρα
1259 2319 1326 2389 μή
1353 2342 1472 2374 ποτε
1498 2319 1610 2374 υἷὸν
1639 2329 1895 2387 νοεῖσθαι,
1933 2324 2016 2376 καὶ
2044 2322 2130 2376 τὸν
2160 2322 2272 2378 υἱδν
2301 2325 2369 2394 μή

434 2429 553 2462 ποτε
584 2410 772 2478 πατέρα
798 2415 1025 2461 νοεῖσθαι
1050 2408 1216 2476 ἔτερον
1245 2408 1396 2476 λέγων
1420 2405 1505 2459 τόν
1531 2405 1643 2459 υἷόν
1674 2406 1809 2476 παρά
1834 2406 1919 2461 τὸν
1948 2410 2159 2478 πατέρα,
2199 2408 2282 2464 διά
2312 2409 2366 2464 vd

430 2493 518 2547 τόν
549 2495 735 2563 πατέρα
769 2494 932 2562 ἕτερον
961 2489 1085 2545 εἶναι
1109 2493 1194 2545 καὶ
1220 2489 1306 2544 τὸν
1340 2490 1480 2557 υἱὸν,
1530 2491 1703 2555 καθώς
1733 2496 1948 2563 εἴρηται,
1985 2493 2159 2557 ’Ἁλλος
2185 2496 2314 2549 ἐστὶν
2343 2494 2372 2550 6

434 2585 695 2650 μαρτυρῶν
724 2581 837 2647 περὶ
868 2581 1016 2646 ἐμοῦ,
1055 2579 1157 2643 καὶ,
1198 2583 1464 2647 Μαρτυρεῖ
1486 2576 1595 2648 γάρ,
1627 2580 1777 2644 φησὶ,
1817 2576 1847 2633 6
1874 2581 2079 2647 πέμψας
2108 2580 2369 2651 με.πατήρ,

434 2663 517 2718 διά
541 2664 721 2733 ταύτην
744 2662 832 2732 τὴν
865 2663 1044 2730 εὐσεβῆ
1077 2665 1128 2716 ἐν
1155 2669 1214 2737 τῇ
1249 2665 1477 2735 ἐκκλησίᾳ
1504 2666 1779 2732 νοουμένην
1806 2666 2024 2734 ἰδιότητα
2053 2670 2150 2718 τῶν
2181 2665 2372 2736 προςῶ·

432 2773 568 2816 πων,
617 2748 805 2818 πατρὸς
847 2749 933 2816 μὲν
971 2750 1055 2801 καὶ
1086 2751 1224 2814 υἱοῦ,
1274 2746 1448 2810 δεδιώς
1478 2747 1545 2816 μή
1583 2770 1700 2803 ποτε
1737 2747 1914 2804 ταῦτόν
1941 2756 2108 2824 νοηθῇ
2135 2751 2247 2814 υἱός
2277 2774 2369 2806 πα-

431 2838 535 2906 τρὶ,
587 2833 829 2903 ἀνόμοιον
869 2835 997 2904 λέγοι
1042 2832 1146 2887 κατ’
1186 2832 1360 2887 οὐσίαν
1397 2832 1485 2886 τόν
1511 2832 1622 2888 υἷόν
1647 2841 1714 2909 τῷ
1745 2838 1920 2904 πατρὶ,
1969 2834 2200 2904 ἀνάθεμα
2230 2839 2368 2891 ἔστω.

436 2925 538 2975 Καὶ
569 2925 617 2976 εἷ’
638 2944 711 2984 τις
739 2923 791 2974 ἐν
817 2919 977 2993 χόρνςο
1007 2918 1093 2973 τὸν
1120 2921 1306 2987 πατέρα
1339 2920 1525 2989 πατέρα
1549 2929 1657 2974 νοεῖ
1682 2928 1771 2975 τοῦ
1794 2927 2088 2991 μονογενοῦς
2117 2924 2249 2987 υἱοῦ,
2285 2923 2371 2976 καὶ

434 3008 503 3076 μὴ
529 3006 653 3078 ὑπὲρ
680 3005 888 3077 χρόνους
928 3007 1055 3058 ‘inat
1090 3003 1253 3068 πάσας
1280 3002 1602 3075 ἀνθρωπίνας
1639 3009 1832 3070 ἐννοίας
1858 3005 2075 3060 πιστεύει
2104 3005 2192 3060 τὸν
2223 3029 2370 3076 μονο-

433 3100 546 3165 γενῆ
573 3091 686 3147 υἱὸν
712 3094 765 3146 ἐκ
792 3097 880 3146 τοῦ
906 3090 1092 3162 πατρὸς
1118 3089 1332 3153 ἀπαθῶς
1353 3088 1623 3157 ὖφεστᾶναι
1639 3135 1653 3158 ,
1694 3090 1762 3155 οἷς
1788 3095 2109 3163 παραβαίνων
2134 3090 2221 3146 τόν
2248 3092 2372 3148 ἀπο-

435 3177 659 3232 στολικὸν
699 3178 957 3248 κήρυγμα,
1007 3175 1214 3245 χρόνους
1253 3177 1340 3243 μὲν
1367 3178 1480 3247 περὶ
1513 3176 1699 3247 πατρός
1734 3180 1819 3231 καὶ
1849 3180 1964 3231 υἱοῦ
1990 3176 2370 3247 παρωσάμενον,

433 3271 618 3327 πιστῶς
662 3265 714 3318 δὲ
752 3262 883 3332 ἡμᾶς
912 3266 1183 3316 παιδεῦσαν
1222 3260 1305 3327 vd,
1350 3260 1433 3314 'Ev
1462 3259 1584 3336 ἀρχῇ
1617 3257 1681 3331 ἧν
1712 3260 1741 3316 0‘
1768 3263 1939 3334 λόγος,
1977 3263 2062 3316 καὶ
2085 3259 2115 3315 6
2141 3262 2288 3334 λόγος
2312 3258 2372 3333 ἦν

436 3348 564 3419 πρός
603 3349 690 3403 τὸν
728 3348 877 3415 θεὸν,
932 3351 1016 3402 καὶ
1055 3346 1177 3410 θεὸς
1202 3341 1265 3416 ἦν
1300 3345 1329 3400 6
1355 3346 1525 3417 λόγος,
1578 3345 1806 3416 ἀνάθεμα
1846 3350 1980 3402 ἔστω.
2058 3349 2159 3401 Καὶ
2204 3351 2252 3402 εἷ’
2297 3371 2372 3413 τις

435 3432 521 3487 τὸν
555 3436 740 3505 πατέρα
768 3433 1100 3505 πρεσβύτερον
1124 3432 1282 3507 χρόνω
1306 3434 1437 3503 λέγοι
1461 3437 1551 3487 τοῦ
1575 3435 1624 3497 ἐξ
1654 3440 1677 3471 ⁵
1696 3436 1876 3487 ἑαυτοῦ
1909 3438 2209 3504 μονογενοῦς
2235 3436 2368 3501 υἱοῦ,

490 3549 529 3591 8.
575 3552 668 3591 Post
710 3550 906 3605 σημαίνει
952 3550 1374 3605 (ed.Pe1av.Colon
1489 3550 1529 3590 2.
1557 3552 1715 3591 Correxi
1740 3546 1884 3598 διδοὺς
1909 3546 1998 3602 τήν.
2055 3552 2100 3591 1η
2120 3552 2229 3591 libris
2253 3553 2370 3603 vulgo

432 3611 549 3657 repet.
592 3609 727 3647 vitiose
773 3610 885 3648 habet
932 3606 1142 3662 σημαίνῃ)
1184 3610 1224 3648 in
1268 3609 1378 3647 libris
1434 3609 1573 3658 legitur
1595 3604 1819 3671 διδούσης.

433 3666 549 3714 υιιῑςο
576 3666 747 3713 sequitur
773 3659 967 3718 ἀνάξτεμα
1009 3663 1118 3707 ἔστω
1146 3676 1245 3716 quae
1284 3676 1377 3704 ver-
1490 3664 1527 3704 ὃ.
1554 3659 1679 3705 αυτοῦ
1706 3664 1816 3705 codd.
1846 3675 1939 3704 mss.
1963 3667 1999 3703 et
2023 3664 2083 3704 ed.
2110 3666 2238 3714 princ.
2293 3678 2369 3706 αυ-

435 3723 486 3760 ba
522 3732 609 3759 cum
651 3721 713 3759 hic
752 3723 869 3770 plane
898 3724 1029 3762 aliena
1067 3724 1170 3771 sint,
1211 3721 1376 3761 delenda
1434 3719 1508 3763 τοῦ
1538 3721 1596 3760 ed.
1626 3722 1761 3760 Petav.

436 3778 546 3817 duxi.
1490 3773 1529 3816 4.
1562 3774 1633 3818 καὶ
1669 3774 1810 3824 πάσας
1845 3779 1983 3826 scripsi
2010 3779 2195 3817 sententia
2233 3781 2369 3827 postu-

495 3831 591 3875 Cap.
612 3832 689 3873 XI.
720 3854 775 3863 -
815 3830 848 3873 1.
881 3828 928 3875 οὗ
959 3831 1090 3892 μόνην
1109 3836 1192 3875 cod.
1212 3835 1376 3886 Rhediy.
1435 3835 1552 3884 lanta,
1577 3843 1651 3884 pro
1674 3832 1747 3876 καὶ
1770 3829 1879 3877 κατὰ
1899 3829 2051 3882 πάσας.
2115 3835 2228 3876 Vides
2251 3845 2368 3887 prae-
