2508 4134
519 308 747 351 PANARn
777 308 880 350 Lm.
902 309 976 349 111.
1004 309 1140 351 ToM.
1169 312 1220 351 11.
1252 308 1414 351 HAER.
1440 310 1654 351 Lxxvn.
1936 298 2038 351 387

133 411 192 462 ab
228 409 310 460 illo
340 417 563 477 suscepta
603 425 662 459 eo
697 426 726 459 a
753 425 829 458 me
858 408 1096 476 disputata
1135 417 1275 471 sunt,
1331 426 1390 459 ne
1423 410 1496 460 cui
1530 410 1719 461 veniret
1746 409 1793 459 in
1827 417 2036 460 mentem

132 514 217 565 pro
244 512 302 545 eo
339 493 462 561 quod
497 493 757 561 perfectam
789 509 983 542 carnem
1013 490 1222 542 induerit
1255 509 1310 542 ea
1340 493 1442 559 ipsa
1472 511 1659 561 quoque
1690 511 1811 560 quae
1843 494 1901 544 ad
1933 510 2039 544 car-

131 597 240 630 nem
280 578 522 647 pertinent
564 576 772 627 absurda
815 574 1222 643 abhorrentiaque
1267 577 1588 644 praestitisse.
1675 576 1838 628 Nemo
1886 578 2035 642 enim,

132 665 210 732 qui
239 662 427 731 quidem
462 660 690 728 religiose
721 661 778 711 de
807 661 888 711 illa
916 660 1124 724 sentiat,
1186 661 1243 710 de
1271 678 1330 711 eo
1364 660 1597 711 eiusmodi
1627 662 1846 728 quiddam
1879 661 2038 712 animo

132 747 402 815 concipiat,
455 754 536 796 aut
565 745 729 796 verbis
759 745 1014 814 exprimat.
1093 741 1233 810 Quod
1261 744 1300 795 si
1334 761 1474 795 nemo
1509 753 1582 795 est
1610 745 1689 812 qui
1719 745 1894 796 rationi
1924 764 2039 796 con-

132 832 281 882 traria
310 839 359 881 et
389 830 595 882 absurda
628 829 706 879 illa
746 828 906 880 carnis
947 828 1098 878 officia
1131 829 1432 896 praestitisse
1475 828 1606 880 illum
1646 830 1921 893 existimet,
1979 847 2040 880 ne

132 933 187 966 ea
217 915 404 983 quidem
436 931 555 982 quae
582 931 610 963 a
641 922 801 965 mente
835 913 1206 982 proficiscuntur
1241 913 1424 964 absona
1464 921 1512 963 et
1544 913 1850 964 abhorrentia
1881 915 2042 982 perfe-

133 1000 260 1051 cisse
301 999 535 1067 putandus
571 1007 663 1049 est.
741 996 842 1049 lam
884 1015 1002 1048 vero
1042 997 1116 1047 dei
1157 997 1357 1047 verbum
1390 999 1605 1066 perfecte
1645 998 1884 1049 hominem
1928 1016 2041 1050 esse

133 1085 306 1134 factum
351 1100 492 1133 nemo
534 1100 629 1132 non
674 1081 916 1149 intelligit.
995 1078 1117 1132 Cum
1156 1090 1313 1132 autem
1355 1084 1617 1150 perfectum
1662 1082 1891 1147 dicimuS,
1944 1101 2042 1133 non

133 1169 252 1219 duos
288 1168 467 1218 idcirco
499 1164 722 1219 Christos
748 1165 1041 1228 asserimUS,
1084 1165 1162 1216 vel
1191 1166 1310 1216 duos
1344 1184 1487 1232 reges
1515 1167 1588 1216 dei
1621 1167 1770 1230 filios,
1813 1169 1895 1217 sed
1925 1185 2042 1218 eun-

134 1254 238 1304 dem
267 1253 427 1315 deum,
469 1261 518 1302 et
547 1252 749 1302 eundem
778 1250 1049 1314 hominem3
1091 1268 1186 1300 non
1217 1250 1323 1300 ideo
1354 1251 1478 1318 quod
1506 1250 1731 1302 habitarit
1755 1252 1801 1302 in
1827 1252 2039 1316 homine,

133 1338 216 1388 sed
246 1337 370 1404 quod
396 1335 498 1404 ipse
530 1344 658 1386 totus
693 1335 835 1385 homo
858 1334 922 1385 sit
950 1336 1121 1386 factus,
1198 1333 1374 1403 Neque
1409 1353 1554 1403 porro
1584 1353 1768 1386 merum
1800 1337 1930 1386 illum
1960 1337 2044 1386 ho-

134 1422 311 1471 minem
353 1418 694 1489 progressione
733 1420 931 1487 quadam
979 1420 1036 1470 ad
1068 1418 1333 1470 divinitatis
1379 1420 1703 1471 conditionem
1743 1421 2043 1490 processisse

134 1505 405 1568 credimuS,
467 1505 550 1554 sed
579 1504 716 1554 deum
747 1521 772 1554 e
800 1503 936 1554 coelo
968 1503 1209 1572 delapsum
1239 1522 1325 1572 pro
1355 1504 1620 1556 divinitatis
1651 1522 1768 1556 suae
1803 1505 2037 1572 potentia,

134 1608 269 1641 suam
304 1588 395 1640 sibi
422 1588 627 1639 hominis
654 1588 900 1638 affluxisse
931 1596 1167 1638 naturam.
1249 1586 1300 1638 ld
1335 1590 1458 1656 quod
1488 1590 1756 1658 scripturae
1787 1590 1867 1640 illa
1894 1589 2046 1640 verba

135 1675 409 1737 declarant,
468 1675 662 1723 Verbum
688 1691 799 1722 earo
825 1674 1001 1738 sactum
1034 1682 1119 1721 est.
1199 1670 1336 1738 Quae
1365 1673 1545 1724 idcirco
1578 1675 1642 1724 ita
1671 1682 1904 1743 concepta
1933 1682 2297 1727 sunuoann-mi.

136 1775 197 1809 ne
235 1757 467 1827 quispiam
506 1757 597 1810 sibi
636 1759 758 1808 sorte
794 1758 1109 1826 persuaderet
1154 1757 1355 1826 primum
1402 1758 1642 1809 hominem
1686 1759 1939 1822 extitisse,
1997 1758 2046 1809 in

137 1860 340 1911 eumque
387 1851 554 1911 postea
589 1841 826 1892 infudisse
867 1859 919 1892 se
963 1838 1229 1893 Christum.
1307 1839 1383 1893 Ob
1422 1842 1465 1892 id
1506 1843 1705 1894 verbum
1748 1843 1901 1912 primo
1939 1841 2045 1894 loco

136 1935 499 1979 sacrosanctum
543 1926 847 1993 evangelium
889 1927 1074 1993 posuit,
1127 1926 1297 1976 deinde
1338 1925 1447 1993 quid
1481 1928 1539 1976 de
1569 1945 1715 1978 carne
1743 1931 2050 1996 profiteretur

136 2011 370 2063 subiecit:
434 2012 652 2071 Verbum,
706 2010 886 2078 iuquit,
937 2029 1047 2060 earo
1073 2013 1250 2076 factum
1281 2021 1366 2059 est.
1443 2009 1558 2061 Non
1600 2012 1722 2062 dixit
1761 2009 1891 2063 Caro
1939 2030 2048 2063 ver-

136 2097 246 2148 bum
281 2105 355 2147 est
383 2097 504 2146 facta
523 2135 536 2158 ,
578 2113 671 2163 quo
699 2095 918 2145 nimirum
951 2096 1151 2146 verbum
1178 2095 1395 2163 inprimis
1430 2096 1713 2147 ostenderet
1737 2097 2049 2148 descendisse

138 2182 197 2231 de
234 2181 398 2243 coelo,
458 2179 643 2248 sibique
678 2197 870 2230 carnem
917 2196 943 2229 e
974 2197 1114 2230 sacro
1157 2180 1360 2247 virginis
1399 2188 1538 2230 utero
1577 2182 1843 2244 formasse,
1905 2191 2048 2249 atque

140 2282 329 2316 omnem
366 2264 415 2315 in
453 2282 563 2315 sese
604 2265 818 2332 perfecte
858 2272 1075 2314 naturam
1114 2264 1320 2315 hominis
1351 2264 1677 2333 expressisse.
1755 2262 1879 2316 Cum
1921 2266 2049 2316 enim

139 2348 205 2400 ita
234 2348 471 2416 loquitur,
515 2350 710 2398 Verbum
741 2366 851 2397 earo
888 2351 1066 2415 factum
1095 2359 1189 2409 est,
1247 2368 1342 2399 non
1371 2350 1484 2400 illud
1512 2349 1718 2413 indicat,
1775 2350 1972 2401 verbum
2002 2350 2050 2400 in

142 2450 336 2484 carnem
367 2432 516 2483 fuisse
544 2450 861 2496 conversum,
914 2442 997 2483 aut
1022 2435 1071 2483 in
1101 2451 1205 2485 eam
1235 2434 1431 2484 omnino
1456 2434 1740 2499 transiisse,
1798 2436 1902 2486 sive
1930 2435 2051 2486 divi-

142 2518 338 2567 nitatem
367 2516 417 2566 in
447 2533 637 2567 carnem
665 2534 773 2568 esse
802 2527 1051 2581 mutatam,
1093 2535 1260 2569 verum
1294 2536 1400 2569 cum
1429 2518 1680 2569 divinitate
1708 2519 1910 2571 verbum
1938 2537 2049 2588 pro-

143 2601 292 2669 priam
333 2599 537 2651 bominis
574 2601 894 2669 assumpsisse
934 2611 1173 2653 naturam.

284 2683 559 2753 Quinetiam
578 2687 883 2750 procedebat,
937 2686 1119 2753 iuquit,
1159 2692 1291 2737 Iesus
1321 2697 1472 2736 aetate
1495 2706 1552 2737 ac
1574 2692 1817 2752 sapientia.
1898 2689 2048 2756 Atqui
2127 2696 2226 2750 Cap.

145 2770 184 2820 si
220 2770 423 2820 humana
463 2778 624 2819 mente
665 2779 882 2832 careret,
936 2772 1199 2838 procedere
1242 2770 1324 2839 qui
1363 2772 1545 2840 potuit?
1603 2781 1653 2822 ut
1690 2790 1716 2822 a
1756 2773 1894 2823 nobis
1938 2782 2047 2823 ante
2066 2754 2287 2851 Ιῗξέζξῐῦςὶ

146 2855 432 2923 disputatnm
463 2863 555 2904 est.
633 2851 726 2905 Cui
757 2862 805 2904 et
834 2862 1027 2904 sanctus
1059 2856 1133 2905 dei
1169 2856 1398 2924 propheta
1430 2855 1604 2907 Esaias
1636 2857 1952 2925 adstipulatur
1979 2857 2051 2906 his

148 2938 342 2989 verbis:
384 2942 507 2987 Eece
532 2941 763 3002 intelliget
784 2956 945 2987 servus
970 2957 1095 2987 mens
1116 2943 1338 2999 dilectus,
1381 2945 1428 2989 in
1455 2959 1544 3006 quo
1572 2944 1690 2989 mz'lzz·
1701 2945 1881 3005 placui.
1959 2939 2049 2991 Ubi
2078 2955 2182 2993 Esai.
2199 2957 2251 3000 42,
2273 2957 2301 2989 1.

149 3041 245 3073 vox
279 3023 360 3073 illa
401 3025 696 3087 intelligendi
729 3023 786 3073 ad
822 3024 1079 3090 perfectam
1122 3023 1327 3074 hominis
1370 3033 1588 3074 naturam
1631 3027 1860 3075 refertur.
1936 3023 2052 3075 Non

149 3107 274 3158 enim
309 3107 580 3174 intelligere
618 3107 863 3174 quisquam
898 3114 1083 3174 potest,
1138 3107 1230 3157 nisi
1274 3117 1433 3158 mente
1466 3109 1529 3159 sit
1560 3109 1831 3176 praeditus,
1885 3110 2051 3159 necin

150 3190 397 3242 divinitate
437 3199 594 3260 potest
636 3191 761 3241 istud
803 3190 1007 3258 impleri.
1087 3189 1326 3257 Quoniam
1365 3210 1453 3242 nec
1494 3192 1812 3260 intelligentia
1845 3191 2048 3259 indiget,

149 3293 270 3344 quae
298 3274 402 3342 ipsa
427 3292 511 3343 per
536 3293 646 3326 sese
669 3275 731 3326 sit
753 3275 1096 3343 intelligentia3
1138 3292 1290 3342 neque
1319 3277 1553 3344 sapientia
1581 3295 1699 3344 opus
1727 3277 1887 3339 habet,
1930 3293 2052 3343 quae

151 3369 226 3411 est
252 3360 356 3428 ipsa
388 3358 641 3427 sapientia.
719 3357 857 3411 Unde
896 3359 1190 3426 intelligendi
1221 3360 1504 3410 vocabulum
1536 3361 1591 3410 ad
1628 3361 1878 3410 humanam
1918 3377 2052 3410 men-

153 3453 245 3494 tem
276 3444 555 3494 neeessario
583 3443 810 3512 pertinet.
883 3441 1146 3493 Praeterea
1177 3443 1289 3493 volo
1320 3443 1431 3493 illud
1468 3444 1579 3493 mihi
1611 3444 1771 3505 dicas,
1826 3445 2052 3511 quemad-

152 3528 342 3578 modum
370 3528 556 3578 esurire
584 3528 810 3596 potuerit.
885 3526 1012 3578 Nam
1043 3526 1085 3576 si
1110 3527 1225 3576 nihil
1253 3536 1446 3595 praeter
1474 3545 1667 3577 carnem
1703 3528 1893 3591 habuit,
1936 3546 2053 3596 quo-

154 3613 293 3662 modo
328 3611 467 3661 samis
494 3613 739 3662 recordari
766 3612 948 3680 potuit?
998 3620 1078 3661 aut
1106 3611 1147 3661 si
1179 3628 1243 3661 ex
1279 3611 1434 3661 anima
1467 3611 1570 3661 sola
1598 3621 1843 3663 constaret
1871 3622 1920 3663 et
1948 3631 2055 3664 eor-

155 3712 272 3762 pore
290 3734 304 3760 ,
358 3696 423 3745 ita
451 3704 502 3746 ut
531 3696 756 3747 facultate
786 3696 869 3746 illa
905 3703 1092 3746 careret
1116 3695 1299 3756 anima,
1355 3712 1474 3762 quae
1502 3696 1689 3746 ratione
1715 3696 1929 3765 praedita
1957 3707 2050 3760 est,

157 3779 247 3830 hoc
285 3788 359 3830 est
384 3780 574 3848 propria
612 3789 769 3831 mente
798 3779 1001 3831 hominis
1033 3787 1081 3830 et
1118 3779 1430 3847 intelligentia
1461 3781 1576 3847 (quo
1617 3782 1807 3832 nomine
1850 3800 1944 3832 non
1974 3783 2053 3832 de—

1593 3879 1719 3931 25*
