2508 4134
493 274 597 323 466
1145 335 1154 344 1
1201 278 1406 320 εΑΝοΤι
1435 280 1717 325 EPIPHANH

494 381 542 441 ἐξ
571 371 633 445 ἧς
663 375 961 445 προφάσεως
1003 374 1133 442 ἐφύη
1169 373 1314 428 πάλιν
1348 375 1517 439 αὐτοῖς
1556 378 1757 447 δευτέρα
1792 377 1966 445 πλάνη.
2042 377 2298 447 Λαβόντες
2326 378 2420 451 γάρ

489 483 614 525 τινες
643 485 702 514 τα
726 467 826 514 τῶν
851 460 959 514 τότε
992 461 1407 514 ἀποκτανθέντων
1431 460 1632 529 σώματα
1661 461 1744 515 διά
1770 461 1859 531 τὴν
1882 462 2114 532 τοιαύτην
2139 462 2423 533 Ἑλληνικὴν

490 546 728 613 ἀνομίαν,
779 548 863 599 καὶ
900 531 1161 613 θάψαντες
1198 547 1250 598 ἐν
1274 563 1370 598 τισι
1400 546 1598 610 τόποις,
1652 548 1755 599 ἐκεῖ
1787 545 1936 600 πάλιν
1965 546 2025 600 τοὶ
2059 547 2187 603 αὐτοὶ
2222 549 2421 618 εῦφημά

487 654 539 685 τε
581 635 876 696 ἐπιτελοῦσι,
933 633 1017 684 καὶ
1060 629 1449 701 Μαρτυριανοῦς
1490 629 1695 693 ἑαυτούς
1729 632 2076 701 ἐπωνόμασαν,
2133 637 2291 703 δηθεν
2337 634 2421 688 διά

487 716 604 780 τούς
640 715 765 787 ’ὑπὲρ
802 724 902 770 τῶν
938 715 1152 770 εἰδώλων
1187 715 1602 787 μαρτυρήσαντας.

263 820 463 877 pag.1069.
615 800 783 855 ’Ἁλλοι
823 802 876 855 δὲ
916 802 1062 855 πάλιν
1098 803 1152 854 ἐκ
1188 800 1380 854 τούτων
1421 803 1490 855 ἔτι
1530 799 1813 871 βαθύτερόν
1850 823 1892 854 τι
1931 802 2302 871 διανοούμενοι,
2355 802 2422 867 ὥς

261 865 372 920 Κεφ
403 879 457 920 γ’
487 885 613 942 κατά
648 886 739 956 τὴν
777 887 944 941 αὐτῶν
992 887 1229 955 εὐήθειαν
1260 886 1525 959 συμβούλῳ
1563 892 1625 959 τῇ
1654 889 1849 957 διανοίᾳ
1875 885 2140 955 χρώμενοι,
2192 886 2331 943 εἶπον
2364 887 2421 942 Ὁ

487 980 719 1036 Σατανᾶς
749 974 899 1043 μέγας
930 974 1056 1037 ἐστὶ,
1109 973 1192 1025 καὶ
1228 970 1538 1041 ἰσχυρότερος
1550 1013 1563 1035 ,
1616 971 1702 1023 καὶ
1730 969 1884 1023 ’πολλοὶ
1922 973 2128 1024 ἐπιτελεῖ
2159 972 2288 1027 κακοὶ
2317 982 2420 1038 τοῖς

486 1058 794 1129 ἀνθρώποις.
869 1058 968 1112 Διά
999 1062 1044 1111 τί
1075 1057 1136 1111 οὐ
1171 1062 1351 1124 μᾶλλον
1394 1055 1523 1126 πρὸς
1551 1061 1724 1109 τοῦτον
1766 1054 2166 1126 καταφεύγομεν,
2218 1060 2302 1112 καὶ
2331 1059 2418 1112 αὖ·

482 1151 550 1218 τῷ
597 1150 995 1215 προςκυνοῦμεν,
1050 1142 1206 1196 αὐτόν
1247 1163 1296 1194 τε
1334 1148 1574 1209 τιμῶμεν,
1623 1144 1711 1194 καὶ
1750 1138 1901 1194 αύτδν
1938 1141 2284 1246 εὔφημοῦμεν,
2335 1146 2420 1197 ἵνα

484 1228 566 1283 δια
604 1252 693 1298 της
727 1235 1077 1296 κολακευτικῆς
1119 1230 1391 1297 θεραπείας
1428 1226 1498 1295 μῆ
1530 1225 1767 1299 ένεργησῃ
1800 1224 1919 1296 ἡμῖν
1955 1225 2014 1279 τά
2051 1226 2274 1298 πονηροὶ,
2323 1227 2421 1283 ἀλλ’

484 1338 552 1378 ως
577 1314 768 1369 δούλων
795 1313 950 1368 αὐτοῦ
976 1311 1119 1381 ημῶν
1146 1310 1435 1382 γεγονότων,
1475 1313 1616 1378 φασὶ,
1662 1318 1682 1348 1
1700 1315 1929 1379 φείδηται
1953 1309 2119 1380 ἦμῶνς
2159 1315 2262 1367 Καὶ
2287 1336 2418 1370 ουτω

481 1402 566 1454 καὶ
605 1394 742 1454 οὗτοι
771 1398 1118 1460 Σατανιανους
1154 1396 1361 1459 έαυτους
1399 1388 1740 1465 ἐπωνόμασαν.
1811 1395 1966 1465 Ὁμοῦ
2007 1398 2061 1450 δὲ
2099 1397 2289 1452 τούτων
2329 1422 2419 1468 την

481 1489 668 1557 αι’ρεσιν
698 1488 750 1539 ἒν
773 1484 934 1558 ταύτῷ
964 1483 1338 1551 συνεθηκαμεν,
1376 1484 1461 1535 καὶ
1484 1505 1602 1545 τους
1628 1485 2018 1554 προειρημένους
2043 1486 2303 1551 μέλλοντας
2328 1483 2415 1551 ὑφ’

480 1570 623 1640 ’ἡμῶν
652 1573 764 1624 νυνὶ
792 1573 1044 1641 λέγεσθαι·
1095 1567 1265 1636 ἐπειδὴ
1292 1566 1386 1638 γάρ
1415 1567 1474 1620 τά
1508 1572 1589 1621 ἰ’σα
1621 1571 1673 1622 έν
1698 1567 1937 1642 ’ὑπαίθρῳ
1968 1568 2277 1640 ἐξαγόμενοι,
2325 1573 2417 1635 ἔξω

479 1655 745 1725 βεβηκότες
788 1663 877 1724 τῆς
921 1657 1190 1724 ἀληθείας,
1249 1656 1329 1708 ε’πὶ
1374 1653 1428 1707 τό
1473 1652 1697 1722 εὔχεσθαι
1745 1657 1827 1707 καὶ
1874 1654 2047 1725 ὑμνεῖν
2088 1655 2416 1726 ἔσχολάκασιν.

470 1741 620 1797 Ἀλλά
648 1741 807 1795 πάντα
842 1742 930 1810 μὲν
961 1747 1113 1794 ταῦτα
1148 1741 1464 1811 περιγέλαστα
1499 1738 1616 1792 ὅντα
1648 1739 1842 1809 ἀβλαβῆ
1871 1741 2121 1813 ἐτύγχανε,
2172 1741 2240 1810 μὴ
2269 1742 2417 1795 δυνά-

479 1849 600 1897 μενα
627 1831 965 1898 παρεκκλίνειν
995 1825 1078 1880 τόν
1105 1833 1224 1879 νοῦν
1253 1823 1351 1878 ἀπὸ
1382 1832 1468 1893 τῆς
1495 1825 1757 1893 ἀληθείας·
1809 1825 1871 1880 ού
1894 1826 1985 1898 γάρ
2015 1831 2082 1891 εἰς
2109 1826 2267 1895 ὄνομα
2296 1832 2415 1898 Χρι-

478 1919 597 1967 στοῦ
626 1914 844 1983 ἐλέγοντο
876 1910 1028 1977 εἶναι,
1081 1910 1203 1965 ἀλλά
1217 1910 1448 1978 Ἕλληνες
1479 1933 1536 1965 το
1563 1917 1678 1965 πᾶν.
1758 1918 1872 1965 Νῦν
1899 1914 1952 1966 δὲ
1982 1912 2068 1966 ἀπ’
2094 1916 2295 1967 ἐκείνων
2317 1935 2416 1966 των

475 1997 675 2070 τρόπων
717 2000 855 2052 οὑτοι
886 2005 977 2051 νῦν
1018 1997 1311 2065 καλούμενοι
1339 1998 1714 2060 Μασσαλιανοὶ,
1764 2019 1834 2050 ων
1860 1997 1972 2064 ούτε
2000 1997 2152 2102 ἀρχὴ,
2203 1998 2314 2052 οὔτε
2339 2001 2411 2053 τέ·

474 2091 585 2150 λος,
624 2083 737 2137 οὔτε
763 2081 978 2151 κεφαλη,
1032 2081 1145 2136 οὔτε
1175 2085 1305 2152 ρίζα·
1361 2080 1482 2135 ἀλλά
1513 2080 1572 2134 τά
1595 2081 1753 2134 πάντα
1781 2085 1904 2135 εἰσὶν
1941 2083 2221 2153 ἀστήρικτοι
2249 2086 2333 2136 καὶ
2358 2082 2411 2136 ἅ-

474 2192 645 2241 ναρχοι
665 2192 749 2222 και
778 2169 1113 2237 ἠπατημένοι,
1170 2167 1236 2235 μή
1267 2170 1455 2235 ἔχοντες
1482 2166 1607 2228 όλως
1638 2167 1902 2237 στηριγμὸν
1941 2166 2212 2236 ὀνόματος,
2264 2168 2299 2237 ἢ
2326 2177 2412 2222 θε-

476 2261 629 2323 σμοῦ,
682 2253 715 2323 η’
741 2256 956 2319 θέσεως,
1007 2253 1041 2322 ἢ
1070 2256 1383 2321 νομοθεσίας.
1433 2257 1725 2305 2Δοκοῦσι
1763 2256 1930 2306 τοίνυν
1962 2247 2101 2307 οὗτοι
2132 2254 2411 2319 ἔπιτοαυτό,

475 2339 652 2410 ἀνδρες
690 2361 741 2393 τε
783 2341 869 2392 καὶ
906 2347 1134 2410 γυναῖκες
1173 2342 1355 2406 δῆθεν,
1410 2340 1479 2399 εἰς
1518 2336 1734 2406 Χριστον
1771 2340 2144 2392 πεπιστευκέναι
2177 2341 2412 2409 λέγοντες,

477 2424 545 2488 ὥς
576 2424 946 2493 ἀποταξάμενοι
973 2431 1039 2497 τῷ
1064 2423 1262 2495 κόσμῳ,
1300 2424 1386 2476 καὶ
1409 2429 1507 2475 τῶν
1534 2426 1670 2476 ἰδίων
1703 2423 2153 2494 ἀνακεχωρηκότες,
2204 2423 2333 2492 ὁμοῦ
2360 2426 2412 2478 δὲ

474 2509 655 2578 ἀναμὶξ
699 2507 874 2580 ἀνδρες
914 2509 1016 2577 ἅμα
1060 2510 1277 2579 γυναιξὶ,
1332 2510 1414 2561 καὶ
1462 2516 1690 2578 γυναῖκες
1724 2508 1827 2576 ἅμα
1869 2508 2109 2580 ἀνδράσιν
2148 2509 2409 2564 έπιτοαυτὸ

471 2594 830 2659 καθεύδοντες,
871 2596 923 2647 έν
952 2593 1132 2663 ῥύμαις
1163 2595 1250 2661 μὲν
1276 2597 1546 2658 πλατείαις,
1586 2592 1800 2662 ὁπηνίκα
1828 2596 2015 2665 θέρους
2040 2594 2146 2665 ὅρα
2172 2598 2276 2663 εἴη,
2327 2593 2411 2648 διὰ

471 2680 527 2734 τό
577 2678 646 2748 μὴ
683 2682 832 2748 ἔχειν,
891 2681 1084 2747 3φησὶ,
1139 2686 1300 2747 κτῆμα
1336 2681 1416 2733 ε’πὶ
1455 2686 1544 2747 τῆς
1582 2686 1685 2749 γῆς.
1758 2678 2019 2734 Ἀκοόλυτοι
2062 2682 2117 2733 δέ
2153 2684 2271 2745 εἶσι,
2324 2682 2410 2734 καὶ

472 2769 736 2820 έκτείνουσι
776 2773 941 2836 χεῖρας
985 2773 1222 2833 μεταιτεῖν
1266 2763 1333 2827 οἷς
1369 2765 1575 2833 ἀβίωτοι
1612 2767 1693 2818 καὶ
1738 2765 2024 2834 ἀκτήμονες.
2105 2768 2170 2818 Οἱ
2193 2765 2246 2818 δὲ
2271 2763 2411 2835 λόγοι

473 2849 638 2905 αύτων
679 2850 918 2921 ἀφρόνων
963 2853 1199 2904 ἐπέκεινα.
1260 2850 1357 2904 “Ον
1389 2849 1431 2903 δ’
1467 2849 1527 2903 ἀν
1557 2873 1665 2903 τινα
1705 2850 2018 2924 ἐπερωτήσης
2055 2853 2104 2914 ἐξ
2131 2850 2298 2903 αὐτων
2327 2847 2408 2920 ὄρ-

473 2958 725 3006 μωμενον,
775 2939 967 2990 ἐκεῖνον
1011 2936 1187 2990 ἑαυτὸν
1217 2936 1395 3003 φάσκει
1429 2933 1537 2990 οἷον
1567 2935 1610 2988 δ’
1639 2934 1701 2989 ἀν
1731 2938 1936 2998 ἐθέλοις.
1996 2934 2140 2989 ’Ήτοι
2167 2933 2260 3038 γάρ
2287 2957 2407 3005 προ-

472 3023 638 3091 φήτην
665 3024 848 3087 εἴποις,
886 3024 1074 3085 λέξουσι
1104 3021 1206 3087 ὅτι,
1249 3020 1527 3092 Προφήτης
1563 3023 1681 3088 εἰμί·
1732 3019 1846 3089 ἤτοι
1876 3018 2146 3091 Χριστὸν
2123 3019 2185 3072 α“ν
2221 3018 2406 3088 ὄνομά-

471 3125 587 3181 σῃς,
644 3107 825 3173 φάσκει
864 3107 963 3173 ὅτι,
1022 3107 1236 3178 Χριστός
1279 3110 1397 3175 εἰμι·
1448 3104 1558 3174 ἤτοι
1595 3106 1923 3175 πατριάρχην,
1972 3127 2025 3158 το
2066 3102 2186 3158 αὐτὸ
2230 3104 2406 3159 ἑαυτὸν

472 3192 701 3261 ὀνομάζει
740 3193 978 3254 ἀναιδῶς·
1033 3191 1142 3260 ἤτοι
1186 3192 1411 3263 ἄγγελον,
1466 3193 1550 3245 καὶ
1589 3190 1766 3245 ἔαυτόν
1801 3193 1938 3261 λέγει.
2014 3191 2116 3242 Καὶ
2161 3188 2327 3254 άπλῶς
2363 3183 2405 3246 ὦ

471 3284 560 3345 τῆς
603 3285 703 3331 τῶν
742 3276 1031 3348 ἀνθρώπων
1071 3277 1518 3348 ματαιοφροσύνης.
1597 3280 1844 3345 Νηστείαν
1885 3275 1937 3328 δὲ
1966 3273 2075 3328 οὐδ’
2107 3274 2234 3337 ὅλως
2268 3279 2405 3330 οἴδα-

470 3381 571 3428 σιν,
623 3362 742 3416 ἀλλά
770 3367 930 3431 δῆθεν
960 3366 1028 3425 εἰς
1060 3362 1149 3431 τὴν
1181 3362 1328 3432 εύχῆν
1357 3361 1694 3431 ἔσχολακότες,
1747 3362 1831 3414 καὶ
1865 3358 1966 3413 ἀπό
1993 3358 2127 3430 ὥρας
2153 3362 2400 3431 δευτέρας,

248 3461 333 3499 pag.
357 3453 452 3489 ¹⁰⁷⁰·
475 3446 510 3516 ἢ
535 3451 724 3518 τρίτης,
761 3448 796 3516 ἢ
822 3451 906 3501 καὶ
935 3448 1024 3516 τὴν
1053 3448 1230 3513 νύκτα,
1270 3448 1356 3501 ἐάν
1391 3445 1628 3515 φθάσωσι
1654 3451 1906 3509 πεινᾶσαι,
1956 3444 2115 3498 πάντα
2142 3446 2299 3508 ἀδεῶς
2325 3448 2402 3516 έρ-

471 3533 722 3602 γάζονταιὲ,
778 3537 1027 3596 ἐσθίοντες
1068 3536 1151 3586 καὶ
1201 3537 1438 3595 πίνοντες.
1517 3534 1644 3603 Περὶ
1683 3532 1736 3583 δὲ
1772 3529 2088 3599 αἰσχρότητος
2123 3529 2157 3599 ἢ
2180 3536 2402 3603 λαγνείας

534 3677 629 3719 CAP.
653 3679 724 3718 ΠῙ.
749 3702 796 3709 ν-
863 3678 896 3718 1.
927 3680 1039 3719 Libri
1067 3680 1183 3730 vulgo
1208 3677 1411 3733 φείδεται.
1524 3675 1563 3719 3.
1594 3676 1848 3716 Scribendum
1876 3676 2039 3726 fortasse
2067 3675 2187 3732 φασὶ.

528 3732 568 3772 2.
600 3736 788 3786 Suspicor
819 3733 1011 3778 Οἰκοῦσι.
