<?xml version="1.0" encoding="UTF-8"?>
<!DOCTYPE html PUBLIC "-//W3C//DTD XHTML 1.0 Transitional//EN"
    "http://www.w3.org/TR/xhtml1/DTD/xhtml1-transitional.dtd">
<html xmlns="http://www.w3.org/1999/xhtml" xml:lang="en" lang="en">
 <head>
  <title>
</title>
<meta http-equiv="Content-Type" content="text/html;charset=utf-8" />
  <meta name='ocr-system' content='tesseract 3.04.00' />
  <meta name='ocr-capabilities' content='ocr_page ocr_carea ocr_par ocr_line ocrx_word'/>
</head>
<body>
  <div class='ocr_page' id='page_1' title='image "./pt3corporishaere02epipuoft/pt3corporishaere02epipuoft_0015.png"; bbox 0 0 2508 4134; ppageno 0'>
   <div class='ocr_carea' id='block_1_1' title="bbox 786 291 2076 346">
    <p class='ocr_par' dir='ltr' id='par_1_1' title="bbox 786 291 2076 346">
     <span class='ocr_line' id='line_1_1' title="bbox 786 291 2076 346; baseline -0.002 -3"><span class='ocrx_word' id='word_1_1' title='bbox 786 301 1013 343; x_wconf 71' lang='lat' dir='ltr'><strong>PANARn</strong></span> <span class='ocrx_word' id='word_1_2' title='bbox 1041 301 1146 345; x_wconf 83' lang='lat' dir='ltr'><strong>LIB.</strong></span> <span class='ocrx_word' id='word_1_3' title='bbox 1168 303 1240 346; x_wconf 83' lang='lat'><strong>111.</strong></span> <span class='ocrx_word' id='word_1_4' title='bbox 1269 302 1404 345; x_wconf 91' lang='lat' dir='ltr'><strong>TOM.</strong></span> <span class='ocrx_word' id='word_1_5' title='bbox 1424 302 1455 343; x_wconf 87' lang='lat'><strong>1.</strong></span> <span class='ocrx_word' id='word_1_6' title='bbox 2044 291 2076 340; x_wconf 83' lang='lat'>5</span> 
     </span>
    </p>
   </div>
   <div class='ocr_carea' id='block_1_2' title="bbox 125 396 2076 797">
    <p class='ocr_par' dir='ltr' id='par_1_2' title="bbox 125 396 2076 797">
     <span class='ocr_line' id='line_1_2' title="bbox 169 396 2076 469; baseline -0.002 -19"><span class='ocrx_word' id='word_1_7' title='bbox 169 399 335 462; x_wconf 82' lang='lat' dir='ltr'><strong>fllium,</strong></span> <span class='ocrx_word' id='word_1_8' title='bbox 376 399 625 469; x_wconf 84' lang='lat' dir='ltr'><strong>inquiunt,</strong></span> <span class='ocrx_word' id='word_1_9' title='bbox 664 399 794 451; x_wconf 91' lang='lat' dir='ltr'><strong>illum</strong></span> <span class='ocrx_word' id='word_1_10' title='bbox 826 398 1060 463; x_wconf 78' lang='lat' dir='ltr'><strong>dicimuS,</strong></span> <span class='ocrx_word' id='word_1_11' title='bbox 1103 415 1273 449; x_wconf 90' lang='lat' dir='ltr'><strong>verum</strong></span> <span class='ocrx_word' id='word_1_12' title='bbox 1307 416 1367 450; x_wconf 91' lang='lat' dir='ltr'><strong>ne</strong></span> <span class='ocrx_word' id='word_1_13' title='bbox 1398 416 1461 450; x_wconf 83' lang='lat' dir='ltr'><strong>ex</strong></span> <span class='ocrx_word' id='word_1_14' title='bbox 1493 396 1811 467; x_wconf 71' lang='lat' dir='ltr'><strong>generatione</strong></span> <span class='ocrx_word' id='word_1_15' title='bbox 1844 396 1946 465; x_wconf 88' lang='lat' dir='ltr'><strong>ipsa</strong></span> <span class='ocrx_word' id='word_1_16' title='bbox 1981 396 2076 447; x_wconf 89' lang='lat' dir='ltr'><strong>nlla</strong></span> 
     </span>
     <span class='ocr_line' id='line_1_3' title="bbox 168 477 2073 550; baseline 0 -18"><span class='ocrx_word' id='word_1_17' title='bbox 168 482 216 532; x_wconf 92' lang='lat' dir='ltr'><strong>in</strong></span> <span class='ocrx_word' id='word_1_18' title='bbox 246 491 427 550; x_wconf 84' lang='lat' dir='ltr'><strong>patrem</strong></span> <span class='ocrx_word' id='word_1_19' title='bbox 473 483 666 534; x_wconf 83' lang='lat' dir='ltr'><strong>affectio</strong></span> <span class='ocrx_word' id='word_1_20' title='bbox 708 481 988 545; x_wconf 89' lang='lat' dir='ltr'><strong>derivetur,</strong></span> <span class='ocrx_word' id='word_1_21' title='bbox 1047 481 1251 532; x_wconf 89' lang='lat' dir='ltr'><strong>eundem</strong></span> <span class='ocrx_word' id='word_1_22' title='bbox 1285 490 1497 531; x_wconf 88' lang='lat' dir='ltr'><strong>creatum</strong></span> <span class='ocrx_word' id='word_1_23' title='bbox 1542 481 1844 531; x_wconf 81' lang='lat' dir='ltr'><strong>confitemur.</strong></span> <span class='ocrx_word' id='word_1_24' title='bbox 1922 477 2073 532; x_wconf 84' lang='lat' dir='ltr'><strong>lidcm</strong></span> 
     </span>
     <span class='ocr_line' id='line_1_4' title="bbox 166 557 2072 633; baseline -0.001 -19"><span class='ocrx_word' id='word_1_25' title='bbox 166 573 214 614; x_wconf 85' lang='lat' dir='ltr'><strong>et</strong></span> <span class='ocrx_word' id='word_1_26' title='bbox 241 565 458 633; x_wconf 88' lang='lat' dir='ltr'><strong>spiritum</strong></span> <span class='ocrx_word' id='word_1_27' title='bbox 490 574 708 617; x_wconf 87' lang='lat' dir='ltr'><strong>sanctum</strong></span> <span class='ocrx_word' id='word_1_28' title='bbox 753 565 948 616; x_wconf 89' lang='lat' dir='ltr'><strong>omnino</strong></span> <span class='ocrx_word' id='word_1_29' title='bbox 978 573 1247 616; x_wconf 87' lang='lat' dir='ltr'><strong>creaturam</strong></span> <span class='ocrx_word' id='word_1_30' title='bbox 1281 580 1391 614; x_wconf 88' lang='lat' dir='ltr'><strong>esse</strong></span> <span class='ocrx_word' id='word_1_31' title='bbox 1420 564 1680 625; x_wconf 83' lang='lat' dir='ltr'><strong>definiunt,</strong></span> <span class='ocrx_word' id='word_1_32' title='bbox 1722 580 1925 630; x_wconf 76' lang='lat' dir='ltr'><strong>cumque</strong></span> <span class='ocrx_word' id='word_1_33' title='bbox 1956 557 2072 627; x_wconf 80' lang='grc' dir='ltr'>ὅμο-</span> 
     </span>
     <span class='ocr_line' id='line_1_5' title="bbox 125 641 2075 715; baseline -0.001 -18"><span class='ocrx_word' id='word_1_34' title='bbox 125 679 129 680; x_wconf 30' lang='grc' dir='ltr'><em>ν</em></span> <span class='ocrx_word' id='word_1_35' title='bbox 168 643 364 709; x_wconf 84' lang='grc' dir='ltr'><strong><em>ούσιον,</em></strong></span> <span class='ocrx_word' id='word_1_36' title='bbox 415 648 462 699; x_wconf 90' lang='lat' dir='ltr'><strong>id</strong></span> <span class='ocrx_word' id='word_1_37' title='bbox 509 657 584 699; x_wconf 91' lang='lat' dir='ltr'><strong>est</strong></span> <span class='ocrx_word' id='word_1_38' title='bbox 631 650 1099 708; x_wconf 75' lang='lat' dir='ltr'><em>consubstantialem,</em></span> <span class='ocrx_word' id='word_1_39' title='bbox 1156 646 1440 715; x_wconf 80' lang='lat' dir='ltr'>repudient,</span> <span class='ocrx_word' id='word_1_40' title='bbox 1496 641 1804 709; x_wconf 81' lang='grc' dir='ltr'><em>ὅμοιούσιον,</em></span> <span class='ocrx_word' id='word_1_41' title='bbox 1855 645 1944 696; x_wconf 86' lang='lat' dir='ltr'><strong>hoc</strong></span> <span class='ocrx_word' id='word_1_42' title='bbox 1998 654 2075 697; x_wconf 86' lang='lat' dir='ltr'><strong>est</strong></span> 
     </span>
     <span class='ocr_line' id='line_1_6' title="bbox 165 726 2071 797; baseline -0.001 -17"><span class='ocrx_word' id='word_1_43' title='bbox 165 730 437 783; x_wconf 84' lang='lat' dir='ltr'><strong>substantia</strong></span> <span class='ocrx_word' id='word_1_44' title='bbox 465 731 702 795; x_wconf 84' lang='lat' dir='ltr'><strong>similem,</strong></span> <span class='ocrx_word' id='word_1_45' title='bbox 756 731 1029 782; x_wconf 85' lang='lat' dir='ltr'><strong>admittunt.</strong></span> <span class='ocrx_word' id='word_1_46' title='bbox 1108 728 1250 797; x_wconf 85' lang='lat' dir='ltr'><strong>Quod</strong></span> <span class='ocrx_word' id='word_1_47' title='bbox 1283 729 1439 797; x_wconf 89' lang='lat' dir='ltr'><strong>ipsum</strong></span> <span class='ocrx_word' id='word_1_48' title='bbox 1470 736 1630 778; x_wconf 85' lang='lat' dir='ltr'><strong>tamen</strong></span> <span class='ocrx_word' id='word_1_49' title='bbox 1662 729 1851 796; x_wconf 89' lang='lat' dir='ltr'><strong>quidam</strong></span> <span class='ocrx_word' id='word_1_50' title='bbox 1881 745 1946 780; x_wconf 80' lang='lat' dir='ltr'><strong>ex</strong></span> <span class='ocrx_word' id='word_1_51' title='bbox 1974 726 2071 779; x_wconf 87' lang='lat' dir='ltr'><strong>illis</strong></span> 
     </span>
    </p>
   </div>
   <div class='ocr_carea' id='block_1_3' title="bbox 162 822 2069 948">
    <p class='ocr_par' dir='ltr' id='par_1_3' title="bbox 162 822 2069 948">
     <span class='ocr_line' id='line_1_7' title="bbox 162 822 412 882; baseline 0.008 -19"><span class='ocrx_word' id='word_1_52' title='bbox 162 822 412 882; x_wconf 89' lang='lat' dir='ltr'><strong>respuunt.</strong></span> 
     </span>
     <span class='ocr_line' id='line_1_8' title="bbox 299 893 2069 948; baseline -0.001 -1"><span class='ocrx_word' id='word_1_53' title='bbox 299 899 360 948; x_wconf 92' lang='lat' dir='ltr'><strong>V.</strong></span> <span class='ocrx_word' id='word_1_54' title='bbox 400 895 848 948; x_wconf 74' lang='lat' dir='ltr'><strong>pneumatomachi.</strong></span> <span class='ocrx_word' id='word_1_55' title='bbox 925 894 1001 947; x_wconf 88' lang='lat' dir='ltr'><strong>De</strong></span> <span class='ocrx_word' id='word_1_56' title='bbox 1031 893 1230 948; x_wconf 88' lang='lat' dir='ltr'><strong>Christo</strong></span> <span class='ocrx_word' id='word_1_57' title='bbox 1258 894 1336 945; x_wconf 89' lang='lat' dir='ltr'><strong>isti</strong></span> <span class='ocrx_word' id='word_1_58' title='bbox 1370 911 1465 944; x_wconf 88' lang='lat' dir='ltr'><strong>non</strong></span> <span class='ocrx_word' id='word_1_59' title='bbox 1507 893 1630 944; x_wconf 89' lang='lat' dir='ltr'><strong>male</strong></span> <span class='ocrx_word' id='word_1_60' title='bbox 1663 893 1875 945; x_wconf 83' lang='lat' dir='ltr'><strong>sentiunt</strong></span> <span class='ocrx_word' id='word_1_61' title='bbox 1904 895 1987 945; x_wconf 89' lang='lat' dir='ltr'><strong>sed</strong></span> <span class='ocrx_word' id='word_1_62' title='bbox 2019 895 2069 945; x_wconf 92' lang='lat' dir='ltr'><strong>in</strong></span> 
     </span>
    </p>
   </div>
   <div class='ocr_carea' id='block_1_4' title="bbox 157 978 2071 1215">
    <p class='ocr_par' dir='ltr' id='par_1_4' title="bbox 157 978 2071 1215">
     <span class='ocr_line' id='line_1_9' title="bbox 158 978 2067 1048; baseline -0.002 -17"><span class='ocrx_word' id='word_1_63' title='bbox 158 978 375 1047; x_wconf 89' lang='lat' dir='ltr'><strong>spiritum</strong></span> <span class='ocrx_word' id='word_1_64' title='bbox 414 989 630 1032; x_wconf 87' lang='lat' dir='ltr'><strong>sanctum</strong></span> <span class='ocrx_word' id='word_1_65' title='bbox 674 979 989 1030; x_wconf 67' lang='lat' dir='ltr'><strong>contumelias</strong></span> <span class='ocrx_word' id='word_1_66' title='bbox 1021 980 1238 1048; x_wconf 89' lang='lat' dir='ltr'><strong>jaciunt,</strong></span> <span class='ocrx_word' id='word_1_67' title='bbox 1295 996 1401 1028; x_wconf 91' lang='lat' dir='ltr'><strong>cum</strong></span> <span class='ocrx_word' id='word_1_68' title='bbox 1445 986 1494 1028; x_wconf 88' lang='lat' dir='ltr'><strong>et</strong></span> <span class='ocrx_word' id='word_1_69' title='bbox 1522 985 1734 1027; x_wconf 82' lang='lat' dir='ltr'><strong>creatum</strong></span> <span class='ocrx_word' id='word_1_70' title='bbox 1761 987 2067 1042; x_wconf 79' lang='lat' dir='ltr'><strong>asseverent,</strong></span> 
     </span>
     <span class='ocr_line' id='line_1_10' title="bbox 157 1060 2071 1129; baseline 0 -17"><span class='ocrx_word' id='word_1_71' title='bbox 157 1071 205 1112; x_wconf 87' lang='lat' dir='ltr'><strong>et</strong></span> <span class='ocrx_word' id='word_1_72' title='bbox 236 1080 263 1113; x_wconf 88' lang='lat' dir='ltr'><strong>a</strong></span> <span class='ocrx_word' id='word_1_73' title='bbox 298 1063 548 1115; x_wconf 88' lang='lat' dir='ltr'><strong>divinitate</strong></span> <span class='ocrx_word' id='word_1_74' title='bbox 588 1063 839 1126; x_wconf 67' lang='lat' dir='ltr'><strong>reiiciantt,</strong></span> <span class='ocrx_word' id='word_1_75' title='bbox 892 1062 988 1112; x_wconf 90' lang='lat' dir='ltr'><strong>imo</strong></span> <span class='ocrx_word' id='word_1_76' title='bbox 1031 1079 1149 1113; x_wconf 91' lang='lat' dir='ltr'><strong>vero</strong></span> <span class='ocrx_word' id='word_1_77' title='bbox 1188 1062 1422 1113; x_wconf 79' lang='lat' dir='ltr'><strong>abusione</strong></span> <span class='ocrx_word' id='word_1_78' title='bbox 1461 1061 1663 1128; x_wconf 88' lang='lat' dir='ltr'><strong>quadam</strong></span> <span class='ocrx_word' id='word_1_79' title='bbox 1700 1060 1835 1110; x_wconf 87' lang='lat' dir='ltr'><strong>vocis</strong></span> <span class='ocrx_word' id='word_1_80' title='bbox 1874 1071 2071 1129; x_wconf 87' lang='lat' dir='ltr'><strong>propter</strong></span> 
     </span>
     <span class='ocr_line' id='line_1_11' title="bbox 157 1143 2067 1215; baseline 0 -20"><span class='ocrx_word' id='word_1_81' title='bbox 157 1145 394 1196; x_wconf 75' lang='lat' dir='ltr'><strong>actionem</strong></span> <span class='ocrx_word' id='word_1_82' title='bbox 425 1147 574 1215; x_wconf 87' lang='lat' dir='ltr'><strong>ipsam</strong></span> <span class='ocrx_word' id='word_1_83' title='bbox 611 1155 824 1197; x_wconf 87' lang='lat' dir='ltr'><strong>creatum</strong></span> <span class='ocrx_word' id='word_1_84' title='bbox 851 1162 962 1196; x_wconf 89' lang='lat' dir='ltr'><strong>esse</strong></span> <span class='ocrx_word' id='word_1_85' title='bbox 991 1144 1179 1208; x_wconf 85' lang='lat' dir='ltr'><strong>dicant,</strong></span> <span class='ocrx_word' id='word_1_86' title='bbox 1222 1162 1311 1196; x_wconf 80' lang='lat' dir='ltr'><strong>nec</strong></span> <span class='ocrx_word' id='word_1_87' title='bbox 1341 1143 1468 1195; x_wconf 88' lang='lat' dir='ltr'><strong>aliud</strong></span> <span class='ocrx_word' id='word_1_88' title='bbox 1505 1161 1615 1195; x_wconf 87' lang='lat' dir='ltr'><strong>esse</strong></span> <span class='ocrx_word' id='word_1_89' title='bbox 1647 1143 1897 1212; x_wconf 87' lang='lat' dir='ltr'><strong>quicquam</strong></span> <span class='ocrx_word' id='word_1_90' title='bbox 1928 1162 2067 1213; x_wconf 87' lang='lat' dir='ltr'><strong>prae-</strong></span> 
     </span>
    </p>
   </div>
   <div class='ocr_carea' id='block_1_5' title="bbox 155 1229 2067 1377">
    <p class='ocr_par' dir='ltr' id='par_1_5' title="bbox 155 1229 2067 1377">
     <span class='ocr_line' id='line_1_12' title="bbox 155 1229 751 1281; baseline 0.002 -2"><span class='ocrx_word' id='word_1_91' title='bbox 155 1238 230 1279; x_wconf 85' lang='lat' dir='ltr'><strong>ter</strong></span> <span class='ocrx_word' id='word_1_92' title='bbox 267 1229 360 1280; x_wconf 90' lang='lat' dir='ltr'><strong>vim</strong></span> <span class='ocrx_word' id='word_1_93' title='bbox 401 1230 751 1281; x_wconf 85' lang='lat' dir='ltr'><strong>sanctificandi.</strong></span> 
     </span>
     <span class='ocr_line' id='line_1_13' title="bbox 293 1309 2067 1377; baseline -0.001 -15"><span class='ocrx_word' id='word_1_94' title='bbox 293 1314 376 1363; x_wconf 88' lang='lat' dir='ltr'><strong>Vl.</strong></span> <span class='ocrx_word' id='word_1_95' title='bbox 429 1313 652 1365; x_wconf 81' lang='lat' dir='ltr'><strong>Ae&#39;riani.</strong></span> <span class='ocrx_word' id='word_1_96' title='bbox 727 1312 908 1364; x_wconf 82' lang='lat' dir='ltr'><strong>Ae&#39;rius</strong></span> <span class='ocrx_word' id='word_1_97' title='bbox 949 1328 975 1362; x_wconf 91' lang='lat' dir='ltr'><strong>e</strong></span> <span class='ocrx_word' id='word_1_98' title='bbox 1013 1309 1173 1363; x_wconf 87' lang='lat' dir='ltr'><strong>Ponto</strong></span> <span class='ocrx_word' id='word_1_99' title='bbox 1212 1310 1442 1361; x_wconf 88' lang='lat' dir='ltr'><strong>oriundus</strong></span> <span class='ocrx_word' id='word_1_100' title='bbox 1480 1310 1717 1377; x_wconf 86' lang='lat' dir='ltr'><strong>hodieque</strong></span> <span class='ocrx_word' id='word_1_101' title='bbox 1765 1326 1934 1375; x_wconf 85' lang='lat' dir='ltr'><strong>magna</strong></span> <span class='ocrx_word' id='word_1_102' title='bbox 1980 1309 2067 1361; x_wconf 89' lang='lat' dir='ltr'><strong>hu-</strong></span> 
     </span>
    </p>
   </div>
   <div class='ocr_carea' id='block_1_6' title="bbox 132 1391 2063 3553">
    <p class='ocr_par' dir='ltr' id='par_1_6' title="bbox 140 1391 2063 2381">
     <span class='ocr_line' id='line_1_14' title="bbox 154 1391 2061 1464; baseline -0.002 -17"><span class='ocrx_word' id='word_1_103' title='bbox 154 1397 278 1447; x_wconf 89' lang='lat' dir='ltr'><strong>mani</strong></span> <span class='ocrx_word' id='word_1_104' title='bbox 320 1397 516 1464; x_wconf 90' lang='lat' dir='ltr'><strong>generis</strong></span> <span class='ocrx_word' id='word_1_105' title='bbox 555 1395 824 1447; x_wconf 89' lang='lat' dir='ltr'><strong>calamitate</strong></span> <span class='ocrx_word' id='word_1_106' title='bbox 858 1403 1100 1463; x_wconf 77' lang='lat' dir='ltr'><strong>superest.</strong></span> <span class='ocrx_word' id='word_1_107' title='bbox 1176 1391 1360 1444; x_wconf 81' lang='lat' dir='ltr'><strong>Fuerat</strong></span> <span class='ocrx_word' id='word_1_108' title='bbox 1400 1395 1510 1445; x_wconf 87' lang='lat' dir='ltr'><strong>olim</strong></span> <span class='ocrx_word' id='word_1_109' title='bbox 1545 1392 1784 1443; x_wconf 88' lang='lat' dir='ltr'><strong>Eustathii</strong></span> <span class='ocrx_word' id='word_1_110' title='bbox 1826 1394 2061 1461; x_wconf 89' lang='lat' dir='ltr'><strong>episcopi,</strong></span> 
     </span>
     <span class='ocr_line' id='line_1_15' title="bbox 152 1477 2063 1547; baseline 0 -17"><span class='ocrx_word' id='word_1_111' title='bbox 152 1480 229 1547; x_wconf 92' lang='lat' dir='ltr'><strong>qui</strong></span> <span class='ocrx_word' id='word_1_112' title='bbox 266 1480 434 1530; x_wconf 88' lang='lat' dir='ltr'><strong>Ariani</strong></span> <span class='ocrx_word' id='word_1_113' title='bbox 480 1478 663 1530; x_wconf 89' lang='lat' dir='ltr'><strong>erroris</strong></span> <span class='ocrx_word' id='word_1_114' title='bbox 700 1479 1012 1529; x_wconf 87' lang='lat' dir='ltr'><strong>insimulatus</strong></span> <span class='ocrx_word' id='word_1_115' title='bbox 1043 1486 1146 1540; x_wconf 88' lang='lat' dir='ltr'><strong>est,</strong></span> <span class='ocrx_word' id='word_1_116' title='bbox 1199 1477 1484 1546; x_wconf 75' lang='lat' dir='ltr'><strong>presbyter3</strong></span> <span class='ocrx_word' id='word_1_117' title='bbox 1539 1478 1615 1545; x_wconf 90' lang='lat' dir='ltr'><strong>qni</strong></span> <span class='ocrx_word' id='word_1_118' title='bbox 1650 1477 1774 1544; x_wconf 91' lang='lat' dir='ltr'><strong>quod</strong></span> <span class='ocrx_word' id='word_1_119' title='bbox 1809 1479 2063 1547; x_wconf 85' lang='lat' dir='ltr'><strong>episcopus</strong></span> 
     </span>
     <span class='ocr_line' id='line_1_16' title="bbox 151 1561 2063 1629; baseline -0.001 -16"><span class='ocrx_word' id='word_1_120' title='bbox 151 1571 340 1613; x_wconf 85' lang='lat' dir='ltr'><strong>creatus</strong></span> <span class='ocrx_word' id='word_1_121' title='bbox 383 1581 476 1613; x_wconf 88' lang='lat' dir='ltr'><strong>non</strong></span> <span class='ocrx_word' id='word_1_122' title='bbox 522 1573 682 1626; x_wconf 90' lang='lat' dir='ltr'><strong>esset,</strong></span> <span class='ocrx_word' id='word_1_123' title='bbox 740 1562 886 1613; x_wconf 86' lang='lat' dir='ltr'><strong>multa</strong></span> <span class='ocrx_word' id='word_1_124' title='bbox 930 1563 1163 1611; x_wconf 90' lang='lat' dir='ltr'><strong>adversus</strong></span> <span class='ocrx_word' id='word_1_125' title='bbox 1209 1561 1492 1611; x_wconf 79' lang='lat' dir='ltr'><strong>catholicam</strong></span> <span class='ocrx_word' id='word_1_126' title='bbox 1537 1561 1792 1610; x_wconf 85' lang='lat' dir='ltr'><strong>ecclesiam</strong></span> <span class='ocrx_word' id='word_1_127' title='bbox 1838 1563 2063 1629; x_wconf 86' lang='lat' dir='ltr'><strong>dogmata</strong></span> 
     </span>
     <span class='ocr_line' id='line_1_17' title="bbox 151 1645 2060 1713; baseline 0.001 -17"><span class='ocrx_word' id='word_1_128' title='bbox 151 1655 449 1696; x_wconf 85' lang='lat' dir='ltr'><strong>commentus</strong></span> <span class='ocrx_word' id='word_1_129' title='bbox 481 1655 584 1709; x_wconf 87' lang='lat' dir='ltr'><strong>est,</strong></span> <span class='ocrx_word' id='word_1_130' title='bbox 642 1663 729 1708; x_wconf 87' lang='lat' dir='ltr'><strong>ac,</strong></span> <span class='ocrx_word' id='word_1_131' title='bbox 785 1646 908 1713; x_wconf 90' lang='lat' dir='ltr'><strong>qnod</strong></span> <span class='ocrx_word' id='word_1_132' title='bbox 939 1645 996 1694; x_wconf 91' lang='lat' dir='ltr'><strong>ad</strong></span> <span class='ocrx_word' id='word_1_133' title='bbox 1033 1645 1168 1694; x_wconf 83' lang='lat' dir='ltr'><strong>fidem</strong></span> <span class='ocrx_word' id='word_1_134' title='bbox 1202 1646 1403 1707; x_wconf 86' lang='lat' dir='ltr'><strong>attinet,</strong></span> <span class='ocrx_word' id='word_1_135' title='bbox 1456 1662 1717 1709; x_wconf 79' lang='lat' dir='ltr'><strong>germanus</strong></span> <span class='ocrx_word' id='word_1_136' title='bbox 1752 1646 1859 1696; x_wconf 88' lang='lat' dir='ltr'><strong>Arii</strong></span> <span class='ocrx_word' id='word_1_137' title='bbox 1903 1656 2060 1697; x_wconf 83' lang='lat' dir='ltr'><strong>secta-</strong></span> 
     </span>
     <span class='ocr_line' id='line_1_18' title="bbox 149 1725 2060 1797; baseline 0 -18"><span class='ocrx_word' id='word_1_138' title='bbox 149 1737 226 1779; x_wconf 85' lang='lat' dir='ltr'><strong>tor</strong></span> <span class='ocrx_word' id='word_1_139' title='bbox 255 1737 348 1779; x_wconf 89' lang='lat' dir='ltr'><strong>est.</strong></span> <span class='ocrx_word' id='word_1_140' title='bbox 428 1727 525 1780; x_wconf 87' lang='lat' dir='ltr'><strong>Sed</strong></span> <span class='ocrx_word' id='word_1_141' title='bbox 566 1730 768 1796; x_wconf 85' lang='lat' dir='ltr'><strong>amplius</strong></span> <span class='ocrx_word' id='word_1_142' title='bbox 803 1729 1020 1796; x_wconf 82' lang='lat' dir='ltr'><strong>quiddam</strong></span> <span class='ocrx_word' id='word_1_143' title='bbox 1065 1728 1333 1796; x_wconf 79' lang='lat' dir='ltr'><strong>profitetur.</strong></span> <span class='ocrx_word' id='word_1_144' title='bbox 1413 1725 1700 1778; x_wconf 72' lang='lat' dir='ltr'><strong>Oblationes</strong></span> <span class='ocrx_word' id='word_1_145' title='bbox 1739 1747 1825 1797; x_wconf 88' lang='lat' dir='ltr'><strong>pro</strong></span> <span class='ocrx_word' id='word_1_146' title='bbox 1859 1730 2060 1780; x_wconf 83' lang='lat' dir='ltr'><strong>mortuis</strong></span> 
     </span>
     <span class='ocr_line' id='line_1_19' title="bbox 147 1809 2060 1879; baseline 0.001 -17"><span class='ocrx_word' id='word_1_147' title='bbox 147 1829 241 1862; x_wconf 90' lang='lat' dir='ltr'><strong>non</strong></span> <span class='ocrx_word' id='word_1_148' title='bbox 273 1829 382 1863; x_wconf 90' lang='lat' dir='ltr'><strong>esse</strong></span> <span class='ocrx_word' id='word_1_149' title='bbox 412 1812 686 1876; x_wconf 82' lang='lat' dir='ltr'><strong>faciendas3</strong></span> <span class='ocrx_word' id='word_1_150' title='bbox 727 1811 907 1862; x_wconf 87' lang='lat' dir='ltr'><strong>ieiunia</strong></span> <span class='ocrx_word' id='word_1_151' title='bbox 934 1821 1130 1878; x_wconf 85' lang='lat' dir='ltr'><strong>quartae</strong></span> <span class='ocrx_word' id='word_1_152' title='bbox 1160 1811 1307 1860; x_wconf 79' lang='lat' dir='ltr'><strong>feriae</strong></span> <span class='ocrx_word' id='word_1_153' title='bbox 1330 1850 1343 1875; x_wconf 89' lang='lat'>‚</span> <span class='ocrx_word' id='word_1_154' title='bbox 1386 1821 1434 1861; x_wconf 90' lang='lat' dir='ltr'><strong>et</strong></span> <span class='ocrx_word' id='word_1_155' title='bbox 1461 1809 1798 1875; x_wconf 86' lang='lat' dir='ltr'><strong>Parascenes,</strong></span> <span class='ocrx_word' id='word_1_156' title='bbox 1839 1830 1894 1863; x_wconf 82' lang='lat' dir='ltr'><strong>ac</strong></span> <span class='ocrx_word' id='word_1_157' title='bbox 1926 1811 2060 1879; x_wconf 83' lang='lat' dir='ltr'><strong>Qua-</strong></span> 
     </span>
     <span class='ocr_line' id='line_1_20' title="bbox 146 1892 2059 1962; baseline 0.001 -17"><span class='ocrx_word' id='word_1_158' title='bbox 146 1895 477 1962; x_wconf 83' lang='lat' dir='ltr'><strong>dragesimae,</strong></span> <span class='ocrx_word' id='word_1_159' title='bbox 520 1912 609 1945; x_wconf 85' lang='lat' dir='ltr'><strong>nec</strong></span> <span class='ocrx_word' id='word_1_160' title='bbox 636 1913 731 1945; x_wconf 92' lang='lat' dir='ltr'><strong>non</strong></span> <span class='ocrx_word' id='word_1_161' title='bbox 758 1905 806 1945; x_wconf 88' lang='lat' dir='ltr'><strong>et</strong></span> <span class='ocrx_word' id='word_1_162' title='bbox 839 1892 1090 1945; x_wconf 74' lang='lat' dir='ltr'><strong>paschatis</strong></span> <span class='ocrx_word' id='word_1_163' title='bbox 1120 1895 1389 1958; x_wconf 85' lang='lat' dir='ltr'><strong>interdicit,</strong></span> <span class='ocrx_word' id='word_1_164' title='bbox 1444 1912 1603 1944; x_wconf 89' lang='lat' dir='ltr'><strong>rerum</strong></span> <span class='ocrx_word' id='word_1_165' title='bbox 1639 1896 1848 1945; x_wconf 89' lang='lat' dir='ltr'><strong>omnium</strong></span> <span class='ocrx_word' id='word_1_166' title='bbox 1882 1914 2059 1948; x_wconf 80' lang='lat' dir='ltr'><strong>renun-</strong></span> 
     </span>
     <span class='ocr_line' id='line_1_21' title="bbox 144 1975 2057 2047; baseline 0.002 -19"><span class='ocrx_word' id='word_1_167' title='bbox 144 1977 391 2028; x_wconf 86' lang='lat' dir='ltr'><strong>tiationem</strong></span> <span class='ocrx_word' id='word_1_168' title='bbox 435 1978 698 2047; x_wconf 84' lang='lat' dir='ltr'><strong>praedicat.</strong></span> <span class='ocrx_word' id='word_1_169' title='bbox 778 1975 1007 2028; x_wconf 83' lang='lat' dir='ltr'><strong>Carnium</strong></span> <span class='ocrx_word' id='word_1_170' title='bbox 1049 1995 1105 2027; x_wconf 86' lang='lat' dir='ltr'><strong>ac</strong></span> <span class='ocrx_word' id='word_1_171' title='bbox 1145 1978 1422 2028; x_wconf 89' lang='lat' dir='ltr'><strong>deliciarum</strong></span> <span class='ocrx_word' id='word_1_172' title='bbox 1453 1979 1510 2028; x_wconf 89' lang='lat' dir='ltr'><strong>ad</strong></span> <span class='ocrx_word' id='word_1_173' title='bbox 1543 1978 1686 2029; x_wconf 88' lang='lat' dir='ltr'><strong>vitam</strong></span> <span class='ocrx_word' id='word_1_174' title='bbox 1729 1997 1870 2029; x_wconf 89' lang='lat' dir='ltr'><strong>omne</strong></span> <span class='ocrx_word' id='word_1_175' title='bbox 1902 1998 2057 2045; x_wconf 86' lang='lat' dir='ltr'><strong>genus</strong></span> 
     </span>
     <span class='ocr_line' id='line_1_22' title="bbox 143 2059 2057 2129; baseline 0.001 -17"><span class='ocrx_word' id='word_1_176' title='bbox 143 2062 352 2112; x_wconf 89' lang='lat' dir='ltr'><strong>adhibet.</strong></span> <span class='ocrx_word' id='word_1_177' title='bbox 432 2059 571 2128; x_wconf 81' lang='lat' dir='ltr'><strong>Quod</strong></span> <span class='ocrx_word' id='word_1_178' title='bbox 613 2063 652 2112; x_wconf 90' lang='lat' dir='ltr'><strong>si</strong></span> <span class='ocrx_word' id='word_1_179' title='bbox 685 2061 790 2129; x_wconf 89' lang='lat' dir='ltr'><strong>quis</strong></span> <span class='ocrx_word' id='word_1_180' title='bbox 821 2069 1115 2111; x_wconf 84' lang='lat' dir='ltr'><strong>sectatorum</strong></span> <span class='ocrx_word' id='word_1_181' title='bbox 1161 2078 1358 2110; x_wconf 89' lang='lat' dir='ltr'><strong>suorum</strong></span> <span class='ocrx_word' id='word_1_182' title='bbox 1398 2061 1616 2112; x_wconf 90' lang='lat' dir='ltr'><strong>ieiunare</strong></span> <span class='ocrx_word' id='word_1_183' title='bbox 1650 2063 1794 2125; x_wconf 89' lang='lat' dir='ltr'><strong>velit,</strong></span> <span class='ocrx_word' id='word_1_184' title='bbox 1850 2064 2057 2114; x_wconf 85' lang='lat' dir='ltr'><strong>delinitis</strong></span> 
     </span>
     <span class='ocr_line' id='line_1_23' title="bbox 141 2144 2054 2214; baseline 0.002 -19"><span class='ocrx_word' id='word_1_185' title='bbox 141 2145 231 2195; x_wconf 84' lang='lat' dir='ltr'><strong>hoc</strong></span> <span class='ocrx_word' id='word_1_186' title='bbox 261 2145 426 2196; x_wconf 89' lang='lat' dir='ltr'><strong>diebus</strong></span> <span class='ocrx_word' id='word_1_187' title='bbox 453 2147 614 2196; x_wconf 84' lang='lat' dir='ltr'><strong>facere</strong></span> <span class='ocrx_word' id='word_1_188' title='bbox 643 2145 889 2214; x_wconf 88' lang='lat' dir='ltr'><strong>prohibet,</strong></span> <span class='ocrx_word' id='word_1_189' title='bbox 946 2145 1028 2195; x_wconf 89' lang='lat' dir='ltr'><strong>sed</strong></span> <span class='ocrx_word' id='word_1_190' title='bbox 1062 2153 1239 2212; x_wconf 85' lang='lat' dir='ltr'><strong>quanto</strong></span> <span class='ocrx_word' id='word_1_191' title='bbox 1274 2146 1485 2196; x_wconf 87' lang='lat' dir='ltr'><strong>libuerit.</strong></span> <span class='ocrx_word' id='word_1_192' title='bbox 1562 2144 1736 2212; x_wconf 85' lang='lat' dir='ltr'><strong>Neque</strong></span> <span class='ocrx_word' id='word_1_193' title='bbox 1763 2148 1888 2196; x_wconf 88' lang='lat' dir='ltr'><strong>enim</strong></span> <span class='ocrx_word' id='word_1_194' title='bbox 1909 2186 1921 2208; x_wconf 91' lang='lat'><strong>‚</strong></span> <span class='ocrx_word' id='word_1_195' title='bbox 1983 2148 2054 2198; x_wconf 92' lang='lat' dir='ltr'><strong>in-</strong></span> 
     </span>
     <span class='ocr_line' id='line_1_24' title="bbox 140 2227 2051 2298; baseline 0.003 -21"><span class='ocrx_word' id='word_1_196' title='bbox 140 2229 266 2296; x_wconf 87' lang='lat' dir='ltr'><strong>quit,</strong></span> <span class='ocrx_word' id='word_1_197' title='bbox 312 2229 403 2296; x_wconf 86' lang='lat' dir='ltr'><strong>legi</strong></span> <span class='ocrx_word' id='word_1_198' title='bbox 432 2230 677 2281; x_wconf 87' lang='lat' dir='ltr'><strong>subiectus</strong></span> <span class='ocrx_word' id='word_1_199' title='bbox 703 2246 776 2280; x_wconf 86' lang='lat' dir='ltr'><strong>es.</strong></span> <span class='ocrx_word' id='word_1_200' title='bbox 854 2227 1146 2297; x_wconf 86' lang='lat' dir='ltr'><strong>Episcopum</strong></span> <span class='ocrx_word' id='word_1_201' title='bbox 1173 2229 1315 2279; x_wconf 87' lang='lat' dir='ltr'><strong>docet</strong></span> <span class='ocrx_word' id='word_1_202' title='bbox 1341 2228 1487 2279; x_wconf 91' lang='lat' dir='ltr'><strong>nihilo</strong></span> <span class='ocrx_word' id='word_1_203' title='bbox 1513 2231 1915 2298; x_wconf 86' lang='lat' dir='ltr'><strong>praestantiorem</strong></span> <span class='ocrx_word' id='word_1_204' title='bbox 1941 2249 2051 2283; x_wconf 88' lang='lat' dir='ltr'><strong>csse</strong></span> 
     </span>
     <span class='ocr_line' id='line_1_25' title="bbox 140 2313 446 2381; baseline 0.007 -20"><span class='ocrx_word' id='word_1_205' title='bbox 140 2313 446 2381; x_wconf 85' lang='lat' dir='ltr'><strong>presbytero.</strong></span> 
     </span>
    </p>

    <p class='ocr_par' dir='ltr' id='par_1_7' title="bbox 132 2395 2052 3553">
     <span class='ocr_line' id='line_1_26' title="bbox 277 2395 2047 2464; baseline 0.002 -20"><span class='ocrx_word' id='word_1_206' title='bbox 277 2398 383 2445; x_wconf 88' lang='lat' dir='ltr'><strong>Vll.</strong></span> <span class='ocrx_word' id='word_1_207' title='bbox 425 2395 641 2447; x_wconf 80' lang='lat' dir='ltr'><strong>Ae&#39;tiani.</strong></span> <span class='ocrx_word' id='word_1_208' title='bbox 721 2395 875 2447; x_wconf 88' lang='lat' dir='ltr'><strong>Huius</strong></span> <span class='ocrx_word' id='word_1_209' title='bbox 916 2395 1135 2446; x_wconf 85' lang='lat' dir='ltr'><strong>haeresis</strong></span> <span class='ocrx_word' id='word_1_210' title='bbox 1162 2395 1337 2447; x_wconf 71' lang='lat' dir='ltr'><strong>Aetius</strong></span> <span class='ocrx_word' id='word_1_211' title='bbox 1378 2396 1568 2464; x_wconf 88' lang='lat' dir='ltr'><strong>qnidam</strong></span> <span class='ocrx_word' id='word_1_212' title='bbox 1596 2397 1825 2448; x_wconf 81' lang='lat' dir='ltr'><strong>inventor</strong></span> <span class='ocrx_word' id='word_1_213' title='bbox 1865 2399 2047 2462; x_wconf 85' lang='lat' dir='ltr'><strong>extitit,</strong></span> 
     </span>
     <span class='ocr_line' id='line_1_27' title="bbox 135 2476 2052 2548; baseline 0.002 -20"><span class='ocrx_word' id='word_1_214' title='bbox 135 2495 318 2546; x_wconf 86' lang='lat' dir='ltr'><strong>genere</strong></span> <span class='ocrx_word' id='word_1_215' title='bbox 354 2476 514 2543; x_wconf 85' lang='lat' dir='ltr'><strong>Cilix,</strong></span> <span class='ocrx_word' id='word_1_216' title='bbox 567 2481 644 2548; x_wconf 91' lang='lat' dir='ltr'><strong>qui</strong></span> <span class='ocrx_word' id='word_1_217' title='bbox 677 2498 702 2531; x_wconf 91' lang='lat' dir='ltr'><strong>a</strong></span> <span class='ocrx_word' id='word_1_218' title='bbox 734 2479 950 2548; x_wconf 82' lang='lat' dir='ltr'><strong>Georgio</strong></span> <span class='ocrx_word' id='word_1_219' title='bbox 985 2480 1277 2530; x_wconf 84' lang='lat' dir='ltr'><strong>Arianorum</strong></span> <span class='ocrx_word' id='word_1_220' title='bbox 1320 2482 1546 2548; x_wconf 84' lang='lat' dir='ltr'><strong>episcopo</strong></span> <span class='ocrx_word' id='word_1_221' title='bbox 1588 2481 1819 2532; x_wconf 87' lang='lat' dir='ltr'><strong>diaconus</strong></span> <span class='ocrx_word' id='word_1_222' title='bbox 1859 2484 2052 2532; x_wconf 83' lang='lat' dir='ltr'><strong>ordina-</strong></span> 
     </span>
     <span class='ocr_line' id='line_1_28' title="bbox 138 2562 2049 2631; baseline 0.003 -20"><span class='ocrx_word' id='word_1_223' title='bbox 138 2570 212 2611; x_wconf 92' lang='lat' dir='ltr'><strong>tus</strong></span> <span class='ocrx_word' id='word_1_224' title='bbox 242 2571 334 2612; x_wconf 88' lang='lat' dir='ltr'><strong>est.</strong></span> <span class='ocrx_word' id='word_1_225' title='bbox 411 2562 693 2614; x_wconf 76' lang='lat' dir='ltr'><strong>Anonioeos</strong></span> <span class='ocrx_word' id='word_1_226' title='bbox 735 2565 841 2614; x_wconf 90' lang='lat' dir='ltr'><strong>illos</strong></span> <span class='ocrx_word' id='word_1_227' title='bbox 871 2564 1138 2631; x_wconf 86' lang='lat' dir='ltr'><strong>appellant,</strong></span> <span class='ocrx_word' id='word_1_228' title='bbox 1191 2564 1270 2614; x_wconf 87' lang='lat' dir='ltr'><strong>alii</strong></span> <span class='ocrx_word' id='word_1_229' title='bbox 1303 2563 1663 2627; x_wconf 85' lang='lat' dir='ltr'><strong>Eunomianos‚</strong></span> <span class='ocrx_word' id='word_1_230' title='bbox 1718 2566 1775 2615; x_wconf 88' lang='lat' dir='ltr'><strong>ab</strong></span> <span class='ocrx_word' id='word_1_231' title='bbox 1809 2565 2049 2617; x_wconf 86' lang='lat' dir='ltr'><strong>Ennomio</strong></span> 
     </span>
     <span class='ocr_line' id='line_1_29' title="bbox 137 2644 2049 2718; baseline 0.004 -24"><span class='ocrx_word' id='word_1_232' title='bbox 137 2647 340 2713; x_wconf 87' lang='lat' dir='ltr'><strong>quodam</strong></span> <span class='ocrx_word' id='word_1_233' title='bbox 369 2646 497 2697; x_wconf 69' lang='lat' dir='ltr'><strong>Aeni</strong></span> <span class='ocrx_word' id='word_1_234' title='bbox 523 2646 785 2715; x_wconf 87' lang='lat' dir='ltr'><strong>discipulo,</strong></span> <span class='ocrx_word' id='word_1_235' title='bbox 828 2644 915 2715; x_wconf 80' lang='lat' dir='ltr'><strong>qui</strong></span> <span class='ocrx_word' id='word_1_236' title='bbox 937 2648 1025 2697; x_wconf 91' lang='lat' dir='ltr'><strong>hoc</strong></span> <span class='ocrx_word' id='word_1_237' title='bbox 1061 2656 1275 2715; x_wconf 83' lang='lat' dir='ltr'><strong>tempore</strong></span> <span class='ocrx_word' id='word_1_238' title='bbox 1303 2657 1543 2714; x_wconf 88' lang='lat' dir='ltr'><strong>superest.</strong></span> <span class='ocrx_word' id='word_1_239' title='bbox 1622 2647 1911 2699; x_wconf 79' lang='lat' dir='ltr'><strong>Earunnlem</strong></span> <span class='ocrx_word' id='word_1_240' title='bbox 1941 2669 2049 2718; x_wconf 88' lang='lat' dir='ltr'><strong>par-</strong></span> 
     </span>
     <span class='ocr_line' id='line_1_30' title="bbox 135 2728 2047 2800; baseline 0.004 -22"><span class='ocrx_word' id='word_1_241' title='bbox 135 2729 250 2779; x_wconf 86' lang='lat' dir='ltr'><strong>tium</strong></span> <span class='ocrx_word' id='word_1_242' title='bbox 287 2739 392 2779; x_wconf 88' lang='lat' dir='ltr'><strong>erat</strong></span> <span class='ocrx_word' id='word_1_243' title='bbox 432 2739 480 2780; x_wconf 91' lang='lat' dir='ltr'><strong>et</strong></span> <span class='ocrx_word' id='word_1_244' title='bbox 511 2729 792 2793; x_wconf 82' lang='lat' dir='ltr'><strong>Eudoxins3</strong></span> <span class='ocrx_word' id='word_1_245' title='bbox 847 2732 930 2781; x_wconf 91' lang='lat' dir='ltr'><strong>sed</strong></span> <span class='ocrx_word' id='word_1_246' title='bbox 965 2728 1242 2782; x_wconf 83' lang='lat' dir='ltr'><strong>Constantii</strong></span> <span class='ocrx_word' id='word_1_247' title='bbox 1276 2731 1579 2800; x_wconf 85' lang='lat' dir='ltr'><strong>imperatoris</strong></span> <span class='ocrx_word' id='word_1_248' title='bbox 1622 2741 1750 2782; x_wconf 86' lang='lat' dir='ltr'><strong>metu</strong></span> <span class='ocrx_word' id='word_1_249' title='bbox 1784 2734 1842 2782; x_wconf 91' lang='lat' dir='ltr'><strong>ab</strong></span> <span class='ocrx_word' id='word_1_250' title='bbox 1870 2734 1961 2784; x_wconf 88' lang='lat' dir='ltr'><strong>illis</strong></span> <span class='ocrx_word' id='word_1_251' title='bbox 1994 2753 2047 2786; x_wconf 91' lang='lat' dir='ltr'><strong>se</strong></span> 
     </span>
     <span class='ocr_line' id='line_1_31' title="bbox 135 2801 2047 2884; baseline 0.003 -23"><span class='ocrx_word' id='word_1_252' title='bbox 135 2801 626 2880; x_wconf 77' lang='lat' dir='ltr'><strong>segregansAe‘tium</strong></span> <span class='ocrx_word' id='word_1_253' title='bbox 671 2815 823 2864; x_wconf 89' lang='lat' dir='ltr'><strong>solum</strong></span> <span class='ocrx_word' id='word_1_254' title='bbox 863 2814 1070 2880; x_wconf 75' lang='lat' dir='ltr'><strong>relegari</strong></span> <span class='ocrx_word' id='word_1_255' title='bbox 1109 2832 1279 2882; x_wconf 88' lang='lat' dir='ltr'><strong>passus</strong></span> <span class='ocrx_word' id='word_1_256' title='bbox 1308 2824 1408 2879; x_wconf 81' lang='lat' dir='ltr'><strong>est;</strong></span> <span class='ocrx_word' id='word_1_257' title='bbox 1465 2834 1747 2884; x_wconf 87' lang='lat' dir='ltr'><strong>quamquam</strong></span> <span class='ocrx_word' id='word_1_258' title='bbox 1779 2817 1825 2867; x_wconf 89' lang='lat' dir='ltr'><strong>in</strong></span> <span class='ocrx_word' id='word_1_259' title='bbox 1859 2819 2047 2868; x_wconf 87' lang='lat' dir='ltr'><strong>Ariano</strong></span> 
     </span>
     <span class='ocr_line' id='line_1_32' title="bbox 136 2896 2047 2969; baseline 0.004 -24"><span class='ocrx_word' id='word_1_260' title='bbox 136 2896 355 2962; x_wconf 88' lang='lat' dir='ltr'><strong>dogmate</strong></span> <span class='ocrx_word' id='word_1_261' title='bbox 383 2899 733 2965; x_wconf 86' lang='lat' dir='ltr'><strong>perseveravit,</strong></span> <span class='ocrx_word' id='word_1_262' title='bbox 774 2899 857 2948; x_wconf 89' lang='lat' dir='ltr'><strong>sed</strong></span> <span class='ocrx_word' id='word_1_263' title='bbox 889 2898 1083 2949; x_wconf 77' lang='lat' dir='ltr'><strong>Ae’tium</strong></span> <span class='ocrx_word' id='word_1_264' title='bbox 1116 2899 1310 2948; x_wconf 91' lang='lat' dir='ltr'><strong>minime</strong></span> <span class='ocrx_word' id='word_1_265' title='bbox 1339 2909 1534 2950; x_wconf 89' lang='lat' dir='ltr'><strong>secutus</strong></span> <span class='ocrx_word' id='word_1_266' title='bbox 1559 2910 1651 2951; x_wconf 83' lang='lat' dir='ltr'><strong>est.</strong></span> <span class='ocrx_word' id='word_1_267' title='bbox 1726 2899 1885 2969; x_wconf 88' lang='lat' dir='ltr'><strong>Porro</strong></span> <span class='ocrx_word' id='word_1_268' title='bbox 1909 2902 2047 2952; x_wconf 89' lang='lat' dir='ltr'><strong>Ano-</strong></span> 
     </span>
     <span class='ocr_line' id='line_1_33' title="bbox 134 2978 2044 3050; baseline 0.005 -23"><span class='ocrx_word' id='word_1_269' title='bbox 134 2979 289 3041; x_wconf 71' lang='lat' dir='ltr'><strong>mot-i,</strong></span> <span class='ocrx_word' id='word_1_270' title='bbox 345 2980 451 3030; x_wconf 91' lang='lat' dir='ltr'><strong>sive</strong></span> <span class='ocrx_word' id='word_1_271' title='bbox 479 2980 704 3043; x_wconf 75' lang='lat' dir='ltr'><strong>Ae‘tiani‚</strong></span> <span class='ocrx_word' id='word_1_272' title='bbox 764 2978 1008 3032; x_wconf 83' lang='lat' dir='ltr'><strong>Christum</strong></span> <span class='ocrx_word' id='word_1_273' title='bbox 1047 2991 1095 3031; x_wconf 93' lang='lat' dir='ltr'><strong>et</strong></span> <span class='ocrx_word' id='word_1_274' title='bbox 1129 2982 1346 3050; x_wconf 85' lang='lat' dir='ltr'><strong>spiritum</strong></span> <span class='ocrx_word' id='word_1_275' title='bbox 1387 2993 1604 3034; x_wconf 86' lang='lat' dir='ltr'><strong>sanctum</strong></span> <span class='ocrx_word' id='word_1_276' title='bbox 1645 3002 1670 3034; x_wconf 91' lang='lat' dir='ltr'><strong>a</strong></span> <span class='ocrx_word' id='word_1_277' title='bbox 1703 2985 1792 3034; x_wconf 79' lang='lat' dir='ltr'><strong>deo</strong></span> <span class='ocrx_word' id='word_1_278' title='bbox 1835 2987 2044 3036; x_wconf 78' lang='lat' dir='ltr'><strong>funditus</strong></span> 
     </span>
     <span class='ocr_line' id='line_1_34' title="bbox 134 3062 2044 3136; baseline 0.004 -25"><span class='ocrx_word' id='word_1_279' title='bbox 134 3062 340 3113; x_wconf 89' lang='lat' dir='ltr'><strong>alienum</strong></span> <span class='ocrx_word' id='word_1_280' title='bbox 371 3081 482 3114; x_wconf 86' lang='lat' dir='ltr'><strong>esse</strong></span> <span class='ocrx_word' id='word_1_281' title='bbox 506 3064 815 3133; x_wconf 85' lang='lat' dir='ltr'><strong>praedicant,</strong></span> <span class='ocrx_word' id='word_1_282' title='bbox 859 3082 978 3132; x_wconf 87' lang='lat' dir='ltr'><strong>quos</strong></span> <span class='ocrx_word' id='word_1_283' title='bbox 1007 3075 1196 3116; x_wconf 86' lang='lat' dir='ltr'><strong>creatos</strong></span> <span class='ocrx_word' id='word_1_284' title='bbox 1226 3084 1365 3129; x_wconf 88' lang='lat' dir='ltr'><strong>esse,</strong></span> <span class='ocrx_word' id='word_1_285' title='bbox 1409 3085 1562 3134; x_wconf 88' lang='lat' dir='ltr'><strong>neque</strong></span> <span class='ocrx_word' id='word_1_286' title='bbox 1590 3068 1838 3136; x_wconf 86' lang='lat' dir='ltr'><strong>quicquam</strong></span> <span class='ocrx_word' id='word_1_287' title='bbox 1867 3069 2044 3120; x_wconf 80' lang='lat' dir='ltr'><strong>habere</strong></span> 
     </span>
     <span class='ocr_line' id='line_1_35' title="bbox 134 3145 2044 3218; baseline 0.005 -23"><span class='ocrx_word' id='word_1_288' title='bbox 134 3145 455 3197; x_wconf 87' lang='lat' dir='ltr'><strong>similitudinis</strong></span> <span class='ocrx_word' id='word_1_289' title='bbox 502 3157 746 3199; x_wconf 87' lang='lat' dir='ltr'><strong>asserunt.</strong></span> <span class='ocrx_word' id='word_1_290' title='bbox 825 3146 1013 3217; x_wconf 81' lang='lat' dir='ltr'><strong>Qnippe</strong></span> <span class='ocrx_word' id='word_1_291' title='bbox 1055 3150 1348 3218; x_wconf 86' lang='lat' dir='ltr'><strong>syllogismis</strong></span> <span class='ocrx_word' id='word_1_292' title='bbox 1392 3151 1670 3218; x_wconf 86' lang='lat' dir='ltr'><strong>quibusdam</strong></span> <span class='ocrx_word' id='word_1_293' title='bbox 1715 3152 2044 3204; x_wconf 85' lang='lat' dir='ltr'><strong>Aristotelicis</strong></span> 
     </span>
     <span class='ocr_line' id='line_1_36' title="bbox 132 3230 2042 3303; baseline 0.005 -25"><span class='ocrx_word' id='word_1_294' title='bbox 132 3246 189 3279; x_wconf 92' lang='lat' dir='ltr'><strong>ac</strong></span> <span class='ocrx_word' id='word_1_295' title='bbox 231 3230 539 3295; x_wconf 86' lang='lat' dir='ltr'><strong>geometricis</strong></span> <span class='ocrx_word' id='word_1_296' title='bbox 581 3231 655 3281; x_wconf 87' lang='lat' dir='ltr'><strong>dei</strong></span> <span class='ocrx_word' id='word_1_297' title='bbox 699 3242 917 3282; x_wconf 85' lang='lat' dir='ltr'><strong>naturam</strong></span> <span class='ocrx_word' id='word_1_298' title='bbox 965 3233 1210 3300; x_wconf 82' lang='lat' dir='ltr'><strong>explicare</strong></span> <span class='ocrx_word' id='word_1_299' title='bbox 1252 3236 1472 3297; x_wconf 84' lang='lat' dir='ltr'><strong>student,</strong></span> <span class='ocrx_word' id='word_1_300' title='bbox 1528 3235 1793 3302; x_wconf 77' lang='lat' dir='ltr'><strong>iisdemque</strong></span> <span class='ocrx_word' id='word_1_301' title='bbox 1837 3237 2042 3303; x_wconf 89' lang='lat' dir='ltr'><strong>probare</strong></span> 
     </span>
     <span class='ocr_line' id='line_1_37' title="bbox 135 3308 2040 3387; baseline 0.004 -25"><span class='ocrx_word' id='word_1_302' title='bbox 135 3308 380 3362; x_wconf 87' lang='lat' dir='ltr'><strong>Christum</strong></span> <span class='ocrx_word' id='word_1_303' title='bbox 429 3331 456 3363; x_wconf 88' lang='lat' dir='ltr'><strong>a</strong></span> <span class='ocrx_word' id='word_1_304' title='bbox 497 3315 586 3365; x_wconf 90' lang='lat' dir='ltr'><strong>deo</strong></span> <span class='ocrx_word' id='word_1_305' title='bbox 629 3315 746 3365; x_wconf 89' lang='lat' dir='ltr'><strong>oriri</strong></span> <span class='ocrx_word' id='word_1_306' title='bbox 795 3334 890 3366; x_wconf 90' lang='lat' dir='ltr'><strong>non</strong></span> <span class='ocrx_word' id='word_1_307' title='bbox 935 3333 1096 3384; x_wconf 90' lang='lat' dir='ltr'><strong>posse.</strong></span> <span class='ocrx_word' id='word_1_308' title='bbox 1190 3315 1483 3368; x_wconf 87' lang='lat' dir='ltr'><strong>Eunomiani</strong></span> <span class='ocrx_word' id='word_1_309' title='bbox 1523 3336 1642 3368; x_wconf 86' lang='lat' dir='ltr'><strong>vero</strong></span> <span class='ocrx_word' id='word_1_310' title='bbox 1681 3318 1739 3367; x_wconf 91' lang='lat' dir='ltr'><strong>ab</strong></span> <span class='ocrx_word' id='word_1_311' title='bbox 1779 3318 1883 3386; x_wconf 86' lang='lat' dir='ltr'><strong>ipso</strong></span> <span class='ocrx_word' id='word_1_312' title='bbox 1931 3338 2040 3387; x_wconf 87' lang='lat' dir='ltr'><strong>pro-</strong></span> 
     </span>
     <span class='ocr_line' id='line_1_38' title="bbox 135 3395 2038 3469; baseline 0.006 -26"><span class='ocrx_word' id='word_1_313' title='bbox 135 3395 248 3444; x_wconf 87' lang='lat' dir='ltr'><strong>fecti</strong></span> <span class='ocrx_word' id='word_1_314' title='bbox 291 3413 487 3458; x_wconf 87' lang='lat' dir='ltr'><strong>omnes,</strong></span> <span class='ocrx_word' id='word_1_315' title='bbox 530 3398 608 3464; x_wconf 90' lang='lat' dir='ltr'><strong>qui</strong></span> <span class='ocrx_word' id='word_1_316' title='bbox 640 3400 697 3448; x_wconf 89' lang='lat' dir='ltr'><strong>ad</strong></span> <span class='ocrx_word' id='word_1_317' title='bbox 730 3416 783 3448; x_wconf 88' lang='lat' dir='ltr'><strong>se</strong></span> <span class='ocrx_word' id='word_1_318' title='bbox 810 3400 1040 3463; x_wconf 87' lang='lat' dir='ltr'><strong>veniunt,</strong></span> <span class='ocrx_word' id='word_1_319' title='bbox 1093 3400 1268 3451; x_wconf 88' lang='lat' dir='ltr'><strong>iterato</strong></span> <span class='ocrx_word' id='word_1_320' title='bbox 1310 3402 1585 3469; x_wconf 83' lang='lat' dir='ltr'><strong>baptizant,</strong></span> <span class='ocrx_word' id='word_1_321' title='bbox 1640 3419 1733 3451; x_wconf 92' lang='lat' dir='ltr'><strong>non</strong></span> <span class='ocrx_word' id='word_1_322' title='bbox 1776 3404 2038 3455; x_wconf 85' lang='lat' dir='ltr'><strong>catholicos</strong></span> 
     </span>
     <span class='ocr_line' id='line_1_39' title="bbox 132 3478 2037 3553; baseline 0.006 -26"><span class='ocrx_word' id='word_1_323' title='bbox 132 3478 285 3528; x_wconf 85' lang='lat' dir='ltr'><strong>solum</strong></span> <span class='ocrx_word' id='word_1_324' title='bbox 306 3517 320 3543; x_wconf 88' lang='lat'><strong>,</strong></span> <span class='ocrx_word' id='word_1_325' title='bbox 362 3480 445 3530; x_wconf 91' lang='lat' dir='ltr'><strong>sed</strong></span> <span class='ocrx_word' id='word_1_326' title='bbox 474 3481 551 3531; x_wconf 92' lang='lat' dir='ltr'><strong>vel</strong></span> <span class='ocrx_word' id='word_1_327' title='bbox 582 3481 796 3533; x_wconf 89' lang='lat' dir='ltr'><strong>Arianos</strong></span> <span class='ocrx_word' id='word_1_328' title='bbox 825 3483 982 3552; x_wconf 87' lang='lat' dir='ltr'><strong>ipsos,</strong></span> <span class='ocrx_word' id='word_1_329' title='bbox 1038 3483 1178 3550; x_wconf 88' lang='lat' dir='ltr'><strong>idque</strong></span> <span class='ocrx_word' id='word_1_330' title='bbox 1209 3502 1266 3534; x_wconf 91' lang='lat' dir='ltr'><strong>eo</strong></span> <span class='ocrx_word' id='word_1_331' title='bbox 1299 3487 1439 3535; x_wconf 91' lang='lat' dir='ltr'><strong>modo</strong></span> <span class='ocrx_word' id='word_1_332' title='bbox 1468 3494 1516 3534; x_wconf 91' lang='lat' dir='ltr'><strong>ut</strong></span> <span class='ocrx_word' id='word_1_333' title='bbox 1545 3485 1743 3553; x_wconf 88' lang='lat' dir='ltr'><strong>pedibus</strong></span> <span class='ocrx_word' id='word_1_334' title='bbox 1773 3487 1821 3536; x_wconf 90' lang='lat' dir='ltr'><strong>in</strong></span> <span class='ocrx_word' id='word_1_335' title='bbox 1852 3489 2037 3539; x_wconf 88' lang='lat' dir='ltr'><strong>coelum</strong></span> 
     </span>
    </p>
   </div>
   <div class='ocr_carea' id='block_1_7' title="bbox 127 3620 2036 3788">
    <p class='ocr_par' dir='ltr' id='par_1_8' title="bbox 127 3620 2036 3788">
     <span class='ocr_line' id='line_1_40' title="bbox 129 3620 2036 3685; baseline 0.006 -28"><span class='ocrx_word' id='word_1_336' title='bbox 129 3630 232 3658; x_wconf 85' lang='grc' dir='ltr'>πασι</span> <span class='ocrx_word' id='word_1_337' title='bbox 257 3621 323 3667; x_wconf 73' lang='lat' dir='ltr'><strong>est,</strong></span> <span class='ocrx_word' id='word_1_338' title='bbox 364 3620 465 3667; x_wconf 84' lang='lat' dir='ltr'><strong>quod</strong></span> <span class='ocrx_word' id='word_1_339' title='bbox 489 3622 613 3685; x_wconf 57' lang='lat' dir='ltr'><strong>rqcepi</strong></span> <span class='ocrx_word' id='word_1_340' title='bbox 642 3625 675 3660; x_wconf 80' lang='lat' dir='ltr'><strong>et</strong></span> <span class='ocrx_word' id='word_1_341' title='bbox 700 3623 736 3661; x_wconf 82' lang='lat' dir='ltr'><strong>h.</strong></span> <span class='ocrx_word' id='word_1_342' title='bbox 760 3625 783 3661; x_wconf 85' lang='lat' dir='ltr'><strong>l.</strong></span> <span class='ocrx_word' id='word_1_343' title='bbox 827 3625 879 3662; x_wconf 93' lang='grc' dir='ltr'><strong>Ιο.</strong></span> <span class='ocrx_word' id='word_1_344' title='bbox 906 3625 1054 3662; x_wconf 80' lang='lat' dir='ltr'><strong>Dama·</strong></span> <span class='ocrx_word' id='word_1_345' title='bbox 1166 3622 1204 3663; x_wconf 86' lang='lat'><strong>3.</strong></span> <span class='ocrx_word' id='word_1_346' title='bbox 1237 3620 1481 3675; x_wconf 71' lang='grc' dir='ltr'>Εὗγενιανοὶ</span> <span class='ocrx_word' id='word_1_347' title='bbox 1522 3626 1632 3666; x_wconf 80' lang='lat' dir='ltr'><strong>codd.</strong></span> <span class='ocrx_word' id='word_1_348' title='bbox 1662 3627 1819 3677; x_wconf 73' lang='lat' dir='ltr'><strong>Rhediy.</strong></span> <span class='ocrx_word' id='word_1_349' title='bbox 1835 3657 1848 3677; x_wconf 91' lang='lat'><strong>,</strong></span> <span class='ocrx_word' id='word_1_350' title='bbox 1893 3632 1926 3667; x_wconf 76' lang='lat' dir='ltr'><strong>et</strong></span> <span class='ocrx_word' id='word_1_351' title='bbox 1955 3630 2036 3670; x_wconf 87' lang='lat' dir='ltr'><strong>Pa-</strong></span> 
     </span>
     <span class='ocr_line' id='line_1_41' title="bbox 127 3673 1532 3739; baseline 0.006 -28"><span class='ocrx_word' id='word_1_352' title='bbox 127 3684 260 3739; x_wconf 61' lang='lat' dir='ltr'><strong>scenus</strong></span> <span class='ocrx_word' id='word_1_353' title='bbox 286 3677 440 3722; x_wconf 79' lang='lat' dir='ltr'><strong>praebet</strong></span> <span class='ocrx_word' id='word_1_354' title='bbox 467 3674 595 3716; x_wconf 81' lang='grc' dir='ltr'>Ουτοι</span> <span class='ocrx_word' id='word_1_355' title='bbox 626 3676 663 3717; x_wconf 83' lang='grc' dir='ltr'><strong>οἱ</strong></span> <span class='ocrx_word' id='word_1_356' title='bbox 689 3673 895 3731; x_wconf 77' lang='grc' dir='ltr'>Ἀνόμοιοι</span> <span class='ocrx_word' id='word_1_357' title='bbox 920 3677 990 3719; x_wconf 84' lang='grc' dir='ltr'><strong>καὶ</strong></span> <span class='ocrx_word' id='word_1_358' title='bbox 1019 3678 1056 3719; x_wconf 81' lang='grc' dir='ltr'><strong>οἱ</strong></span> <span class='ocrx_word' id='word_1_359' title='bbox 1109 3681 1175 3718; x_wconf 82' lang='lat' dir='ltr'><strong>ris.</strong></span> <span class='ocrx_word' id='word_1_360' title='bbox 1208 3682 1314 3728; x_wconf 79' lang='lat' dir='ltr'><strong>(teste</strong></span> <span class='ocrx_word' id='word_1_361' title='bbox 1345 3679 1532 3720; x_wconf 51' lang='lat' dir='ltr'><strong>Patavini.</strong></span> 
     </span>
     <span class='ocr_line' id='line_1_42' title="bbox 147 3726 1923 3788; baseline 0.006 -20"><span class='ocrx_word' id='word_1_362' title='bbox 147 3726 331 3770; x_wconf 78' lang='grc' dir='ltr'>Αετιανοὶ</span> <span class='ocrx_word' id='word_1_363' title='bbox 350 3727 597 3772; x_wconf 76' lang='grc' dir='ltr'>παντάπασι.</span> <span class='ocrx_word' id='word_1_364' title='bbox 1174 3733 1210 3773; x_wconf 79' lang='lat'><strong>4.</strong></span> <span class='ocrx_word' id='word_1_365' title='bbox 1239 3736 1380 3783; x_wconf 76' lang='lat' dir='ltr'><strong>„Deest</strong></span> <span class='ocrx_word' id='word_1_366' title='bbox 1408 3731 1701 3788; x_wconf 65' lang='grc' dir='ltr'>ὀρὶῖοδόξους.“</span> <span class='ocrx_word' id='word_1_367' title='bbox 1728 3740 1923 3779; x_wconf 78' lang='lat' dir='ltr'><strong>Petavius.</strong></span> 
     </span>
    </p>
   </div>
  </div>
 </body>
</html>
