2508 4134
233 1434 319 1471 pag.
341 1423 419 1459 815.

214 1753 326 1809 Κεφ.
358 1752 411 1798 δ’.

449 280 515 330 14
1161 283 1368 328 SANCTI
1395 286 1680 327 EPIPHANII

443 383 567 455 γάρ,
622 381 742 452 μετά
779 381 867 436 τόν
885 379 1050 449 Ἀδάμ
1078 386 1150 453 τῷ
1179 386 1300 435 Νῶε
1325 383 1482 453 λέγει,
1520 381 1658 435 Ἰδού
1688 380 1883 435 δέδωκά
1910 399 1991 435 σοι
2018 381 2183 437 πάντα
2208 380 2279 446 ὥς
2304 383 2390 437 λά-

445 488 569 538 χανα
596 468 782 538 ἀγροῦ,
833 472 998 519 θῦσον
1022 467 1106 519 καὶ
1138 466 1289 537 φάγε,
1323 466 1410 535 4μὴ
1441 467 1570 538 φάγε
1591 466 1751 537 σάρκα
1779 469 1832 521 ἐν
1863 469 2031 534 αἵματι
2062 474 2258 537 ψυχῆς,
2310 467 2391 523 ὅτι

445 552 541 624 ἐγώ
581 551 827 620 ἐκζητήσω
864 549 954 612 τάς
994 548 1161 619 ψυχάς
1193 549 1361 619 ὑμῶν·
1410 559 1511 614 πᾶς
1547 550 1575 605 ὁ
1609 554 1788 620 ἐκχέων
1823 549 1948 619 αἷμα
1984 550 2267 622 ἀνθρώπου
2307 555 2390 608 ἐπὶ

443 645 532 706 τῆς
556 644 672 708 γῆς,
725 636 837 688 ἀντὶ
860 641 949 689 τοῦ
978 638 1186 703 αἳματος
1210 636 1367 690 αὐτοῦ
1405 636 1734 705 ἐκχυθήσεται
1760 635 1816 690 τό
1846 634 1970 704 αἷμα
1997 636 2183 702 αὔτοῦ,
2230 637 2310 692 ὅτι
2337 639 2391 692 ἐν

445 722 603 776 εἰκόνι
628 726 756 774 θεοῦ
783 721 1001 787 ἐποίησα
1021 718 1110 773 τόν
1137 718 1440 789 ἄνθρωπον,
1491 723 1577 775 καὶ
1607 720 1700 791 ἐγώ
1731 720 1978 789 ἐκζητῆσω
2010 720 2064 776 τό
2095 719 2219 790 αἷμα
2246 720 2390 791 ὑμῶν

442 809 497 861 ἐκ
527 803 715 868 παντὸς
737 810 827 858 τοῦ
857 806 1110 872 ἐκχέοντος
1139 804 1263 859 αὗτὸ
1291 808 1375 859 ἐπὶ
1408 812 1433 842 ⁵
1452 806 1721 876 πρόςωπον
1745 813 1834 875 τῆς
1857 812 1961 876 γῆς.
2032 809 2135 860 Καὶ
2159 804 2287 881 δρᾷς
2312 806 2391 862 ὅτι

443 895 497 946 ἐν
523 897 591 963 τῷ
622 889 887 962 ἀνθρώπῳ
933 891 1119 960 λέγεται
1160 889 1216 944 τὸ
1244 889 1349 943 κατ’
1376 891 1546 944 εἰκόνα
1576 890 1696 959 μετὰ
1737 891 1948 960 δεκάτην
1978 890 2151 961 γενεάν
2185 898 2278 946 τοῦ
2299 890 2390 946 τ’ὁν

440 974 595 1044 Ἀδάμ
636 981 923 1043 πλασθῆναι
934 998 950 1039 3
1004 974 1106 1042 ἅμα
1145 976 1199 1028 δὲ
1222 977 1307 1028 καὶ
1339 977 1505 1043 Δαβὶδ
1542 974 1662 1043 μετά
1694 975 1852 1029 πολύν
1878 976 2058 1045 χρόνον
2082 978 2209 1047 λέγει
2240 975 2390 1030 πνεύ-

443 1083 560 1130 ματι
605 1058 779 1133 άγίοο,ι
816 1059 888 1113 Τά
929 1058 1190 1127 σύμπαντα
1232 1060 1523 1128 ματαιότης,
1570 1066 1678 1123 πᾶς
1706 1060 1980 1131 ἅνθρωπος
2026 1067 2174 1126 θζῶν.
2238 1059 2389 1115 Ἀλλά

436 1148 528 1200 «καὶ
550 1149 767 1213 καθεξῆς
796 1151 821 1182 ⁷
837 1144 956 1212 μετὰ
983 1151 1162 1198 τοῦτον
1185 1143 1214 1198 o‘
1233 1145 1508 1207 ἀπόστολός
1528 1164 1668 1212 φησι,
1687 1146 1841 1215 Ἀνήρ
1867 1146 1964 1200 οὐκ
1991 1146 2180 1211 ὀφείλει
2204 1153 2385 1216 κομᾶν,

445 1229 591 1284 εἰκῶν
617 1232 700 1284 καὶ
731 1229 852 1293 δόξα
876 1236 1004 1283 θεοῦ
1033 1228 1282 1298 ὑπάρχων.
1349 1229 1497 1282 Ἀλλά
1527 1232 1611 1283 καὶ
1651 1228 1771 1297 μετά
1807 1237 1987 1284 τοῦτον
2017 1229 2260 1300 Ἰάκωβος
2288 1232 2384 1298 φά-

444 1335 575 1382 σκει,
613 1318 767 1386 λέγων
795 1317 908 1382 περὶ
937 1336 1025 1382 της
1061 1314 1331 1384 γλώσσης’
1312 1315 1390 1368 ότι
1414 1313 1741 1383 ἀκατάσχετον
1773 1304 1955 1380 κακον,
1995 1315 2144 1383 μεστη
2174 1319 2254 1370 ἰοῦ
2288 1325 2387 1370 θα-

442 1402 746 1471 νατηφόρου.
817 1398 870 1453 Ε
871 1423 899 1452 ν
927 1400 1057 1473 αὐτῇ
1088 1397 1385 1469 ευλογοῦμεν
1409 1398 1496 1453 τὸν
1524 1398 1674 1464 θεὸν,
1711 1401 1798 1453 καὶ
1820 1402 2035 1469 πατέρα,
2071 1403 2157 1454 καὶ
2184 1403 2245 1455 ἐν
2261 1399 2389 1476 αὐτῇ

442 1485 782 1556 καταρώμεθα
809 1484 928 1546 τοῦς
954 1483 1282 1553 ἀνθρωπους,
1319 1482 1438 1546 τούς
1463 1482 1563 1537 κατ’
1600 1483 1770 1537 εἰκόνα
1794 1491 1923 1538 θεοῦ
1953 1487 2231 1556 γεγονότας.
2270 1485 2386 1540 Ου

442 1569 536 1642 χρὴ
569 1577 724 1623 ταῦτα
751 1570 911 1633 οὕτως
934 1574 1186 1640 γίνεσθαι,
1225 1567 1430 1635 ἀδελφοί
1457 1590 1569 1636 μου.
1647 1571 1746 1621 Καὶ
1777 1568 1928 1639 ὅρα’
1897 1591 1975 1623 οτι
2001 1568 2279 1634 ἐξέπεσενρ
2249 1593 2277 1625 ο
2302 1570 2382 1625 λό’·

441 1677 531 1726 γος
565 1662 663 1709 τῶν
698 1654 936 1726 λεγόντων
970 1653 1058 1709 τόν
1087 1652 1250 1722 Ἀδάμ
1285 1653 1340 1707 τό
1379 1651 1484 1706 κατ’
1523 1652 1692 1707 εἰκόνα
1730 1653 2109 1708 ἀπολωλεκέναι.

594 1746 705 1794 Τῶν
736 1741 787 1793 δὲ
821 1740 969 1794 πάλιν
1007 1739 1246 1811 λεγόντων
1278 1738 1370 1806 τήν
1407 1737 1578 1807 ’ψυχὴν
1613 1736 1738 1813 εἶναι
1775 1737 1831 1792 vd
1861 1738 1965 1792 κατ’
1992 1739 2160 1794 εἰκόνα
2186 1737 2216 1794 ὅ
2241 1741 2387 1811 λόγος

443 1828 544 1880 ἐστὶ
580 1826 770 1888 τοιόςδε
794 1828 878 1879 καὶ
915 1823 949 1893 ἦ
979 1823 1246 1894 ἀπολογία,
1299 1823 1403 1889 ὅτι,
1455 1826 1610 1891 φησὶ,
1659 1826 1791 1877 ἔστιν
1820 1823 2056 1895 ἀόρατος,
2111 1823 2182 1888 ὥς
2208 1823 2240 1879 ό
2261 1825 2386 1889 θεός

443 1913 573 1965 ἐστιν
599 1909 837 1981 ἀόρατος,
891 1908 1172 1979 ἕνεργητική
1199 1911 1323 1973 ἐστι,
1375 1909 1603 1976 κινητική
1635 1911 1760 1972 ἔστι,
1813 1910 2104 1978 διανοητική
2128 1911 2256 1976 ἐστι,
2305 1917 2380 1966 λο-

442 1995 632 2066 γιστική
668 1998 792 2060 ἐστι,
832 1996 917 2047 καὶ
942 1994 1125 2048 τούτου
1153 1995 1296 2048 ἕνεκα
1320 1993 1447 2062 αὐτή
1473 1995 1574 2047 ἐστι
1599 1992 1655 2047 τὸ
1687 1992 1791 2047 κατ’
1819 1994 2014 2059 εἰκόνα,
2067 1995 2236 2064 ἐπειδὴ
2260 1994 2388 2050 θεὸν

445 2083 527 2135 ἐπὶ
554 2087 643 2151 γῆς
669 2087 910 2147 μιμεῖται,
948 2078 1160 2132 κινοῦσά
1187 2099 1234 2131 τε
1264 2080 1348 2131 καὶ
1377 2077 1682 2146 πράττουσα,
1735 2081 1822 2132 καὶ
1848 2077 1996 2132 τάλλα
2025 2086 2242 2134 ποιοῦσα
2268 2079 2386 2134 ὅσα·

443 2187 535 2237 περ
563 2165 688 2220 κατά
714 2164 768 2218 vd
794 2162 1071 2233 λογιστικὸν
1095 2165 1296 2232 πράττει
1325 2160 1354 2216 o‘
1386 2162 1674 2234 ἅνθρωπος.
1749 2162 2078 2233 Εὖρίσκονται
2110 2166 2164 2219 δὲ
2190 2167 2278 2219 καὶ
2300 2159 2385 2219 σῦ-

440 2273 518 2305 τοι
554 2248 957 2320 συλλογιζόμενοι.
1033 2250 1135 2301 Καὶ
1173 2246 1266 2318 γάρ
1293 2250 1337 2301 εἰ
1359 2247 1442 2301 διὰ
1470 2254 1625 2302 ταῦτα
1661 2255 1875 2302 καλεῖται
1902 2247 2007 2303 κατ’
2030 2249 2200 2304 εἰκόνα
2227 2249 2385 2320 ψυχὴ,

442 2333 606 2390 οὐκέτι
645 2333 852 2387 δύναται
891 2331 1016 2387 εἶναι
1054 2332 1159 2387 κατ’
1200 2332 1382 2387 εἰκόνα.
1454 2331 1511 2386 Ὁ
1538 2333 1631 2404 γάρ
1668 2333 1791 2397 θεὸς
1820 2336 2045 2388 ἐπέκεινα
2085 2340 2385 2403 1μυριοντα·-

439 2419 648 2474 πλάσιον
687 2416 822 2489 παρά
862 2416 953 2486 τὴν
994 2417 1189 2487 ψυχὴν,
1242 2420 1328 2472 καὶ
1368 2420 1440 2472 ἔτι
1476 2418 1818 2489 περιττότερόν
1854 2422 1984 2473 ἐστιν
2023 2417 2384 2488 ἀκατάληπτος,

439 2507 525 2559 καὶ
549 2503 910 2573 ἀπερινόητος,
937 2503 1096 2557 πάντα
1120 2502 1291 2569 εἰδῶς,
1328 2502 1389 2556 τά
1416 2503 1638 2573 προόντα
1661 2506 1747 2557 καὶ
1773 2504 1835 2557 τά
1859 2503 2112 2574 παρόντα,
2148 2507 2232 2559 καὶ
2259 2503 2387 2575 6ροί-

442 2610 564 2659 μενα
593 2591 719 2643 2καὶ
751 2588 819 2658 μὴ
850 2587 1102 2658 ὁρώμενα,
1156 2591 1343 2660 πέρατα
1368 2595 1482 2659 γῆς,
1533 2591 1620 2642 καὶ
1648 2591 1913 2657 πυθμένας
1954 2589 2202 2658 ἀβύσσου,
2256 2589 2385 2662 ἄκρα

443 2673 697 2744 οὐρανῶν,
735 2677 820 2727 καὶ
847 2674 1010 2728 πάντα
1036 2673 1096 2727 τά
1127 2672 1274 2739 ὄντα,
1313 2672 1467 2737 αὐτός
1494 2676 1732 2744 περιέχων
1755 2673 1814 2728 τά
1839 2674 2027 2741 πάντα,
2064 2672 2148 2729 ὕπ’
2179 2673 2385 2739 οὐδενός

441 2760 494 2812 δὲ
522 2759 889 2828 περιεχόμενος·
946 2757 980 2827 η’
1011 2760 1064 2812 δὲ
1091 2757 1231 2828 ψυχὴ
1271 2761 1539 2830 περιέχεται
1567 2760 1656 2827 μὲν
1695 2762 1749 2813 ἐν
1779 2759 1993 2828 σώματι,
2048 2759 2222 2831 ἀγνοεῖ
2248 2761 2301 2814 δὲ
2326 2758 2382 2814 ά·-

441 2843 631 2912 βύσσου
670 2843 790 2905 τούς
827 2845 1114 2911 πυθμένας,
1174 2844 1307 2898 3οὐκ
1348 2846 1602 2898 ἐπίσταται
1631 2843 1686 2898 τό
1715 2838 1860 2915 εὖρος
1886 2851 1975 2914 τῆς
2005 2851 2117 2915 γῆς,
2168 2846 2381 2915 τέρματα

439 2935 529 2997 τῆς
553 2930 851 2997 οἰκουμένης
878 2928 1067 3000 ἀγνοεῖ,
1118 2926 1251 2999 ἄκρα
1280 2927 1509 2999 οὐρανῶν
1536 2927 1597 2982 οὖ
1620 2934 1906 2998 κατείληφε,
1943 2930 2076 2983 πόσα
2104 2931 2259 2997 μέλλει
2283 2933 2383 2984 ἔσε-

440 3022 563 3067 σθαι
597 3013 632 3082 ἢ
662 3012 782 3067 πότε
808 3017 1017 3084 γίνεται,
1067 3013 1199 3068 πόσα
1230 3035 1282 3067 τε
1313 3012 1410 3081 πρὸ
1444 3013 1601 3082 αὐτῆς
1618 3017 1890 3085 γεγένηται.
1966 3016 2067 3068 Καὶ
2095 3014 2250 3068 πολλά
2281 3018 2383 3069 ἔστι

440 3101 552 3169 περὶ
596 3097 748 3167 αὐτῆς
787 3101 870 3152 καὶ
914 3106 1016 3152 τῶν
1055 3097 1294 3152 τοιούτων
1334 3100 1501 3168 λέγειν.
1559 3098 1697 3167 ’Ἁμα
1740 3100 1794 3153 δὲ
1835 3101 1920 3153 καὶ
1964 3097 2230 3168 μερισμούς
2269 3101 2380 3168 ἔχει,

440 3183 564 3246 θεός
603 3185 656 3237 δὲ
696 3181 958 3254 ἀμέριστός
999 3186 1112 3237 ἐστι.
1190 3185 1325 3251 Φησὶ
1357 3182 1450 3253 γάρ
1483 3181 1512 3236 ὁ
1542 3181 1842 3247 ἀπόστολος,
1898 3189 2014 3236 Ζῶν
2050 3182 2144 3254 γάρ
2182 3181 2212 3237 ό
2239 3184 2382 3254 λόγος

441 3274 530 3321 τοῦ
557 3274 711 3334 θεοῦ,
764 3270 848 3321 καὶ
876 3267 1101 3338 ἐνεργὴς,
1152 3270 1237 3321 καὶ
1268 3267 1546 3337 τομώτερος
1580 3266 1705 3338 ὑπὲρ
1750 3273 1918 3321 πᾶσαν
1946 3267 2193 3338 μάχαιραν
2221 3271 2380 3323 δίστο-

444 3373 562 3419 μον,
600 3355 684 3406 καὶ
717 3352 1060 3421 διϊκνούμενος
1092 3353 1229 3425 μέχρι
1256 3359 1496 3424 μερισμοῦ
1534 3359 1705 3421 ψυχῆς
1732 3354 1818 3406 καὶ
1846 3357 2059 3420 μυελῶν,
2116 3354 2202 3406 καὶ
2231 3374 2380 3425 κριτο-

503 3568 542 3609 5.
572 3565 789 3620 προςώπου
820 3571 905 3610 cod.
940 3571 1100 3620 Rhediy.
1495 3567 1533 3611 7.
1563 3583 1584 3611 ο
1613 3562 1846 3615 ἀπόστολος
1870 3563 1977 3620 μετὰ
1999 3566 2142 3609 τοῦτον
2167 3569 2251 3608 cod.
2278 3568 2377 3609 Rhe-

499 3621 540 3665 6.
571 3624 832 3674 Exciderunt,
873 3629 914 3665 m·
943 3628 1088 3676 fallor,
1128 3627 1246 3666 verba
1281 3621 1381 3678 μέν·
1437 3625 1519 3675 diy.

444 3691 559 3748 τοιγε
588 3676 629 3721 ἐν
659 3673 790 3721 εἰκόνι
818 3678 1109 3745 διαπορεύεται
1147 3675 1380 3735 ἄνθρωπος,
1497 3679 1593 3720 Cu).
1624 3679 1693 3719 IV.
1722 3699 1776 3710 —
1828 3680 1863 3719 1.
1905 3680 1960 3718 De
2002 3680 2072 3720 hoc
2114 3683 2148 3718 et
2185 3680 2379 3720 similibus

443 3737 551 3790 πλην
582 3731 720 3789 μάτην
748 3733 934 3790 ταράσσ
919 3751 1008 3780 ..ται
1037 3739 1125 3780 κτλ.
1435 3737 1655 3786 compositis
1677 3735 1793 3785 vide,
1821 3737 1856 3775 si
1879 3736 2001 3786 lubet,
2035 3737 2075 3776 V.
2107 3736 2165 3775 Cl.
2190 3736 2296 3776 Hase
2320 3736 2376 3775 ad

1435 3794 1553 3834 Leon.
1581 3792 1694 3833 Diae.
1720 3803 1763 3841 p.
1785 3787 1882 3834 42³7.
