2508 4134
508 258 729 301 PANARH
760 257 862 298 mn.
887 258 958 298 111.
986 259 1117 300 ToM.
1142 261 1193 300 11.
1225 259 1385 300 HAER.
1412 260 1650 300 Lxxvnr.
1926 246 2028 298 419

135 368 231 411 tum
260 358 375 410 illud
406 357 585 421 voluit,
640 357 776 408 cuius
808 356 962 419 filius,
1018 365 1067 407 et
1098 374 1163 408 ex
1193 376 1283 425 qua
1319 366 1471 408 matre
1502 355 1701 407 lacobus
1733 364 1865 407 esset
1893 355 2030 423 geni·

134 452 238 506 tus3
279 451 377 493 tum
401 449 510 493 uter
537 450 651 492 natu
678 441 909 509 grandior
937 441 1080 491 foret.
1159 439 1350 491 Etenim
1386 439 1521 491 lesus
1552 458 1680 491 anno
1707 440 1880 491 aetatis
1912 456 2030 491 suae

131 523 390 577 XXXIII.
429 525 477 576 in
517 542 706 576 crucem
745 532 880 575 actus
918 533 1022 587 est,
1075 522 1154 592 qui
1204 533 1309 575 erat
1348 523 1556 575 Herodis
1595 524 1822 575 Archelai
1866 521 1920 574 F.
1962 524 2031 574 vi-

132 627 366 678 gesimus.

270 693 417 745 Anno
448 693 620 761 quippe
653 691 861 743 Herodis
899 692 1107 743 senioris
1135 691 1376 760 Antipatri
1406 689 1465 742 F.
1503 693 1645 742 tertio
1684 710 1739 743 ac
1779 691 2024 743 tricesimo
2057 702 2155 756 Cap.
2187 703 2242 743 X.

135 774 362 829 Christus
389 774 659 828 Bethleemi
691 774 897 827 Iudaeae
929 776 1171 839 nascitur,
1214 776 1424 844 Augusti
1452 793 1571 826 vero
1602 773 1770 826 XLII.
1848 774 2034 825 Deinde

135 870 242 930 post
288 879 443 913 annos
484 862 605 912 duos
645 861 692 911 in
720 860 994 930 Aegyptum
1037 860 1093 910 ab
1138 857 1344 928 Iosepho
1381 868 1734 928 transportatus
1776 868 1877 923 est,
1932 877 2036 910 cum

137 942 359 996 Herodes
390 946 449 996 ob
482 962 538 996 ea
567 962 687 1013 quae
716 943 850 1014 Magi
878 943 1279 996 renuntiaverant
1306 960 1503 1012 puerum
1536 944 1595 994 ad
1627 961 1792 994 necem
1821 943 2038 1010 require-

134 1038 227 1079 ret.
305 1026 472 1096 Quare
500 1029 548 1079 in
579 1029 854 1099 Aegyptum
882 1030 1127 1098 profectus
1155 1028 1350 1078 biennio
1375 1028 1473 1078 illic
1506 1037 1718 1078 moratus
1750 1036 1842 1077 est.
1918 1025 2038 1078 Post

135 1112 253 1163 baec
284 1111 507 1164 Herodes
539 1113 654 1163 obiit
683 1131 809 1164 anno
838 1114 971 1182 regni
1001 1113 1074 1164 sui
1106 1109 1388 1164 XXXVII.
1466 1108 1558 1163 Cui
1589 1111 1824 1163 successit
1849 1110 2038 1161 Arche-

135 1195 239 1246 laus
276 1197 431 1259 filius,
491 1197 568 1265 qui
614 1195 688 1247 IX
731 1198 869 1249 annis
915 1197 1157 1265 regnavit.
1248 1194 1320 1247 lta
1365 1197 1663 1264 postmodum
1708 1193 1934 1247 Christus
1979 1211 2038 1244 eo

137 1279 294 1345 omni,
347 1282 482 1332 cuius
520 1282 674 1349 gratia
717 1290 946 1344 venerat,
1002 1281 1222 1333 absoluto
1256 1282 1483 1348 negoti0,
1536 1280 1583 1331 in
1615 1298 1805 1331 crucem
1835 1279 2035 1342 tollitur,

137 1382 263 1415 anuo
291 1363 477 1415 Tiberii
510 1361 743 1419 Caesaris
769 1363 991 1428 XVIII„
1033 1366 1109 1434 qui
1140 1374 1246 1416 erat
1271 1365 1518 1434 Agrippae
1546 1363 1749 1432 Magni,
1808 1364 1911 1415 sive
1940 1362 2040 1413 He-

135 1449 267 1500 rodis
309 1448 512 1500 iunioris
544 1449 774 1501 Archelai
800 1446 885 1513 F.,
942 1467 1097 1501 annus
1127 1447 1251 1499 XX.
1328 1448 1581 1517 Nusquam
1626 1467 1742 1501 vero
1785 1446 2041 1516 losephum

137 1534 411 1601 suscepisse
451 1533 629 1585 liberos
672 1534 964 1603 accepimus.
1045 1531 1141 1586 Sed
1186 1550 1340 1601 neque
1379 1543 1691 1602 posteaquam
1724 1551 1787 1583 ex
1815 1532 2042 1601 Aegypto

136 1617 308 1683 rediit,
366 1616 446 1668 diu
483 1618 776 1687 supervixit.
854 1618 1047 1687 Agebat
1079 1627 1176 1668 tum
1208 1615 1433 1669 Christus
1475 1636 1652 1668 annum
1691 1617 1863 1668 aetatis
1899 1634 2042 1684 quar-

136 1709 255 1752 tum.
334 1698 568 1770 Iosephus
596 1699 900 1753 LXXXIV.
948 1711 1258 1766 excesserat,
1318 1721 1423 1753 cum
1454 1720 1518 1753 ex
1546 1703 1773 1772 Aegypto
1812 1718 2042 1753 reversus

139 1793 231 1836 est.
307 1783 427 1836 Post
453 1788 570 1837 haec
598 1785 705 1838 aliis
732 1784 856 1838 VIII
889 1786 1030 1838 vixit.
1107 1785 1234 1838 Nam
1262 1783 1487 1838 Christus
1514 1805 1689 1838 annum
1719 1804 1869 1854 agens
1894 1783 2039 1849 XII.,

138 1886 242 1920 cum
271 1868 657 1939 Hierosolymam
697 1872 899 1939 profecti
940 1881 1133 1934 essent,
1184 1871 1431 1940 quaesitus
1472 1880 1572 1935 est,
1631 1871 1754 1939 quod
1788 1871 1835 1920 in
1869 1870 2043 1920 itinere

139 1971 232 2004 non
263 1962 394 2006 esset
423 1963 675 2024 repertus,
732 1964 783 2005 ut
808 1953 975 2007 Lucae
1008 1964 1213 2007 testatur
1239 1956 1565 2024 evangelium.
1641 1954 1799 2006 Porro
1834 1956 2042 2006 noudum

140 2038 348 2090 evolutis
377 2039 516 2089 annis
550 2038 643 2090 illis
677 2037 910 2108 Iosephus
941 2041 1171 2103 moritur,
1214 2058 1271 2091 ac
1301 2039 1438 2092 Iesus
1470 2058 1565 2090 non
1594 2040 1795 2108 amplius
1825 2039 1911 2090 sub
1940 2040 2041 2102 illo,

139 2122 224 2172 sed
254 2122 303 2173 in
330 2123 434 2174 eius
463 2123 603 2175 domo
630 2124 864 2175 duntaxat
895 2125 1126 2175 educatus
1161 2134 1253 2175 est.
1335 2124 1459 2175 Hinc
1489 2133 1565 2175 est
1598 2125 1719 2192 quod
1756 2124 1804 2174 in
1835 2141 2046 2191 evange-

140 2205 205 2257 lio
237 2225 332 2258 non
363 2207 456 2260 iam
487 2208 599 2259 illud
633 2209 835 2273 dicitur,
891 2207 1040 2259 Venit
1076 2218 1209 2276 pater
1238 2209 1419 2278 ipsius,
1479 2219 1525 2259 et
1560 2218 1742 2272 mater,
1794 2217 1841 2259 et
1874 2210 2047 2259 fratres

2108 1974 2198 2008 Luc.
2221 1974 2253 2009 2.

141 2289 245 2342 eius
262 2329 276 2355 ‚
317 2292 401 2343 sed
420 2331 433 2355 ,
474 2296 595 2342 Ecce
620 2303 766 2342 mater
796 2303 874 2342 tua
901 2296 1143 2361 cist-atres
1167 2296 1376 2360 tuz'sorz's
1399 2304 1541 2343 stant.
1623 2292 1721 2345 Sed
1752 2310 1907 2361 neque
1939 2310 2044 2343 cum
2067 2310 2159 2343 Luc.
2177 2308 2276 2354 8‚20.

143 2374 190 2425 in
221 2372 441 2427 Galilaea
467 2377 537 2427 sic
563 2377 692 2428 illum
730 2377 1115 2446 alloquerentur,
1157 2381 1301 2428 Nemo
1330 2382 1442 2428 lzaec
1477 2397 1621 2443 agens
1648 2382 1694 2428 in
1725 2382 1904 2428 occulto
1944 2397 2046 2427 ver-
2068 2394 2279 2438 loann.7,4.

142 2462 246 2508 sari
280 2463 434 2525 cupit,-
486 2465 534 2510 εί
560 2463 671 2510 llaec
703 2463 853 2528 facis,
901 2465 1075 2528 praebe
1117 2473 1159 2512 te
1195 2466 1512 2529 mam'festum,
1570 2481 1665 2513 non
1693 2463 1843 2526 dixit,
1898 2461 2048 2514 Pater

142 2543 294 2612 ipsius
327 2553 376 2595 et
400 2545 607 2608 fratres,
662 2546 745 2596 sed
777 2544 979 2599 Fratres
1009 2547 1192 2616 ipsius;
1251 2565 1308 2598 eo
1341 2549 1465 2616 quod
1504 2547 1731 2615 Iosephus
1763 2548 1810 2598 in
1843 2565 2048 2614 corpore

145 2644 255 2679 esse
295 2628 536 2680 desiisset.
630 2627 908 2697 Quinetiam
951 2634 997 2682 in
1042 2632 1147 2701 ipso
1190 2633 1315 2683 vitae
1354 2633 1519 2696 exitu,
1581 2651 1685 2684 cum
1732 2630 1958 2685 Christus
2000 2633 2048 2682 in

146 2729 288 2763 cruce
330 2714 592 2782 penderet,
648 2722 698 2764 ut
735 2715 782 2765 in
811 2713 1006 2766 Ioannis
1047 2715 1301 2784 evangelio
1342 2717 1571 2786 scriptum
1615 2729 1715 2782 est,
1769 2723 2043 2777 Conuersata,

144 2796 326 2865 inquit,
366 2801 481 2847 vidit
507 2801 806 2863 desc-epulum,
856 2818 985 2865 quem
1012 2802 1240 2865 dz'lzg'ebat
1259 2805 1491 2862 dominus,
1537 2803 1675 2870 eique
1704 2804 1761 2854 de
1789 2801 1950 2853 Maria
1981 2802 2049 2851 ‹li-

146 2880 247 2945 xit,
300 2885 424 2931 Ecce
452 2892 599 2931 mater
629 2893 732 2942 tua,
789 2892 885 2933 tuni
919 2885 1084 2948 matri,
1136 2889 1413 2951 Eccefilz'us
1440 2897 1562 2936 tuus.
1642 2887 1791 2955 Atqui
1817 2887 1856 2938 si
1888 2885 2050 2937 Maria

146 2964 325 3016 liberos
367 2966 639 3030 habuisset,
694 2975 774 3017 aut
807 2976 1055 3036 superstes
1089 2969 1163 3020 vir
1193 2971 1297 3021 eius
1328 2972 1529 3035 suisset,
1582 2989 1669 3022 cur
1698 2972 1824 3022 illam
1858 2969 2045 3032 loanni,

149 3047 380 3101 Ioannem
408 3050 473 3102 illi
508 3051 903 3102 commendaret?
976 3050 1158 3103 Verum
1188 3071 1274 3104 cur
1299 3073 1394 3105 non
1428 3053 1574 3105 Petro
1605 3055 1793 3123 potiuS,
1837 3055 1915 3105 vel
1948 3055 2050 3104 An-

151 3134 326 3199 dreae,
392 3135 470 3187 vel
531 3133 811 3199 Matthaeo,
881 3133 1319 3191 Bartholomaeove
1384 3141 1718 3190 commendat?
1807 3138 2049 3189 Nimirum

154 3220 317 3271 Ioanni
351 3228 547 3288 propter
589 3219 912 3288 virginitatem
955 3220 1046 3271 hoc
1072 3220 1258 3272 tribuit.
1336 3227 1482 3283 Ecce,
1541 3224 1722 3291 inquit,
1775 3233 1923 3272 mater
1950 3233 2045 3272 tua.

153 3410 292 3458 κάτισι
320 3417 430 3457 codd.
460 3429 551 3457 mss.
582 3422 734 3468 uterque
764 3422 797 3457 et
826 3419 884 3457 ed.
913 3419 1033 3468 princ.
1134 3419 1227 3457 dum
1254 3422 1368 3458 etiam
1393 3424 1579 3460 verterunt
1612 3422 1820 3460 Cornarius
1843 3426 1955 3471 atque
1982 3422 2055 3462 Pe-

207 3472 247 3512 3.
278 3470 325 3515 δὲ
351 3485 425 3512 om.
454 3474 535 3512 cod.
568 3475 727 3524 Rhediy.
1134 3477 1272 3513 tavius.

210 3524 248 3568 4.
277 3526 459 3582 διέμενεν
486 3530 594 3568 codd.
618 3541 707 3569 mss.
765 3528 963 3582 διέμεινεν
988 3530 1078 3568 editi
1190 3529 1227 3571 7.
1258 3529 1368 3583 λέγει
1396 3528 1569 3583 φάσκων
1600 3534 1682 3573 cod.
1712 3534 1872 3583 Rhediy.

154 3586 253 3625 libri.
1188 3586 1225 3626 ὅ.
1257 3585 1461 3641 Γαλιλαίᾳ
1490 3590 1646 3627 coniecit
1674 3591 1867 3628 Petavius.

211 3641 250 3680 5.
280 3637 301 3682 ὁ
327 3633 494 3694 Ἰωσήφ
517 3643 627 3681 codd.
656 3654 744 3682 mss.
773 3646 938 3692 uterque.
985 3635 1077 3681 Ἰω-
1189 3641 1226 3682 9.
1261 3637 1298 3683 εἶ
1326 3640 1372 3684 δὲ
1400 3645 1482 3682 cod.
1515 3644 1674 3695 Rhedi9.

159 3692 249 3749 σῆφ
278 3697 370 3736 editi
394 3698 493 3736 libri.
1194 3697 1254 3738 10.
1285 3693 1476 3753 Ἀνδρείᾳ
1506 3701 1594 3740 edit.
1625 3703 1757 3741 Petav.

212 3751 250 3793 6.
283 3753 532 3793 Scribendum
556 3751 800 3808 δωδεκάτῳ,
831 3756 1077 3806 quemadmo-

1598 3831 1661 3879 27
1694 3828 1720 3857 *

2101 2734 2227 2767 loann.

2100 2777 2155 2819 20,
2177 2777 2229 2811 26.
