2508 4134
589 325 816 366 PANARH
846 324 951 366 Lm.
978 324 1048 366 111.
1079 325 1214 367 ΤοΜ.
1235 326 1266 365 1.
1297 325 1462 365 HAER·
1482 324 1641 366 Lxxr.
1999 312 2066 362 45

151 439 345 474 carnem
371 430 599 473 mutatum
635 422 807 485 l'uerit3
858 422 924 472 ita
953 421 1078 471 enim
1107 422 1185 471 ille
1225 423 1347 473 falso
1375 423 1432 473 de
1466 422 1556 472 hoc
1584 428 1872 489 argumento
1909 419 2065 470 disse-

150 507 265 557 ruit.
341 504 406 556 Et
436 524 556 558 vero
586 507 625 557 si
657 506 874 557 Adamus
907 504 1058 556 verbo
1088 506 1324 571 originem
1359 506 1650 569 antecessit,
1693 522 1778 573 per
1810 520 2064 572 quemnam

152 607 249 648 non
291 590 433 640 modo
464 592 713 653 AdamuS,
755 589 839 640 sed
873 589 1015 639 etiam
1057 605 1180 655 qnae
1208 588 1398 638 Adamo
1441 589 1628 656 priores
1667 597 1779 639 sunt
1810 595 2066 644 creaturae

151 673 225 724 dei
266 691 435 724 omnes
476 673 737 741 productae
780 673 924 722 sunt?
997 669 1120 738 Quis
1155 672 1233 721 ille
1262 688 1381 721 vero
1412 681 1485 722 est
1511 672 1584 721 cui
1617 681 1755 739 pater
1785 671 1936 734 dixit,
1979 673 2068 720 Fa-

149 761 324 807 ciamus
346 760 606 806 hominem?
676 753 839 807 Nemo
866 754 991 806 enim
1020 764 1101 806 aut
1132 755 1189 805 ad
1218 755 1434 805 intimum
1466 755 1663 805 verbum
1697 773 1855 818 suum,
1897 763 1980 806 aut
2009 755 2067 805 ad

149 840 262 891 illud
306 841 430 907 quod
471 840 692 891 exterius
723 841 968 908 profertur
1006 837 1408 889 consultationem
1436 837 1928 906 deliberationemque
1953 838 2068 888 diri-

148 924 237 992 git.
317 922 431 975 ldeo
470 924 665 974 insitum
696 922 787 974 sibi
816 923 1269 990 sanctissimumque
1304 940 1439 973 suum
1470 921 1672 972 verbum
1701 923 1950 990 alloquens
1988 940 2069 991 pa-

151 1016 224 1058 ter
257 1008 462 1058 futuram
509 1006 717 1058 bominis
754 1005 1141 1075 procreationem
1173 1005 1527 1074 sapientissima
1564 1023 1685 1055 voce
1725 1006 1964 1070 declarat,
2017 1016 2065 1057 ut

149 1090 293 1142 filium
335 1092 458 1160 apud
500 1100 682 1160 patrem
713 1090 851 1141 initio
885 1090 1111 1141 extitisse
1142 1091 1407 1152 sciremus,
1464 1107 1620 1157 neque
1655 1089 1953 1140 conditorem
1983 1108 2068 1141 no-

148 1184 299 1226 strum
331 1192 503 1226 recens
534 1176 581 1235 in
617 1176 771 1226 lucem
803 1174 982 1226 editum
1017 1175 1394 1237 arbitraremur,
1435 1174 1518 1225 sed
1553 1192 1659 1224 cum
1692 1182 1825 1242 patre
1859 1173 2065 1242 priorem

148 1259 356 1310 saeculis
396 1259 616 1310 omnibus
659 1260 828 1310 fuisse.
907 1256 959 1309 ld
989 1259 1112 1327 quod
1148 1257 1356 1310 loannes
1385 1259 1450 1309 ita
1483 1260 1811 1309 demonstrat:
1852 1261 1908 1307 In
1931 1262 2067 1323 prin-
2091 1264 2217 1301 loann·
2242 1264 2274 1309 1,
2290 1265 2322 1300 1·

148 1347 270 1409 ez'pz‘o
307 1354 415 1394 erat
445 1345 656 1404 verbum,
698 1353 748 1393 et
779 1345 966 1393 verbum
1003 1353 1112 1393 erat
1141 1347 1269 1409 apud
1302 1347 1452 1393 deum.

290 1512 439 1581 Atqui
479 1512 708 1577 verbum,
761 1513 918 1580 inquit
945 1512 1205 1572 circulator
1244 1512 1365 1575 iste,
1422 1529 1446 1561 a
1475 1511 1709 1579 principio
1741 1510 1965 1561 extitisse
1999 1511 2066 1560 fa-

148 1605 283 1660 teor3
340 1597 485 1647 lilium
525 1597 598 1647 dei
629 1597 843 1664 genitum
889 1597 1068 1660 fuisse,
1124 1597 1168 1647 id
1208 1614 1328 1647 vero
1371 1614 1466 1646 non
1505 1598 1678 1647 fateor.
1756 1593 1941 1646 Verum
1976 1594 2067 1644 nisi

149 1680 224 1731 dei
253 1681 316 1731 sit
343 1680 486 1744 lilius,
527 1682 685 1730 inanis
713 1689 788 1731 est
815 1680 944 1731 illius
975 1681 1130 1746 labor,
1171 1680 1313 1731 inane
1344 1689 1393 1730 et
1412 1679 1558 1731 animi
1588 1680 1906 1749 propositum,
1944 1695 2068 1729 vana

147 1763 353 1832 denique
405 1781 516 1833 spes
561 1764 718 1815 omnis
763 1773 812 1815 et
854 1765 1107 1832 cogitatiO.
1206 1763 1344 1815 Nihil
1387 1763 1514 1815 enim
1567 1764 1769 1832 amplius
1818 1763 2067 1813 excellen-

148 1847 339 1916 tiusque
382 1849 440 1898 de
473 1845 672 1899 Christo
707 1849 959 1915 profitetur
993 1867 1133 1916 quam
1165 1846 1329 1900 ludaei
1356 1847 1476 1916 ipsi,
1519 1848 1596 1915 qui
1623 1849 1829 1898 eundem
1859 1847 2070 1914 abnega-

147 1941 278 1983 runt.
354 1929 513 1983 Porro
554 1950 648 1983 non
693 1933 923 2001 scriptum
965 1942 1039 1983 est,
1084 1933 1130 1983 in
1161 1933 1444 2000 cvangelio:
1494 1936 1550 1981 In
1571 1936 1808 1997 pm'nezjm’o
1836 1941 1944 1981 erat
1968 1950 2070 1980 ver-

150 2017 254 2066 bum
271 2054 285 2077 ,
342 2026 392 2066 et
415 2018 603 2066 verbum
629 2025 736 2066 erat
764 2021 810 2066 z'n
840 2020 951 2077 deo,
1005 2017 1118 2079 sed,
1175 2018 1372 2066 Verbum
1411 2027 1517 2065 erat
1544 2019 1671 2081 apud
1697 2019 1859 2075 deum,
1903 2032 1993 2065 nec
2020 2016 2068 2065 in

149 2102 239 2151 deo
272 2100 471 2151 verbum
504 2101 645 2151 modo
675 2101 823 2152 fuisse
858 2101 1001 2164 dicit,
1056 2101 1140 2152 sed
1169 2105 1294 2150 Deus
1325 2111 1432 2150 erat
1451 2103 1655 2150 verbum.
1737 2098 1789 2150 ln
1832 2099 1938 2168 ipso
1966 2099 2069 2166 qui-

150 2184 255 2235 dem
287 2184 479 2235 homine
510 2202 672 2235 sermo
701 2185 780 2236 ille
801 2224 813 2248 ,
856 2185 934 2253 qui
967 2193 1199 2253 perpetuo
1225 2194 1307 2235 aut
1337 2185 1560 2247 interior,
1603 2193 1685 2235 aut
1711 2193 1917 2234 externa
1948 2200 2069 2235 voce

148 2269 364 2338 prolatus
394 2277 496 2332 est,
551 2268 696 2319 homo
725 2269 817 2320 dici
851 2287 945 2320 nou
979 2277 1166 2337 potest,
1219 2271 1302 2320 sed
1333 2269 1539 2320 hominis
1572 2286 1752 2319 sermo.
1832 2265 1974 2333 Quod
2006 2266 2066 2326 si,

146 2362 201 2404 ut
230 2353 308 2404 ille
333 2362 573 2420 nugatur,
628 2355 837 2404 nondum
870 2353 1001 2404 velut
1032 2354 1188 2404 foetus
1216 2363 1383 2416 erant,
1440 2362 1522 2404 aut
1550 2353 1622 2403 dei
1655 2353 1778 2403 filius
1812 2352 1930 2402 dens
1960 2368 2071 2401 ver-

147 2437 279 2500 bum,
321 2454 407 2506 per
432 2454 685 2504 quemnam
716 2438 876 2488 omnia
908 2438 1138 2506 producta
1164 2440 1307 2488 sunt?
1381 2436 1802 2505 Quandoquidem,
1843 2444 1894 2486 nt
1923 2452 2072 2486 evan-

148 2521 325 2589 gelium
366 2521 574 2584 asserit,
632 2525 793 2571 Omnia
827 2540 919 2587 per·
955 2526 1101 2586 zpsum
1123 2524 1264 2589 saeta
1298 2532 1434 2582 sunt,
1476 2532 1523 2572 et
1548 2526 1649 2571 sine
1678 2525 1776 2586 epse
1801 2523 1978 2586 factum
2001 2530 2075 2569 est

147 2609 282 2655 nihil.
379 2608 575 2658 Atenim
628 2606 1054 2675 quemadmodum,
1113 2606 1295 2674 inquit,
1351 2607 1492 2656 homo
1542 2623 1629 2675 per
1678 2605 1877 2656 verbum
1930 2621 2068 2654 suum

148 2690 372 2758 quidquid
406 2691 597 2742 libuerit
628 2691 798 2752 efficit,
839 2690 905 2740 ita
932 2699 981 2740 et
1011 2698 1148 2758 pater
1173 2707 1259 2759 per
1285 2691 1485 2741 verbum
1521 2708 1687 2752 snum,
1731 2689 1856 2757 quod
1886 2689 1932 2739 in
1962 2689 2067 2756 ipso

149 2783 274 2838 erat,
317 2775 544 2825 universa
574 2774 864 2844 procreavit.
944 2772 1201 2841 Quomodo
1231 2774 1376 2842 igitur
1402 2774 1492 2825 hoc
1518 2774 1564 2824 in
1600 2773 1856 2842 evangelio
1889 2770 2068 2822 domini

148 2857 324 2909 dictum
354 2858 684 2928 accipiendum
718 2867 822 2910 estz
876 2862 1017 2909 Pater
1041 2877 1184 2925 usque
1211 2863 1342 2908 modo
1370 2869 1619 2924 operatur,
1675 2868 1722 2907 et
1748 2876 1835 2922 ego
1863 2860 2066 2922 operor?

149 2939 290 3009 Quae
316 2943 467 2994 verba
496 2961 590 2993 non
619 2942 689 2994 sic
715 2942 1026 3009 intelligenda
1054 2952 1196 3007 sunt,
1239 2943 1374 3011 quasi
1410 2944 1456 2993 in
1490 2943 1562 2993 his
1593 2959 1715 3010 quae
1753 2941 1877 2992 lilius
1921 2940 2061 2991 efficit

148 3026 263 3076 nibil
299 3035 435 3095 pater
464 3027 568 3096 ipse
602 3027 854 3088 moliatur,
912 3034 994 3077 aut
1026 3035 1196 3077 contra
1228 3027 1574 3078 abalienandus
1610 3027 1674 3078 sit
1702 3026 1855 3090 fitius,
1910 3042 2065 3093 neque

149 3126 203 3161 se
233 3111 381 3179 patris
417 3111 606 3180 opificio
648 3111 836 3178 agendo
870 3110 1043 3178 aliquid
1085 3111 1370 3162 immisceat.
1450 3109 1700 3179 Siquidem
1730 3127 1877 3178 opera
1905 3109 2063 3160 omnia

150 3210 178 3244 a
207 3202 341 3262 patre
363 3194 504 3246 simul
535 3204 582 3246 et
612 3195 705 3245 filio
734 3203 782 3245 et
806 3193 976 3262 spiritu
1006 3203 1174 3244 sancto
1203 3196 1432 3262 producta
1458 3203 1589 3245 snut.
1646 3192 1775 3244 Nam
1803 3211 1889 3262 per
1912 3193 2066 3262 ipsum

2108 1512 2207 1567 Cap.
2226 1511 2293 1553 lv.

2134 2875 2264 2911 Ioann.

2147 2919 2181 2963 5,
2208 2919 2259 2954 u,

151 3277 309 3327 omnia
350 3287 462 3329 sunt
500 3297 529 3330 a
566 3288 699 3347 patre
739 3279 999 3347 producta,
1055 3276 1255 3345 ipseque
1294 3279 1415 3328 adeo
1466 3296 1574 3328 cum
1626 3281 1759 3345 patre
1815 3286 1860 3327 et
1897 3277 2068 3345 spiritu
2089 3289 2322 3336 Psatmffls.

150 3370 321 3412 sancto
365 3362 618 3413 fabricavit
658 3363 835 3413 omnia.
915 3362 1062 3410 Verbo
1104 3366 1222 3410 enim
1257 3366 1434 3411 domini
1468 3364 1591 3410 eoelz'
1609 3363 1968 3427 formatis-unt,
2023 3373 2068 3412 et

151 3448 323 3509 spei-itu
345 3449 442 3495 oris
469 3451 567 3495 eius
594 3451 739 3496 omnis
769 3450 919 3495 virtus
947 3462 1120 3494 eorum.
1202 3443 1446 3512 Quocirca
1476 3453 1614 3495 caute
1641 3445 1753 3495 illud
1782 3447 2067 3513 prudenter-

152 3545 243 3596 que
285 3529 505 3580 dominus
550 3530 597 3580 in
640 3530 896 3597 evangelio
940 3528 1089 3591 dixit,
1132 3546 1267 3592 cum,
1310 3537 1474 3597 utpote
1511 3529 1627 3578 deus
1673 3528 1831 3579 omnia
1876 3530 2067 3597 praevi-

207 3638 246 3680 3.
263 3636 335 3681 καὶ
359 3640 515 3693 ματαία
540 3637 666 3683 αὐτοῦ
690 3638 969 3694 ἠπροαίρεσις
992 3640 1073 3680 cod.
1187 3637 1223 3678 6.
1252 3634 1461 3691 ἀλλοτρίου
1490 3632 1605 3687 ’ὄντος
1631 3641 1848 3680 emendavit
1867 3642 2063 3681 Petavius.

149 3695 310 3746 Rhedv'y.
1131 3690 1436 3746 οἷλλοτριοῦντος
1472 3698 1588 3745 vulgo
1627 3700 1731 3735 extat,
1764 3698 1805 3736 in
1841 3698 1960 3735 libris.
2018 3698 2065 3735 Et

205 3750 244 3791 4.
263 3750 298 3792 εἰ
324 3749 371 3794 δὲ
393 3748 470 3793 οὐκ
492 3743 544 3805 ἦν
566 3755 784 3801 suspicatus
807 3757 861 3793 est
878 3754 1071 3794 Petavius.
1135 3752 1346 3790 Cornssrius
1386 3753 1467 3790 iam
1506 3753 1616 3791 vertit
1654 3765 1787 3806 neque
1822 3750 1935 3805 quod
1960 3750 2065 3792 filius

208 3806 245 3846 5-
265 3808 337 3849 τοῦ
364 3819 436 3847 om.
468 3810 552 3848 cod.
576 3810 735 3859 Rhediy.
1132 3805 1286 3846 alienus
1315 3805 1381 3846 sit.
