2508 4134
421 232 552 319 μχ’152

1199 277 1379 319 ιΝυΕΧ
1396 263 1622 321 nmium.

506 375 744 432 opinionem
780 375 893 417 Petri
936 374 1234 432 archiepiscopi
1281 376 1383 419 Ale·
1444 376 1752 432 Cogitationum
1780 392 1911 433 genus
1947 378 2127 434 duplex,
2144 392 2378 437 >earumque

504 446 694 488 xandrini
723 450 817 488 718.

1499 448 1649 490 effecta
1678 451 1772 490 588.

452 517 737 559 chiliastarum
772 531 889 559 error
925 516 1120 559 tribuitur
1155 518 1384 573 Apollinari
1445 518 1726 573 Cogitationes
1769 533 1901 561 vanae
1928 519 2089 562 muscis·
2109 520 2163 562 ab
2191 521 2378 563 Homero

505 591 630 629 1031.
660 612 716 621 —
774 596 817 629 et
847 587 978 644 qualis
1017 587 1089 629 illa
1133 588 1259 631 fuerit
1283 589 1379 632 hae·

503 659 605 700 resis
647 659 748 701 ibid.
794 667 838 700 et
877 662 999 700 1032.
1032 682 1088 692 -
1155 659 1208 701 de
1250 660 1382 702 sancti

504 730 670 772 Ioannis
699 730 952 786 Apocalypsi
995 730 1095 786 quid
1110 730 1382 786 ⁴sentiendum

504 803 629 842 1031.
1171 847 1173 850 Α

451 871 602 913 Christi
638 871 806 927 propria
841 870 1063 927 adiuncta,
1102 873 1282 927 veritas,
1311 872 1374 913 lu-

503 958 621 994 men,
652 943 765 993 vita‚
807 951 852 983 et
890 943 1039 985 horum
1072 942 1197 984 etiam
1233 957 1382 999 parens

503 1029 554 1056 ac
580 1014 745 1073 genitor
775 1017 871 1055 377.

452 1085 637 1127 Christus
675 1085 718 1126 in
759 1085 967 1141 Golgatha
1008 1084 1220 1127 crucifixus
1259 1099 1383 1140 supra

504 1156 765 1212 sepulchrum
795 1156 942 1198 Adami
974 1158 1071 1197 394.
1130 1174 1134 1178 ·

450 1227 633 1269 Christus
666 1243 737 1269 cut
763 1227 950 1283 corporis
978 1227 1224 1269 affectiones
1251 1241 1383 1283 expe-

504 1298 577 1341 riri
607 1299 788 1341 voluerit
816 1301 909 1340 770.

450 1370 540 1412 Cibi
577 1370 778 1412 immundi
816 1370 919 1411 nulli
943 1377 1039 1412 sunt
1073 1385 1097 1411 a
1121 1369 1203 1411 deo
1243 1368 1382 1418 creati,

503 1441 579 1483 sed
619 1442 755 1483 omnia
784 1450 880 1483 sunt
908 1456 1011 1497 pura
1041 1455 1132 1483 cum
1160 1440 1382 1496 gratiarum

503 1513 668 1555 actione
701 1517 797 1554 147.

450 1584 646 1636 Cicellia,
695 1583 1066 1626 Alexandrinorum
1108 1583 1262 1624 festum
1288 1585 1385 1624 444.

506 1655 743 1712 (Addend.)

452 1727 715 1769 Circumcisio
765 1726 870 1768 nihil
922 1726 1087 1768 confert
1138 1724 1193 1766 ad
1236 1723 1387 1766 Christi

503 1799 807 1851 imitationem,
837 1797 912 1839 sed
935 1805 1096 1840 tantum
1122 1797 1232 1838 bona
1260 1811 1387 1852 opera

508 1875 601 1912 162.

451 1941 688 1984 Circumcisi
729 1955 852 1983 verae
885 1940 1099 1996 religionis
1126 1951 1387 1981 successores

507 2017 573 2056 17.

451 2083 716 2127 Circumcisio
747 2099 831 2127 non
861 2092 927 2125 est
952 2083 1005 2125 ad
1037 2083 1212 2124 salutem
1235 2097 1382 2123 neces·

505 2157 611 2198 saria
644 2158 739 2197 160.
771 2179 827 2187 -
883 2154 1130 2196 idololatrae
1163 2161 1206 2194 et
1243 2168 1384 2195 sacer-

506 2227 628 2269 dotes
653 2226 846 2283 Aegyptii
875 2213 1046 2267 utuntur
1074 2225 1385 2267 circumcisione

504 2299 605 2340 ibid.
627 2323 681 2331 -
709 2298 811 2339 item
834 2306 877 2339 et
903 2297 972 2338 alii
996 2296 1191 2353 permulti
1213 2295 1314 2337 ibid.
1329 2319 1380 2327 —

506 2369 658 2411 Christi
687 2368 968 2423 circumcisio,
1009 2382 1093 2409 non
1121 2376 1283 2423 partem
1309 2366 1384 2408 sed

502 2449 640 2483 totum
668 2440 878 2482 hominem
916 2439 1174 2481 circumcidit
1202 2443 1297 2479 161.
1330 2462 1380 2470 -

504 2526 553 2552 ea
581 2511 678 2552 viris
703 2520 747 2552 et
770 2510 1005 2551 mulieribus
1031 2510 1152 2551 simul
1183 2510 1383 2552 concedi-

501 2591 572 2623 tur
592 2572 691 2623 ibid.
723 2605 778 2614 --
834 2581 909 2622 sed
936 2581 1234 2623 circumcisioni
1258 2595 1382 2636 prae-

503 2661 590 2694 stat
617 2652 846 2708 baptismus
873 2651 974 2694 ibid.

451 2723 781 2765 Circumcisionis
812 2737 916 2778 quae
942 2737 1107 2764 caussae
1138 2723 1292 2764 fuerint
1315 2727 1381 2764 17.

450 2794 780 2836 circumcisionis
821 2809 944 2837 cruor
981 2794 1101 2836 stetit
1147 2795 1188 2835 in
1232 2794 1385 2837 Christi

506 2866 815 2908 circumcisione
847 2869 942 2907 153.

452 2937 769 2979 Circumcisione
793 2936 953 2978 sublata
979 2935 1178 2978 successit
1205 2951 1384 2992 regene-

505 3008 613 3050 ratio
643 3022 718 3063 per
748 3008 952 3049 lotionem
980 3007 1175 3062 baptismi
1205 3012 1302 3050 113.

453 3078 783 3120 Circumcisionis
812 3078 1092 3119 instituendae
1120 3079 1228 3121 ratio
1259 3083 1355 3121 153.

454 3149 720 3191 circumcisio
740 3149 902 3204 signum
925 3150 1126 3191 iustorum
1147 3150 1249 3206 legis
1272 3160 1382 3193 tem-

505 3235 608 3276 pore
638 3224 734 3262 150.

451 3291 640 3334 Clemens
677 3300 812 3333 utrum
853 3306 1067 3334 successor
1107 3293 1220 3334 Petri
1262 3293 1389 3336 suerit

507 3366 601 3405 107.

452 3434 644 3475 Clemens
706 3434 1004 3476 Alexandrinus
1061 3450 1084 3476 a
1146 3435 1388 3491 quibusdam

506 3505 769 3547 Atheniensis
799 3506 976 3547 habetur
1005 3509 1101 3547 213.

453 3576 690 3618 Coelibatus
715 3576 958 3618 clericorum
978 3576 1244 3618 confirmatur
1265 3581 1388 3619 1104.

454 3715 626 3756 eoelum
657 3725 698 3758 et
727 3726 837 3760 terra
880 3733 951 3760 cur
992 3719 1167 3760 transire
1199 3719 1390 3760 dicantur

510 3788 601 3825 555.

1499 599 1763 644 comparatae
1792 586 1913 657 586.Χ

1445 660 1726 715 Cogitationes
1765 661 1892 702 malas
1920 661 2078 703 evitare
2114 675 2198 704 non
2225 675 2376 718 possu—

1498 745 1612 781 mus,
1644 730 1720 771 sed
1747 745 1963 786 possumus
1992 731 2197 790 repellere
2224 735 2321 775 ⁶84.

1445 802 1659 843 Colluthus
1683 802 1971 844 haeresiarcha
1994 810 2185 858 tempore
2213 803 2322 855 Arii,
2353 818 2378 845 a

1498 887 1580 927 quo
1620 872 1722 914 dicti
1768 873 2048 925 colluthiani,
2111 882 2157 914 ut
2199 873 2253 915 ab
2294 872 2378 916 isto

1498 943 1640 984 Ariani
1671 947 1764 984 728.

1444 1013 1776 1064 Colorbasiorum
1805 1014 2012 1066 haeresis,
2053 1029 2158 1071 quae
2196 1024 2261 1057 est
2298 1014 2378 1057 de—

1497 1085 1600 1126 cima
1629 1085 1771 1142 quinta
1794 1094 1891 1141 post
1917 1095 2054 1128 ortum
2079 1085 2379 1129 Christianismi

1499 1159 1594 1199 258.

1446 1226 1691 1269 Colorbasus
1721 1228 1807 1269 eius
1844 1238 1992 1270 auctor
2026 1229 2116 1284 quis
2141 1228 2268 1270 fuerit
2294 1227 2377 1270 ibi-

1499 1298 1609 1340 dem.
1640 1322 1693 1332 -
1752 1300 1840 1341 eius
1868 1300 2065 1354 dogmata
2092 1298 2192 1341 ibid.

1444 1369 1660 1411 Colorbasi
1699 1371 1856 1413 refutio
1897 1373 1993 1413 259.
2025 1394 2081 1404 --
2149 1370 2290 1426 inepte
2330 1384 2380 1412 ac

1498 1440 1625 1496 impie
1665 1440 1789 1484 deum
1841 1441 2020 1484 hominis
2063 1441 2192 1483 filium
2235 1440 2380 1483 dicunt

1501 1515 1595 1553 260.

1446 1583 1676 1624 Colorbasii
1714 1583 1814 1640 quid
1848 1574 2084 1639 intelligant
2122 1597 2198 1640 per
2231 1597 2379 1640 aquam

1501 1653 1614 1695 Siloe
1644 1657 1742 1696 261.
1775 1678 1828 1686 -·
1887 1662 1932 1696 et
1958 1669 2063 1710 quae
2091 1669 2189 1695 vera
2211 1653 2266 1695 sit
2293 1654 2380 1695 eius

1501 1725 1725 1767 secundum
1748 1725 1975 1768 catholicos
1992 1724 2284 1781 interpretatio
2302 1724 2380 1766 ibi·

1501 1797 1611 1838 dem.

1448 1867 1821 1924 Collyridianorum
1840 1867 2015 1910 historia
2037 1871 2159 1909 1058.
2183 1892 2231 1900 -
2263 1867 2380 1909 istius

1500 1940 1680 1981 haeresis
1709 1939 1909 1981 refutatio
1949 1938 2050 1981 ibid.
2095 1963 2152 1971 —
2223 1938 2380 1980 Mariae

1500 2011 1745 2053 sacrificium
1773 2010 1983 2061 offerunt,
2025 2025 2130 2067 quae
2165 2018 2228 2052 est
2253 2010 2380 2067 quin-

1500 2082 1736 2138 quagesima
1780 2081 1987 2131 haeresis,
2029 2081 2116 2123 sive
2154 2089 2374 2138 septuage-

1499 2154 1601 2196 sima
1642 2168 1753 2195 nona
1790 2156 1914 2194 1057.
1960 2176 2015 2186 -
2071 2151 2182 2194 unde
2222 2150 2379 2209 prodiit

1498 2225 1602 2267 haec
1633 2224 1812 2266 haeresis
1839 2224 1939 2266 ibid.

1445 2296 1672 2338 Columbae
1703 2304 1871 2347 natura,
1918 2303 1960 2337 et
1989 2294 2089 2352 quid
2117 2295 2188 2337 illa
2218 2293 2379 2350 signifi-

1498 2375 1566 2410 cet
1602 2370 1698 2408 275.

1445 2437 1725 2481 Consobrinae
1752 2452 1900 2479 uxores
1928 2438 2199 2493 ducebantur,
2226 2444 2269 2478 et
2294 2449 2379 2478 non

1497 2509 1672 2565 amplius
1715 2523 1880 2551 sorores
1922 2518 2020 2565 post
2061 2507 2377 2564 multiplicatio-

1498 2594 1595 2622 nem
1622 2580 1835 2622 hominum
1866 2584 1961 2622 288.

1445 2651 1705 2694 Constantini
1746 2651 2009 2707 imperatoris
2045 2651 2129 2693 duo
2168 2650 2379 2707 praeclara

1497 2731 1654 2764 statuta
1689 2726 1784 2764 821.

1444 2794 1726 2845 Constantius,
1761 2794 2022 2836 Constantini
2042 2794 2161 2844 filius,
2186 2794 2278 2850 pius
2295 2793 2379 2834 im-

1499 2874 1696 2921 perator,
1725 2866 1824 2907 licet
1856 2866 1995 2907 fautor
2025 2865 2111 2907 Arii
2142 2869 2236 2907 737.

1443 2937 1770 2979 Constitutiones
1800 2937 2053 2993 apostolicae
2082 2951 2165 2978 non
2194 2935 2378 2978 reiicien·

1500 3008 1578 3049 dae
1604 3011 1701 3050 822.

1446 3079 1698 3122 Constitutio
1719 3080 1950 3136 apostolica
1975 3079 2028 3120 de
2055 3079 2257 3121 Paschate
2277 3076 2376 3119 ibid·

1448 3150 1859 3193 Consubstantialitas
1889 3151 1929 3192 in
1961 3150 2147 3192 trinitate
2190 3157 2253 3192 est
2281 3147 2378 3191 fidei

1502 3221 1804 3264 firmamentum
1830 3225 1924 3263 956.

1448 3293 1807 3335 Consubstantiale
1856 3293 2027 3334 verbum
2070 3294 2164 3333 796.
2205 3313 2259 3322 -
2331 3295 2378 3330 et

1503 3364 1615 3420 quod
1646 3364 2015 3406 Consubstantialis
2053 3359 2295 3404 vocabulum
2323 3360 2378 3401 sit

1502 3435 1776 3477 necessarium
1818 3438 1913 3476 797.
1959 3458 2009 3466 --
2089 3430 2201 3487 quod
2237 3440 2377 3472 tamen

1454 3502 1457 3506 ’
1505 3506 1622 3547 Arius
1655 3514 1697 3547 et
1720 3506 1906 3548 Sabellus
1944 3503 2104 3559 fugiunt
2133 3516 2233 3543 cane
2261 3502 2376 3557 peius

1503 3585 1545 3618 et
1573 3591 1705 3632 angue
1730 3576 1830 3618 ibid.
1859 3600 1914 3607 ——
1971 3582 2106 3614 utrum
2129 3573 2171 3613 in
2200 3573 2377 3629 scriptu-

1501 3647 1557 3689 ris
1593 3648 1823 3703 reperiatur
1848 3645 1949 3687 ibid.
1978 3666 2034 3675 —-
2090 3651 2132 3684 et
2156 3643 2280 3685 licere
2316 3644 2377 3685 uti

1503 3718 1671 3758 vocibus
1714 3732 1817 3773 quae
1855 3716 1897 3755 in
1938 3714 2139 3769 scriptura
2168 3730 2251 3756 non
2280 3723 2377 3755 sunt

1502 3787 1601 3829 ibid.
1620 3812 1672 3819 -—
1703 3787 1873 3829 verbum
1891 3785 2273 3841 Consubstantialis,
2299 3785 2377 3826 etsi
