2508 4134
510 287 734 330 PANAan
762 289 863 330 Lm.
880 289 952 330 111.
983 289 1122 331 ΤοΜ.
1139 292 1189 331 11.
1217 290 1382 331 HAER.
1407 290 1620 331 Lxxvn.
1910 278 2010 330 385

119 389 221 458 sepi
258 388 454 451 iacenS,
506 387 566 438 ab
611 387 891 455 angelorum
938 394 1013 438 est
1049 386 1197 438 choro
1237 388 1474 455 cognitus,
1550 386 1870 439 Mittebantur
1913 395 2012 437 tum

120 473 356 525 coelestes
382 471 449 523 illi
482 471 758 535 exercitus,
814 471 892 539 qui
920 471 1198 540 sempiterni
1227 472 1357 538 regis
1387 473 1658 540 ingressum
1693 471 2016 541 apparitorum

119 574 173 608 ac
216 556 472 607 satellitum
519 572 651 606 more
691 555 950 624 stiparent3
1008 554 1311 624 triumphalia
1358 557 1569 608 carmina
1614 556 2013 618 concinebantur,

118 657 215 710 pax
250 639 448 709 insuper
485 638 757 708 pastoribus
795 638 1123 690 nuntiabatur.
1202 636 1309 705 Qua
1349 638 1495 706 igitur
1522 641 1570 691 in
1599 658 1651 691 re
1681 641 1807 691 illius
1834 648 1907 690 est
1943 639 2017 690 in-
2038 647 2267 692 Matth.2,2.

117 725 301 776 fuscata
334 723 594 774 maiestas?
663 721 790 774 Nam
818 740 923 774 cum
954 723 1107 773 adhuc
1133 722 1294 773 infans
1326 732 1484 786 esset,
1539 733 1587 774 ει
1613 724 1782 775 alienis
1812 722 2019 774 brachiis

118 815 420 876 gestaretur,
462 823 618 858 novae
651 807 708 858 ab
732 808 919 858 oriente
952 807 1117 858 stellae
1151 807 1417 875 prodigium
1450 808 1700 875 apparuit3
1754 808 1876 876 quod
1907 807 2019 858 sub-

117 901 311 943 secutus
340 891 567 960 deinceps
597 889 852 960 Magorum
881 891 1145 955 adventus,
1188 890 1406 941 adoratio
1436 899 1484 942 et
1511 891 1812 959 obsequium.
1890 890 2019 941 Tum

119 977 177 1027 ab
204 993 320 1044 rege
351 977 476 1026 facta
505 993 532 1025 a
559 976 731 1027 scribis
762 975 1038 1044 inquisiti0,
1079 975 1452 1043 eorumdemque
1489 992 1773 1044 responsum
1807 993 1862 1026 ac
1891 974 2020 1026 veri-

119 1061 231 1112 tatis
261 1060 525 1112 confessio.
602 1058 810 1128 Reliqua
837 1060 1024 1111 demum
1060 1060 1178 1125 alia,
1234 1076 1356 1127 quae
1386 1068 1742 1127 consequenter
1770 1077 2020 1128 exponun-

119 1153 224 1208 tur,
279 1144 387 1213 quid
429 1143 668 1196 divinitati
703 1144 830 1195 illius
864 1145 1054 1195 officere
1082 1144 1374 1213 potueruut?
1447 1142 1702 1211 Quodnam
1742 1161 1860 1194 vero
1894 1144 2020 1194 utin

120 1228 259 1280 nobis
287 1228 540 1292 usuvenit,
594 1227 755 1279 carnis
795 1228 1039 1292 detentio,
1091 1228 1223 1279 velut
1254 1228 1634 1295 integumentum
1664 1227 1730 1278 illi
1763 1236 1810 1277 et
1835 1228 2022 1279 involu-

121 1330 252 1364 crum
283 1313 515 1363 obduxit?
585 1310 712 1364 Nam
750 1320 798 1363 ει
828 1321 1162 1381 tempestatem
1201 1330 1307 1363 cum
1339 1312 1498 1363 ventis
1540 1330 1596 1363 ac
1621 1310 1740 1362 mari
1780 1312 2014 1380 increpat,
2034 1316 2123 1353 1⁴⁰0·
2148 1317 2182 1361 8,
2203 1317 2258 1350 2⁴·

122 1414 212 1448 nec
243 1395 402 1448 divina
434 1396 560 1448 illius
589 1405 832 1465 potestaS,
887 1415 991 1447 cum
1022 1398 1069 1448 id
1096 1398 1218 1465 quod
1251 1407 1452 1448 naturae
1491 1413 1607 1448 suae
1644 1404 2023 1447 consentaneum

123 1490 199 1533 est
229 1482 457 1545 efficeret,
500 1482 659 1532 carnis
676 1481 769 1532 ulla
797 1482 1086 1550 contagione
1114 1481 1531 1550 praepediebatur.
1611 1479 1888 1548 Quinetiam
1918 1498 2024 1530 cum

124 1583 209 1617 sua
249 1566 382 1616 carni
418 1566 569 1617 moles
609 1566 917 1634 gravitasque
958 1575 1232 1630 constaret,
1289 1583 1588 1634 nequaquam
1624 1573 1783 1616 tamen
1822 1565 1940 1615 haec
1969 1564 2026 1615 il-

122 1650 216 1701 lum
247 1649 463 1718 gravitas
494 1651 774 1702 retardavit.
846 1648 972 1701 Nam
1005 1668 1150 1719 supra
1176 1668 1323 1718 aquas
1361 1650 1649 1714 ambulavit,
1707 1649 1774 1700 uti
1803 1649 2024 1700 immuta·
2046 1655 2182 1691 Matth-
2204 1658 2254 1691 ¹4·

123 1733 265 1785 bilem
294 1734 433 1785 deum
471 1751 557 1803 par
584 1743 719 1798 erat,
776 1734 854 1802 qui
888 1735 958 1785 sic
986 1735 1034 1785 in
1064 1753 1208 1786 carne
1238 1736 1522 1787 versabatur
1552 1734 1680 1785 nulla
1709 1743 1760 1785 ut
1793 1734 1842 1783 in
1869 1733 2025 1803 ipsum

126 1836 190 1870 ex
222 1819 301 1869 illa
340 1818 540 1869 mutatio
583 1819 895 1870 redundaret.
971 1818 1139 1887 Itaque
1166 1828 1214 1870 et
1242 1828 1470 1870 contenta
1507 1836 1629 1871 voce
1658 1819 1728 1870 sic
1755 1819 2023 1869 exclamat:

125 1907 310 1953 Lazaro
334 1907 443 1952 veni
456 1904 608 1969 foras.
688 1901 742 1953 ln
774 1921 865 1971 quo
894 1921 1087 1955 carnem
1115 1904 1204 1955 sibi
1236 1912 1580 1973 repugnantem
1610 1903 1804 1954 minime
1833 1911 1907 1953 est
1939 1920 2027 1953 ex·
2091 1911 2223 1990 {papp-

124 1996 320 2056 pertus3
363 2004 517 2055 neque
545 1986 770 2039 divinitas
796 1987 898 2056 ipsa
923 1988 971 2038 in
1002 2005 1147 2039 carne
1177 1990 1487 2057 perfectaque
1518 1988 1724 2039 hominis
1757 1997 1926 2040 natura
1950 2006 2026 2040 re·
2135 1982 2146 2000 '
2207 1982 2215 1991 ’

125 2071 288 2123 sidens
327 2071 459 2123 velut
496 2072 730 2123 servitute
770 2073 971 2141 quadam
1012 2080 1086 2123 est
1124 2090 1373 2141 oppressa.

263 2154 527 2207 Possumus
571 2165 620 2207 et
662 2156 754 2207 alia
794 2157 1036 2225 complura
1080 2157 1374 2220 subtexere,
1429 2158 1563 2208 velut
1603 2158 1725 2226 quod
1765 2175 1792 2208 a
1824 2158 2024 2209 mortuis
2098 2169 2196 2229 Cap.

130 2240 374 2292 excitatus
409 2249 513 2304 est,
573 2241 696 2308 quod
736 2241 998 2292 inferorum
1032 2241 1238 2293 claustra
1267 2242 1528 2311 perfregit,
1583 2242 1706 2309 quod
1732 2242 2028 2311 captivorum
2052 2226 2254 2324 gfff-(25⁴3.

127 2342 298 2393 agmen
326 2326 376 2375 in
408 2332 693 2392 potestatem
734 2326 922 2394 redegit
953 2335 1000 2376 et
1026 2325 1225 2391 eduxit,
1283 2327 1406 2394 quod
1447 2326 1588 2377 tertia
1627 2326 1703 2377 die
1739 2344 1844 2377 cum
1884 2343 2030 2377 carne

128 2427 215 2460 sua
243 2409 576 2472 sanctissima,
631 2427 720 2460 nec
761 2428 856 2460 non
887 2418 934 2461 ει
962 2410 1149 2474 anima,
1206 2419 1398 2474 mente,
1458 2429 1512 2462 ac
1546 2419 1648 2461 toto
1681 2410 1885 2479 denique
1913 2427 2031 2463 vase

128 2493 232 2561 ipso
274 2493 515 2558 surrexit,
569 2502 619 2543 et
657 2512 763 2545 cum
802 2493 1050 2545 divinitate
1090 2495 1337 2562 copulatus
1377 2495 1518 2546 homo
1562 2495 1805 2564 perlectus
1847 2495 2028 2561 extitit,

130 2578 478 2644 humanamque
506 2585 720 2628 naturam
754 2579 811 2628 ad
838 2578 1102 2630 divinitatis
1125 2579 1421 2631 consortium
1451 2579 1645 2643 evexit,
1689 2579 1809 2629 adeo
1834 2589 1886 2630 ut
1909 2598 2032 2629 mors

130 2665 223 2727 ipsi
256 2680 346 2711 non
387 2664 646 2710 dominetur
681 2665 893 2726 amplius.
971 2662 1126 2730 Igitur
1161 2682 1267 2714 cum
1299 2663 1548 2715 divinitate
1591 2663 1875 2714 coniunctus
1908 2664 2032 2731 quod

132 2762 346 2797 crassum
374 2755 479 2796 erat
506 2754 555 2796 et
582 2755 858 2797 concretum
894 2755 1038 2798 tenue
1068 2765 1123 2798 ac
1151 2747 1324 2799 subtile
1354 2748 1559 2799 reddidit
1587 2756 1684 2798 tum
1715 2766 1820 2799 cum
1858 2748 2034 2799 clausis

132 2830 314 2881 foribus
339 2829 587 2897 ingressus
620 2839 721 2894 εει,
774 2840 823 2882 ει
850 2848 954 2881 cum
984 2831 1242 2895 intrasset,
1286 2850 1478 2883 carnem
1506 2841 1553 2883 et
1584 2850 1696 2884 ossa
1722 2832 2030 2895 monstravit,

133 2924 184 2966 ut
217 2923 265 2965 et
296 2914 553 2966 salutarem
597 2930 730 2964 suam
771 2916 1032 2983 potentiam
1075 2917 1378 2982 ostenderet,
1436 2926 1483 2968 et
1524 2918 1647 2985 quod
1693 2917 1793 2985 spei
1837 2925 2033 2966 nostrae

134 2998 427 3068 propositum
468 3007 540 3050 est
581 2998 863 3062 exhiberet,
921 2999 1206 3068 planumque
1247 3002 1431 3052 faceret
1471 3002 1629 3052 omnia
1670 3020 1697 3052 a
1733 3001 1883 3054 verbo
1926 3007 2036 3068 post

135 3092 405 3152 susceptam
435 3100 631 3134 carnem
663 3100 773 3134 esse
800 3084 1030 3152 perfecta.
1106 3082 1372 3135 Praeterea
1398 3086 1565 3136 eodem
1595 3085 1676 3136 illo
1705 3102 1908 3154 corpore
1935 3102 2036 3135 ma-

136 3168 308 3237 gnifice
349 3167 564 3219 sublatus
606 3167 655 3218 in
690 3168 874 3219 coelum
906 3169 962 3218 ad
997 3167 1146 3236 patris
1189 3169 1436 3220 dexteram
1480 3170 1725 3234 consedit,
1783 3187 1878 3220 non
1911 3168 2037 3219 mole

136 3262 482 3321 praegravatus
512 3253 759 3322 corporis,
801 3261 883 3303 aut
904 3269 1024 3303 vero
1049 3270 1252 3320 corpore
1282 3253 1385 3320 ipso
1414 3254 1603 3322 penitus
1633 3254 1911 3315 exsolutuS,
1951 3252 2038 3303 sed

137 3337 260 3388 idem
305 3336 458 3406 ipsum
499 3337 712 3406 spiritale
752 3337 1020 3388 suscitavit.
1110 3334 1250 3403 Quod
1293 3337 1331 3386 si
1371 3348 1579 3387 nostrum
1622 3341 1743 3386 illud
1781 3355 1948 3402 corpus
1986 3340 2033 3385 in
2101 3355 2142 3432 {5
2161 3356 2246 3431 (igr.

139 3426 433 3488 corruptione
458 3426 736 3483 seminatur,
779 3425 936 3486 surgit
963 3425 1009 3470 in
1040 3424 1409 3485 incorruptione,
1450 3426 1705 3471 seminatur
1738 3439 1906 3486 corpus
1934 3425 2035 3470 ani·
2145 3424 2155 3442 ’
2216 3423 2223 3432 '

141 3509 283 3567 male,
337 3509 550 3571 spiritale
580 3525 746 3572 corpus
786 3509 1046 3566 eoeeitatur,
1104 3514 1280 3572 quanto
1323 3505 1369 3554 id
1410 3506 1561 3572 magis
1598 3506 1654 3556 de
1694 3505 1926 3572 unigeniti
1959 3505 2041 3555 filii

143 3590 216 3640 dei
248 3606 449 3658 corpore
486 3608 571 3657 par
613 3600 687 3641 εει
716 3590 973 3641 arbitrari?
1044 3587 1308 3658 Propterea
1340 3589 1463 3639 istud
1494 3590 1734 3659 impletum
1778 3598 1878 3640 est:
1929 3593 2037 3639 Non
2094 3610 2230 3645 psam„

143 3675 274 3724 dabis
298 3683 504 3724 sanctum
536 3685 659 3724 tuum
685 3678 838 3724 videre
861 3678 1214 3739 corruptionem,
1256 3692 1400 3739 neque
1422 3677 1655 3741 relinques
1678 3678 1874 3724 animam
1898 3692 2040 3723 meam
2106 3654 2158 3694 15,
2182 3655 2232 3689 ω’

144 3762 191 3808 in
220 3761 418 3825 inser-no.
496 3758 658 3826 Atque
699 3759 817 3810 haec
858 3759 1045 3827 quidem
1087 3756 1245 3809 omnia
1288 3759 1346 3808 de
1374 3759 1587 3826 perfecta
1628 3758 1833 3810 hominis
1868 3766 2041 3809 natura

233 3853 377 3898 Corpus
402 3852 623 3889 Haereseol.
647 3853 694 3887 11.
718 3854 751 3888 3.
1643 3862 1706 3911 25
