2508 4134
230 2140 315 2175 pag.
336 2130 410 2166 928.

437 207 539 257 216
1152 214 1356 256 SANCTI
1385 216 1668 257 EPIPHANII

436 311 729 382 ὑπάρχουσα
758 311 904 363 οὐσία
924 310 1193 380 ἀγέννητος
1219 309 1250 364 ὅ
1274 310 1398 374 θεὸς
1423 310 1587 366 οὐδενὶ
1616 302 1745 384 λόγῳ
1772 314 2085 382 43ἐπιτρέπει
2110 311 2228 367 καθ’
2255 314 2366 367 ἑαυ-

437 404 523 465 τῆς
551 398 738 466 γένεσιν
765 397 1052 462 ἐπινοῆσαι,
1093 394 1300 449 οἷθοῦσα
1326 398 1565 469 φέρεσθαι
1593 395 1717 450 κατά
1743 402 1844 450 τῶν
1867 403 2109 468 γεννητῶν
2136 404 2367 453 “nauem

438 483 654 546 ἐξέτασιν
690 482 773 534 καὶ
810 478 972 533 πάντα
1007 480 1252 551 λογισμόν.

577 566 669 634 κβ’.
707 568 779 618 Εἰ
798 564 1066 636 στερήσεώς
1095 569 1191 620 ἐστι
1228 565 1496 635 δηλωτικόν
1528 570 1609 622 ἐπὶ
1637 573 1762 621 θεοῦ
1792 566 1846 621 τὸ
1881 566 2181 638 ἀγέννητον,
2215 569 2368 637 μηδὲν

436 653 489 705 δὲ
520 654 595 720 εἰή
620 649 674 704 τό
701 651 991 721 ἀγέννητον,
1040 659 1183 714 ποῖος
1209 652 1352 723 λόγος
1385 651 1446 705 ἀν
1474 651 1765 724 ἀφαιρήσειε
1800 660 1890 707 τοῦ
1927 651 1993 721 μή
2020 651 2163 715 ὄντος
2199 659 2260 691 4⁵
2278 676 2368 723 μη-

438 739 521 791 δέν
531 760 546 801 ;
585 739 630 789 εἰ
660 737 712 789 δὲ
737 735 795 790 ὂν
822 739 1066 804 σημαίνει,
1103 741 1177 800 τίς
1206 735 1268 790 ἀν
1301 737 1636 809 46χωρήσειεν
1664 737 1807 802 ὄντος
1835 737 1955 810 ὅπερ
1978 740 2126 805 ἐστὶν,
2163 744 2228 776 4⁷
2245 738 2367 794 αὐτό

435 843 490 893 γε
526 820 709 886 αὐτοῦς

578 908 668 978 κγ’.
708 909 780 960 Εἰ
804 909 858 960 αἱ
874 906 1118 978 στερήσεις
1149 913 1208 944 4⁸
1224 907 1371 972 ἕξεών
1395 910 1516 962 εἰσιν
1542 907 1851 980 ἀφαιρέσεις,
1889 907 1944 963 τό
1972 911 2053 964 ἐπὶ
2080 916 2208 964 θεοῦ
2231 908 2367 981 ἀγέν-

437 1015 589 1061 νητον
625 991 739 1062 ἤτοι
763 995 984 1064 στέρησίς
1027 996 1155 1047 ἐστιν
1184 1000 1244 1031 4⁹
1265 995 1435 1059 ἕξεως,
1482 993 1517 1062 ἢ
1557 996 1655 1058 ἕξις
1693 994 1975 1065 στερήσεως.
2043 993 2168 1048 Ἀλλ’
2203 998 2249 1049 εἰ
2282 996 2370 1064 μὲν

441 1080 664 1150 στέρησίς
699 1081 826 1133 ἐστιν
851 1081 1020 1145 ἕξεως,
1066 1085 1173 1141 πῶς
1202 1076 1262 1133 ἀν
1289 1077 1342 1132 τὸ
1372 1077 1440 1147 μή
1474 1078 1734 1150 50προςόν
1759 1086 1827 1153 τῷ
1853 1087 1958 1154 θεῷ
1987 1080 2370 1153 συναριθμηθή-

435 1183 598 1230 σεται,

580 1250 668 1304 κδ’.
708 1253 779 1304 Εἰ
800 1251 852 1304 δὲ
879 1252 978 1315 ἕξις
1003 1252 1104 1304 ἐστὶ
1132 1248 1187 1303 τό
1222 1247 1512 1320 ἀγέννητον,
1565 1247 1753 1321 ἀνάγκη
1780 1252 2167 1321 προϋποθέσθαι
2201 1272 2370 1322 γεννη-

433 1335 524 1406 τὴν
561 1337 755 1402 οὐσίαν,
797 1334 935 1389 ⁵12'v'
973 1335 1132 1398 οῦτως
1168 1337 1266 1399 ἕξιν
1301 1338 1648 1406 προςλαβοῦσα
1684 1334 1952 1407 ἀγέννητος
1989 1334 2299 1405 ὀνομάζηται.

584 1507 667 1562 κε’.
700 1510 771 1560 Εἰ
794 1509 846 1561 δὲ
875 1506 975 1576 ὗῖἦ
999 1505 1204 1578 γεννητὴ
1230 1505 1500 1577 ἀγεννήτου
1524 1505 1694 1571 οὐσίας
1720 1508 1957 1576 μετέσχεν,
1997 1509 2140 1572 ἕξεως
2170 1505 2372 1577 ὖπομεί-

434 1612 560 1648 νασα
584 1592 839 1662 ἀποβολὴν
865 1593 1156 1664 ἀγεννησίας
1183 1593 1445 1663 ἐστέρηται.
1521 1596 1624 1662 Εἴη
1656 1591 1717 1646 ἀν
1742 1586 1835 1647 οὖν
1862 1593 2009 1647 οὐσία
2034 1594 2122 1662 μὲν
2144 1592 2370 1665 γεννητὴ,

434 1678 488 1734 vd
528 1681 580 1733 δὲ
618 1678 884 1750 ἀγέννητον
921 1681 1029 1743 ἕξις.

578 1764 667 1827 κς’.
707 1768 778 1818 Εἰ
802 1765 855 1818 δὲ
879 1763 934 1819 τὸ
962 1766 1179 1835 γέννημα
1205 1763 1432 1834 παρόδου
1463 1766 1563 1819 ἐστὶ
1590 1763 1883 1834 δηλωτικὸν,
1937 1768 2088 1834 δῆλον
2126 1764 2202 1820 ὅτι
2229 1763 2372 1830 ἕξεως

435 1853 534 1904 ἔστι
570 1849 893 1920 σημαντικόν,
945 1849 1007 1904 ἅν
1044 1871 1094 1903 τε
1135 1851 1524 1918 μεταπέπλασται
1558 1853 1607 1914 ἐξ
1638 1849 1808 1914 οὐσίας
1835 1850 1993 1917 τινός,
2044 1848 2107 1904 ἀν
2135 1873 2187 1905 τε
2218 1849 2367 1905 τοῦτό

435 1938 565 1991 ἐστιν
602 1936 631 1991 ὃ
666 1939 849 2010 λέγεται
886 1938 1117 2007 γέννημα.

580 2108 663 2174 κζ’.
702 2112 776 2162 Εἰ
799 2107 854 2162 τὸ
883 2108 1151 2180 ἀγέννητον
1187 2109 1307 2172 ἕξις,
1357 2109 1442 2161 καὶ
1471 2106 1526 2161 τὸ
1559 2109 1789 2178 γέννητον
1828 2110 1950 2174 ἕξις,
2000 2111 2055 2161 αἱ
2087 2109 2174 2178 μὲν
2207 2107 2370 2164 οὐσίαι
2413 2121 2415 2123 ’

432 2200 529 2248 τῶν
557 2197 702 2259 ἕξεων
727 2201 945 2267 πρῶται,
985 2197 1040 2247 αἱ
1066 2195 1119 2247 δὲ
1149 2195 1270 2258 ἕξεις
1293 2199 1392 2248 τῶν
1424 2192 1634 2259 οὐσιῶν,
1674 2197 1718 2247 εἰ
1743 2196 1824 2248 καὶ
1859 2195 2105 2265 δευτέραι,
2143 2193 2241 2248 ἀλλ’
2274 2190 2368 2250 οὖν

431 2301 485 2351 γε
522 2280 885 2352 προτιμότεραι.

572 2366 665 2435 κη’.
693 2370 766 2419 Εἰ
791 2368 846 2421 δὲ
870 2364 924 2420 τὸ
954 2366 1218 2436 ἀγέννητον
1243 2371 1331 2418 τοῦ
1353 2371 1592 2436 γεννητοῦ
1623 2364 1783 2419 αἴτιόν
1815 2367 1929 2432 ἐστι,
1951 2371 2040 2419 τοῦ
2071 2363 2197 2421 εἶναι
2219 2374 2369 2436 ⁵³01]-

430 2455 764 2520 μαινομένου,
802 2454 1018 2523 γέννημα
1041 2453 1362 2522 συνειςφέρον
1387 2458 1448 2525 τῇ
1478 2453 1655 2505 ἑαυτοῦ
1682 2452 1829 2524 οὐσίᾳ
1863 2451 1949 2506 τόν
1975 2455 2159 2519 αἴτιον,
2203 2452 2362 2509 54οὕ-

429 2541 537 2600 σίας
579 2540 678 2591 ἐστὶ
724 2536 997 2606 δηλωτικὸν
1044 2536 1098 2591 τὸ
1141 2539 1382 2607 γέννημα,
1452 2535 1547 2590 ἀλλ’
1600 2536 1689 2606 οὐχ
1735 2539 1904 2603 ἕξεως,
1970 2544 2057 2606 τῆς
2095 2538 2367 2609 ἀγεννήτου

431 2622 630 2689 φύσεως
649 2621 793 2677 οὐδὲν
822 2625 970 2696 ἑαυτῇ
998 2621 1394 2693 συνειςαγούσης,
1433 2629 1543 2685 πῶς
1568 2621 1660 2677 οὐκ
1683 2621 1746 2677 ἀν
1772 2626 1845 2693 εἴη
1873 2621 2033 2690 οὐσία,
2072 2623 2172 2679 ἀλλ’
2204 2627 2368 2691 ὅῦἕξις

428 2707 462 2777 ἡ
499 2709 770 2780 ἀγέννητος
808 2708 979 2773 οὐσίας

570 2794 667 2848 κθ’.
702 2798 773 2848 Εἰ
796 2800 931 2848 πᾶσα
958 2794 1102 2848 οὐσία
1138 2796 1267 2848 ἐστὶν
1294 2792 1584 2865 ἀγέννητος,
1633 2793 1716 2848 οἷα
1748 2792 1783 2863 ἦ
1812 2801 1940 2848 θεοῦ
1981 2801 2149 2849 ὃθτοῦ
2186 2819 2364 2852 παντο-

427 2879 690 2952 κράτορος,
717 2887 826 2944 πῶς
853 2879 914 2934 ἀν
940 2879 1031 2949 τὴν
1062 2881 1149 2948 μὲν
1175 2879 1410 2948 παθητὴν
1437 2883 1537 2950 ἐρεῖ
1549 2904 1637 2946 τις,
1665 2879 1754 2949 την
1781 2881 1833 2934 δὲ
1855 2880 2061 2949 ἀπαθῆς
2100 2885 2172 2935 Εἰ
2193 2883 2246 2936 δὲ
2271 2882 2368 2951 φύ-

430 2984 553 3030 σεως
583 2965 924 3038 ἀποκληρώσει
951 2965 1223 3036 ἀγεννήτου
1250 2964 1282 3035 ἦ
1311 2968 1398 3034 μὲν
1431 2969 1644 3034 διαμένει
1675 2966 1951 3035 ποσότητος
1978 2968 2064 3020 καὶ
2100 2967 2365 3036 ποιότητος

427 3054 528 3118 καὶ,
568 3051 736 3116 ἀπλῶς
760 3055 937 3116 εἰπεῖν,
979 3050 1142 3120 πάσης
1174 3056 1515 3120 57μεταβολῆς
1541 3053 1771 3120 ἀμείνων,
1811 3050 1844 3120 ἦ
1872 3052 1924 3105 δὲ
1948 3058 2132 3105 παθῶν
2165 3056 2364 3107 5ὃέστιν

427 3135 746 3205 ὑπεύθυνος,
796 3146 1167 3208 συγχωρηθεῖσα
1218 3136 1347 3191 59τὸ
1392 3135 1765 3208 ἀπαράλλακτον
1807 3140 1876 3200 εἰς
1918 3134 2088 3191 οὐσίαν
2134 3140 2258 3206 ἔχειν
2294 3145 2361 3212 τῷ

483 3367 551 3412 43.
584 3367 798 3423 ἐπιπρέπει
828 3372 912 3410 cod.
937 3371 1099 3421 Rhedi9.
1423 3381 1509 3419 que.
1569 3371 1846 3412 Patrocinatur
1885 3369 2009 3420 Refut.
2070 3370 2191 3421 Vulgo
2224 3372 2360 3421 leyitur

482 3424 548 3468 44.
584 3425 845 3477 συνεξέτασιν
875 3428 981 3477 infra
1009 3429 1155 3466 vitiose.
1427 3424 1567 3476 ἕξεων.

484 3481 550 3523 45.
585 3486 737 3534 Repone
760 3481 807 3526 τὸ
842 3481 973 3537 μηδὲν
1004 3495 1051 3522 ex
1077 3485 1204 3534 Refut.
1481 3484 1549 3523 50.
1580 3485 1738 3524 Plenius
1764 3483 1890 3532 Refut.
1919 3478 2093 3535 προςὸν,
2127 3479 2186 3529 οἷς
2212 3480 2360 3537 προςὸν

484 3535 551 3579 46.
593 3535 770 3593 ὁρίσειεν
812 3534 929 3588 ὄντος
970 3540 1068 3582 θεοῦ
1102 3534 1204 3594 ὅπερ
1244 3542 1365 3592 infra,
1423 3539 1485 3596 τῷ
1519 3540 1622 3595 θεῷ.

427 3597 493 3634 ubi
521 3598 609 3636 vide
641 3598 788 3637 adnott.
1480 3597 1547 3638 51.
1580 3595 1648 3638 ἵνα
1676 3597 1758 3636 cod.
1784 3596 1946 3646 Rhedigy.

484 3650 550 3692 47.
583 3648 711 3700 αὐτὸς
741 3651 888 3695 ἑαυτοῦ
918 3656 1037 3705 infra.
1480 3652 1547 3694 52.
1570 3649 1601 3705 γῖ
1624 3654 1730 3691 abest
1754 3654 1803 3691 ab
1828 3653 2096 3705 cod.Rhed1·9.
2127 3658 2162 3694 et
2188 3656 2295 3705 infra
2318 3656 2360 3695 in

483 3706 550 3747 4³5.
582 3708 664 3749 τῶν
697 3707 820 3758 ἕξεων
853 3705 991 3752 αὐτῶν
1023 3710 1123 3753 εἰσιν
1153 3713 1274 3762 infra.
1422 3711 1550 3763 Refut.

484 3759 551 3805 49.
583 3762 711 3816 ἕξεως
750 3769 900 3808 restitui
925 3779 972 3809 ex
996 3770 1107 3808 codd.
1139 3780 1229 3809 mss.
1258 3772 1365 3810 utro·
1479 3765 1545 3807 53.
1576 3767 1634 3810 Ιια
1657 3767 1805 3808 restitui
1829 3778 1877 3807 ex
1901 3767 2025 3820 Refut.
2076 3769 2199 3821 Vulyo
2221 3770 2359 3824 leyitur
