2508 4134
416 321 862 363 PANAR11L13.111.
902 319 1034 361 ΤοΜ.
1059 321 1108 361 11.
1154 320 1343 360 expos,
1374 320 1476 360 Ρη).
1512 317 1742 360 cATHoL.
1925 304 2027 355 489

138 420 436 471 maiestatem
463 418 790 479 obtinuerunt,
831 417 1020 480 horum,
1062 418 1271 485 inquam,
1314 418 1557 486 catalogus
1588 418 1643 468 ad
1670 432 1817 484 usque
1845 411 2028 466 Christi

138 503 314 554 domini
346 502 551 553 natalem
581 502 866 571 pertexitur.
941 500 1067 552 Nam
1100 502 1159 551 ab
1189 502 1377 552 Adamo
1406 503 1461 551 ad
1494 501 1732 553 Noe'mum
1765 516 1914 567 usque
1945 515 2031 566 ge-

138 586 414 638 nerationes
461 586 753 654 praeteriere
794 586 979 636 decem.
1055 583 1278 635 Totidem
1321 603 1349 636 a
1379 584 1571 636 Noe‘mo
1614 586 1670 636 ad
1708 585 2024 635 Abraamum.

137 670 214 721 Ab
243 671 332 721 hoc
360 670 417 721 ad
445 668 679 722 Davidem
709 667 855 720 XIV.
933 669 979 719 A
1010 666 1196 719 Davide
1234 669 1291 719 ad
1329 670 1654 737 captivitatem
1682 666 1827 720 XIV.
1904 666 2029 717 Hinc

136 755 193 805 ad
227 751 472 806 Christum
500 753 720 805 similiter
740 750 886 804 XlV.
965 750 1272 821 Colliguntur
1296 752 1355 802 ab
1386 753 1574 803 Adamo
1612 770 1763 820 usque
1801 752 1856 802 ad
1889 748 2030 802 Chri-

136 847 257 890 stum
289 838 628 905 generationes
656 834 834 900 LXIl,
877 854 995 905 quae
1031 836 1281 887 brevitatis
1309 836 1461 904 gratia
1488 834 1585 886 LX
1615 836 1911 887 solummodo
1941 852 2028 885 nu-

136 929 399 973 merantur.
474 920 600 973 Nam
644 930 692 972 et
733 921 780 972 in
821 921 1078 972 solitudine
1117 939 1222 971 cum
1258 919 1463 971 LXXlI
1507 921 1766 989 palmarum
1805 920 2282 979 caudicesnxoaasm.

138 1007 324 1068 forent,
375 1003 529 1056 LXX
566 1014 746 1056 tantum
782 1005 1018 1074 scriptura
1065 1005 1368 1057 memoravit.
1458 1003 1529 1055 Ita
1571 1021 1676 1054 cum
1718 1005 1775 1055 ad
1820 976 2283 1054 montemNum‘n'm'

134 1088 287 1141 LXX
317 1090 477 1140 vocati
504 1089 733 1152 fuissent,
784 1088 1122 1140 accedentibus
1154 1087 1272 1139 Elad
1302 1097 1350 1139 et
1379 1087 1558 1140 Modad
1585 1086 1788 1138 LXXll
1816 1096 1926 1139 sunt
1954 1105 2032 1138 re-

134 1175 275 1243 perti.
350 1171 614 1224 Praeterea
647 1191 750 1224 cum
779 1170 984 1224 LXXII
1016 1171 1296 1223 Ptolemaeo
1329 1182 1563 1241 regnante
1589 1190 1755 1223 sacros
1784 1172 1931 1223 libros
1958 1172 2030 1222 in-

134 1258 384 1327 terpretati
410 1259 526 1322 sint,
568 1275 656 1308 nos
686 1265 843 1308 tamen
871 1258 1136 1326 compendii
1166 1257 1318 1324 gratia
1346 1255 1497 1310 LXX
1530 1257 1741 1307 virorum
1774 1257 2031 1307 editionem

133 1342 384 1393 nominare
422 1342 780 1393 consuevimus.
869 1339 952 1393 Sic
991 1350 1039 1392 et
1075 1339 1229 1392 LXX
1269 1343 1410 1392 modo
1452 1342 1649 1409 reginae
1691 1358 1797 1392 mea
1844 1341 2030 1408 quidem

134 1426 373 1479 sententia
396 1434 797 1477 commemoratae
824 1435 955 1490 sunt,
997 1435 1047 1477 ut
1079 1426 1313 1477 extremis
1343 1426 1579 1494 utrimque
1616 1424 1816 1476 sublatis
1847 1425 2031 1476 medius

132 1510 211 1561 ille
241 1509 592 1577 sexagenarius
617 1510 673 1559 ad
703 1510 901 1577 liguram
933 1519 980 1560 et
1007 1509 1262 1579 imaginem
1292 1528 1347 1561 ac
1376 1512 1638 1579 perfectam
1671 1509 2034 1576 contemplatio-

134 1611 241 1645 nem
285 1594 580 1646 evebendam
621 1603 919 1662 superesset.
1011 1591 1156 1645 Senis
1193 1595 1364 1663 quippe
1406 1594 1665 1646 decadibus
1706 1610 1798 1644 sex
1850 1594 2031 1644 dierum

134 1677 362 1729 circuitus
390 1678 682 1741 absolvitur,
735 1686 786 1728 ut
810 1686 1082 1729 sanctarum
1109 1678 1404 1741 animarum,
1459 1697 1581 1747 quae
1624 1697 1686 1730 ex
1732 1679 1821 1729 fide
1860 1679 1906 1728 in
1944 1679 2032 1728 deo

132 1771 363 1831 regnant,
406 1763 486 1813 liat
512 1779 576 1813 ex
606 1762 812 1830 qualibet
842 1762 1156 1830 generatione
1183 1763 1474 1814 coniunctio.
1551 1762 1690 1816 Unde
1729 1771 1777 1813 et
1816 1780 1908 1813 sex
1945 1763 2030 1831 hy·
2063 1779 2189 1815 ioann.
2210 1779 2244 1814 a.

134 1846 267 1896 driae
294 1843 460 1898 Canae
503 1847 551 1897 in
583 1844 800 1897 Galilaea
830 1846 1046 1915 lapideae
1090 1847 1237 1897 fuisse
1281 1847 1529 1912 dicuntur,
1571 1866 1693 1916 quae
1732 1866 1836 1900 cum
1870 1857 2036 1898 essent

133 1932 428 1994 exhaustae,
470 1947 640 1981 rursus
673 1930 961 1999 implentur,
1004 1931 1220 1999 singulae
1252 1940 1481 1983 metretas
1509 1933 1625 1983 duas
1655 1941 1817 1984 tresve
1843 1932 2035 2001 capien-

134 2023 225 2079 tes,
268 2015 344 2082 qui
373 2015 541 2065 modus
566 2015 622 2065 ad
656 2023 794 2065 vetus
823 2033 1094 2083 novumque
1126 2024 1460 2066 testamentum
1491 2025 1535 2066 et
1568 2016 1794 2067 trinitatis
1826 2017 2032 2084 comple-

132 2108 340 2150 mentum
374 2100 604 2150 resertur.
682 2096 894 2149 Eaedem
927 2118 1072 2168 porro
1106 2100 1303 2169 hydriae
1332 2117 1397 2151 ex
1416 2118 1543 2177 aqua
1573 2101 1620 2151 in
1654 2119 1835 2152 merum
1870 2102 2031 2152 vinum

131 2200 398 2235 conversae
428 2191 567 2246 sunt,
620 2201 723 2233 cum
758 2184 814 2233 ad
850 2184 1120 2253 nuptiarum
1155 2184 1442 2235 hilaritatem
1475 2194 1522 2235 et
1560 2185 1761 2236 filiorum
1791 2186 2033 2237 hominum

132 2267 497 2318 oblectationem
525 2267 747 2336 impletae
777 2267 999 2319 fuissent.
1082 2267 1204 2318 Hinc
1245 2268 1385 2319 etiam
1417 2270 1681 2337 sexangula
1712 2287 1738 2320 a
1772 2270 2035 2321 mathema-

132 2352 240 2402 ticis
270 2352 422 2419 figura
450 2352 742 2415 nominatur,
785 2370 906 2420 quae
937 2370 1022 2421 per
1053 2352 1312 2403 ternarium
1347 2355 1765 2422 septenariumque
1794 2355 1851 2405 ad
1878 2352 2029 2405 XXl.

133 2436 424 2503 geometrica
462 2436 784 2487 modulatione
815 2437 1107 2505 perducitur.
1189 2435 1296 2503 Qua
1339 2439 1529 2505 quidem
1574 2439 1856 2507 hexagonus
1888 2439 2034 2489 totius

134 2519 464 2570 universitatis
513 2519 753 2588 impletam
805 2522 1077 2572 vastitatem
1129 2521 1382 2589 significat.
1460 2521 1585 2573 Nam
1638 2523 1714 2590 qui
1763 2524 1810 2573 in
1862 2540 1920 2574 eo
1961 2532 2037 2574 est

133 2604 487 2672 quadrangulus
520 2605 879 2672 quaternarium
919 2623 1200 2669 numerum,
1256 2607 1386 2658 basis
1415 2625 1533 2658 vero
1561 2624 1616 2657 ac
1648 2607 1870 2676 superior
1901 2625 2031 2677 parS,

133 2688 236 2740 sive
277 2688 550 2755 fastigium,
592 2688 834 2739 senarium
874 2691 1143 2758 perficiunt.

273 2771 371 2824 Sed
401 2790 461 2823 ne
490 2772 679 2840 longior
708 2773 827 2836 sim,
879 2773 998 2824 satis
1030 2774 1263 2826 hactenus
1298 2776 1355 2825 de
1394 2775 1575 2844 reginis
1614 2776 1706 2826 illis
1731 2774 1828 2827 LX
1861 2776 2035 2827 dictum
2082 2782 2184 2837 Cap.
2211 2783 2262 2822 v.

133 2857 370 2920 arbitror,
420 2857 510 2907 hoc
550 2866 624 2907 est
649 2857 1040 2924 generationibus
1068 2877 1188 2926 quae
1227 2860 1283 2910 ad
1318 2856 1562 2911 Christum
1599 2878 1750 2928 usque
1779 2879 2035 2912 numeran-

133 2950 230 2992 tur.
304 2939 425 2992 Post
454 2938 700 2992 Christum
728 2958 846 2991 vero
874 2943 930 2991 ad
958 2942 1048 2992 hoc
1079 2951 1266 3012 tempus
1298 2953 1414 3011 quot
1439 2945 1780 3011 generationes
1809 2945 2033 3011 deinceps

132 3025 459 3076 successerint
501 3026 631 3075 solus
675 3025 808 3076 novit
854 3026 1092 3076 dominus.
1169 3026 1282 3077 Non
1322 3029 1448 3077 enim
1487 3029 1689 3097 amplius
1717 3047 1802 3097 per
1829 3046 2034 3095 genera-

131 3110 288 3160 tiones
317 3118 581 3178 temporum
613 3118 686 3158 est
720 3109 777 3158 ab
809 3109 1138 3167 ullodeducta
1172 3111 1449 3179 digestaque
1478 3112 1661 3174 series,
1706 3130 1789 3179 pro
1818 3130 1877 3163 eo
1908 3113 2032 3179 quod

124 3211 361 3245 >numerus
404 3195 498 3244 iste
541 3211 626 3263 per
662 3193 790 3243 illam
818 3194 967 3261 ipsam
1004 3194 1279 3261 reginarum
1321 3198 1760 3258 enumerationem,
1821 3214 1942 3263 quae
1974 3197 2033 3246 ad

135 3275 379 3329 Christum
411 3278 652 3328 dominum
683 3286 1031 3339 recensentur,
1085 3279 1216 3328 velut
1244 3279 1525 3346 obsignatus
1564 3297 1621 3330 ac
1652 3281 1907 3332 conclusus
1938 3289 2030 3331 est.

131 3360 257 3412 Nam
293 3363 368 3430 qui
398 3363 694 3430 postmodum
735 3363 945 3412 extitere
977 3361 1239 3429 scriptores
1271 3380 1325 3412 ac
1354 3373 1759 3415 commentatores
1789 3373 1867 3415 aut
1895 3364 2034 3415 chro-

134 3446 296 3513 nologi
323 3447 398 3495 vel
429 3446 641 3496 historici
668 3446 820 3496 nullas
850 3446 1051 3513 amplius
1076 3447 1418 3512 generationes
1442 3457 1714 3510 numerant,
1755 3449 1837 3499 sed
1867 3466 2034 3517 regum

133 3529 470 3581 successiones
500 3548 555 3581 ac
583 3539 828 3599 tempora,
871 3547 1070 3597 quorum
1097 3530 1373 3597 singillatim
1402 3548 1553 3581 annos
1583 3532 1875 3582 describunt.
1953 3531 2035 3584 Ex

134 3654 298 3689 σαντας,
325 3646 503 3692 quamvis
528 3646 752 3693 interposita
773 3646 967 3693 particula
994 3641 1056 3690 δὲ,
1174 3642 1268 3682 CAP.
1291 3643 1341 3682 V.
1378 3665 1428 3672 —-
1490 3644 1524 3683 1.
1558 3642 1759 3697 ἔγνωσται
1795 3642 1909 3699 μόνῳ
1948 3649 2032 3687 cod.

133 3699 186 3737 ad
215 3696 343 3751 λέγειν
371 3701 526 3738 verbum
552 3712 630 3739 una
658 3712 735 3740 esse
763 3700 1053 3739 adstruendum.
1114 3700 1271 3749 Rhediy.

188 3754 225 3792 5.
255 3754 399 3800 „Haec
426 3754 572 3793 leviter
599 3754 850 3808 depravata“
887 3758 927 3794 in
951 3767 1056 3794 mar·
1168 3756 1205 3795 2.
1236 3756 1341 3794 Libri
1369 3757 1483 3806 vul9o
1509 3754 1809 3812 ἱστορογράφοι.

133 3811 218 3859 gine
246 3811 451 3867 adscripsit
478 3812 673 3851 Petavius.
