2508 4134
498 243 600 295 658
1075 251 1346 293 ADDENDA
1373 252 1449 294 ET
1480 251 1846 296 coRmGENDA.

495 353 583 395 κτλ.
616 373 669 382 --
725 349 755 392 l.
779 349 842 392 15.
874 346 1129 406 προςβολάς,
1162 348 1246 392 εἴτε
1272 351 1427 407 βλασφ.
1470 366 1508 394 κ.
1535 366 1579 395 π.
1608 352 1734 395 αἴτιον
1762 349 2102 407 ἁμαρτημάτων,
2131 344 2190 396 οἷν
2217 348 2266 396 οὗ
2289 349 2421 398 δόνα-

496 422 599 464 σὲαι
621 421 727 463 ven.
759 443 812 451 —
869 419 898 459 1.
924 418 985 461 16.
1015 416 1118 473 τήν,
1161 428 1259 461 ante
1285 419 1449 478 ψυχήν,
1501 437 1582 464 om.
1622 423 1724 463 Ven.
1785 421 1901 462 Idem
1927 420 1954 463 l.
1979 419 2041 469 17.
2071 420 2195 473 ἐκτὸς
2220 419 2420 479 ἁμαρτή-

495 506 636 546 ματος,
669 515 721 522 -
779 490 808 531 l.
824 490 891 532 20.
924 486 1136 545 σώματος,
1166 489 1234 534 ἵνα
1261 489 1491 548 ἐπειδήπερ
1521 495 1626 535 Ven.
1688 491 1805 532 Idem
1830 489 1946 532 1.21.
1974 489 2170 546 γίγνεται.
2193 517 2246 526 --
2305 493 2332 535 1.
2350 493 2419 538 26.

492 560 727 618 ἐξελέγχεις
750 560 830 602 alia
851 575 993 602 manus
1021 576 1043 601 e
1064 562 1226 603 Veneto
1249 562 1449 604 enotavit.
1476 587 1528 594 -
1586 563 1616 604 l.
1633 561 1675 604 6.
1696 562 1747 602 ab
1773 561 1851 601 inf.
1883 557 1907 604 ὁ
1934 559 2071 620 ἑαυτῷ
2094 554 2290 608 τάναντία
2314 565 2422 608 Ven-

494 633 616 684 Quod
641 641 726 674 stat
752 632 932 687 vulgata.
961 655 1013 662 —
1071 631 1098 672 l.
1118 633 1156 674 5.
1183 632 1234 673 ab
1263 632 1340 675 inf.
1374 633 1487 674 Corr.
1518 629 1638 677 Οὐδ’.
1674 657 1724 664 -
1782 632 1811 672 l.
1829 628 1869 674 4.
1897 631 1948 674 ab
1968 631 2052 686 inf.
2083 632 2278 688 μάλιστα,
2311 633 2419 691 ἔφην

490 705 599 744 Ven.
627 727 683 735 -
739 702 766 744 l.
784 703 823 746 3.
852 703 903 743 ab
928 702 1004 744 inf.
1034 699 1112 752 τοὶς
1135 699 1334 758 ἀρμονίας
1358 702 1584 748 ἐντείνοντα
1610 705 1716 746 Ven.
1775 704 1838 743 Ita
1864 701 2126 746 scribendum
2153 720 2241 747 esse
2265 705 2421 747 dudum

489 774 718 830 suspicatus
744 782 809 815 est
838 773 1058 815 Cornarius
1072 805 1086 825 ,
1132 774 1202 829 qui
1225 775 1354 817 vertit
1380 774 1480 832 „qui
1512 774 1746 815 harmonias
1779 772 2007 816 intendit“.
2033 797 2090 814 -,
2147 776 2253 818 lbid.
2283 777 2312 818 l.
2337 790 2417 832 pe,-

488 845 594 887 nult.
624 841 719 902 Οὗχ
748 839 888 899 ὅπως,
918 844 961 888 τί
989 835 1059 890 οὖν
1094 846 1197 888 Ven.

602 917 737 974 Pag.
758 917 886 961 266.
942 916 971 957 l.
990 913 1032 958 4.
1060 914 1363 971 ἐπιλαθόμενος
1384 916 1545 971 πρῶτον
1561 948 1574 970 ,
1602 913 1650 959 τό
1679 915 1841 971 πρῶτον
1865 917 1969 959 Ven.
2001 939 2056 948 —
2110 916 2140 958 1.
2160 916 2199 962 6.
2231 911 2330 962 ὅὲεν
2356 917 2419 976 μὴ

486 984 594 1042 πρὲς
616 984 663 1031 τὸ
697 984 757 1042 μτῖ
792 989 890 1030 Ven.
921 1011 979 1019 —
1035 987 1147 1030 1.11.
1176 987 1463 1042 Suspicionem
1491 1002 1622 1028 meam
1649 984 1881 1045 παραβάσῃ
1907 987 2044 1028 firmat
2067 988 2172 1030 Ven.
2205 989 2274 1045 qui
2298 1004 2420 1045 prae-

486 1058 560 1101 bet
581 1058 834 1117 παραβάσει.
895 1057 1209 1100 Restituendum
1238 1066 1301 1099 est
1330 1057 1455 1113 igitur
1490 1056 1734 1116 παραβάσῃ.
1795 1059 1900 1106 Ibid.
1933 1058 2094 1114 corrige
2122 1059 2420 1116 κεκρατυμμέ-

486 1145 589 1186 νης,
633 1139 679 1171 ut
703 1138 767 1171 est
792 1129 917 1171 etiam
943 1130 986 1170 in
1011 1131 1117 1171 Ven.
1147 1153 1202 1162 -
1257 1128 1286 1170 l.
1311 1130 1375 1172 15.
1421 1128 1600 1184 μάταιος
1626 1126 1658 1184 ή
1681 1129 1777 1184 περὶ
1804 1125 1934 1173 αὗτοῦ
1971 1126 2033 1185 μή
2060 1130 2163 1172 ven.
2197 1154 2248 1163 —-
2306 1131 2417 1175 1.18.

485 1201 829 1243 Emendationem
871 1217 1003 1243 meam
1045 1195 1267 1256 ἅνθρωπος
1300 1196 1380 1255 τήν
1426 1199 1542 1244 ςἐιείαν
1587 1200 1801 1248 confirmat
1839 1215 1950 1243 nunc
1987 1200 2136 1242 Veneti
2179 1201 2422 1245 auctoritas.

485 1274 602 1314 Idem
628 1273 735 1314 liber
762 1272 788 1314 1.
814 1271 878 1315 19.
904 1270 1183 1325 καλύψαντες.
1209 1295 1262 1303 -
1321 1271 1350 1312 l.
1366 1270 1435 1313 20.
1463 1269 1623 1316 ἑαυτῶν
1650 1268 1843 1329 ἀχόμενα
1862 1274 1952 1313 Bas.
2010 1270 2172 1316 ἑαυτῶν
2197 1270 2419 1334 μαχόμενα

484 1347 590 1388 Ven.
646 1344 763 1386 Idem
787 1344 814 1385 l.
832 1345 901 1386 21.
925 1343 1097 1400 γένηται
1117 1357 1195 1398 pro
1220 1341 1454 1398 γεγένηται.
1485 1366 1539 1374 -
1596 1343 1622 1384 1.
1640 1344 1708 1385 22.
1739 1342 1812 1386 καὶ
1838 1339 1959 1387 οὐδέν
1983 1357 2025 1386 τι
2050 1342 2200 1402 δέομαι
2226 1341 2417 1400 δεύτερον

483 1412 695 1460 ἀκοῦσὲαι
717 1415 818 1468 (sic)
844 1416 950 1457 ven.
980 1438 1032 1446 —
1090 1414 1116 1454 1.
1137 1413 1206 1456 23.
1237 1414 1410 1469 Repone
1433 1412 1580 1457 ἔλαθον
1603 1411 1783 1469 ἐμαυτὸν
1809 1408 1887 1457 οὐκ
1913 1409 2069 1469 ὀρθῶς.
2129 1414 2290 1456 Eodem
2313 1415 2418 1468 vitio

481 1487 648 1528 laborat
679 1486 745 1528 ed.
776 1487 919 1527 Petav.
949 1485 1094 1527 Golon.
1128 1509 1179 1516 —
1239 1484 1267 1526 l.
1282 1484 1351 1528 26.
1380 1482 1439 1538 ἢ,
1481 1493 1578 1527 ante
1619 1483 1886 1542 παράβασις,
1934 1499 2015 1526 om.
2045 1486 2149 1527 Ven.
2177 1508 2235 1518 -—
2298 1485 2328 1527 l.
2347 1486 2416 1531 27.

482 1559 656 1616 χιτῶνες
694 1552 837 1606 αὗτοῖς
875 1554 1284 1608 κατασκευάζονται,
1330 1554 1404 1600 καὶ
1438 1551 1493 1601 δι’
1521 1549 1661 1600 αὐτῶν
1689 1557 1793 1598 ven.
1823 1581 1876 1587 —
1934 1555 1962 1598 l.
1980 1556 2020 1599 7.
2045 1556 2097 1597 ab
2124 1555 2202 1600 inf.
2251 1551 2360 1612 α’ὔτη
2385 1554 2417 1612 ‘ef

483 1627 618 1687 ψυχή.
675 1626 774 1681 Διὸ,
825 1627 983 1669 omissis
1013 1627 1149 1669 verbis
1187 1625 1228 1671 ἐν
1265 1626 1426 1684 ἑαυτῇ,
1471 1628 1576 1669 Ven.
1607 1652 1660 1658 —-
1716 1626 1744 1667 l.
1773 1629 1812 1669 5.
1847 1627 1899 1668 ab
1924 1627 1998 1685 inf.
2043 1623 2252 1672 δύνασθαι
2286 1627 2419 1686 χωρὶς

483 1699 694 1756 σώματος.
751 1696 831 1743 Διά
854 1699 976 1743 τοῦτο
997 1697 1076 1754 τήν
1101 1700 1206 1741 Ven.
1236 1723 1284 1731 -
1343 1699 1370 1741 l.
1391 1696 1431 1741 4.
1455 1698 1507 1740 ab
1532 1698 1609 1739 inf.
1640 1698 1784 1740 Scribe
1809 1698 1975 1755 γενηῦῇ
2001 1713 2078 1754 pro
2103 1699 2301 1757 γεννηῧῇ,
2332 1714 2415 1756 quo

479 1771 648 1813 invenio
684 1771 728 1812 in
755 1771 870 1812 libris
901 1770 1103 1812 omnibus.
1136 1793 1190 1803 -
1246 1770 1274 1812 l.
1296 1770 1337 1814 3.
1382 1764 1521 1824 ὥςπερ
1559 1768 1633 1813 καὶ
1665 1766 1744 1825 πρὸ
1776 1770 1879 1812 Ven.
1940 1768 2056 1811 Idem
2078 1768 2179 1811 ibid.
2205 1769 2319 1812 delet
2340 1770 2415 1822 τοίἷι

478 1852 575 1885 ante
607 1839 820 1898 σώματος.

593 1916 727 1973 Pag.
759 1915 888 1960 268.
943 1912 970 1954 l.
996 1912 1032 1958 l.
1063 1911 1137 1963 δὲ,
1180 1920 1279 1968 post
1306 1910 1394 1964 Εἰ,
1439 1927 1520 1954 om.
1549 1913 1654 1953 Ven.
1687 1935 1739 1943 -—-
1800 1911 1829 1953 l.
1846 1911 1886 1955 3.
1917 1907 2113 1962 κάκεῖνος
2137 1913 2240 1954 Ven.
2299 1911 2414 1957 Idem

477 1986 507 2029 l.
525 1983 566 2029 4.
597 1983 661 2030 Τὸ
692 1984 742 2030 δὲ
766 1984 912 2041 λέγειν.
937 2008 990 2016 -
1048 1983 1076 2024 l.
1094 1985 1132 2026 5.
1164 1982 1364 2039 δεσμίους
1388 1980 1508 2038 ήμᾶς
1530 1983 1614 2039 γῆς
1640 1980 1723 2038 ἔφη
1747 1984 1852 2024 Ven.
1869 2005 1926 2016 —-
1981 1982 2012 2024 l.
2030 1982 2069 2027 7.
2101 1983 2278 2040 διαλέγῃ
2308 1985 2411 2025 Ven.

478 2082 532 2090 -
563 2057 590 2099 l.
610 2057 662 2102 9-
684 2071 762 2112 με,
792 2055 907 2113 quod
930 2055 1097 2111 reposui
1124 2070 1202 2110 pro
1230 2055 1339 2110 vulg.
1371 2052 1432 2110 μή
1453 2086 1463 2106 ,
1496 2054 1633 2095 firmat
1661 2068 1770 2095 nunc
1791 2056 1897 2096 Ven.
1927 2077 1983 2085 —
2040 2053 2070 2094 l.
2093 2053 2155 2096 10.
2184 2049 2414 2112 ἀποκάμῃς

478 2124 826 2184 ἀνερωτώμενος,
871 2127 983 2182 quod
1008 2126 1274 2167 scribendum
1301 2140 1389 2167 esse
1416 2125 1528 2179 vidi,
1571 2134 1704 2166 ratum
1732 2124 1836 2166 fecit
1873 2140 1981 2166 nunc
2006 2126 2110 2167 ven.
2169 2125 2284 2167 Idem
2310 2125 2410 2166 ibid.

475 2198 573 2254 περὶ
600 2197 746 2255 μικρὸν
774 2198 874 2253 (sic)
905 2195 1009 2253 ἡμῖν
1038 2196 1141 2241 εἰσιν
1174 2197 1222 2241 οἱ.
1254 2220 1309 2228 -
1366 2197 1393 2237 1.
1419 2197 1483 2238 11.
1527 2190 1617 2239 ἀλλ’
1648 2186 1718 2239 οὖν
1745 2211 1836 2240 τινα
1865 2197 1970 2237 ven.
2029 2195 2141 2237 mem
2170 2191 2271 2238 ibid.
2298 2195 2413 2246 delet

475 2267 614 2315 οῦδὲν.
643 2294 699 2303 -
754 2269 783 2311 l.
807 2269 870 2311 12.
916 2269 1090 2324 Repone
1128 2267 1322 2312 τοσοῦτον
1362 2265 1492 2311 κακὸν
1524 2281 1573 2307 ex
1602 2268 1779 2310 Veneto.
1837 2269 1925 2308 Iam
1952 2266 2142 2308 Petavius
2180 2266 2413 2309 coniecerat

474 2343 648 2386 τοσοῦτο
671 2337 815 2384 κακὸν.
843 2365 893 2371 -
953 2339 979 2381 l.
1002 2340 1063 2382 15.
1098 2334 1320 2394 ἀποσαφές
1342 2340 1445 2380 ven.
1506 2337 1620 2378 Idem
1649 2338 1675 2379 l.
1701 2336 1764 2380 16.
1791 2334 1997 2393 ἀληθείας
2023 2351 2155 2393 φρονη
2183 2337 2281 2392 (sic)
2308 2336 2411 2394 ἐμοῦ

477 2408 529 2469 (ἦ
557 2413 710 2465 deest).
740 2435 796 2444 —-
852 2411 878 2451 l.
905 2409 966 2453 16.
1008 2409 1193 2461 Μείζονα
1222 2407 1302 2465 γάρ
1341 2405 1501 2464 ἀγαῦὂν
1527 2406 1574 2453 τὸ
1612 2407 1778 2463 ἐλέγξαι
1803 2408 1959 2463 νομίζω
1988 2409 2092 2450 ven.
2151 2408 2269 2450 Idem
2298 2408 2412 2453 1.17.

473 2481 522 2528 τὸ
570 2480 673 2527 αὖτό
712 2478 866 2526 ἀπαλλ.
896 2505 944 2512 -
1007 2480 1034 2521 l.
1060 2481 1125 2523 18.
1167 2475 1264 2535 παρ’
1303 2476 1454 2528 ἄλλους
1485 2476 1802 2536 παραβαλόντες
1836 2480 1939 2522 ven.
1971 2504 2026 2510 —
2081 2479 2112 2522 1.
2126 2479 2195 2522 22.
2239 2479 2314 2523 καὶ
2351 2477 2408 2535 δή

476 2555 629 2609 εἴρηκα
656 2554 762 2594 Ven.
785 2576 836 2584 —-
893 2552 921 2592 l.
938 2552 1004 2594 25.
1034 2551 1123 2595 Καὶ
1152 2549 1235 2606 μὴν
1261 2551 1335 2594 καὶ
1358 2547 1412 2595 δι’
1438 2546 1668 2599 ἀκολασίας
1697 2551 1802 2592 Ven.
1842 2549 1955 2591 Idem
1981 2549 2009 2591 l.
2030 2549 2098 2595 26.
2129 2547 2259 2595 κακὸν
2285 2548 2409 2606 ἔφης,

475 2620 507 2668 δι’
536 2623 821 2679 ἐμποδίζουοιν
847 2620 973 2679 ήμῶν
997 2620 1075 2677 τήν
1101 2619 1208 2678 πρὸς
1230 2619 1278 2666 τὸ
1304 2638 1345 2665 κ.
1374 2618 1508 2677 ὁρμήν
1535 2621 1615 2676 τῆς
1642 2621 1808 2678 ψυχῆς,
1840 2619 1899 2676 μή
1928 2619 2008 2664 ἐῶν
2035 2621 2089 2664 τὰ
2114 2621 2176 2677 (h.
2192 2636 2227 2663 e.
2253 2620 2407 2678 ἐῶντα)

473 2698 558 2740 τῶν
602 2690 734 2745 ’ὄντως
772 2690 899 2738 ὅντων
941 2695 1044 2737 Ven.
1083 2695 1208 2734 Bene.
1239 2717 1292 2724 —
1350 2693 1434 2735 1.8.
1465 2692 1516 2734 ab
1546 2692 1621 2734 inf.
1659 2692 1829 2747 Corrige
1867 2691 2151 2747 παρεμπίπτον
2190 2700 2235 2735 ut
2276 2692 2408 2735 estin

473 2769 578 2810 Ven.
611 2769 700 2809 Bas.
758 2766 853 2808 Pari
882 2780 972 2807 cum
1000 2779 1092 2806 mea
1119 2764 1234 2805 vitio-
1258 2764 1422 2805 laborat
1462 2763 1563 2804 edit.
1593 2765 1732 2804 Petav.
1791 2762 1919 2804 Paulo
1954 2771 2051 2818 post
2087 2763 2130 2803 in
2160 2764 2263 2805 Ven.
2294 2763 2407 2805 desi-

473 2839 643 2880 deratur
671 2851 754 2879 vox
781 2839 910 2893 ζοφοῖ.
936 2859 986 2868 --
1043 2836 1071 2879 l.
1092 2836 1128 2879 7.
1155 2835 1206 2876 ab
1234 2834 1310 2876 inf.
1345 2834 1515 2890 Corrige
1541 2833 1601 2891 μή
1632 2833 1865 2890 ἐπιτρέπου.
1921 2835 1985 2875 Ita
2012 2842 2075 2875 est
2103 2834 2227 2875 etiam
2251 2833 2295 2875 in
2323 2835 2407 2875 Ve-

472 2919 586 2952 neto.
617 2933 670 2941 -
727 2909 756 2951 l.
774 2908 814 2952 6.
843 2908 895 2949 ab
919 2907 997 2949 inf.
1025 2902 1218 2961 Ἀποίτης
1244 2905 1318 2961 μὲν
1347 2903 1427 2963 γάρ
1455 2907 1561 2949 Ven.
1618 2908 1666 2947 In
1699 2905 1848 2946 eodem
1872 2904 1998 2961 paulo
2024 2914 2122 2961 post
2149 2904 2407 2952 desideratur

471 2979 597 3036 ἡμῶν
621 2988 717 3036 post
745 2973 878 3023 ὤτων.
902 3003 958 3010 -
1014 2977 1040 3018 l.
1068 2977 1226 3033 penult.
1252 2968 1344 3033 'Ap'
1371 2968 1440 3020 οὖν
1464 3001 1490 3009 -
1516 3001 1542 3007 -
1572 2975 1794 3033 ἐπαινέσῃς
1819 2977 1923 3019 ven.
1962 2966 2071 3031 Ἀρα
2097 2967 2168 3021 οὖν
2187 2999 2215 3007 -·
2240 2997 2261 3008 -
2288 2973 2405 3020 ἐπαι-

471 3051 599 3109 νέσῃς
630 3055 720 3093 Bas.

586 3123 863 3181 ragam.
919 3120 1003 3162 1.2.
1034 3115 1168 3164 ’Όποι
1208 3114 1363 3176 ἄγομεν
1391 3121 1495 3161 Ven.
1526 3143 1582 3151 —
1638 3118 1668 3161 l.
1685 3118 1726 3160 5.
1773 3116 2014 3172 δώσοντας,
2057 3114 2119 3167 ὣς
2156 3115 2260 3172 ἔφην
2295 3118 2402 3160 Ven.

473 3195 590 3236 Idem
614 3195 640 3235 l.
663 3194 704 3237 6.
737 3192 895 3238 δίκαιον
920 3188 1158 3247 πάγκαλονς
1213 3186 1440 3246 Ὅμολόγει
1469 3192 1573 3232 Ven.
1634 3190 1798 3240 Proba,
1840 3188 1883 3230 ni
1910 3189 2056 3241 fallor,
2100 3187 2315 3242 scriptura.
2348 3212 2402 3221 —

471 3267 499 3308 l.
524 3266 586 3308 13.
617 3263 905 3320 προφέρεσὲται
930 3264 1035 3305 Ven.
1067 3287 1119 3294 —
1177 3261 1206 3303 1.
1230 3262 1292 3303 15.
1335 3257 1499 3316 δράσας
1525 3255 1623 3312 ἄξια
1663 3258 1842 3305 θανάτου
1869 3262 1975 3302 Ven.
2030 3258 2148 3299 Idem
2170 3257 2271 3300 ibid.
2302 3256 2326 3303 ὅ
2354 3256 2402 3304 δὲ

472 3335 666 3392 πλήττων
691 3339 759 3380 πλ.
790 3359 847 3367 —-
901 3333 929 3375 1.
953 3333 1013 3377 16.
1047 3331 1087 3389 ὅ,
1117 3341 1215 3374 ante
1239 3326 1459 3387 ὀφλήσεις,
1492 3345 1569 3373 om.
1598 3333 1701 3374 Ven.
1760 3334 1866 3373 Item
1891 3331 1943 3373 ab
1971 3329 2118 3371 eodem
2140 3328 2248 3370 libro
2275 3329 2400 3385 paulo

473 3418 572 3465 post
599 3404 772 3464 τοιαύτῃ
803 3406 920 3448 abest
948 3413 1045 3446 ante
1082 3403 1277 3460 τιμωρία.
1308 3426 1360 3434 -
1416 3403 1444 3444 1.
1469 3404 1537 3446 21.
1580 3397 1699 3452 ὅπως
1724 3401 1797 3446 καὶ
1836 3399 1897 3458 μή
1927 3391 2052 3450 αὖθις
2077 3397 2238 3457 ποιήσῃ
2264 3400 2400 3445 τοῦτο.

474 3481 638 3535 Δῆλον,
670 3478 753 3535 ἔφη
786 3480 887 3520 Ven.
917 3502 971 3508 —
1029 3476 1055 3517 1.
1078 3477 1145 3518 22.
1179 3472 1239 3524 (ὃς
1261 3472 1364 3529 πρὸς
1385 3471 1462 3528 τὴν
1485 3471 1533 3517 τό
1564 3469 1724 3518 ἀδικεῖν
1752 3474 1856 3516 Ven.
1887 3494 1942 3503 —-
1997 3470 2024 3513 l.
2048 3470 2117 3514 26.
2149 3470 2281 3516 τοίνυν
2319 3487 2401 3516 πα-

477 3551 627 3606 ραίτιον
654 3547 678 3594 ὁ
706 3547 867 3604 δεσμὸς
893 3547 1051 3603 γίνεται
1080 3548 1183 3588 Ven.
1242 3548 1286 3587 In
1315 3544 1462 3586 eodem
1496 3544 1605 3586 libro
1642 3544 1766 3599 paulo
1794 3550 1892 3598 post
1917 3541 2034 3583 abest
2062 3538 2123 3591 ὥς
2148 3551 2245 3584 ante
2271 3541 2395 3597 ἔοικε,

475 3630 522 3662 ut
549 3621 886 3676 distinguendum
920 3633 1010 3660 esse
1050 3617 1241 3659 videatur
1278 3615 1353 3660 τοῦ
1388 3617 1661 3671 πλημμελεῖν.
1707 3607 1874 3657 Ἔοικε.
1931 3611 2197 3668 Σωφρονίζει
2225 3615 2312 3659 κτλ.
2342 3637 2397 3647 -

474 3691 504 3731 1.
523 3692 593 3734 28.
624 3689 816 3737 δεκτικὸν
847 3693 937 3733 Bas.
967 3713 1022 3722 —
1077 3688 1107 3730 1.
1127 3688 1168 3732 8.
1200 3685 1281 3743 γὰρ
1297 3718 1311 3740 ,
1340 3694 1438 3728 ante
1470 3682 1753 3740 ἐξετάζωμεν.
1786 3697 1866 3725 om.
1896 3683 1999 3724 Ven.

588 3764 720 3820 Peg.
746 3763 874 3808 22⁴2.
927 3761 956 3803 l.
978 3761 1015 3803 1.
1047 3757 1213 3815 δμοδοξ.
1242 3755 1369 3813 ήμῶν
1395 3756 1457 3807 εἰς
1479 3757 1601 3801 τοῦτο
1629 3758 1731 3797 Ven.
1759 3776 1817 3786 —-
1871 3752 1902 3794 l.
1919 3754 1958 3795 5.
2004 3750 2030 3797 ὅ
2046 3785 2057 3806 ,
2098 3763 2195 3797 ante
2220 3752 2391 3812 δεσμὸς,

477 3846 557 3874 om.
582 3834 685 3876 Ven.
742 3833 858 3874 Idem
879 3831 980 3873 ibid.
1010 3828 1119 3875 κατὰ
1146 3824 1295 3874 ἄλλων.
1325 3851 1378 3861 —-
1435 3828 1546 3871 112.
1578 3825 1714 3870 Verba
1736 3822 1814 3880 τὴν
1841 3822 1889 3869 δὲ
1913 3822 2053 3882 ψυχήν
2078 3827 2266 3884 συνεργῷ
2290 3824 2394 3883 πρὸς
