2508 4134
256 2113 340 2149 pag.
365 2102 461 2139 1099.

473 270 575 321 518
1180 274 1380 318 SANch
1410 275 1692 316 ΕΡΙΡΗΑΝΠ

475 373 506 427 o‘
535 372 707 444 ἅρτος,
758 371 791 440 ἦ
818 374 871 426 δὲ
901 371 1110 440 δύναμις
1134 373 1185 425 ἐν
1213 369 1344 445 αὐτῷ
1374 373 1442 433 εἷς
1469 371 1787 442 ζωογόνησιν,
1839 374 1922 425 καὶ
1953 370 2042 440 οὐχ
2067 375 2150 426 ’ἵνα
2177 370 2231 426 τὸ
2261 371 2395 442 ῦδωρ

472 457 604 526 ’ἡμᾶς
634 457 838 532 καθάρῃ
866 456 1046 525 μόνον,
1084 455 1183 509 ἀλλ’
1212 459 1295 510 ’ἴνα
1323 459 1375 511 ἐν
1401 463 1459 531 τῇ
1492 455 1622 525 ἰσχύϊ
1646 464 1735 510 τοῦ
1770 457 1952 519 ῦδατος
1978 455 2061 511 διὰ
2083 464 2170 526 τῆς
2193 461 2400 520 πίστεως

474 546 559 597 καὶ
589 546 831 614 ἐνεργείας
868 545 953 595 καὶ
988 544 1183 604 ἐλπίδος
1220 543 1307 595 καὶ
1337 547 1615 612 μυστηρίων
1652 541 1961 606 τελειώσεως,
2013 545 2096 596 καὶ
2130 543 2399 611 ὀνομασίας

475 634 562 697 τῆς
603 627 881 698 άγιαστείας
922 629 1117 698 γένηται
1155 625 1275 695 ἡμῖν
1316 630 1384 690 εἰς
1423 631 1661 681 τελείωσιν
1698 631 1950 695 σωτηρίας.
2020 625 2261 683 Ἀνελθῶν
2296 627 2399 682 ἀπὸ

474 721 565 767 τοῦ
593 712 872 784 Ἰορδάνου,
924 711 1127 767 ἀκούων
1165 711 1340 781 φωνήν
1377 711 1591 783 πατρὸς,
1641 714 1710 774 είς
1748 709 1906 779 ἀκοὴν
1945 711 2205 783 παρόντων
2237 721 2399 782 μαθη-

476 805 599 864 τῶν,
640 802 708 861 εἰς
735 798 788 852 vd
822 797 1079 862 ὑποδεῖξαι
1105 802 1177 861 τίς
1211 796 1241 851 ὅ
1274 796 1700 868 μαρτυρούμενος,
1738 798 1821 849 καὶ
1849 802 1984 850 4τοῦ
2013 796 2288 866 πνεύματος
2310 804 2402 852 τοῦ

477 882 620 954 άγίου
645 886 696 937 ἐν
722 886 843 937 εἴδει
867 890 1152 954 περιστερᾶς
1180 884 1557 951 κατερχομένου,
1595 879 1827 951 καθάπερ
1857 883 1909 935 ἐν
1936 888 2136 945 πολλαῖς
2159 884 2401 952 αἷρέσεσιν

478 969 764 1039 εἰρήκαμεν,
803 971 886 1022 ἵνα
911 968 977 1037 μή
1014 975 1037 1004 ⁵
1054 966 1296 1036 συναλιφὴ
1321 966 1354 1035 ἦ
1376 966 1515 1037 τριάς
1543 969 1802 1034 νομισθείη
1818 1009 1830 1030 ,
1882 969 2402 1036 σχηματοποιουμένου

478 1061 568 1108 τοῦ
607 1054 882 1122 πνεύματος
911 1057 962 1107 ἐν
990 1056 1090 1126 ἰδίᾳ
1118 1052 1406 1117 ὑποστάσει,
1459 1052 1876 1119 ἐπικαθεζομένου
1905 1052 1958 1105 δὲ
1981 1058 2071 1105 τοῦ
2106 1051 2401 1121 πνεύματος,

478 1141 563 1192 καὶ
591 1140 851 1210 ἐρχομένου
881 1136 953 1192 ἐπ’
980 1137 1148 1203 αὐτόν,
1188 1141 1270 1191 ’ἵνα
1299 1136 1444 1210 ὀφθῇ
1471 1134 1498 1190 ὁ
1526 1135 1940 1206 μαρτυρούμενος,
1978 1140 2060 1190 ἵνα
2087 1136 2206 1208 σάρξ
2229 1135 2264 1206 ή
2290 1135 2405 1208 άγία

480 1229 597 1293 φίλη
630 1219 755 1278 οὖσα
786 1227 869 1277 καὶ
899 1222 1227 1291 εύδοκουμένη
1267 1221 1366 1276 ύπὸ
1397 1228 1488 1275 τοῦ
1531 1220 1720 1292 πατρός
1748 1223 1832 1274 καὶ
1859 1229 1948 1276 τοῦ
1977 1221 2259 1294 πνεύματος
2285 1246 2403 1295 μαρ-

479 1313 746 1382 τυρηθείη,
801 1312 881 1362 ἵνα
918 1307 947 1362 ὁ
977 1307 1138 1379 πατὴρ
1174 1306 1444 1375 εύδοκητὴς
1480 1310 1751 1377 κηρυχθείη
1781 1314 1868 1375 τῆς
1903 1314 1993 1361 τοῦ
2021 1310 2136 1362 υἷοῦ
2163 1307 2406 1377 ἐνσάρκου

482 1399 781 1468 παρουσίας,
820 1398 902 1447 ἵνα
935 1393 965 1448 ὅ
994 1392 1103 1455 vids
1132 1391 1370 1460 ἀληθινός
1403 1390 1614 1460 ὀφθείη,
1665 1394 1750 1445 καὶ
1778 1392 2011 1467 πληρώσῃ
2043 1392 2098 1447 τὸ
2129 1395 2404 1465 εἰρημένον,

483 1484 586 1535 Καὶ
613 1479 731 1549 μετά
757 1487 909 1533 ταῦτα
942 1482 1025 1533 ἐπὶ
1055 1485 1140 1546 τῆς
1168 1485 1258 1548 γῆς
1288 1476 1470 1546 ῶφθη,
1508 1480 1593 1531 καὶ
1622 1476 1741 1546 μετ-ἀ
1771 1484 1869 1531 τῶν
1895 1476 2181 1549 ἀνθρώπων
2207 1497 2408 1533 συνανε-

482 1566 699 1638 στράφη·
753 1564 975 1618 ἀνελθών
1003 1563 1103 1618 ἀπὸ
1131 1570 1220 1616 τοῦ
1248 1561 1528 1631 Ἰορδάνου,
1582 1565 1665 1616 καὶ
1700 1569 1873 1630 σαφῶς
1902 1565 1984 1617 καὶ
2016 1564 2269 1632 ἀληθινῶς
2306 1562 2406 1619 ἀπὸ

481 1659 572 1707 τοῦ
604 1650 839 1722 διαβόλου
879 1651 1167 1721 πειρασθεὶς
1199 1651 1249 1702 ἐν
1274 1655 1334 1722 τῇ
1365 1647 1559 1721 ἐρήμῳ,
1609 1650 1692 1701 καὶ
1720 1647 1956 1712 πεινάσας
1984 1648 2187 1720 ῦστερον
2212 1647 2294 1704 διά
2318 1649 2409 1718 τὴν

484 1739 817 1801 ἀκολουθίαν,
867 1738 950 1790 καὶ
980 1735 1220 1804 ἀλήθειαν
1246 1741 1334 1802 τῆς
1371 1732 1613 1803 ἐνσάρκου
1644 1737 1934 1804 παρουσίας.
2009 1737 2109 1787 Καὶ
2137 1734 2407 1804 ἐπιλεξάμε-

482 1846 570 1887 νος
601 1820 856 1892 μαθητάς,
906 1823 990 1875 καὶ
1022 1821 1239 1891 κηρύξας
1281 1818 1544 1888 ἀλήθειαν,
1595 1821 1680 1872 καὶ
1721 1819 1978 1888 ἰασάμενος
2008 1819 2065 1872 τοὶ
2099 1818 2271 1888 πάθη,
2321 1843 2409 1875 κα-

484 1911 765 1978 θευδήσας,
804 1907 1065 1970 πεινάσας,
1106 1904 1462 1976 ὁδοιπορήσας,
1503 1908 1798 1973 θεοσημείας
1827 1903 2166 1975 ἐργασάμενος,
2204 1905 2410 1977 νεκρούς

486 1998 694 2066 ἐγείρας,
732 2001 936 2061 τυφλοῖς
969 1991 1022 2046 τό
1054 1993 1247 2061 βλέπειν
1278 1988 1675 2062 παρασχόμενος,
1711 1989 1901 2058 χωλούς
1926 1992 2009 2043 καὶ
2040 1989 2409 2060 παραλυτικούς

487 2079 891 2150 ἶσχυροποιήσας·
945 2077 1012 2141 ῶς
1053 2077 1252 2148 ἐκήρυξε
1292 2075 1346 2129 τό
1379 2075 1657 2146 εὐαγγέλιον
1705 2081 1831 2142 θτῆς
1870 2074 2108 2143 ἀληθείας
2144 2074 2232 2143 τήν
2272 2079 2408 2143 βασι-

485 2171 617 2220 λείαν
656 2173 756 2219 τῶν
794 2163 1022 2235 οὐρανῶν
1060 2162 1151 2232 τήν
1183 2160 1375 2215 7αὐτοῦ
1406 2163 1815 2230 φιλανθρωπίαν,
1865 2161 1951 2213 καὶ
1982 2164 2074 2213 τοῦ
2107 2159 2295 2230 πατρὸς
2325 2162 2410 2214 καὶ

485 2258 574 2305 τοῦ
611 2249 754 2322 ἆγίου
792 2248 1128 2317 εςπνεύματος·
1180 2246 1208 2301 ὁ
1248 2245 1372 2317 ’ὑπὲρ
1409 2244 1551 2314 ήμῶν
1591 2244 1646 2298 τὸ
1688 2244 1857 2308 πάθος
1890 2243 2161 2312 ὑπομείνας
2203 2242 2413 2320 άληθείᾳ

488 2340 541 2392 ἐν
570 2339 713 2408 σαρκὶ
741 2338 823 2390 καὶ
852 2338 904 2389 ἐν
933 2342 991 2408 τῇ
1027 2337 1177 2406 τελεία
1215 2331 1611 2402 ἐνανθρωπήσει,
1666 2329 1848 2384 παθῶν
1878 2332 1930 2384 ἐν
1959 2330 2170 2404 ἀληθείᾳ
2204 2332 2286 2385 ἐπὶ
2321 2337 2413 2385 τοῦ

487 2428 726 2493 σταυροῦ,
766 2420 1011 2487 συνούσης
1042 2419 1175 2491 αὐτῷ
1206 2424 1292 2485 τῆς
1318 2415 1588 2484 θεότητος,
1636 2414 1734 2469 ἀλλ’
1762 2415 1823 2469 οὐ
1857 2420 2118 2487 τραπείσης
2142 2419 2210 2479 εἷς
2233 2415 2287 2470 τὸ
2320 2416 2414 2470 πά-

489 2526 643 2576 σχειν,
695 2504 847 2573 οῦσης
883 2506 936 2558 δὲ
978 2505 1239 2569 ἀπαθοῦς,
1298 2504 1379 2555 καὶ
1410 2500 1680 2573 ἀτρέπτου·
1733 2508 1832 2554 τῶν
1864 2501 1954 2555 δύο
1988 2499 2303 2555 άκολουθιῶν
2329 2520 2413 2555 σα-

489 2598 599 2660 φῶς
624 2591 1060 2658 κατανοουμένων,
1104 2594 1325 2660 Χριστοῦ
1351 2587 1622 2655 πάσχοντος
1649 2584 1772 2657 ὑπὲρ
1798 2584 1941 2655 ἡμῶν
1970 2589 2139 2658 σαρκὶ,
2177 2587 2414 2650 ἀπαθοῦς

490 2679 542 2731 δὲ
573 2679 805 2746 μένοντος
834 2679 886 2730 ἐν
913 2674 1136 2743 θεότητι·
1176 2675 1236 2728 οὗ
1266 2679 1354 2726 τοῦ
1382 2671 1659 2743 ἀνθρώπου
1690 2670 1793 2728 κατ’
1824 2674 1952 2725 ἰδίαν
1985 2670 2155 2738 ὄντος,
2211 2674 2294 2726 καὶ
2325 2677 2413 2740 τῆς

488 2762 730 2831 θεότητος
756 2759 860 2815 κατ’
895 2763 1047 2826 ἰδίαν,
1088 2758 1205 2813 ἀλλά
1233 2757 1477 2826 συνούσης
1501 2765 1589 2825 τῆς
1616 2756 1878 2826 θεότητος,
1931 2756 1998 2825 μή
2028 2757 2311 2825 πασχούσης
2342 2758 2412 2822 δὲ,

491 2847 573 2902 διά
605 2847 659 2902 τὸ
690 2847 955 2916 ἀκραιφνὲς
987 2848 1070 2899 καὶ
1102 2844 1395 2916 ἀσύγκριτον
1425 2850 1511 2912 τῆς
1543 2844 1739 2905 οὐσίας·
1789 2841 2060 2911 πάσχοντος
2089 2843 2141 2896 δὲ
2171 2844 2223 2896 ἐν
2250 2844 2411 2911 σαρκὶ,

490 2936 576 2988 καὶ
607 2933 987 3001 θανατουμένου
1028 2934 1079 2984 ἐν
1108 2932 1278 3002 σαρκὶ,
1331 2926 1509 2994 ζῶντός
1540 2929 1593 2981 δὲ
1621 2927 1696 2982 ἀεὶ
1730 2930 1781 2982 ἐν
1811 2927 2041 2995 θεότητι,
2093 2930 2178 2980 καὶ
2207 2929 2412 2997 ἐγείρον-

491 3043 576 3082 τος
610 3018 727 3082 τούς
766 3017 996 3088 νεκρούς·
1051 3022 1139 3069 τοῦ
1182 3014 1406 3083 σώματος
1446 3016 1686 3081 ταφέντος
1724 3016 1775 3067 ἐν
1815 3013 2049 3085 ἀληθείᾳ,
2099 3013 2183 3064 καὶ
2213 3009 2413 3080 ἀψύχου

495 3109 749 3173 μείναντος
771 3103 826 3157 τὸ
852 3102 1136 3174 τριήμερον,
1191 3099 1353 3154 ἄπνου
1386 3121 1436 3153 τε
1460 3102 1544 3153 καὶ
1574 3097 1810 3167 ἀκινήτου
1828 3141 1843 3164 ,
1893 3098 2225 3164 ἐνειληθέντος
2254 3098 2307 3150 δὲ
2332 3095 2414 3151 διὰ

492 3197 579 3258 τῆς
607 3190 861 3254 σινδόνος,
912 3189 1267 3248 κατατεθέντος
1309 3188 1359 3239 ἐν
1391 3191 1459 3258 τῷ
1497 3184 1735 3253 μνήματι,
1787 3183 2185 3253 συγκλεισθέντος
2214 3179 2296 3235 διά
2325 3187 2414 3235 τοῦ

492 3279 667 3342 λίθου,
718 3277 802 3327 καὶ
829 3276 1115 3344 σφραγίδων
1143 3272 1495 3326 ἐπιτεθέντων·
1550 3268 1658 3338 ούχὶ
1694 3275 1782 3336 τῆς
1809 3267 2046 3334 θεότητος
2087 3269 2413 3337 συγκλεισθεὶ-

494 3380 610 3430 σης,
662 3359 722 3414 ού
745 3367 832 3429 τῆς
855 3359 1092 3426 θεότητος
1116 3361 1373 3424 ταφείσης,
1425 3353 1850 3425 συγκατελθούσης
1877 3352 1929 3404 δὲ
1956 3357 2015 3424 τῇ
2042 3358 2181 3425 ψυχῇ
2208 3358 2268 3425 τῇ
2297 3349 2413 3424 άγίᾳ

495 3449 564 3509 εἰς
590 3446 650 3499 τά
677 3444 999 3514 καταχθόνια,
1039 3442 1241 3511 ἕλούσης
1269 3444 1460 3496 ἐκεῖθεν
1484 3439 1574 3509 τήν
1599 3446 1696 3492 τῶν
1718 3443 1896 3506 ψυχῶν
1922 3438 2265 3504 αἰχμαλωσίαν,
2300 3442 2411 3489 κλα-

552 3646 590 3689 4.
641 3647 714 3690 τοῦ
758 3644 990 3701 πνεύματος
1038 3646 1111 3688 τοῦ
1153 3641 1271 3698 οἷγίου
1314 3644 1426 3684 codd.
1488 3636 1712 3693 συναλοιφή
1744 3639 1848 3678 editi.

496 3717 586 3746 mss.
656 3705 729 3746 τοῦ
770 3705 860 3759 (τοῦ
902 3703 972 3746 τοῦ
1014 3704 1071 3743 ed.
1118 3701 1262 3753 princ.)
1308 3696 1427 3753 ἁγίου
1539 3698 1578 3739 6.
1607 3697 1687 3748 τῆς
1714 3691 1917 3747 ἀληθείας
1944 3694 2055 3734 codd.
2075 3705 2166 3734 mss.
2207 3690 2283 3747 τήν
2308 3688 2414 3747 ἀλή-

498 3760 728 3814 πνεύματος
757 3764 859 3800 editi.
1487 3755 1601 3797 Ξτειαν
1630 3753 1722 3791 editi
1749 3753 1860 3799 libri,
1889 3753 2033 3790 vitiose.
2193 3800 2197 3807 Ι

555 3818 594 3857 ὁ.
637 3814 837 3872 συναλιφῆ
880 3817 991 3856 codd.
1035 3827 1154 3864 msa,
1201 3816 1425 3853 constanter,
1542 3809 1579 3851 7.
1612 3803 1747 3850 αὕτῶν
1778 3808 1888 3847 codd.
1919 3819 2008 3847 mss.
2042 3812 2206 3860 uterque.
