2508 4134
673 286 811 329 ΤοΜι
841 286 1050 328 Pmoms
1079 289 1213 329 PARS
1244 288 1558 329 PosTEmoR.
1953 276 2053 327 649

160 389 259 430 Ven.
318 386 432 427 Idem
460 386 488 427 l.
508 386 569 430 17.
602 400 680 428 om.
710 383 758 429 δὲ
782 391 878 425 ante
903 380 1098 438 τούτους,
1129 394 1170 425 et
1199 386 1226 427 1.
1253 385 1316 428 19.
1347 387 1517 441 praebet
1547 386 1619 429 >eod
1644 379 1755 430 οὗτοι
1779 382 2051 438 ἀπόσπασμα.

159 480 212 489 -
241 457 268 497 1.
286 457 352 498 20.
381 457 591 510 Καθαρῶν
617 451 858 510 δογμάτων,
900 453 1044 502 οἵτινες
1068 453 1195 509 φύσει
1224 453 1355 511 γάμον
1383 457 1460 506 (ita
1485 457 1674 511 restitue)
1704 452 1750 499 ού
1774 458 1922 509 παραδ.
1951 456 2054 495 ven.

159 550 210 558 -
241 527 351 568 1.21.
396 524 661 580 παρήλακται
688 523 736 569 δὲ
758 522 830 567 καὶ
857 518 952 577 παρ’
982 519 1122 572 αύτοῖς
1146 526 1247 565 Ven.
1281 550 1329 556 —
1387 526 1414 566 l.
1437 526 1503 568 23.
1547 524 1615 570 διὰ
1638 526 1709 568 τοῦ
1737 524 1919 579 ἐθελοθρ.
1951 526 2052 565 Ven.

158 596 273 637 Idem
300 592 412 638 1.24.
443 591 555 640 Οὔτε
581 593 661 650 γὰρ
688 590 828 642 αὐτοῖς
851 607 1079 647 παραπεπτ.
1112 617 1162 624 -
1220 595 1247 634 1.
1278 594 1317 635 4.
1347 595 1398 635 ab
1422 596 1495 636 inf.
1541 595 1576 638 εἰ
1604 594 1707 649 μόνη
1732 592 1924 651 τυγχάνει
1945 592 1976 648 τῖ
2002 589 2056 637 οἱ-

157 666 229 721 γία
256 666 354 709 θεοῦ
394 666 502 717 (sine
529 666 622 720 τοῦ)
637 694 655 719 ,-
691 663 763 708 καὶ
789 663 825 706 εἰ
848 658 1039 717 ἀλλοτρία
1074 660 1250 719 ὑπάρχει
1278 665 1375 708 θεοῦ
1413 662 1446 719 η“
1470 664 1811 719 παιδοποιουμένη
1839 662 2053 715 ύπόθεσις,

161 728 243 791 οἷρα
272 734 344 779 καὶ
373 730 492 779 αὐτοὶ
521 737 622 777 Ven.
655 736 774 775 Bene.

267 807 399 862 Pag.
418 807 543 850 198.
598 805 625 846 l.
652 807 684 847 1.
715 803 853 858 εἰρημ.
886 797 974 852 ὅτι,
994 796 1055 844 “O
1083 799 1106 846 ὅ
1136 800 1234 851 θεὸς
1262 805 1362 843 Ven.
1422 804 1535 844 Idem
1564 804 1684 858 paulo
1719 812 1812 858 post
1840 800 1901 848 ἐπ’
1929 801 2055 860 οἷνάγ-

155 878 249 924 καις
287 873 559 929 (ἐπανάγκαις
595 874 708 929 cod.)
749 887 849 930 χωρ.
890 874 992 914 Ven.
1020 895 1075 904 —
1132 873 1158 913 l.
1178 870 1218 914 7.
1260 871 1531 928 ἐπιμετρῆται
1567 874 1664 928 (sic)
1696 875 1796 914 Ven.
1832 899 1879 905 -
1938 876 2053 918 1.10.

156 943 417 1000 άδηφαγεῖν,
445 943 492 987 τὸ
525 942 584 999 μή
618 943 948 997 εἰδωλολατρεῖν,
991 941 1038 986 τὸ
1070 940 1128 997 μὴ
1159 940 1366 997 φονεύειν,
1397 942 1443 987 τὸ
1474 942 1531 998 μὴ
1564 941 1871 998 φαρμακεύειν,
1915 943 1959 988 τέ
1993 942 2051 999 μή

155 1015 419 1069 καταρᾶσθαι
459 1016 561 1055 Ven.
594 1037 645 1045 —
701 1013 730 1054 l.
752 1015 812 1055 12.
854 1010 1033 1056 ἐπιδύειν
1073 1014 1174 1053 Ven.
1206 1036 1257 1043 -—-
1315 1011 1426 1054 ].14.
1471 1012 1519 1055 ἐκ
1556 1014 1652 1057 θεοῦ
1689 1013 1923 1068 κεκτημένη
1955 1016 2054 1055 Ven.

156 1085 205 1129 ἐκ
231 1086 330 1129 θεοῦ
358 1084 607 1139 κεκτισμένη
638 1085 723 1125 Bas.
752 1107 798 1113 -—-
859 1083 885 1124 1,
911 1082 973 1123 15.
1016 1083 1188 1126 τοιαῦτα
1225 1082 1412 1136 θατέρως
1439 1081 1525 1138 ἔχει
1547 1084 1626 1137 τῆς
1653 1082 1873 1139 ἐπιτροπῆς
1897 1082 1943 1128 τό
1976 1084 2055 1138 μέ·-

155 1171 247 1210 τρον
276 1156 376 1194 Ven.
406 1177 462 1185 —
517 1154 544 1195 l.
568 1151 628 1196 16.
657 1148 784 1197 Ἀλλὰ
811 1151 870 1201 οἷς
899 1154 1000 1193 Ven.
1030 1176 1085 1183 —
1141 1153 1167 1193 1.
1192 1153 1259 1194 21.
1295 1152 1506 1207 εἰρημένον
1536 1151 1741 1207 κτήσεται
1762 1152 1809 1197 τὸ
1830 1185 1840 1202 ,
1860 1149 2054 1196 ’Έσεσθέ

156 1241 225 1280 μοι
251 1223 456 1280 μάρτυρες
479 1218 599 1279 ἄχρις
623 1220 811 1279 ἐσχάτων
838 1225 940 1263 Ven.
971 1225 1093 1263 Bene.
1126 1247 1173 1254 --
1234 1223 1259 1263 1.
1278 1223 1343 1264 22.
1385 1221 1540 1278 γάμος,
1569 1223 1641 1265 καὶ
1668 1221 1775 1267 κατὰ
1801 1222 1896 1267 θεὸν
1925 1221 1948 1266 ὁ
1973 1222 2055 1278 γά-

156 1310 232 1350 μος
270 1294 342 1338 καὶ
379 1291 489 1348 ζωὴν
526 1292 631 1350 ἔχων
667 1290 688 1336 ὁ
723 1290 857 1348 γάμος
884 1294 987 1335 ven.
1016 1294 1138 1333 Bene.
1173 1317 1220 1324 -
1278 1292 1392 1334 1.2ὀ.
1436 1291 1599 1347 γάμου,
1645 1291 1824 1349 βεβηλός
1851 1294 1956 1347 (sine
1983 1290 2052 1347 ού)

153 1367 256 1407 Ven.
313 1364 429 1405 Idem
456 1364 483 1405 l.
511 1363 578 1405 26.
621 1377 699 1404 om.
739 1377 827 1404 voc.
858 1377 981 1413 ποτε,
1024 1370 1120 1403 ante
1149 1362 1190 1406 ἐν
1219 1361 1382 1418 κόσμῳ.
1418 1387 1466 1393 ——
1524 1363 1550 1403 l.
1569 1364 1635 1406 27.
1680 1362 1752 1405 καὶ
1789 1360 1859 1406 διὰ
1895 1363 2053 1405 πολλῶν

155 1437 258 1477 Ven.
290 1459 342 1468 --
399 1435 426 1475 l.
452 1435 490 1476 5.
518 1434 569 1475 ab
592 1433 669 1474 ins.
709 1428 813 1476 ἀλλὰ
843 1428 890 1476 ου’
916 1432 1208 1487 κατεπαίρεται
1234 1435 1317 1476 τῶν
1346 1435 1447 1475 Ven.
1508 1432 1629 1483 Quod
1658 1433 1952 1473 restituendum
1977 1441 2052 1472 est.

153 1529 208 1537 ——
237 1505 263 1545 l.
283 1502 322 1546 4.
351 1505 401 1545 ab
428 1504 502 1546 inf.
547 1502 620 1553 ἐκ,
663 1511 758 1543 ante
794 1505 876 1546 τῶν
905 1502 1045 1556 ἰδίων,
1089 1517 1167 1544 om.
1196 1505 1299 1544 Ven.
1330 1526 1385 1534 —
1440 1503 1528 1545 1.3.
1556 1510 1649 1544 ante
1676 1503 1742 1544 fin.
1784 1502 2054 1557 ἐπαρκέσαιεν

156 1576 268 1630 (sic).
325 1573 413 1617 Καὶ
438 1575 538 1614 Ven.
601 1572 700 1613 lbid.
745 1581 840 1613 ante
872 1570 1102 1627 βρωμάτων
1131 1587 1284 1627 repone
1311 1572 1408 1628 μὲν,
1455 1573 1566 1628 quod
1595 1573 1745 1613 excidit
1772 1573 1893 1613 etiarn
1923 1574 1964 1613 in
1990 1573 2052 1612 ed.

153 1647 291 1687 Petav.
318 1644 462 1685 Colon.
494 1665 545 1674 —
602 1642 630 1683 l.
659 1642 813 1697 penult.
844 1638 948 1686 άλλοὶ
973 1638 1021 1684 ού
1048 1657 1144 1697 φυσ.
1172 1646 1275 1684 Ven.
1306 1668 1357 1674 —
1415 1643 1440 1683 1.
1468 1643 1539 1683 ult.
1569 1641 1639 1686 τὸν
1664 1658 1722 1698 μη
1751 1642 1841 1686 ἐσθ.
1872 1658 1932 1697 μη
1963 1658 2054 1696 κρι-

151 1714 267 1758 νέτω.
326 1713 471 1768 Κυρίῳ
499 1710 579 1767 γὰρ
603 1710 736 1755 ἐσθίει
770 1712 939 1764 (desunt
974 1712 1099 1766 igitur
1134 1713 1258 1754 verba
1289 1729 1349 1767 μη
1381 1712 1542 1767 ἐξουθ,
1588 1729 1626 1756 κ.
1656 1710 1677 1756 ὁ
1708 1729 1766 1767 μη
1797 1712 1887 1756 ἐσθ.
1920 1711 2043 1767 τ.μῆ

154 1784 363 1837 ἐσθίοντα)
391 1782 464 1827 καὶ
490 1783 621 1835 πίνει,
652 1781 725 1824 καὶ
752 1781 882 1838 κυρίῳ
912 1778 989 1825 οῦκ
1019 1781 1153 1826 ἐσθίει
1182 1783 1253 1826 καὶ
1281 1798 1328 1826 ου
1357 1783 1475 1825 πίνει.
1531 1782 1619 1826 Καὶ
1648 1780 1751 1840 ὁρᾷς
1777 1786 1863 1826 κτλ.
1898 1785 1997 1824 Ven.

261 1853 675 1911 Pag.200.1..2
706 1851 772 1905 ἐν,
803 1860 899 1892 ante
927 1867 980 1909 τῃ
1013 1851 1238 1909 ἐκκλησίᾳ,
1287 1867 1364 1894 om.
1390 1855 1496 1894 Ven.
1528 1877 1577 1884 -—
1636 1854 1663 1896 l
1685 1855 1723 1894 5.
1753 1868 1828 1907 την
1857 1853 1929 1908 μὲν
1960 1850 2055 1907 τρό-

151 1940 231 1979 πην
263 1926 367 1964 Ven.
426 1925 485 1963 Ex
525 1922 669 1962 eodem
699 1922 805 1963 libro
842 1922 920 1963 alia
957 1937 1097 1962 manus
1128 1924 1199 1963 l.'‘
1184 1938 1213 1965 t.
1246 1923 1343 1963 mihi
1380 1923 1564 1963 enotavit
1601 1923 1843 1978 scripturam
1873 1922 2056 1978 ἐγκοίλια

154 1991 348 2049 στάματά
374 2008 421 2036 τε
445 1990 517 2036 καὶ
547 1991 669 2046 μέρη.
702 2015 753 2023 -
812 1992 838 2033 l.
864 1992 903 2034 8.
949 1987 1079 2036 όκνων
1119 1995 1220 2034 Ven.
1251 2017 1305 2024 —
1362 1993 1473 2034 1.11.
1519 1990 1566 2036 ού
1593 1991 1661 2036 τὸν
1703 2008 1794 2049 χαρ.
1833 1994 1912 2049 τῆς
1940 1992 2052 2036 ἐκκλ.

152 2061 367 2119 ύποφαίνει
402 2064 504 2104 Ven.
533 2085 588 2093 -—
644 2062 669 2102 Ι.
695 2059 758 2103 14.
800 2062 872 2105 καὶ
906 2061 1120 2118 ἐπαινετὴν
1158 2061 1353 2117 τοιαύτην
1392 2065 1494 2104 ven.
1525 2087 1579 2094 -—
1636 2064 1750 2106 ].17.
1794 2060 1960 2114 οἷποταξ.
1992 2065 2052 2119 τῷ

154 2133 248 2190 βίῳ,
279 2132 351 2176 καὶ
379 2130 437 2187 μῆ
464 2131 804 2187 πεφυσιωμένους
831 2134 931 2174 Ven.
988 2134 1082 2173 Hoc
1108 2133 1406 2173 restituendum
1435 2142 1509 2175 est.
1572 2133 1680 2174 Idem
1707 2134 1810 2174 liber
1834 2134 1861 2174 Ι.
1887 2137 1947 2176 18.
1975 2134 2054 2174 ha-

151 2204 223 2245 bet
246 2208 333 2251 τοῖς
357 2199 553 2251 τοιούτοις
575 2199 894 2259 εύλαβεστάτοις
922 2194 1027 2245 ούσι.
1081 2201 1287 2257 Καθάπερ
1314 2200 1537 2247 ἀπόστολοι
1563 2205 1654 2259 (καὶ
1678 2209 1763 2252 τοῖς
1789 2204 1925 2258 deest)
1952 2206 2052 2245 Ven.

152 2296 206 2304 ....
236 2273 264 2314 1,
290 2273 352 2315 19,
391 2270 553 2315 πάντων
582 2269 604 2316 ὁ
635 2272 847 2327 δεσπότης
875 2274 978 2313 Ven.
1035 2273 1146 2313 Idem
1175 2274 1200 2314 l.
1227 2287 1337 2328 sequ.
1366 2272 1472 2317 οἷλλοὶ
1498 2270 1573 2317 ούκ
1598 2270 1853 2330 άπεβάλλετο
1879 2272 1955 2323 τοὶς
1981 2272 2054 2318 αύ-

151 2342 211 2399 τῷ
238 2341 318 2395 (sic
341 2342 671 2397 restituendum).
699 2367 755 2375 -
811 2344 838 2384 l.
859 2343 927 2384 25.
968 2339 990 2385 ὁ
1020 2341 1253 2397 ἐπουράνιος
1277 2346 1380 2384 Ven.
1440 2344 1553 2385 Idem
1578 2345 1604 2384 l.
1630 2343 1699 2386 27.
1741 2344 1959 2388 ἐποτίσατέ
1987 2359 2054 2399 με,

150 2410 304 2467 γυμνὸς
328 2406 470 2466 ἥμην,
514 2412 587 2455 καὶ
613 2416 747 2469 περιβ.
779 2415 879 2454 Ven.
939 2414 1075 2454 Verba
1116 2412 1229 2464 ξενος
1268 2408 1410 2468 ἥμην,
1451 2413 1523 2457 καὶ
1552 2414 1801 2469 συνεγάγετέ
1831 2430 1884 2468 με
1908 2415 2056 2456 desunt

150 2482 192 2522 in
221 2484 308 2522 Bas.
335 2489 378 2521 et
406 2481 470 2522 ed.
497 2483 635 2523 Petav.
669 2507 722 2514 -
778 2483 887 2525 l.28.
929 2484 1060 2526 ταῦτα
1098 2476 1209 2527 οὗτοι
1236 2486 1339 2527 Ven.
1401 2485 1513 2526 Idem
1541 2484 1570 2526 l.
1589 2484 1655 2526 29.
1686 2485 1739 2541 τῇ
1767 2494 1863 2526 ante
1893 2489 2054 2529 δικαιο-

153 2550 257 2607 σύνῃ
289 2565 371 2592 οιιι.
400 2575 453 2583 -
509 2551 535 2591 l.
558 2551 630 2593 ult.
660 2550 930 2608 ἐβδελύξαντο
957 2555 1058 2595 Ven.

260 2623 392 2679 Pag.
418 2622 544 2666 2⁰2.
600 2622 627 2662 l.
648 2624 681 2664 1.
714 2620 892 2667 ἑκάστου
917 2621 963 2666 τὸ
990 2623 1106 2678 ἔργον
1130 2624 1202 2667 καὶ
1226 2622 1302 2679 τήν
1327 2623 1440 2675 τάξιν
1468 2627 1569 2666 Ven.
1594 2651 1644 2657 a—
1700 2627 1724 2666 l.
1741 2626 1780 2668 3.
1814 2621 1910 2669 οὔτε
1939 2641 2052 2681 φυγ.,

149 2691 221 2735 καὶ
250 2690 328 2734 ὑπὸ
357 2692 439 2735 τῶν
469 2693 571 2733 ven.
629 2692 742 2732 Idem
770 2692 796 2734 l.
819 2690 858 2733 4.
890 2707 969 2734 om.
998 2695 1070 2736 τοῦ
1099 2702 1194 2734 ante
1224 2695 1336 2737 θεοῦ.
1368 2720 1424 2726 --
1481 2696 1507 2736 l.
1525 2695 1563 2738 6.
1595 2695 1870 2750 ἐπαρνησίαν,
1903 2693 1950 2739 ού
1980 2696 2053 2740 δέ·

149 2777 268 2818 χεται
302 2759 399 2810 τοῦς
441 2758 558 2804 οἶθετ.
590 2763 693 2803 Ven.
726 2786 775 2793 —
833 2763 861 2802 l.
884 2764 922 2804 8.
971 2763 1152 2803 Restitue
1180 2763 1220 2806 ἐν
1249 2763 1441 2822 ἐμπειρίᾳ
1478 2767 1678 2809 ναυτικῶν
1707 2781 1755 2806 ex
1780 2768 1880 2806 Ven.
1940 2766 2054 2807 Idem

147 2832 174 2871 1.
196 2830 234 2872 9.
282 2829 322 2873 ἐν
348 2834 556 2887 πρυμνικῇ
589 2830 648 2886 (7)
674 2831 734 2887 ἐχ.
766 2856 816 2863 -
875 2832 902 2873 l.
927 2834 986 2874 10.
1028 2830 1098 2876 τὸν
1121 2832 1169 2877 δὲ
1193 2833 1265 2876 καὶ
1290 2833 1330 2877 ἐν
1360 2835 1499 2890 μέτρῳ
1530 2851 1564 2878 τ.
1594 2833 1862 2879 ύποστάσεων
1888 2835 1960 2878 καὶ
1985 2835 2053 2879 ἐν·-

149 2897 290 2954 θῆκης
317 2902 419 2941 Ven.
443 2924 495 2932 ——
554 2901 580 2941 l.
601 2901 664 2942 12.
695 2902 755 2957 τῷ
782 2901 858 2956 (ita
882 2903 1072 2957 restitue)
1102 2902 1160 2958 μὴ
1188 2904 1373 2959 τοσούτῳ
1398 2920 1512 2947 κεκτ.
1540 2907 1642 2946 Ven.
1673 2930 1720 2936 -
1781 2906 1807 2946 l.
1830 2903 1888 2946 14.
1919 2906 2054 2946 Verba

148 2971 221 3014 καὶ
251 2971 457 3026 σωτηρίαν
484 2971 632 3012 desunt
655 2971 697 3011 in
723 2973 825 3011 Ven.
858 2996 904 3002 —
967 2972 994 3014 l.
1017 2974 1078 3016 17.
1110 2971 1303 3017 δύνανται
1324 2975 1503 3029 πληροῦν
1528 2977 1630 3015 Ven.
1661 2999 1715 3006 —-
1772 2976 1797 3016 1.
1820 2975 1880 3017 19.
1914 2980 2052 3020 δικαι-

149 3041 312 3095 ούμενοι
339 3039 387 3085 δὲ
415 3039 576 3094 δωρεὰν
601 3043 701 3081 ven.
761 3041 872 3080 Idem
896 3041 923 3082 l.
943 3042 1010 3082 23.
1041 3044 1185 3084 Venet.
1215 3045 1385 3098 praebet
1418 3044 1618 3098 παρθένον
1654 3060 1804 3100 σφραγ.
1831 3045 2050 3100 ἐπείγεται,

147 3110 217 3156 διὰ
245 3110 291 3155 τὸ
323 3109 517 3166 οἶμαρτές.
551 3111 698 3151 Probo.
737 3135 780 3140 -κ
841 3111 868 3151 l.
890 3111 955 3154 26.
987 3109 1092 3164 ὁρίσ.
1121 3113 1342 3166 παρθενίαν
1366 3114 1452 3171 θεῷ
1479 3117 1582 3157 Ven.
1642 3116 1766 3155 Paulo
1791 3124 1886 3169 post
1911 3116 1951 3155 in
1975 3130 2050 3155 eo-

147 3182 240 3222 dem
269 3181 374 3222 libro
417 3181 533 3221 deest
564 3178 822 3237 βουλόμενος.
854 3205 909 3211 --
966 3182 990 3221 l.
1010 3180 1046 3221 4.
1077 3182 1127 3222 ab
1153 3182 1230 3222 inf.
1275 3180 1383 3226 κατά
1410 3199 1498 3227 τινα
1536 3182 1690 3238 σαρκὸς
1728 3187 1827 3225 Ven.
1863 3209 1910 3215 -
1968 3186 2049 3227 1.3.

145 3252 196 3292 ab
223 3251 296 3292 inf.
329 3252 597 3305 Θαυμαστῶς
621 3248 699 3304 γὰρ
726 3252 828 3293 ven.
889 3252 950 3291 Ab
991 3251 1140 3291 eodem
1179 3252 1285 3292 libro
1313 3253 1435 3306 paulo
1465 3262 1559 3308 post
1586 3251 1608 3298 ὁ
1636 3255 1750 3294 abest
1782 3264 1878 3295 ante
1913 3251 2049 3308 νόμος.

145 3345 200 3353 —-
230 3322 257 3362 l.
288 3322 443 3376 penult.
489 3322 633 3375 θυγατ.
661 3319 738 3368 τοὶς
759 3317 1026 3374 Ἰσραηλίτας
1051 3321 1148 3376 (sic)
1180 3317 1323 3376 άλλοφ.
1352 3325 1451 3363 Ven.
1484 3348 1538 3353 —
1595 3324 1621 3363 l.
1651 3324 1721 3363 ult.
1752 3323 2051 3378 προςετοίσσετο

147 3387 286 3434 οῦκέτι
313 3387 532 3439 Ἰουδαίοις
563 3387 817 3434 ἐκδεδόσθαι
844 3392 946 3432 Ven.

257 3462 388 3518 Peg.
414 3462 540 3506 204.
595 3461 621 3502 l.
646 3461 683 3501 2.
719 3461 832 3501 Corr.
858 3457 1138 3515 κηρύγματος.
1169 3485 1218 3491 -
1276 3462 1303 3503 l.
1321 3463 1359 3505 3.
1392 3464 1491 3503 Post
1517 3461 1624 3505 κατοὶ
1650 3461 1772 3507 τόπον
1801 3479 1954 3519 repone
1980 3466 2052 3509 καὶ

145 3527 267 3573 τόπον
298 3531 418 3584 (Ven.
444 3529 616 3585 τόπων).
649 3555 701 3562 -—
759 3531 783 3570 l.
804 3528 844 3571 4.
877 3522 1144 3584 ἐκποροῦντες
1171 3532 1270 3571 Ven.
1302 3556 1353 3563 -—
1412 3532 1437 3571 l.
1462 3534 1518 3574 10.
1550 3532 1646 3585 περὶ
1673 3536 1744 3576 τοῦ
1777 3533 1933 3588 πατρὸς
1956 3541 2048 3591 φυλ.

144 3599 358 3653 παρθένον.
417 3601 474 3644 Εἰ
498 3600 545 3645 δὲ
570 3601 642 3644 καὶ
670 3599 746 3656 την
774 3603 875 3640 Ven.
933 3600 1047 3641 Idem
1087 3601 1155 3641 lin.
1194 3616 1305 3656 sequ.
1347 3603 1471 3656 σῶμα
1511 3599 1628 3646 οὐδὲν
1659 3602 1811 3648 κωλύει
1840 3605 1962 3660 λέγει.
1996 3632 2050 3639 --

144 3669 171 3709 l.
200 3669 262 3710 13.
306 3671 492 3724 γαμείτω
531 3665 606 3715 ὧδ’
646 3665 693 3714 ἂν
739 3668 946 3724 εύποροίεν
991 3671 1089 3725 (sic)
1134 3674 1234 3712 Ven.
1271 3696 1316 3701 --
1377 3671 1491 3713 l.14.
1533 3673 1600 3716 διὰ
1629 3672 1702 3723 τὸ,
1744 3675 1921 3719 Δέδεσαι
1945 3679 2047 3718 Ven.

146 3739 259 3780 Idem
285 3739 310 3778 l.
339 3740 398 3781 16.
431 3740 562 3795 ἐγκρ.,
592 3740 848 3796 γαμῆτωσαν
875 3741 984 3794 (sic).
1021 3765 1067 3771 -
1126 3742 1236 3784 1.17.
1268 3757 1456 3796 προτρεπ.
1481 3741 1577 3791 τοῦς
1602 3739 1788 3798 άγάμους
1813 3748 1914 3787 Ven.
1958 3749 2050 3789 Hoc

142 3808 439 3851 restituendum
468 3819 544 3851 est.
579 3835 630 3843 --
686 3811 714 3852 l.
741 3811 799 3854 18.
843 3809 1019 3866 οἱγάμοις
1049 3811 1120 3854 καὶ
1146 3816 1238 3860 ταῖς
1260 3811 1502 3867 παρθένοις,
1535 3812 1659 3858 καλὸν
1689 3816 1788 3857 ven.
1822 3839 1870 3847 --
1930 3817 1957 3858 1.
1981 3817 2035 3860 20
