2508 4134
653 309 872 351 ΡΑΝΑΒιι
903 310 1002 349 Lm.
1027 311 1098 349 111.
1125 310 1258 349 ToM.
1280 310 1327 348 n.
1360 308 1519 348 HAER.
1543 308 1741 348 Lxxix.
2033 294 2132 344 459

247 406 386 458 huius
417 406 636 475 promissi
670 408 758 458 fide
783 406 1155 469 corroboraret,
1208 407 1329 473 quod
1362 407 1513 474 ipsum
1547 415 1704 457 tamen
1744 404 1894 456 fraudi
1934 403 2135 454 nonnul-

236 491 296 542 lis
326 491 430 541 suit.
508 489 656 559 Atqui
691 490 791 541 fleri
821 508 915 540 non
944 498 1101 557 potest
1138 498 1188 539 ut
1215 489 1292 557 qui
1320 500 1511 557 praeter
1550 507 1847 540 communem
1893 486 2131 538 bominum

238 583 456 625 naturam
495 583 723 626 nascatur
750 574 799 625 in
835 574 998 624 terris.
1074 571 1170 624 Uni
1206 574 1295 623 hoc
1328 573 1646 623 conveniebat
1685 573 1782 636 illi3
1838 573 1916 622 uni
1961 580 2133 622 natura

238 657 403 709 cessit.
479 656 599 720 Hic,
639 659 858 726 inquam,
899 657 1029 708 velut
1057 656 1235 707 artifex
1263 674 1319 706 ac
1349 657 1595 719 dominuS,
1637 657 1943 725 semetipsum
1976 672 2003 706 e
2036 655 2131 705 vir-

239 741 350 810 gine
398 751 618 810 tanquam
651 760 677 792 e
711 751 844 793 terra
891 741 1143 803 formavit,
1197 742 1314 791 deus
1339 757 1365 790 e
1393 740 1530 791 coelo
1566 740 1891 802 descendenS,
1933 739 2131 790 verbum

240 825 428 893 virgine
453 835 727 894 susceptum
761 843 933 894 corpus
961 824 1193 888 induens,
1249 842 1342 875 nou
1379 825 1488 875 ideo
1519 833 1677 874 tamen
1709 833 1760 874 ut
1787 824 1901 874 baec
1942 822 2132 873 adorari

238 910 438 974 debeat,
490 918 573 960 aut
599 919 649 960 ut
677 927 782 960 eam
823 909 1030 960 divinam
1062 909 1119 959 ad
1153 917 1367 959 naturam
1402 908 1818 974 conditionemque
1851 908 2129 969 transferat,

237 1010 392 1062 neque
421 1002 473 1044 ut
500 994 783 1044 sacrificium
808 993 938 1044 iilius
966 993 1012 1043 in
1039 1010 1212 1043 nomen
1241 993 1493 1054 offeratur,
1536 1009 1691 1059 neque
1717 1000 1850 1041 tanto
1880 991 2132 1042 intervallo

236 1076 464 1128 mulieres
507 1079 785 1129 sacerdotes
826 1077 1156 1128 instituantur.
1234 1075 1341 1127 Hoc
1383 1093 1442 1125 ne
1476 1077 1523 1125 in
1562 1073 1756 1126 Salome
1800 1075 1987 1143 quidem
2030 1076 2130 1125 fieri

238 1162 390 1212 voluit
426 1163 576 1224 deuS,
635 1180 724 1212 nec
763 1161 811 1211 in
850 1160 1028 1212 Maria.
1114 1159 1229 1211 Non
1272 1160 1317 1210 ei
1358 1159 1630 1228 baptizandi
1677 1167 1959 1228 potestatem
2001 1159 2131 1221 fecit,

238 1263 331 1296 non
362 1245 606 1315 discipulis
635 1245 951 1308 benedicere,
995 1264 1088 1296 non
1114 1245 1160 1295 in
1189 1244 1333 1295 terris
1362 1261 1589 1312 praeesse
1619 1243 1887 1306 mandavit,
1928 1243 2009 1292 sed
2044 1242 2132 1292 boc

238 1348 380 1381 unum
422 1330 575 1380 votuit
612 1338 661 1380 ut
687 1337 904 1380 sanctum
937 1329 1046 1397 quid
1077 1337 1125 1379 et
1152 1337 1488 1379 consecratum
1521 1336 1679 1389 esset,
1735 1345 1790 1377 ac
1818 1327 2029 1377 coeleste
2060 1344 2135 1377 re-

235 1432 380 1482 guum
414 1413 780 1482 adipisceretur.
858 1411 956 1465 Sed
999 1413 1182 1464 necilli
1221 1429 1341 1480 quae
1378 1411 1487 1462 Rufi
1529 1421 1681 1462 mater
1719 1412 1984 1480 appellatur
2027 1429 2134 1462 eum

243 1497 439 1548 honoris
466 1497 663 1566 gradum
696 1498 891 1562 detulit,
948 1514 1103 1565 neque
1140 1496 1418 1547 mulieribus
1452 1495 1556 1546 aliis
1575 1535 1587 1559 ,
1641 1514 1757 1561 quae
1779 1516 1803 1545 e
1831 1499 2038 1545 Galilaea
2065 1502 2234 1544 se-Luc·
2257 1502 2311 1545 ²3,
2332 1501 2385 1536 55·

236 1592 371 1631 outae
402 1584 620 1648 fuerant,
673 1599 826 1649 neque
861 1580 1086 1632 Marthae
1132 1579 1311 1631 Lazari
1352 1598 1408 1630 ac
1444 1578 1633 1630 Mariae
1676 1579 1864 1643 sorori,
1921 1598 2014 1630 nou
2058 1580 2136 1630 ulli

237 1666 442 1734 denique
465 1676 759 1730 sanctarum,
801 1684 921 1734 quae
946 1667 1146 1717 salutem
1171 1666 1297 1715 illius
1323 1666 1532 1715 adventu
1564 1674 1950 1733 promeruerunt,
1993 1682 2137 1732 quae-

237 1766 329 1817 que
358 1749 447 1818 ipsi
483 1751 539 1801 de
568 1750 667 1802 suis
697 1750 900 1801 fortunis
941 1750 1218 1801 necessaria
1250 1749 1696 1800 subministrabant.
1771 1747 1946 1817 Neque
1991 1767 2133 1817 porro

239 1830 562 1885 Chanauaeae
594 1834 810 1897 mulieri,
851 1835 928 1885 vel
957 1835 1000 1885 ei
1032 1852 1171 1902 quam
1206 1833 1456 1900 sanguinis
1487 1833 1721 1901 profluvio
1757 1834 2014 1895 liberarat,
2058 1834 2134 1885 vel

237 1917 378 1968 alicui
424 1918 617 1968 omnino
661 1918 705 1968 in
750 1919 891 1969 terris
937 1919 1142 1969 feminae
1183 1918 1458 1985 dignitatem
1508 1917 1634 1967 iilam
1676 1918 1908 1967 attribuit.
2000 1915 2136 1984 Quae

236 2019 341 2052 cum
380 2001 446 2052 ita
475 2001 600 2065 sint,
654 2002 779 2052 unde
818 2003 956 2054 nobis
982 2003 1128 2052 draco
1160 2001 1250 2052 iste
1280 2001 1503 2052 volubilis
1542 2000 1772 2051 emersit?
1824 2020 1909 2052 cur
1947 2002 2137 2069 obliqua

235 2085 500 2153 callidaque
528 2086 730 2136 consilia
759 2088 1089 2137 renovantur?
1164 2085 1444 2136 Honoretur
1469 2103 1585 2136 saue
1608 2084 1796 2149 Maria,
1838 2095 1974 2155 pater
1997 2104 2133 2150 vero,

235 2169 358 2220 filius
397 2178 445 2219 et
485 2170 919 2237 spiritus'sanctus
965 2171 1255 2232 adorentur,
1315 2168 1524 2220 Mariam
1569 2173 1772 2220 adorare
1815 2188 1956 2221 nemo
2000 2171 2135 2221 velit.

234 2251 349 2304 Non
390 2253 515 2304 enim
549 2254 776 2317 mulieri,
835 2273 893 2305 ac
921 2272 980 2305 ne
1016 2255 1120 2305 viro
1151 2254 1370 2322 quidem,
1426 2255 1510 2304 sed
1542 2255 1622 2304 uni
1652 2255 1741 2304 deo
1775 2255 2053 2323 mysterium
2082 2254 2138 2305 il-

235 2336 313 2387 lud
355 2338 604 2406 cultusque
642 2339 895 2403 tribuitur,
949 2340 1070 2390 adeo
1103 2349 1152 2389 ut
1184 2357 1274 2389 nec
1303 2337 1462 2405 angeli
1500 2338 1590 2406 ipsi
1622 2347 1754 2388 tanto
1794 2338 1962 2389 honori
1998 2356 2136 2406 pares

236 2437 344 2471 esse
381 2421 654 2473 videantur.
748 2422 1016 2474 Deleantur
1062 2424 1250 2491 itaque,
1310 2440 1428 2489 quae
1470 2424 1517 2472 in
1564 2423 1848 2473 miserorum
1893 2423 2134 2473 hominum

235 2504 459 2554 cordibus
485 2506 609 2556 male
637 2515 750 2557 sunt
774 2507 1022 2576 inscripta.
1100 2506 1431 2574 Extinguatur
1460 2507 1650 2575 penitus
1680 2508 1831 2558 nialus
1866 2508 1945 2558 ille
1978 2508 2135 2558 foetus

235 2589 292 2638 ad
323 2588 563 2639 infelicem
593 2590 814 2641 arborem
851 2601 1130 2660 conceptus.
1209 2588 1539 2642 Convertatur
1566 2609 1684 2659 opus
1713 2592 1864 2660 ipsum
1902 2594 1957 2643 ad
1989 2593 2139 2643 domi-

235 2690 345 2722 num
375 2673 767 2741 conditoremque
802 2693 957 2725 suum.
1036 2674 1188 2726 Evam
1217 2694 1321 2726 cum
1353 2676 1540 2725 Adamo
1571 2676 1775 2743 coniuge
1807 2679 1864 2728 ad
1894 2678 2030 2727 deum
2059 2695 2137 2727 so-

233 2756 328 2807 lum
360 2758 686 2807 venerandum
721 2759 871 2826 pudor
901 2760 1087 2810 tandem
1119 2760 1373 2827 aliquando
1405 2761 1685 2828 compellat,
1742 2778 1863 2812 neve
1896 2762 2135 2830 serpentis

2190 1754 2327 1789 Matth.

2199 1798 2251 1839 15,
2273 1798 2324 1831 22.

2199 1839 2287 1874 Luc.
2300 1841 2331 1873 8.

233 2858 335 2891 vox
360 2839 487 2891 iilam
527 2842 762 2909 decipiat,
803 2843 888 2892 sed
920 2845 968 2893 in
1003 2843 1076 2893 dei
1105 2845 1328 2894 mandato
1365 2843 1618 2912 persistat,
1660 2850 1728 2894 De
1753 2849 1881 2909 leg-no
1907 2865 1965 2895 ne
1992 2864 2137 2895 come·
2160 2854 2255 2888 Gen·
2278 2854 2311 2897 ³,
2334 2854 2365 2889 ²-

233 2927 333 2973 das.
416 2922 719 2992 Quamquam
761 2925 809 2975 in
838 2926 1012 2977 arbore
1040 2927 1143 2995 ipsa
1169 2946 1466 2996 nequaquam
1500 2946 1639 2979 error
1667 2931 1782 2992 fuit,
1835 2931 1917 2980 sed
1950 2947 2035 2997 per
2061 2947 2138 2979 ar-

233 3007 400 3058 borem
435 3010 767 3060 contumaciae
804 3027 944 3060 error
976 3011 1212 3062 admissus
1245 3021 1337 3062 est.
1414 3010 1622 3063 Perinde
1653 3014 1801 3081 igitur
1828 3031 1969 3064 nemo
2000 3031 2133 3063 erro-

233 3108 334 3142 rem
366 3092 497 3143 illum
529 3093 750 3161 degustet
789 3094 866 3162 qui
895 3092 1085 3144 Mariae
1114 3095 1370 3146 occasione
1398 3098 1632 3147 conflatus
1667 3107 1758 3148 est.
1834 3097 1975 3148 Licet
2009 3097 2132 3147 enim

235 3175 553 3244 pulcherrima
612 3178 758 3228 arhor
807 3186 968 3239 esset,
1030 3196 1123 3228 non
1176 3188 1336 3229 tamen
1388 3181 1446 3230 ad
1493 3181 1647 3231 cibum
1693 3182 1971 3232 constituta.
2063 3179 2132 3232 lta

233 3260 449 3327 quamvis
478 3259 636 3312 Maria
666 3262 740 3312 vel
774 3262 947 3329 optima
979 3262 1150 3325 fuerit,
1211 3280 1266 3312 ac
1290 3273 1487 3327 sancta,
1541 3274 1588 3314 et
1621 3266 1802 3316 honore
1831 3264 2130 3332 dignissima,

236 3361 333 3394 non
370 3344 551 3395 idcirco
592 3355 750 3396 tamen
789 3345 1068 3395 adoratione
1109 3348 1461 3413 prosequenda.

373 3425 698 3493 Quamobrem
729 3430 866 3480 huius
897 3438 1060 3480 sectae
1094 3430 1320 3480 mulieres
1352 3431 1462 3481 illud
1496 3433 1650 3482 denuo
1681 3432 1974 3482 offerendum
2010 3430 2130 3483 For·
2153 3447 2388 3502 Cap.V111.

233 3519 377 3561 tunae
403 3512 621 3578 poculum
649 3514 939 3577 instaurant,
981 3531 1035 3563 ac
1065 3514 1302 3576 daemoni,
1345 3532 1438 3564 non
1469 3516 1587 3577 deo,
1629 3533 1841 3566 mensam
1868 3517 2129 3581 instruunt,

233 3677 305 3721 καὶ
330 3675 361 3732 ἦ
391 3676 651 3734 πανύμνητος
674 3680 903 3734 παρθένος,
937 3679 994 3728 ὠς
1020 3677 1160 3732 μήτηρ
1218 3686 1289 3730 δες
1312 3682 1477 3735 κυρίου,
1509 3684 1644 3737 πολλῷ
1677 3686 1826 3737 μᾶλλον
1860 3683 1934 3739 τὴν
1959 3684 2029 3729 τὸν
2060 3683 2133 3729 κύ-

233 3734 332 3800 ὓςοῦ
358 3734 429 3776 καὶ
457 3731 532 3790 οὔχ
561 3733 619 3803 (5ης
649 3735 776 3805 πός-,ἶ
818 3737 873 3779 Εἰ
897 3735 974 3790 γὰρ
1002 3735 1060 3783 εἰς
1085 3735 1155 3802 τὸ)
1214 3753 1293 3792 ρων
1321 3738 1481 3782 πάντων
1510 3739 1811 3797 γε“ννήσασαν.β

232 3803 352 3833 τοπον
393 3804 690 3847 προςκυνουμεν
729 3807 774 3836 ου
811 3791 989 3847 ἔστησαν
1018 3792 1055 3834 οἱ
1081 3806 1154 3836 πο-
