<?xml version="1.0" encoding="UTF-8"?>
<!DOCTYPE html PUBLIC "-//W3C//DTD XHTML 1.0 Transitional//EN"
    "http://www.w3.org/TR/xhtml1/DTD/xhtml1-transitional.dtd">
<html xmlns="http://www.w3.org/1999/xhtml" xml:lang="en" lang="en">
 <head>
  <title>
</title>
<meta http-equiv="Content-Type" content="text/html;charset=utf-8" />
  <meta name='ocr-system' content='tesseract 3.04.00' />
  <meta name='ocr-capabilities' content='ocr_page ocr_carea ocr_par ocr_line ocrx_word'/>
</head>
<body>
  <div class='ocr_page' id='page_1' title='image "./pt3corporishaere02epipuoft/pt3corporishaere02epipuoft_0588.png"; bbox 0 0 2508 4134; ppageno 0'>
   <div class='ocr_carea' id='block_1_1' title="bbox 502 244 1729 313">
    <p class='ocr_par' dir='ltr' id='par_1_1' title="bbox 502 244 1729 313">
     <span class='ocr_line' id='line_1_1' title="bbox 502 244 1729 313; baseline -0.002 -16"><span class='ocrx_word' id='word_1_1' title='bbox 502 244 604 298; x_wconf 84' lang='lat'><strong><em>578</em></strong></span> <span class='ocrx_word' id='word_1_2' title='bbox 1208 253 1415 296; x_wconf 85' lang='lat' dir='ltr'><strong>SANGTI</strong></span> <span class='ocrx_word' id='word_1_3' title='bbox 1441 255 1729 313; x_wconf 63' lang='lat' dir='ltr'><strong>EPIPHANH</strong></span> 
     </span>
    </p>
   </div>
   <div class='ocr_carea' id='block_1_2' title="bbox 499 348 2439 509">
    <p class='ocr_par' dir='ltr' id='par_1_2' title="bbox 499 348 2439 509">
     <span class='ocr_line' id='line_1_2' title="bbox 502 348 2439 424; baseline 0.001 -19"><span class='ocrx_word' id='word_1_4' title='bbox 502 354 647 414; x_wconf 73' lang='grc' dir='ltr'><strong><em>ἔτους</em></strong></span> <span class='ocrx_word' id='word_1_5' title='bbox 684 351 779 404; x_wconf 86' lang='grc' dir='ltr'><strong><em>τινὶ</em></strong></span> <span class='ocrx_word' id='word_1_6' title='bbox 811 356 867 387; x_wconf 79' lang='lat'><strong><em>⁸9</em></strong></span> <span class='ocrx_word' id='word_1_7' title='bbox 889 349 1255 424; x_wconf 67' lang='grc' dir='ltr'><strong><em>ἀποτεταγμένη</em></strong></span> <span class='ocrx_word' id='word_1_8' title='bbox 1279 354 1566 420; x_wconf 76' lang='grc' dir='ltr'><strong><em>κολλυρίδας</em></strong></span> <span class='ocrx_word' id='word_1_9' title='bbox 1590 348 1730 413; x_wconf 79' lang='grc' dir='ltr'><strong><em>τινάς</em></strong></span> <span class='ocrx_word' id='word_1_10' title='bbox 1762 352 2133 422; x_wconf 69' lang='grc' dir='ltr'><strong><em>προςφέροντες.</em></strong></span> <span class='ocrx_word' id='word_1_11' title='bbox 2211 350 2304 416; x_wconf 78' lang='grc' dir='ltr'><strong><em>Ὸῖς</em></strong></span> <span class='ocrx_word' id='word_1_12' title='bbox 2330 355 2439 408; x_wconf 74' lang='grc' dir='ltr'><strong><em>’έπε-</em></strong></span> 
     </span>
     <span class='ocr_line' id='line_1_3' title="bbox 499 434 2438 509; baseline 0.001 -18"><span class='ocrx_word' id='word_1_13' title='bbox 499 439 699 505; x_wconf 84' lang='grc' dir='ltr'><strong><em>θέμεθα</em></strong></span> <span class='ocrx_word' id='word_1_14' title='bbox 738 434 895 503; x_wconf 74' lang='grc' dir='ltr'><strong><em>ὄνομα</em></strong></span> <span class='ocrx_word' id='word_1_15' title='bbox 922 441 981 509; x_wconf 80' lang='grc' dir='ltr'><strong><em>τῇ</em></strong></span> <span class='ocrx_word' id='word_1_16' title='bbox 1021 435 1193 506; x_wconf 82' lang='grc' dir='ltr'><em>πράξει</em></span> <span class='ocrx_word' id='word_1_17' title='bbox 1232 435 1399 490; x_wconf 78' lang='grc' dir='ltr'><strong><em>αὐτῶν</em></strong></span> <span class='ocrx_word' id='word_1_18' title='bbox 1436 435 1751 502; x_wconf 86' lang='grc' dir='ltr'><strong><em>ἀκόλουθον,</em></strong></span> <span class='ocrx_word' id='word_1_19' title='bbox 1806 437 2224 508; x_wconf 78' lang='grc' dir='ltr'><strong><em>Κολλυριδιανοῦς</em></strong></span> <span class='ocrx_word' id='word_1_20' title='bbox 2255 437 2438 502; x_wconf 72' lang='grc' dir='ltr'><strong><em>αὐτούς</em></strong></span> 
     </span>
    </p>
   </div>
   <div class='ocr_carea' id='block_1_3' title="bbox 502 521 847 591">
    <p class='ocr_par' dir='ltr' id='par_1_3' title="bbox 502 521 847 591">
     <span class='ocr_line' id='line_1_4' title="bbox 502 521 847 591; baseline -0.012 -14"><span class='ocrx_word' id='word_1_21' title='bbox 502 521 847 591; x_wconf 82' lang='grc' dir='ltr'><strong><em>ὀνομάσαντες.</em></strong></span> 
     </span>
    </p>
   </div>
   <div class='ocr_carea' id='block_1_4' title="bbox 494 605 2438 1705">
    <p class='ocr_par' dir='ltr' id='par_1_4' title="bbox 500 605 2437 848">
     <span class='ocr_line' id='line_1_5' title="bbox 643 605 2437 677; baseline 0.001 -17"><span class='ocrx_word' id='word_1_22' title='bbox 643 607 1014 671; x_wconf 90' lang='grc' dir='ltr'><strong><em>Μασσαλιανοὶ,</em></strong></span> <span class='ocrx_word' id='word_1_23' title='bbox 1052 605 1210 668; x_wconf 83' lang='grc' dir='ltr'><strong><em>οῦτως</em></strong></span> <span class='ocrx_word' id='word_1_24' title='bbox 1236 606 1617 677; x_wconf 81' lang='grc' dir='ltr'><strong><em>ἕρμηνευόμενοι</em></strong></span> <span class='ocrx_word' id='word_1_25' title='bbox 1645 611 1698 661; x_wconf 84' lang='grc' dir='ltr'><strong><em>οἷ</em></strong></span> <span class='ocrx_word' id='word_1_26' title='bbox 1719 606 2014 676; x_wconf 80' lang='grc' dir='ltr'><strong><em>Εὖχόμενοι.</em></strong></span> <span class='ocrx_word' id='word_1_27' title='bbox 2087 610 2437 664; x_wconf 85' lang='grc' dir='ltr'><strong><em>Συνάπτονται</em></strong></span> 
     </span>
     <span class='ocr_line' id='line_1_6' title="bbox 500 689 2434 766; baseline 0.002 -20"><span class='ocrx_word' id='word_1_28' title='bbox 500 694 555 747; x_wconf 81' lang='grc' dir='ltr'><strong><em>δὲ</em></strong></span> <span class='ocrx_word' id='word_1_29' title='bbox 576 692 771 754; x_wconf 79' lang='grc' dir='ltr'><strong><em>τούτοις</em></strong></span> <span class='ocrx_word' id='word_1_30' title='bbox 796 693 878 745; x_wconf 80' lang='grc' dir='ltr'><strong><em>καὶ</em></strong></span> <span class='ocrx_word' id='word_1_31' title='bbox 909 697 1009 744; x_wconf 90' lang='grc' dir='ltr'><strong><em>τῶν</em></strong></span> <span class='ocrx_word' id='word_1_32' title='bbox 1045 690 1148 745; x_wconf 76' lang='grc' dir='ltr'><strong><em>ἀπὸ</em></strong></span> <span class='ocrx_word' id='word_1_33' title='bbox 1185 689 1427 760; x_wconf 89' lang='grc' dir='ltr'><strong><em>Ἑλλήνων</em></strong></span> <span class='ocrx_word' id='word_1_34' title='bbox 1471 695 1916 761; x_wconf 86' lang='grc' dir='ltr'><strong><em>έπιτετηδευμένων</em></strong></span> <span class='ocrx_word' id='word_1_35' title='bbox 1951 693 2183 764; x_wconf 81' lang='grc' dir='ltr'><strong><em>αἱρέσεων</em></strong></span> <span class='ocrx_word' id='word_1_36' title='bbox 2223 697 2276 748; x_wconf 83' lang='grc' dir='ltr'><strong><em>οἱ</em></strong></span> <span class='ocrx_word' id='word_1_37' title='bbox 2299 694 2434 766; x_wconf 79' lang='grc' dir='ltr'><strong><em>λεγό-</em></strong></span> 
     </span>
     <span class='ocr_line' id='line_1_7' title="bbox 501 775 2003 848; baseline -0.003 -15"><span class='ocrx_word' id='word_1_38' title='bbox 501 799 641 847; x_wconf 84' lang='grc' dir='ltr'><strong><em>μενοι</em></strong></span> <span class='ocrx_word' id='word_1_39' title='bbox 677 775 999 846; x_wconf 79' lang='grc' dir='ltr'><strong><em>Εὕφημῖται,</em></strong></span> <span class='ocrx_word' id='word_1_40' title='bbox 1036 778 1121 830; x_wconf 86' lang='grc' dir='ltr'><strong><em>καὶ</em></strong></span> <span class='ocrx_word' id='word_1_41' title='bbox 1158 778 1534 848; x_wconf 82' lang='grc' dir='ltr'><strong><em>Μαρτυριανοὶ,</em></strong></span> <span class='ocrx_word' id='word_1_42' title='bbox 1573 779 1658 831; x_wconf 88' lang='grc' dir='ltr'><strong><em>καὶ</em></strong></span> <span class='ocrx_word' id='word_1_43' title='bbox 1693 781 2003 831; x_wconf 81' lang='grc' dir='ltr'><strong><em>Σατανιανοί,</em></strong></span> 
     </span>
    </p>

    <p class='ocr_par' dir='ltr' id='par_1_5' title="bbox 496 860 2438 1450">
     <span class='ocr_line' id='line_1_8' title="bbox 640 860 2438 932; baseline 0.002 -16"><span class='ocrx_word' id='word_1_44' title='bbox 640 862 785 931; x_wconf 81' lang='grc' dir='ltr'><strong><em>Αῦτη</em></strong></span> <span class='ocrx_word' id='word_1_45' title='bbox 821 864 905 917; x_wconf 86' lang='grc' dir='ltr'><strong><em>καὶ</em></strong></span> <span class='ocrx_word' id='word_1_46' title='bbox 935 861 968 932; x_wconf 82' lang='grc' dir='ltr'><em>ἦ</em></span> <span class='ocrx_word' id='word_1_47' title='bbox 992 869 1082 916; x_wconf 90' lang='grc' dir='ltr'><strong><em>τοῦ</em></strong></span> <span class='ocrx_word' id='word_1_48' title='bbox 1108 861 1325 931; x_wconf 79' lang='grc' dir='ltr'><strong><em>ἑβδόμου</em></strong></span> <span class='ocrx_word' id='word_1_49' title='bbox 1369 860 1525 931; x_wconf 88' lang='grc' dir='ltr'><strong><em>τόμον</em></strong></span> <span class='ocrx_word' id='word_1_50' title='bbox 1567 861 2015 930; x_wconf 84' lang='grc' dir='ltr'><strong><em>ἀνακεφαλαίωσις,</em></strong></span> <span class='ocrx_word' id='word_1_51' title='bbox 2065 865 2151 917; x_wconf 79' lang='grc' dir='ltr'><strong><em>καὶ</em></strong></span> <span class='ocrx_word' id='word_1_52' title='bbox 2180 865 2315 928; x_wconf 87' lang='grc' dir='ltr'><strong><em>τέλος</em></strong></span> <span class='ocrx_word' id='word_1_53' title='bbox 2335 871 2438 919; x_wconf 85' lang='grc' dir='ltr'><strong><em>τῶν</em></strong></span> 
     </span>
     <span class='ocr_line' id='line_1_9' title="bbox 497 945 2437 1024; baseline 0 -20"><span class='ocrx_word' id='word_1_54' title='bbox 497 956 646 1021; x_wconf 87' lang='grc' dir='ltr'><strong><em>τριῶν</em></strong></span> <span class='ocrx_word' id='word_1_55' title='bbox 689 952 906 1018; x_wconf 75' lang='grc' dir='ltr'><strong><em>βιβλίων.</em></strong></span> <span class='ocrx_word' id='word_1_56' title='bbox 976 945 1131 1017; x_wconf 84' lang='grc' dir='ltr'><strong><em>Ὁμοῦ</em></strong></span> <span class='ocrx_word' id='word_1_57' title='bbox 1171 949 1224 1001; x_wconf 80' lang='grc' dir='ltr'><strong><em>δὲ</em></strong></span> <span class='ocrx_word' id='word_1_58' title='bbox 1257 954 1412 1001; x_wconf 86' lang='grc' dir='ltr'><strong><em>πᾶσαι</em></strong></span> <span class='ocrx_word' id='word_1_59' title='bbox 1450 950 1505 1000; x_wconf 79' lang='grc' dir='ltr'><strong><em>αἱ</em></strong></span> <span class='ocrx_word' id='word_1_60' title='bbox 1541 950 1749 1019; x_wconf 82' lang='grc' dir='ltr'><strong><em>αἱρέσεις</em></strong></span> <span class='ocrx_word' id='word_1_61' title='bbox 1786 946 2108 1019; x_wconf 76' lang='grc' dir='ltr'><strong><em>ὁγδοήκοντα.</em></strong></span> <span class='ocrx_word' id='word_1_62' title='bbox 2178 947 2262 1003; x_wconf 87' lang='grc' dir='ltr'><strong><em>Ἐν</em></strong></span> <span class='ocrx_word' id='word_1_63' title='bbox 2301 951 2437 1024; x_wconf 78' lang='grc' dir='ltr'><strong><em>αὐτῷ</em></strong></span> 
     </span>
     <span class='ocr_line' id='line_1_10' title="bbox 498 1032 2435 1109; baseline 0.001 -20"><span class='ocrx_word' id='word_1_64' title='bbox 498 1036 552 1089; x_wconf 81' lang='grc' dir='ltr'><strong><em>δὲ</em></strong></span> <span class='ocrx_word' id='word_1_65' title='bbox 574 1042 644 1109; x_wconf 80' lang='grc' dir='ltr'><strong><em>τῷ</em></strong></span> <span class='ocrx_word' id='word_1_66' title='bbox 668 1037 789 1089; x_wconf 87' lang='grc' dir='ltr'><strong><em>τέλει</em></strong></span> <span class='ocrx_word' id='word_1_67' title='bbox 817 1041 906 1088; x_wconf 90' lang='grc' dir='ltr'><strong><em>τοῦ</em></strong></span> <span class='ocrx_word' id='word_1_68' title='bbox 930 1036 1096 1105; x_wconf 87' lang='grc' dir='ltr'><strong><em>τρίτου</em></strong></span> <span class='ocrx_word' id='word_1_69' title='bbox 1124 1036 1346 1102; x_wconf 81' lang='grc' dir='ltr'><strong><em>βιβλίου,</em></strong></span> <span class='ocrx_word' id='word_1_70' title='bbox 1400 1032 1598 1107; x_wconf 75' lang='grc' dir='ltr'><strong><em>ἑβδόμῳ</em></strong></span> <span class='ocrx_word' id='word_1_71' title='bbox 1628 1035 1682 1087; x_wconf 81' lang='grc' dir='ltr'><strong><em>δὲ</em></strong></span> <span class='ocrx_word' id='word_1_72' title='bbox 1707 1033 1870 1108; x_wconf 91' lang='grc' dir='ltr'><strong><em>τόμῳ,</em></strong></span> <span class='ocrx_word' id='word_1_73' title='bbox 1909 1037 1962 1088; x_wconf 81' lang='grc' dir='ltr'><strong><em>ἐν</em></strong></span> <span class='ocrx_word' id='word_1_74' title='bbox 1997 1033 2184 1108; x_wconf 75' lang='grc' dir='ltr'><strong><em>ὑστέρῳ</em></strong></span> <span class='ocrx_word' id='word_1_75' title='bbox 2213 1033 2249 1103; x_wconf 76' lang='grc' dir='ltr'><em>ἦ</em></span> <span class='ocrx_word' id='word_1_76' title='bbox 2274 1038 2435 1098; x_wconf 80' lang='grc' dir='ltr'><strong><em>πίστις</em></strong></span> 
     </span>
     <span class='ocr_line' id='line_1_11' title="bbox 497 1116 2437 1192; baseline 0 -18"><span class='ocrx_word' id='word_1_77' title='bbox 497 1127 585 1189; x_wconf 81' lang='grc' dir='ltr'><strong><em>τῆς</em></strong></span> <span class='ocrx_word' id='word_1_78' title='bbox 611 1127 886 1188; x_wconf 84' lang='grc' dir='ltr'><strong><em>καθολικῆς</em></strong></span> <span class='ocrx_word' id='word_1_79' title='bbox 917 1122 1196 1187; x_wconf 77' lang='grc' dir='ltr'><strong><em>ἐκκλησίας,</em></strong></span> <span class='ocrx_word' id='word_1_80' title='bbox 1235 1120 1321 1171; x_wconf 86' lang='grc' dir='ltr'><strong><em>καὶ</em></strong></span> <span class='ocrx_word' id='word_1_81' title='bbox 1348 1116 1743 1189; x_wconf 66' lang='grc' dir='ltr'><strong><em>ἀπολογία’ὖπὲρ</em></strong></span> <span class='ocrx_word' id='word_1_82' title='bbox 1774 1119 2040 1188; x_wconf 85' lang='grc' dir='ltr'><strong><em>ἀληθείας,</em></strong></span> <span class='ocrx_word' id='word_1_83' title='bbox 2091 1122 2178 1174; x_wconf 85' lang='grc' dir='ltr'><strong><em>καὶ</em></strong></span> <span class='ocrx_word' id='word_1_84' title='bbox 2205 1119 2437 1192; x_wconf 85' lang='grc' dir='ltr'><strong><em>κήρυγμα</em></strong></span> 
     </span>
     <span class='ocr_line' id='line_1_12' title="bbox 496 1203 2438 1278; baseline -0.001 -17"><span class='ocrx_word' id='word_1_85' title='bbox 496 1213 586 1261; x_wconf 91' lang='grc' dir='ltr'><strong><em>τοῦ</em></strong></span> <span class='ocrx_word' id='word_1_86' title='bbox 630 1207 911 1278; x_wconf 78' lang='grc' dir='ltr'><strong><em>εὐαγγελίου</em></strong></span> <span class='ocrx_word' id='word_1_87' title='bbox 943 1211 1191 1276; x_wconf 82' lang='grc' dir='ltr'><strong><em>Χριστοῦ,</em></strong></span> <span class='ocrx_word' id='word_1_88' title='bbox 1241 1206 1324 1258; x_wconf 81' lang='grc' dir='ltr'><strong><em>καὶ</em></strong></span> <span class='ocrx_word' id='word_1_89' title='bbox 1364 1203 1614 1275; x_wconf 78' lang='grc' dir='ltr'><strong><em>χαρακτήρ</em></strong></span> <span class='ocrx_word' id='word_1_90' title='bbox 1646 1211 1736 1274; x_wconf 82' lang='grc' dir='ltr'><strong><em>τῆς</em></strong></span> <span class='ocrx_word' id='word_1_91' title='bbox 1763 1212 2040 1275; x_wconf 83' lang='grc' dir='ltr'><strong><em>καθολικῆς</em></strong></span> <span class='ocrx_word' id='word_1_92' title='bbox 2068 1207 2324 1274; x_wconf 78' lang='grc' dir='ltr'><strong><em>ἐκκλησίας</em></strong></span> <span class='ocrx_word' id='word_1_93' title='bbox 2349 1213 2438 1274; x_wconf 77' lang='grc' dir='ltr'><strong><em>τῆς</em></strong></span> 
     </span>
     <span class='ocr_line' id='line_1_13' title="bbox 497 1288 2435 1367; baseline 0 -21"><span class='ocrx_word' id='word_1_94' title='bbox 497 1290 582 1346; x_wconf 86' lang='grc' dir='ltr'><strong><em>ἀπ’</em></strong></span> <span class='ocrx_word' id='word_1_95' title='bbox 608 1295 788 1354; x_wconf 81' lang='grc' dir='ltr'><strong><em>αἰῶνος</em></strong></span> <span class='ocrx_word' id='word_1_96' title='bbox 816 1290 997 1359; x_wconf 82' lang='grc' dir='ltr'><strong><em>οῦσης,</em></strong></span> <span class='ocrx_word' id='word_1_97' title='bbox 1046 1289 1173 1343; x_wconf 71' lang='grc' dir='ltr'><strong><em>κατά</em></strong></span> <span class='ocrx_word' id='word_1_98' title='bbox 1207 1290 1261 1343; x_wconf 81' lang='grc' dir='ltr'><strong><em>δὲ</em></strong></span> <span class='ocrx_word' id='word_1_99' title='bbox 1292 1288 1529 1358; x_wconf 79' lang='grc' dir='ltr'><strong><em>διαδοχὴν</em></strong></span> <span class='ocrx_word' id='word_1_100' title='bbox 1567 1289 1757 1361; x_wconf 84' lang='grc' dir='ltr'><strong><em>χρόνων</em></strong></span> <span class='ocrx_word' id='word_1_101' title='bbox 1792 1291 2116 1364; x_wconf 76' lang='grc' dir='ltr'><strong><em>φανερώτατα</em></strong></span> <span class='ocrx_word' id='word_1_102' title='bbox 2144 1294 2197 1346; x_wconf 81' lang='grc' dir='ltr'><strong><em>έν</em></strong></span> <span class='ocrx_word' id='word_1_103' title='bbox 2221 1298 2280 1367; x_wconf 79' lang='grc' dir='ltr'><strong><em>τῇ</em></strong></span> <span class='ocrx_word' id='word_1_104' title='bbox 2314 1295 2435 1365; x_wconf 84' lang='grc' dir='ltr'><strong><em>Χρι-</em></strong></span> 
     </span>
     <span class='ocr_line' id='line_1_14' title="bbox 496 1373 1651 1450; baseline -0.003 -18"><span class='ocrx_word' id='word_1_105' title='bbox 496 1384 612 1432; x_wconf 92' lang='grc' dir='ltr'><strong><em>στοῦ</em></strong></span> <span class='ocrx_word' id='word_1_106' title='bbox 651 1376 872 1450; x_wconf 84' lang='grc' dir='ltr'><strong><em>ένσάρκῳ</em></strong></span> <span class='ocrx_word' id='word_1_107' title='bbox 910 1380 1159 1447; x_wconf 76' lang='grc' dir='ltr'><strong><em>παρουσίᾳ</em></strong></span> <span class='ocrx_word' id='word_1_108' title='bbox 1197 1373 1651 1444; x_wconf 80' lang='grc' dir='ltr'><strong><em>ἀποκαλυφθείσης.</em></strong></span> 
     </span>
    </p>

    <p class='ocr_par' dir='ltr' id='par_1_6' title="bbox 494 1459 2434 1705">
     <span class='ocr_line' id='line_1_15' title="bbox 641 1459 2434 1534; baseline 0.001 -18"><span class='ocrx_word' id='word_1_109' title='bbox 641 1466 741 1516; x_wconf 90' lang='grc' dir='ltr'><strong><em>Καὶ</em></strong></span> <span class='ocrx_word' id='word_1_110' title='bbox 771 1462 904 1516; x_wconf 90' lang='grc' dir='ltr'><strong><em>πόσα</em></strong></span> <span class='ocrx_word' id='word_1_111' title='bbox 928 1460 1190 1529; x_wconf 91' lang='grc' dir='ltr'><strong><em>δυνήσεται</em></strong></span> <span class='ocrx_word' id='word_1_112' title='bbox 1214 1459 1243 1515; x_wconf 83' lang='grc' dir='ltr'>ὁ</span> <span class='ocrx_word' id='word_1_113' title='bbox 1269 1468 1390 1524; x_wconf 86' lang='grc' dir='ltr'><strong><em>νοῦς</em></strong></span> <span class='ocrx_word' id='word_1_114' title='bbox 1413 1467 1512 1515; x_wconf 90' lang='grc' dir='ltr'><strong><em>τῶν</em></strong></span> <span class='ocrx_word' id='word_1_115' title='bbox 1542 1460 1830 1532; x_wconf 78' lang='grc' dir='ltr'><strong><em>ἀνθρώπων</em></strong></span> <span class='ocrx_word' id='word_1_116' title='bbox 1847 1464 2103 1534; x_wconf 79' lang='grc' dir='ltr'><strong><em>συλλέγειν,</em></strong></span> <span class='ocrx_word' id='word_1_117' title='bbox 2139 1470 2239 1517; x_wconf 88' lang='grc' dir='ltr'><strong><em>τῶν</em></strong></span> <span class='ocrx_word' id='word_1_118' title='bbox 2261 1462 2434 1518; x_wconf 76' lang='grc' dir='ltr'><strong><em>τοσού-</em></strong></span> 
     </span>
     <span class='ocr_line' id='line_1_16' title="bbox 495 1546 2434 1618; baseline -0.001 -14"><span class='ocrx_word' id='word_1_119' title='bbox 495 1572 596 1604; x_wconf 87' lang='grc' dir='ltr'><strong><em>των</em></strong></span> <span class='ocrx_word' id='word_1_120' title='bbox 622 1551 708 1604; x_wconf 90' lang='grc' dir='ltr'><strong><em>καὶ</em></strong></span> <span class='ocrx_word' id='word_1_121' title='bbox 749 1546 970 1618; x_wconf 79' lang='grc' dir='ltr'><strong><em>μεγάλων</em></strong></span> <span class='ocrx_word' id='word_1_122' title='bbox 1006 1547 1410 1615; x_wconf 82' lang='grc' dir='ltr'><strong><em>ὀνομαζομένων,</em></strong></span> <span class='ocrx_word' id='word_1_123' title='bbox 1459 1549 1545 1601; x_wconf 88' lang='grc' dir='ltr'><strong><em>καὶ</em></strong></span> <span class='ocrx_word' id='word_1_124' title='bbox 1576 1549 1629 1601; x_wconf 82' lang='grc' dir='ltr'><strong><em>ἐν</em></strong></span> <span class='ocrx_word' id='word_1_125' title='bbox 1652 1555 1762 1610; x_wconf 86' lang='grc' dir='ltr'><strong><em>ταῖς</em></strong></span> <span class='ocrx_word' id='word_1_126' title='bbox 1786 1550 2166 1616; x_wconf 74' lang='grc' dir='ltr'><strong><em>ἐπαινουμέναις</em></strong></span> <span class='ocrx_word' id='word_1_127' title='bbox 2195 1548 2306 1603; x_wconf 80' lang='grc' dir='ltr'><strong><em>ὅσαι</em></strong></span> <span class='ocrx_word' id='word_1_128' title='bbox 2340 1551 2434 1603; x_wconf 71' lang='grc' dir='ltr'><strong><em>εἰσὶ</em></strong></span> 
     </span>
     <span class='ocr_line' id='line_1_17' title="bbox 494 1626 2432 1705; baseline 0.001 -18"><span class='ocrx_word' id='word_1_129' title='bbox 494 1636 732 1704; x_wconf 87' lang='grc' dir='ltr'><strong><em>διαφοραὶ</em></strong></span> <span class='ocrx_word' id='word_1_130' title='bbox 762 1637 1029 1698; x_wconf 84' lang='grc' dir='ltr'><strong><em>νεανίδων,</em></strong></span> <span class='ocrx_word' id='word_1_131' title='bbox 1084 1626 1156 1686; x_wconf 81' lang='grc' dir='ltr'><strong><em>ῶν</em></strong></span> <span class='ocrx_word' id='word_1_132' title='bbox 1186 1632 1280 1686; x_wconf 81' lang='grc' dir='ltr'><strong><em>οὐκ</em></strong></span> <span class='ocrx_word' id='word_1_133' title='bbox 1317 1635 1447 1686; x_wconf 72' lang='grc' dir='ltr'><strong><em>ἔστιν</em></strong></span> <span class='ocrx_word' id='word_1_134' title='bbox 1477 1630 1723 1704; x_wconf 72' lang='grc' dir='ltr'><strong><em>ἀριθμός,</em></strong></span> <span class='ocrx_word' id='word_1_135' title='bbox 1806 1640 1915 1687; x_wconf 90' lang='grc' dir='ltr'><strong><em>Τῶν</em></strong></span> <span class='ocrx_word' id='word_1_136' title='bbox 1944 1634 2033 1702; x_wconf 81' lang='grc' dir='ltr'><strong><em>μὲν</em></strong></span> <span class='ocrx_word' id='word_1_137' title='bbox 2059 1632 2186 1705; x_wconf 75' lang='grc' dir='ltr'><strong><em>πρὸς</em></strong></span> <span class='ocrx_word' id='word_1_138' title='bbox 2210 1636 2432 1701; x_wconf 75' lang='grc' dir='ltr'><strong><em>ἔπαινον,</em></strong></span> 
     </span>
    </p>
   </div>
   <div class='ocr_carea' id='block_1_5' title="bbox 1369 1725 1392 1736">
    <p class='ocr_par' dir='ltr' id='par_1_7' title="bbox 1369 1725 1392 1736">
     <span class='ocr_line' id='line_1_18' title="bbox 1369 1725 1392 1736; baseline 0 0"><span class='ocrx_word' id='word_1_139' title='bbox 1369 1725 1392 1736; x_wconf 55' lang='lat' dir='ltr'><strong><em>Q</em></strong></span> 
     </span>
    </p>
   </div>
   <div class='ocr_carea' id='block_1_6' title="bbox 492 1717 2434 2305">
    <p class='ocr_par' dir='ltr' id='par_1_8' title="bbox 492 1717 2434 2305">
     <span class='ocr_line' id='line_1_19' title="bbox 494 1717 2432 1791; baseline 0.001 -17"><span class='ocrx_word' id='word_1_140' title='bbox 494 1719 650 1774; x_wconf 72' lang='grc' dir='ltr'><strong><em>ἀλλων</em></strong></span> <span class='ocrx_word' id='word_1_141' title='bbox 679 1720 732 1773; x_wconf 83' lang='grc' dir='ltr'><strong><em>δὲ</em></strong></span> <span class='ocrx_word' id='word_1_142' title='bbox 772 1717 838 1788; x_wconf 80' lang='grc' dir='ltr'><strong><em>μὴ</em></strong></span> <span class='ocrx_word' id='word_1_143' title='bbox 877 1719 1270 1786; x_wconf 78' lang='grc' dir='ltr'><strong><em>ἐπαινουμένων,</em></strong></span> <span class='ocrx_word' id='word_1_144' title='bbox 1322 1741 1421 1772; x_wconf 88' lang='grc' dir='ltr'><strong><em>των</em></strong></span> <span class='ocrx_word' id='word_1_145' title='bbox 1453 1720 1617 1787; x_wconf 76' lang='grc' dir='ltr'><strong><em>9ομὲν</em></strong></span> <span class='ocrx_word' id='word_1_146' title='bbox 1644 1717 1729 1772; x_wconf 85' lang='grc' dir='ltr'><strong><em>ἀπ’</em></strong></span> <span class='ocrx_word' id='word_1_147' title='bbox 1759 1722 1890 1773; x_wconf 86' lang='grc' dir='ltr'><strong><em>ἰδίου</em></strong></span> <span class='ocrx_word' id='word_1_148' title='bbox 1915 1718 2032 1782; x_wconf 79' lang='grc' dir='ltr'><strong><em>νοός</em></strong></span> <span class='ocrx_word' id='word_1_149' title='bbox 2058 1718 2118 1772; x_wconf 65' lang='lat' dir='ltr'><strong><em>vc}</em></strong></span> <span class='ocrx_word' id='word_1_150' title='bbox 2149 1719 2278 1791; x_wconf 74' lang='grc' dir='ltr'><strong><em>πρός</em></strong></span> <span class='ocrx_word' id='word_1_151' title='bbox 2295 1727 2432 1775; x_wconf 86' lang='grc' dir='ltr'><strong><em>πολι-</em></strong></span> 
     </span>
     <span class='ocr_line' id='line_1_20' title="bbox 492 1802 2432 1877; baseline 0 -17"><span class='ocrx_word' id='word_1_152' title='bbox 492 1810 625 1860; x_wconf 90' lang='grc' dir='ltr'><strong><em>τείαν</em></strong></span> <span class='ocrx_word' id='word_1_153' title='bbox 646 1807 731 1859; x_wconf 84' lang='grc' dir='ltr'><strong><em>καὶ</em></strong></span> <span class='ocrx_word' id='word_1_154' title='bbox 754 1803 961 1874; x_wconf 68' lang='grc' dir='ltr'><strong><em>ἄσκησιν</em></strong></span> <span class='ocrx_word' id='word_1_155' title='bbox 985 1806 1070 1858; x_wconf 86' lang='grc' dir='ltr'><strong><em>καὶ</em></strong></span> <span class='ocrx_word' id='word_1_156' title='bbox 1091 1802 1283 1871; x_wconf 78' lang='grc' dir='ltr'><strong><em>θεσμόν</em></strong></span> <span class='ocrx_word' id='word_1_157' title='bbox 1303 1806 1495 1867; x_wconf 74' lang='grc' dir='ltr'><strong><em>ἑαυτοῖς</em></strong></span> <span class='ocrx_word' id='word_1_158' title='bbox 1517 1805 1860 1876; x_wconf 87' lang='grc' dir='ltr'><strong><em>συλλεγόντων,</em></strong></span> <span class='ocrx_word' id='word_1_159' title='bbox 1890 1807 1943 1859; x_wconf 82' lang='grc' dir='ltr'><strong><em>έν</em></strong></span> <span class='ocrx_word' id='word_1_160' title='bbox 1965 1804 2145 1874; x_wconf 85' lang='grc' dir='ltr'><strong><em>κόμαις</em></strong></span> <span class='ocrx_word' id='word_1_161' title='bbox 2168 1827 2219 1860; x_wconf 87' lang='grc' dir='ltr'><strong><em>τε</em></strong></span> <span class='ocrx_word' id='word_1_162' title='bbox 2245 1812 2268 1844; x_wconf 81' lang='lat'><strong>⁹</strong></span> <span class='ocrx_word' id='word_1_163' title='bbox 2285 1813 2432 1877; x_wconf 77' lang='grc' dir='ltr'><strong><em>1προ-</em></strong></span> 
     </span>
     <span class='ocr_line' id='line_1_21' title="bbox 493 1888 2434 1963; baseline -0.001 -17"><span class='ocrx_word' id='word_1_164' title='bbox 493 1891 659 1954; x_wconf 89' lang='grc' dir='ltr'><strong><em>όπτως</em></strong></span> <span class='ocrx_word' id='word_1_165' title='bbox 684 1891 1085 1962; x_wconf 87' lang='grc' dir='ltr'><strong><em>προερχομένων,</em></strong></span> <span class='ocrx_word' id='word_1_166' title='bbox 1142 1888 1373 1944; x_wconf 68' lang='grc' dir='ltr'><strong><em>92ἄλλων</em></strong></span> <span class='ocrx_word' id='word_1_167' title='bbox 1399 1912 1449 1943; x_wconf 86' lang='grc' dir='ltr'><strong><em>τε</em></strong></span> <span class='ocrx_word' id='word_1_168' title='bbox 1478 1891 1562 1944; x_wconf 81' lang='grc' dir='ltr'><strong><em>καὶ</em></strong></span> <span class='ocrx_word' id='word_1_169' title='bbox 1591 1892 1642 1944; x_wconf 80' lang='grc' dir='ltr'><strong><em>έν</em></strong></span> <span class='ocrx_word' id='word_1_170' title='bbox 1677 1889 1844 1963; x_wconf 86' lang='grc' dir='ltr'><strong><em>σάκκῳ</em></strong></span> <span class='ocrx_word' id='word_1_171' title='bbox 1873 1899 2148 1959; x_wconf 87' lang='grc' dir='ltr'><strong><em>προφανεῖ,</em></strong></span> <span class='ocrx_word' id='word_1_172' title='bbox 2201 1889 2359 1946; x_wconf 64' lang='grc' dir='ltr'><strong><em>ἄλλων</em></strong></span> <span class='ocrx_word' id='word_1_173' title='bbox 2382 1900 2434 1945; x_wconf 86' lang='grc' dir='ltr'><strong><em>τε</em></strong></span> 
     </span>
     <span class='ocr_line' id='line_1_22' title="bbox 494 1975 2431 2049; baseline 0 -18"><span class='ocrx_word' id='word_1_174' title='bbox 494 1977 726 2044; x_wconf 80' lang='grc' dir='ltr'><strong><em>ἀδελφῶν</em></strong></span> <span class='ocrx_word' id='word_1_175' title='bbox 751 1979 802 2030; x_wconf 77' lang='grc' dir='ltr'><strong><em>ἐν</em></strong></span> <span class='ocrx_word' id='word_1_176' title='bbox 834 1975 1002 2049; x_wconf 88' lang='grc' dir='ltr'><strong><em>σάκκῳ</em></strong></span> <span class='ocrx_word' id='word_1_177' title='bbox 1027 1977 1113 2029; x_wconf 90' lang='grc' dir='ltr'><strong><em>καὶ</em></strong></span> <span class='ocrx_word' id='word_1_178' title='bbox 1138 1979 1311 2049; x_wconf 78' lang='grc' dir='ltr'><strong><em>σποδῷ</em></strong></span> <span class='ocrx_word' id='word_1_179' title='bbox 1343 1982 1401 2012; x_wconf 77' lang='lat'><strong><em>9³</em></strong></span> <span class='ocrx_word' id='word_1_180' title='bbox 1420 1979 1549 2029; x_wconf 80' lang='grc' dir='ltr'><strong><em>οἴκοι</em></strong></span> <span class='ocrx_word' id='word_1_181' title='bbox 1577 1978 1941 2045; x_wconf 84' lang='grc' dir='ltr'><strong><em>καθεζομένων,</em></strong></span> <span class='ocrx_word' id='word_1_182' title='bbox 1980 1978 2061 2029; x_wconf 79' lang='grc' dir='ltr'><strong><em>καὶ</em></strong></span> <span class='ocrx_word' id='word_1_183' title='bbox 2095 1979 2164 2030; x_wconf 77' lang='grc' dir='ltr'><strong><em>ἔτι</em></strong></span> <span class='ocrx_word' id='word_1_184' title='bbox 2193 1975 2349 2030; x_wconf 67' lang='grc' dir='ltr'><strong><em>ἄλλων</em></strong></span> <span class='ocrx_word' id='word_1_185' title='bbox 2378 1979 2431 2031; x_wconf 78' lang='grc' dir='ltr'><strong><em>ἐν</em></strong></span> 
     </span>
     <span class='ocr_line' id='line_1_23' title="bbox 494 2059 2430 2135; baseline 0 -18"><span class='ocrx_word' id='word_1_186' title='bbox 494 2066 759 2125; x_wconf 86' lang='grc' dir='ltr'><strong><em>πολιτείαις</em></strong></span> <span class='ocrx_word' id='word_1_187' title='bbox 801 2063 887 2116; x_wconf 86' lang='grc' dir='ltr'><strong><em>καὶ</em></strong></span> <span class='ocrx_word' id='word_1_188' title='bbox 929 2065 1173 2130; x_wconf 87' lang='grc' dir='ltr'><strong><em>νηστείαις</em></strong></span> <span class='ocrx_word' id='word_1_189' title='bbox 1214 2059 1636 2132; x_wconf 74' lang='grc' dir='ltr'><strong><em>ὑπερβαλλούσαις</em></strong></span> <span class='ocrx_word' id='word_1_190' title='bbox 1677 2061 1952 2135; x_wconf 77' lang='grc' dir='ltr'><strong><em>94καμάτῳ</em></strong></span> <span class='ocrx_word' id='word_1_191' title='bbox 1985 2067 2043 2100; x_wconf 81' lang='lat'><strong><em>⁹⁶</em></strong></span> <span class='ocrx_word' id='word_1_192' title='bbox 2062 2064 2430 2132; x_wconf 82' lang='grc' dir='ltr'><strong><em>προςτεθέντων</em></strong></span> 
     </span>
     <span class='ocr_line' id='line_1_24' title="bbox 492 2145 2428 2220; baseline -0.001 -17"><span class='ocrx_word' id='word_1_193' title='bbox 492 2152 546 2203; x_wconf 83' lang='grc' dir='ltr'><strong><em>έν</em></strong></span> <span class='ocrx_word' id='word_1_194' title='bbox 572 2147 846 2216; x_wconf 88' lang='grc' dir='ltr'><strong><em>νεανιότητι</em></strong></span> <span class='ocrx_word' id='word_1_195' title='bbox 891 2154 914 2185; x_wconf 79' lang='lat'><strong>9</strong></span> <span class='ocrx_word' id='word_1_196' title='bbox 930 2145 1055 2215; x_wconf 71' lang='grc' dir='ltr'><strong><em>6τήν</em></strong></span> <span class='ocrx_word' id='word_1_197' title='bbox 1088 2145 1215 2218; x_wconf 79' lang='grc' dir='ltr'><strong><em>πρός</em></strong></span> <span class='ocrx_word' id='word_1_198' title='bbox 1239 2146 1326 2200; x_wconf 79' lang='grc' dir='ltr'><strong><em>τόν</em></strong></span> <span class='ocrx_word' id='word_1_199' title='bbox 1355 2150 1573 2215; x_wconf 85' lang='grc' dir='ltr'><strong><em>νυμφίον</em></strong></span> <span class='ocrx_word' id='word_1_200' title='bbox 1599 2151 1782 2201; x_wconf 88' lang='grc' dir='ltr'><strong><em>τελείαν</em></strong></span> <span class='ocrx_word' id='word_1_201' title='bbox 1806 2151 2105 2216; x_wconf 88' lang='grc' dir='ltr'><strong><em>συνείδησιν,</em></strong></span> <span class='ocrx_word' id='word_1_202' title='bbox 2157 2150 2335 2220; x_wconf 80' lang='grc' dir='ltr'><strong><em>ἑτέρων</em></strong></span> <span class='ocrx_word' id='word_1_203' title='bbox 2358 2149 2428 2215; x_wconf 76' lang='grc' dir='ltr'><strong><em>δὲ,</em></strong></span> 
     </span>
     <span class='ocr_line' id='line_1_25' title="bbox 495 2230 2432 2305; baseline 0 -17"><span class='ocrx_word' id='word_1_204' title='bbox 495 2232 564 2297; x_wconf 80' lang='grc' dir='ltr'><strong><em>ῶς</em></strong></span> <span class='ocrx_word' id='word_1_205' title='bbox 592 2242 862 2305; x_wconf 86' lang='grc' dir='ltr'><strong><em>προεῖπον,</em></strong></span> <span class='ocrx_word' id='word_1_206' title='bbox 902 2232 996 2286; x_wconf 83' lang='grc' dir='ltr'><strong><em>οὐκ</em></strong></span> <span class='ocrx_word' id='word_1_207' title='bbox 1026 2230 1224 2303; x_wconf 83' lang='grc' dir='ltr'><strong><em>ὀρθῶς,</em></strong></span> <span class='ocrx_word' id='word_1_208' title='bbox 1263 2230 1381 2285; x_wconf 77' lang='grc' dir='ltr'><strong><em>ἀλλά</em></strong></span> <span class='ocrx_word' id='word_1_209' title='bbox 1409 2232 1534 2285; x_wconf 89' lang='grc' dir='ltr'><strong><em>κατά</em></strong></span> <span class='ocrx_word' id='word_1_210' title='bbox 1563 2254 1672 2285; x_wconf 91' lang='grc' dir='ltr'><strong><em>τινα</em></strong></span> <span class='ocrx_word' id='word_1_211' title='bbox 1696 2231 1950 2303; x_wconf 87' lang='grc' dir='ltr'><strong><em>πρόληψιν</em></strong></span> <span class='ocrx_word' id='word_1_212' title='bbox 1981 2233 2099 2297; x_wconf 84' lang='grc' dir='ltr'><strong><em>νοὸς</em></strong></span> <span class='ocrx_word' id='word_1_213' title='bbox 2126 2240 2432 2305; x_wconf 86' lang='grc' dir='ltr'><strong><em>τυραννικῶς</em></strong></span> 
     </span>
    </p>
   </div>
   <div class='ocr_carea' id='block_1_7' title="bbox 491 2318 1478 2391">
    <p class='ocr_par' dir='ltr' id='par_1_9' title="bbox 491 2318 1478 2391">
     <span class='ocr_line' id='line_1_26' title="bbox 491 2318 1478 2391; baseline -0.004 -18"><span class='ocrx_word' id='word_1_214' title='bbox 491 2318 629 2391; x_wconf 69' lang='grc' dir='ltr'><strong><em>παρὰ</em></strong></span> <span class='ocrx_word' id='word_1_215' title='bbox 667 2319 756 2387; x_wconf 82' lang='grc' dir='ltr'><strong><em>τὴν</em></strong></span> <span class='ocrx_word' id='word_1_216' title='bbox 796 2319 1036 2387; x_wconf 82' lang='grc' dir='ltr'><strong><em>ἀλήθειαν</em></strong></span> <span class='ocrx_word' id='word_1_217' title='bbox 1080 2319 1478 2385; x_wconf 90' lang='grc' dir='ltr'><strong><em>νεανιευομένων.</em></strong></span> 
     </span>
    </p>
   </div>
   <div class='ocr_carea' id='block_1_8' title="bbox 1550 2314 2432 2392">
    <p class='ocr_par' dir='ltr' id='par_1_10' title="bbox 1550 2314 2432 2392">
     <span class='ocr_line' id='line_1_27' title="bbox 1550 2314 2432 2392; baseline 0.006 -23"><span class='ocrx_word' id='word_1_218' title='bbox 1550 2314 1638 2379; x_wconf 81' lang='grc' dir='ltr'><strong><em>Ὡς</em></strong></span> <span class='ocrx_word' id='word_1_219' title='bbox 1680 2324 1925 2387; x_wconf 90' lang='grc' dir='ltr'><strong><em>Ζακχαῖος</em></strong></span> <span class='ocrx_word' id='word_1_220' title='bbox 1956 2320 2045 2387; x_wconf 84' lang='grc' dir='ltr'><strong><em>μὲν</em></strong></span> <span class='ocrx_word' id='word_1_221' title='bbox 2079 2318 2177 2390; x_wconf 75' lang='grc' dir='ltr'><strong><em>πρὸ</em></strong></span> <span class='ocrx_word' id='word_1_222' title='bbox 2211 2321 2432 2392; x_wconf 80' lang='grc' dir='ltr'><strong><em>βραχέως</em></strong></span> 
     </span>
    </p>
   </div>
   <div class='ocr_carea' id='block_1_9' title="bbox 281 2400 2430 3160">
    <p class='ocr_par' dir='ltr' id='par_1_11' title="bbox 281 2400 2430 3160">
     <span class='ocr_line' id='line_1_28' title="bbox 491 2400 2430 2507; baseline 0 -49"><span class='ocrx_word' id='word_1_223' title='bbox 491 2404 775 2472; x_wconf 86' lang='grc' dir='ltr'><strong><em>τελευτήσας</em></strong></span> <span class='ocrx_word' id='word_1_224' title='bbox 801 2407 853 2458; x_wconf 83' lang='grc' dir='ltr'><strong><em>έν</em></strong></span> <span class='ocrx_word' id='word_1_225' title='bbox 877 2410 938 2478; x_wconf 84' lang='grc' dir='ltr'><strong><em>τῇ</em></strong></span> <span class='ocrx_word' id='word_1_226' title='bbox 965 2404 1136 2476; x_wconf 83' lang='grc' dir='ltr'><strong><em>ὀρεινῇ</em></strong></span> <span class='ocrx_word' id='word_1_227' title='bbox 1157 2409 1218 2477; x_wconf 78' lang='grc' dir='ltr'><strong><em>τῇ</em></strong></span> <span class='ocrx_word' id='word_1_228' title='bbox 1245 2404 1357 2473; x_wconf 86' lang='grc' dir='ltr'><strong><em>περὶ</em></strong></span> <span class='ocrx_word' id='word_1_229' title='bbox 1382 2400 1442 2455; x_wconf 75' lang='grc' dir='ltr'><strong><em>τά</em></strong></span> <span class='ocrx_word' id='word_1_230' title='bbox 1467 2400 1793 2507; x_wconf 67' lang='grc' dir='ltr'><strong><em>Ἱεροσόλυμα,</em></strong></span> <span class='ocrx_word' id='word_1_231' title='bbox 1829 2404 1886 2467; x_wconf 75' lang='grc' dir='ltr'><strong><em>ὃς</em></strong></span> <span class='ocrx_word' id='word_1_232' title='bbox 1911 2405 2080 2459; x_wconf 82' lang='grc' dir='ltr'><strong><em>οὐδενὶ</em></strong></span> <span class='ocrx_word' id='word_1_233' title='bbox 2107 2404 2230 2468; x_wconf 77' lang='grc' dir='ltr'><strong><em>ὅλως</em></strong></span> <span class='ocrx_word' id='word_1_234' title='bbox 2258 2423 2430 2459; x_wconf 89' lang='grc' dir='ltr'><strong><em>συνευ-</em></strong></span> 
     </span>
     <span class='ocr_line' id='line_1_29' title="bbox 491 2486 2430 2561; baseline 0.001 -18"><span class='ocrx_word' id='word_1_235' title='bbox 491 2490 702 2559; x_wconf 88' lang='grc' dir='ltr'><strong><em>χόμενος</em></strong></span> <span class='ocrx_word' id='word_1_236' title='bbox 724 2491 995 2543; x_wconf 86' lang='grc' dir='ltr'><strong><em>διετέλεσεν.</em></strong></span> <span class='ocrx_word' id='word_1_237' title='bbox 1057 2487 1196 2541; x_wconf 89' lang='grc' dir='ltr'><strong><em>Ἀλλα</em></strong></span> <span class='ocrx_word' id='word_1_238' title='bbox 1218 2510 1302 2541; x_wconf 87' lang='grc' dir='ltr'><strong><em>και</em></strong></span> <span class='ocrx_word' id='word_1_239' title='bbox 1327 2486 1410 2541; x_wconf 89' lang='grc' dir='ltr'><strong><em>δια</em></strong></span> <span class='ocrx_word' id='word_1_240' title='bbox 1434 2486 1521 2556; x_wconf 78' lang='grc' dir='ltr'><strong><em>τὴν</em></strong></span> <span class='ocrx_word' id='word_1_241' title='bbox 1547 2487 1704 2557; x_wconf 79' lang='grc' dir='ltr'><strong><em>αὐτην</em></strong></span> <span class='ocrx_word' id='word_1_242' title='bbox 1728 2487 1977 2544; x_wconf 86' lang='grc' dir='ltr'><strong><em>υπόθεσιν</em></strong></span> <span class='ocrx_word' id='word_1_243' title='bbox 1995 2496 2251 2561; x_wconf 82' lang='grc' dir='ltr'><strong><em>τολμηρῶς</em></strong></span> <span class='ocrx_word' id='word_1_244' title='bbox 2274 2488 2430 2561; x_wconf 90' lang='grc' dir='ltr'><strong><em>αγίων</em></strong></span> 
     </span>
     <span class='ocr_line' id='line_1_30' title="bbox 476 2572 2427 2679; baseline 0 -50"><span class='ocrx_word' id='word_1_245' title='bbox 476 2579 775 2673; x_wconf 84' lang='grc' dir='ltr'><strong><em>μυστηρίων</em></strong></span> <span class='ocrx_word' id='word_1_246' title='bbox 828 2572 1085 2641; x_wconf 77' lang='grc' dir='ltr'><strong><em>97ψαύειν</em></strong></span> <span class='ocrx_word' id='word_1_247' title='bbox 1135 2575 1218 2627; x_wconf 85' lang='grc' dir='ltr'><strong><em>καὶ</em></strong></span> <span class='ocrx_word' id='word_1_248' title='bbox 1273 2576 1552 2679; x_wconf 81' lang='grc' dir='ltr'><strong><em>ἱερουργίαν</em></strong></span> <span class='ocrx_word' id='word_1_249' title='bbox 1586 2573 1757 2638; x_wconf 81' lang='grc' dir='ltr'><strong><em>λαϊκὸς</em></strong></span> <span class='ocrx_word' id='word_1_250' title='bbox 1794 2574 1863 2629; x_wconf 81' lang='grc' dir='ltr'><strong><em>ὠν</em></strong></span> <span class='ocrx_word' id='word_1_251' title='bbox 1910 2576 2132 2643; x_wconf 79' lang='grc' dir='ltr'><strong><em>ἀφειδῶς</em></strong></span> <span class='ocrx_word' id='word_1_252' title='bbox 2181 2579 2427 2647; x_wconf 80' lang='grc' dir='ltr'><strong><em>ἐπεχείρει.</em></strong></span> 
     </span>
     <span class='ocr_line' id='line_1_31' title="bbox 476 2652 2430 2763; baseline 0.001 -50.026"><span class='ocrx_word' id='word_1_253' title='bbox 476 2652 688 2763; x_wconf 54' lang='grc' dir='ltr'><strong><em>’Έτερος</em></strong></span> <span class='ocrx_word' id='word_1_254' title='bbox 728 2662 782 2713; x_wconf 89' lang='grc' dir='ltr'><strong><em>δέ</em></strong></span> <span class='ocrx_word' id='word_1_255' title='bbox 821 2666 996 2725; x_wconf 75' lang='grc' dir='ltr'><strong><em>98ης,</em></strong></span> <span class='ocrx_word' id='word_1_256' title='bbox 1036 2659 1168 2721; x_wconf 87' lang='grc' dir='ltr'><strong><em>όστις</em></strong></span> <span class='ocrx_word' id='word_1_257' title='bbox 1192 2682 1310 2713; x_wconf 90' lang='grc' dir='ltr'><strong><em>ποτε</em></strong></span> <span class='ocrx_word' id='word_1_258' title='bbox 1333 2663 1397 2727; x_wconf 84' lang='grc' dir='ltr'><strong><em>ἠν</em></strong></span> <span class='ocrx_word' id='word_1_259' title='bbox 1427 2656 1555 2731; x_wconf 81' lang='grc' dir='ltr'><strong><em>άνηρ</em></strong></span> <span class='ocrx_word' id='word_1_260' title='bbox 1587 2662 1790 2726; x_wconf 78' lang='grc' dir='ltr'><strong><em>ἐκεῖνος,</em></strong></span> <span class='ocrx_word' id='word_1_261' title='bbox 1827 2663 1913 2715; x_wconf 88' lang='grc' dir='ltr'><strong><em>καὶ</em></strong></span> <span class='ocrx_word' id='word_1_262' title='bbox 1942 2668 2041 2716; x_wconf 88' lang='grc' dir='ltr'><strong><em>τῶν</em></strong></span> <span class='ocrx_word' id='word_1_263' title='bbox 2065 2661 2351 2717; x_wconf 83' lang='grc' dir='ltr'><strong><em>δοκούντων</em></strong></span> <span class='ocrx_word' id='word_1_264' title='bbox 2377 2663 2430 2715; x_wconf 78' lang='grc' dir='ltr'><strong><em>ἐν</em></strong></span> 
     </span>
     <span class='ocr_line' id='line_1_32' title="bbox 494 2743 2429 2818; baseline 0.001 -18"><span class='ocrx_word' id='word_1_265' title='bbox 494 2743 729 2817; x_wconf 82' lang='grc' dir='ltr'><strong><em>άκρότητι</em></strong></span> <span class='ocrx_word' id='word_1_266' title='bbox 771 2749 884 2814; x_wconf 88' lang='grc' dir='ltr'><strong><em>βίου</em></strong></span> <span class='ocrx_word' id='word_1_267' title='bbox 912 2746 1344 2813; x_wconf 87' lang='grc' dir='ltr'><strong><em>πεπολιτευμένος,</em></strong></span> <span class='ocrx_word' id='word_1_268' title='bbox 1396 2743 1524 2814; x_wconf 79' lang='grc' dir='ltr'><strong><em>πρὸς</em></strong></span> <span class='ocrx_word' id='word_1_269' title='bbox 1563 2768 1654 2813; x_wconf 89' lang='grc' dir='ltr'><strong><em>την</em></strong></span> <span class='ocrx_word' id='word_1_270' title='bbox 1691 2749 1951 2817; x_wconf 80' lang='grc' dir='ltr'><strong><em>Αἴγυπτον</em></strong></span> <span class='ocrx_word' id='word_1_271' title='bbox 1994 2750 2077 2801; x_wconf 79' lang='grc' dir='ltr'><strong><em>ἐπὶ</em></strong></span> <span class='ocrx_word' id='word_1_272' title='bbox 2117 2769 2178 2801; x_wconf 90' lang='grc' dir='ltr'><strong><em>τα</em></strong></span> <span class='ocrx_word' id='word_1_273' title='bbox 2219 2744 2429 2818; x_wconf 80' lang='grc' dir='ltr'><strong><em>έρημικα</em></strong></span> 
     </span>
     <span class='ocr_line' id='line_1_33' title="bbox 491 2828 2428 2907; baseline 0.001 -21"><span class='ocrx_word' id='word_1_274' title='bbox 491 2831 792 2900; x_wconf 80' lang='grc' dir='ltr'><strong><em>κατοικήσας</em></strong></span> <span class='ocrx_word' id='word_1_275' title='bbox 818 2834 870 2886; x_wconf 82' lang='grc' dir='ltr'><strong><em>έν</em></strong></span> <span class='ocrx_word' id='word_1_276' title='bbox 897 2834 1231 2904; x_wconf 86' lang='grc' dir='ltr'><strong><em>μοναστηρίῳ,</em></strong></span> <span class='ocrx_word' id='word_1_277' title='bbox 1286 2832 1370 2883; x_wconf 86' lang='grc' dir='ltr'><strong><em>καὶ</em></strong></span> <span class='ocrx_word' id='word_1_278' title='bbox 1396 2828 1540 2893; x_wconf 68' lang='grc' dir='ltr'><strong><em>ἄλλος</em></strong></span> <span class='ocrx_word' id='word_1_279' title='bbox 1565 2830 1692 2902; x_wconf 76' lang='grc' dir='ltr'><strong><em>πρὸς</em></strong></span> <span class='ocrx_word' id='word_1_280' title='bbox 1718 2838 1787 2906; x_wconf 77' lang='grc' dir='ltr'><strong><em>τῷ</em></strong></span> <span class='ocrx_word' id='word_1_281' title='bbox 1822 2837 2010 2907; x_wconf 79' lang='grc' dir='ltr'><strong><em>Σιναίῳ</em></strong></span> <span class='ocrx_word' id='word_1_282' title='bbox 2026 2876 2039 2899; x_wconf 90' lang='grc'><strong><em>,</em></strong></span> <span class='ocrx_word' id='word_1_283' title='bbox 2090 2837 2142 2887; x_wconf 83' lang='grc' dir='ltr'><strong><em>οἳ</em></strong></span> <span class='ocrx_word' id='word_1_284' title='bbox 2172 2831 2272 2887; x_wconf 77' lang='grc' dir='ltr'><strong><em>ἀπὸ</em></strong></span> <span class='ocrx_word' id='word_1_285' title='bbox 2301 2832 2428 2887; x_wconf 82' lang='grc' dir='ltr'><strong><em>ὀνει-</em></strong></span> 
     </span>
     <span class='ocr_line' id='line_1_34' title="bbox 494 2914 2428 2989; baseline 0 -17"><span class='ocrx_word' id='word_1_286' title='bbox 494 2916 658 2989; x_wconf 88' lang='grc' dir='ltr'><strong><em>ράτων</em></strong></span> <span class='ocrx_word' id='word_1_287' title='bbox 690 2916 1053 2971; x_wconf 81' lang='grc' dir='ltr'><strong><em>ένεανιεύσαντο</em></strong></span> <span class='ocrx_word' id='word_1_288' title='bbox 1070 2959 1084 2982; x_wconf 95' lang='grc'><strong><em>,</em></strong></span> <span class='ocrx_word' id='word_1_289' title='bbox 1128 2923 1186 2954; x_wconf 81' lang='lat'><strong><em>⁹⁹</em></strong></span> <span class='ocrx_word' id='word_1_290' title='bbox 1203 2914 1489 2970; x_wconf 79' lang='grc' dir='ltr'><strong><em>ἐπισκόπων</em></strong></span> <span class='ocrx_word' id='word_1_291' title='bbox 1515 2915 1767 2985; x_wconf 82' lang='grc' dir='ltr'><strong><em>δεξάμενοι</em></strong></span> <span class='ocrx_word' id='word_1_292' title='bbox 1794 2924 2126 2987; x_wconf 84' lang='grc' dir='ltr'><strong><em>χειροθεσίαν,</em></strong></span> <span class='ocrx_word' id='word_1_293' title='bbox 2164 2921 2428 2986; x_wconf 81' lang='grc' dir='ltr'><strong><em>καθῆσθαί</em></strong></span> 
     </span>
     <span class='ocr_line' id='line_1_35' title="bbox 281 2988 2427 3076; baseline -0 -17"><span class='ocrx_word' id='word_1_294' title='bbox 281 3032 366 3074; x_wconf 79' lang='lat' dir='ltr'><strong>pag.</strong></span> <span class='ocrx_word' id='word_1_295' title='bbox 389 3021 465 3058; x_wconf 88' lang='lat'><strong>151.</strong></span> <span class='ocrx_word' id='word_1_296' title='bbox 495 3024 563 3070; x_wconf 88' lang='grc' dir='ltr'><strong><em>τε,</em></strong></span> <span class='ocrx_word' id='word_1_297' title='bbox 601 3005 687 3057; x_wconf 86' lang='grc' dir='ltr'><strong><em>καὶ</em></strong></span> <span class='ocrx_word' id='word_1_298' title='bbox 710 3001 772 3056; x_wconf 80' lang='grc' dir='ltr'><strong><em>τά</em></strong></span> <span class='ocrx_word' id='word_1_299' title='bbox 806 3009 824 3039; x_wconf 82' lang='lat'>¹</span> <span class='ocrx_word' id='word_1_300' title='bbox 839 3009 898 3040; x_wconf 88' lang='lat'><strong><em>0⁰</em></strong></span> <span class='ocrx_word' id='word_1_301' title='bbox 915 2988 1169 3075; x_wconf 78' lang='grc' dir='ltr'><strong><em>ἐπισκόπῳ</em></strong></span> <span class='ocrx_word' id='word_1_302' title='bbox 1194 3001 1424 3073; x_wconf 85' lang='grc' dir='ltr'><strong><em>πράττειν</em></strong></span> <span class='ocrx_word' id='word_1_303' title='bbox 1458 3009 1474 3038; x_wconf 89' lang='lat'>¹</span> <span class='ocrx_word' id='word_1_304' title='bbox 1491 3007 1588 3038; x_wconf 69' lang='lat'><strong><em>⁰⁰³</em></strong></span> <span class='ocrx_word' id='word_1_305' title='bbox 1603 3004 1957 3074; x_wconf 77' lang='grc' dir='ltr'><strong><em>ἐπιχειροῦντες</em></strong></span> <span class='ocrx_word' id='word_1_306' title='bbox 1975 3002 2244 3072; x_wconf 83' lang='grc' dir='ltr'><strong><em>ἀνήκοντα·</em></strong></span> <span class='ocrx_word' id='word_1_307' title='bbox 2271 3005 2427 3076; x_wconf 76' lang='grc' dir='ltr'><strong><em>ἕτεροι</em></strong></span> 
     </span>
     <span class='ocr_line' id='line_1_36' title="bbox 495 3085 2425 3160; baseline 0.001 -17"><span class='ocrx_word' id='word_1_308' title='bbox 495 3090 549 3143; x_wconf 80' lang='grc' dir='ltr'><strong><em>δὲ</em></strong></span> <span class='ocrx_word' id='word_1_309' title='bbox 576 3087 668 3143; x_wconf 75' lang='grc' dir='ltr'><strong><em>οὐκ</em></strong></span> <span class='ocrx_word' id='word_1_310' title='bbox 695 3089 851 3159; x_wconf 83' lang='grc' dir='ltr'><strong><em>ὀλίγοι</em></strong></span> <span class='ocrx_word' id='word_1_311' title='bbox 876 3088 1169 3157; x_wconf 82' lang='grc' dir='ltr'><strong><em>εὗνουχίζειν</em></strong></span> <span class='ocrx_word' id='word_1_312' title='bbox 1194 3086 1401 3150; x_wconf 78' lang='grc' dir='ltr'><strong><em>ἕαυτοῦς</em></strong></span> <span class='ocrx_word' id='word_1_313' title='bbox 1428 3085 1561 3157; x_wconf 77' lang='grc' dir='ltr'><strong><em>παρά</em></strong></span> <span class='ocrx_word' id='word_1_314' title='bbox 1587 3087 1646 3141; x_wconf 72' lang='grc' dir='ltr'><strong><em>τά</em></strong></span> <span class='ocrx_word' id='word_1_315' title='bbox 1672 3090 2063 3160; x_wconf 85' lang='grc' dir='ltr'><strong><em>προςτεταγμένα</em></strong></span> <span class='ocrx_word' id='word_1_316' title='bbox 2088 3091 2248 3157; x_wconf 84' lang='grc' dir='ltr'><strong><em>δῆθεν</em></strong></span> <span class='ocrx_word' id='word_1_317' title='bbox 2271 3109 2425 3144; x_wconf 88' lang='grc' dir='ltr'><strong><em>νεανι-</em></strong></span> 
     </span>
    </p>
   </div>
   <div class='ocr_carea' id='block_1_10' title="bbox 495 3229 1435 3854">
    <p class='ocr_par' dir='ltr' id='par_1_12' title="bbox 550 3229 1249 3288">
     <span class='ocr_line' id='line_1_37' title="bbox 550 3229 1249 3288; baseline -0.004 -12"><span class='ocrx_word' id='word_1_318' title='bbox 550 3233 619 3276; x_wconf 87' lang='grc'><strong><em>89.</em></strong></span> <span class='ocrx_word' id='word_1_319' title='bbox 650 3229 998 3288; x_wconf 81' lang='grc' dir='ltr'><strong><em>οἷποτεταγμένως</em></strong></span> <span class='ocrx_word' id='word_1_320' title='bbox 1018 3235 1130 3274; x_wconf 84' lang='lat' dir='ltr'><strong><em>codd.</em></strong></span> <span class='ocrx_word' id='word_1_321' title='bbox 1160 3246 1249 3274; x_wconf 88' lang='lat' dir='ltr'><strong>mss.</strong></span> 
     </span>
    </p>

    <p class='ocr_par' dir='ltr' id='par_1_13' title="bbox 497 3287 1434 3390">
     <span class='ocr_line' id='line_1_38' title="bbox 551 3287 1434 3345; baseline 0 -13"><span class='ocrx_word' id='word_1_322' title='bbox 551 3289 620 3332; x_wconf 85' lang='lat'><strong><em>90.</em></strong></span> <span class='ocrx_word' id='word_1_323' title='bbox 653 3288 726 3345; x_wconf 80' lang='grc' dir='ltr'><strong><em>μὲν</em></strong></span> <span class='ocrx_word' id='word_1_324' title='bbox 751 3292 864 3332; x_wconf 83' lang='lat' dir='ltr'><em>codd.</em></span> <span class='ocrx_word' id='word_1_325' title='bbox 891 3303 982 3331; x_wconf 84' lang='lat' dir='ltr'><strong>mss.</strong></span> <span class='ocrx_word' id='word_1_326' title='bbox 1021 3295 1055 3331; x_wconf 80' lang='lat' dir='ltr'><strong><em>et</em></strong></span> <span class='ocrx_word' id='word_1_327' title='bbox 1082 3292 1171 3331; x_wconf 77' lang='lat' dir='ltr'><em>edit.</em></span> <span class='ocrx_word' id='word_1_328' title='bbox 1199 3293 1327 3341; x_wconf 79' lang='lat' dir='ltr'><strong><em>princ.</em></strong></span> <span class='ocrx_word' id='word_1_329' title='bbox 1385 3287 1434 3334; x_wconf 80' lang='grc' dir='ltr'><strong><em>δὲ</em></strong></span> 
     </span>
     <span class='ocr_line' id='line_1_39' title="bbox 497 3350 755 3415; baseline -0.004 -25"><span class='ocrx_word' id='word_1_330' title='bbox 497 3350 586 3390; x_wconf 79' lang='lat' dir='ltr'><strong><em>edit.</em></strong></span> <span class='ocrx_word' id='word_1_331' title='bbox 618 3350 755 3415; x_wconf 57' lang='lat' dir='ltr'><strong>Pefav.</strong></span> 
     </span>
    </p>

    <p class='ocr_par' dir='ltr' id='par_1_14' title="bbox 554 3400 1432 3473">
     <span class='ocr_line' id='line_1_40' title="bbox 554 3400 1432 3473; baseline -0.001 -28"><span class='ocrx_word' id='word_1_332' title='bbox 554 3403 621 3446; x_wconf 88' lang='lat'><strong><em>91.</em></strong></span> <span class='ocrx_word' id='word_1_333' title='bbox 652 3400 881 3473; x_wconf 82' lang='grc' dir='ltr'><strong><em>οἷπρόπτως</em></strong></span> <span class='ocrx_word' id='word_1_334' title='bbox 905 3406 1018 3444; x_wconf 89' lang='lat' dir='ltr'><em>codd.</em></span> <span class='ocrx_word' id='word_1_335' title='bbox 1032 3416 1123 3445; x_wconf 88' lang='lat' dir='ltr'><strong>mss.</strong></span> <span class='ocrx_word' id='word_1_336' title='bbox 1147 3409 1182 3444; x_wconf 82' lang='lat' dir='ltr'><strong><em>et</em></strong></span> <span class='ocrx_word' id='word_1_337' title='bbox 1204 3406 1293 3444; x_wconf 77' lang='lat' dir='ltr'><em>edit.</em></span> <span class='ocrx_word' id='word_1_338' title='bbox 1306 3406 1432 3454; x_wconf 82' lang='lat' dir='ltr'><strong><em>princ.</em></strong></span> 
     </span>
    </p>

    <p class='ocr_par' dir='ltr' id='par_1_15' title="bbox 495 3455 1435 3672">
     <span class='ocr_line' id='line_1_41' title="bbox 552 3455 1432 3528; baseline -0.002 -26"><span class='ocrx_word' id='word_1_339' title='bbox 552 3458 622 3502; x_wconf 81' lang='lat'><strong><em>92.</em></strong></span> <span class='ocrx_word' id='word_1_340' title='bbox 655 3463 779 3502; x_wconf 84' lang='lat' dir='ltr'><strong><em>Verba</em></strong></span> <span class='ocrx_word' id='word_1_341' title='bbox 804 3455 939 3503; x_wconf 77' lang='grc' dir='ltr'><strong><em>ἄλλων</em></strong></span> <span class='ocrx_word' id='word_1_342' title='bbox 965 3475 1012 3503; x_wconf 84' lang='grc' dir='ltr'><strong><em>τε</em></strong></span> <span class='ocrx_word' id='word_1_343' title='bbox 1037 3459 1111 3503; x_wconf 74' lang='grc' dir='ltr'><strong><em>καὶ</em></strong></span> <span class='ocrx_word' id='word_1_344' title='bbox 1136 3459 1243 3528; x_wconf 58' lang='grc' dir='ltr'><strong><em>(καὶ,</em></strong></span> <span class='ocrx_word' id='word_1_345' title='bbox 1256 3473 1329 3501; x_wconf 92' lang='lat' dir='ltr'><strong><em>om.</em></strong></span> <span class='ocrx_word' id='word_1_346' title='bbox 1348 3462 1432 3501; x_wconf 89' lang='lat' dir='ltr'><strong><em>cod.</em></strong></span> 
     </span>
     <span class='ocr_line' id='line_1_42' title="bbox 495 3510 1435 3585; baseline 0.001 -28"><span class='ocrx_word' id='word_1_347' title='bbox 495 3519 680 3571; x_wconf 71' lang='lat' dir='ltr'><strong><em>Rhediy.)</em></strong></span> <span class='ocrx_word' id='word_1_348' title='bbox 712 3515 754 3560; x_wconf 75' lang='grc' dir='ltr'><strong><em>ἐν</em></strong></span> <span class='ocrx_word' id='word_1_349' title='bbox 782 3516 931 3572; x_wconf 83' lang='grc' dir='ltr'><strong><em>σάκκῳ</em></strong></span> <span class='ocrx_word' id='word_1_350' title='bbox 956 3521 1186 3585; x_wconf 81' lang='grc' dir='ltr'><strong><em>προφανεῖ,</em></strong></span> <span class='ocrx_word' id='word_1_351' title='bbox 1227 3510 1362 3559; x_wconf 78' lang='grc' dir='ltr'><strong><em>ἄλλων</em></strong></span> <span class='ocrx_word' id='word_1_352' title='bbox 1387 3530 1435 3558; x_wconf 89' lang='grc' dir='ltr'><strong><em>τε</em></strong></span> 
     </span>
     <span class='ocr_line' id='line_1_43' title="bbox 498 3567 1431 3628; baseline 0.002 -13"><span class='ocrx_word' id='word_1_353' title='bbox 498 3575 611 3615; x_wconf 89' lang='lat' dir='ltr'><em>codd.</em></span> <span class='ocrx_word' id='word_1_354' title='bbox 629 3587 719 3616; x_wconf 88' lang='lat' dir='ltr'><strong>mss.</strong></span> <span class='ocrx_word' id='word_1_355' title='bbox 749 3579 782 3615; x_wconf 84' lang='lat' dir='ltr'><strong><em>et</em></strong></span> <span class='ocrx_word' id='word_1_356' title='bbox 809 3577 900 3616; x_wconf 82' lang='lat' dir='ltr'><em>edit.</em></span> <span class='ocrx_word' id='word_1_357' title='bbox 914 3577 1040 3625; x_wconf 82' lang='lat' dir='ltr'><strong><em>princ.</em></strong></span> <span class='ocrx_word' id='word_1_358' title='bbox 1072 3567 1207 3617; x_wconf 80' lang='grc' dir='ltr'><strong><em>ἄλλων</em></strong></span> <span class='ocrx_word' id='word_1_359' title='bbox 1236 3572 1284 3617; x_wconf 86' lang='grc' dir='ltr'><strong><em>δὲ</em></strong></span> <span class='ocrx_word' id='word_1_360' title='bbox 1301 3569 1431 3628; x_wconf 80' lang='grc' dir='ltr'><strong><em>οἱγίων</em></strong></span> 
     </span>
     <span class='ocr_line' id='line_1_44' title="bbox 497 3633 753 3672; baseline -0.004 0"><span class='ocrx_word' id='word_1_361' title='bbox 497 3633 588 3672; x_wconf 73' lang='lat' dir='ltr'><strong><em>edit.</em></strong></span> <span class='ocrx_word' id='word_1_362' title='bbox 617 3634 753 3672; x_wconf 76' lang='lat' dir='ltr'><em>Petav-</em></span> 
     </span>
    </p>

    <p class='ocr_par' dir='ltr' id='par_1_16' title="bbox 554 3687 1080 3731">
     <span class='ocr_line' id='line_1_45' title="bbox 554 3687 1080 3731; baseline -0.002 -2"><span class='ocrx_word' id='word_1_363' title='bbox 554 3687 623 3729; x_wconf 85' lang='lat'><strong><em>93.</em></strong></span> <span class='ocrx_word' id='word_1_364' title='bbox 652 3687 798 3731; x_wconf 78' lang='grc' dir='ltr'><strong><em>οἴκαδε</em></strong></span> <span class='ocrx_word' id='word_1_365' title='bbox 826 3689 915 3728; x_wconf 81' lang='lat' dir='ltr'><em>edit.</em></span> <span class='ocrx_word' id='word_1_366' title='bbox 944 3690 1080 3729; x_wconf 82' lang='lat' dir='ltr'><strong><em>Petav.</em></strong></span> 
     </span>
    </p>

    <p class='ocr_par' dir='ltr' id='par_1_17' title="bbox 555 3740 1221 3798">
     <span class='ocr_line' id='line_1_46' title="bbox 555 3740 1221 3798; baseline 0 -14"><span class='ocrx_word' id='word_1_367' title='bbox 555 3742 623 3784; x_wconf 79' lang='lat'><strong><em>94.</em></strong></span> <span class='ocrx_word' id='word_1_368' title='bbox 653 3743 726 3786; x_wconf 77' lang='grc' dir='ltr'><strong><em>καὶ</em></strong></span> <span class='ocrx_word' id='word_1_369' title='bbox 754 3740 934 3798; x_wconf 84' lang='grc' dir='ltr'><strong><em>καμάτῳ</em></strong></span> <span class='ocrx_word' id='word_1_370' title='bbox 964 3747 1056 3785; x_wconf 76' lang='lat' dir='ltr'><strong><em>edit.</em></strong></span> <span class='ocrx_word' id='word_1_371' title='bbox 1085 3747 1221 3786; x_wconf 77' lang='lat' dir='ltr'><em>Petav.</em></span> 
     </span>
    </p>

    <p class='ocr_par' dir='ltr' id='par_1_18' title="bbox 554 3798 1428 3854">
     <span class='ocr_line' id='line_1_47' title="bbox 554 3798 1428 3854; baseline -0.001 -11"><span class='ocrx_word' id='word_1_372' title='bbox 554 3798 619 3843; x_wconf 77' lang='lat'><strong><em>95.</em></strong></span> <span class='ocrx_word' id='word_1_373' title='bbox 635 3799 936 3854; x_wconf 55' lang='grc' dir='ltr'><strong><em>προς-τεθέντων</em></strong></span> <span class='ocrx_word' id='word_1_374' title='bbox 949 3803 1061 3842; x_wconf 90' lang='lat' dir='ltr'><em>codd.</em></span> <span class='ocrx_word' id='word_1_375' title='bbox 1077 3814 1168 3842; x_wconf 82' lang='lat' dir='ltr'><strong>mss.</strong></span> <span class='ocrx_word' id='word_1_376' title='bbox 1184 3805 1218 3842; x_wconf 80' lang='lat' dir='ltr'><strong><em>et</em></strong></span> <span class='ocrx_word' id='word_1_377' title='bbox 1231 3802 1290 3842; x_wconf 85' lang='lat' dir='ltr'><strong><em>ed.</em></strong></span> <span class='ocrx_word' id='word_1_378' title='bbox 1300 3802 1428 3851; x_wconf 82' lang='lat' dir='ltr'><strong><em>princ.</em></strong></span> 
     </span>
    </p>
   </div>
   <div class='ocr_carea' id='block_1_11' title="bbox 1489 3231 2426 3629">
    <p class='ocr_par' dir='ltr' id='par_1_19' title="bbox 1490 3231 2006 3288">
     <span class='ocr_line' id='line_1_48' title="bbox 1490 3231 2006 3288; baseline -0.006 -12"><span class='ocrx_word' id='word_1_379' title='bbox 1490 3231 1597 3288; x_wconf 82' lang='grc' dir='ltr'><strong><em>πρὸς</em></strong></span> <span class='ocrx_word' id='word_1_380' title='bbox 1625 3231 1723 3278; x_wconf 62' lang='grc' dir='ltr'><strong><em>θεὸν</em></strong></span> <span class='ocrx_word' id='word_1_381' title='bbox 1753 3236 1845 3275; x_wconf 74' lang='lat' dir='ltr'><em>edit.</em></span> <span class='ocrx_word' id='word_1_382' title='bbox 1872 3236 2006 3275; x_wconf 82' lang='lat' dir='ltr'><strong><em>Petav.</em></strong></span> 
     </span>
    </p>

    <p class='ocr_par' dir='ltr' id='par_1_20' title="bbox 1489 3289 2426 3629">
     <span class='ocr_line' id='line_1_49' title="bbox 1546 3289 2424 3358; baseline 0.002 -26"><span class='ocrx_word' id='word_1_383' title='bbox 1546 3289 1615 3332; x_wconf 87' lang='lat'><strong><em>96.</em></strong></span> <span class='ocrx_word' id='word_1_384' title='bbox 1645 3290 1722 3346; x_wconf 72' lang='grc' dir='ltr'><strong><em>τήν</em></strong></span> <span class='ocrx_word' id='word_1_385' title='bbox 1752 3292 1864 3331; x_wconf 87' lang='lat' dir='ltr'><em>codd.</em></span> <span class='ocrx_word' id='word_1_386' title='bbox 1894 3302 1984 3331; x_wconf 86' lang='lat' dir='ltr'><strong>mss.</strong></span> <span class='ocrx_word' id='word_1_387' title='bbox 2013 3295 2047 3331; x_wconf 86' lang='lat' dir='ltr'><strong><em>et</em></strong></span> <span class='ocrx_word' id='word_1_388' title='bbox 2073 3292 2164 3332; x_wconf 84' lang='lat' dir='ltr'><em>edit.</em></span> <span class='ocrx_word' id='word_1_389' title='bbox 2184 3294 2312 3343; x_wconf 76' lang='lat' dir='ltr'><strong><em>princ.</em></strong></span> <span class='ocrx_word' id='word_1_390' title='bbox 2347 3291 2424 3358; x_wconf 78' lang='grc' dir='ltr'><strong><em>τῇ</em></strong></span> 
     </span>
     <span class='ocr_line' id='line_1_50' title="bbox 1489 3347 2426 3403; baseline 0.001 -14"><span class='ocrx_word' id='word_1_391' title='bbox 1489 3350 1581 3389; x_wconf 78' lang='lat' dir='ltr'><em>edit.</em></span> <span class='ocrx_word' id='word_1_392' title='bbox 1603 3351 1739 3390; x_wconf 81' lang='lat' dir='ltr'><strong>Petav.</strong></span> <span class='ocrx_word' id='word_1_393' title='bbox 1784 3350 2000 3388; x_wconf 84' lang='lat' dir='ltr'><em>Cornarius</em></span> <span class='ocrx_word' id='word_1_394' title='bbox 2022 3351 2137 3389; x_wconf 79' lang='lat' dir='ltr'><em>vertit</em></span> <span class='ocrx_word' id='word_1_395' title='bbox 2160 3356 2202 3388; x_wconf 86' lang='lat' dir='ltr'><strong><em>et</em></strong></span> <span class='ocrx_word' id='word_1_396' title='bbox 2226 3347 2426 3403; x_wconf 74' lang='lat' dir='ltr'><strong><em>promissa</em></strong></span> 
     </span>
     <span class='ocr_line' id='line_1_51' title="bbox 1492 3403 2424 3458; baseline 0.001 -13"><span class='ocrx_word' id='word_1_397' title='bbox 1492 3419 1610 3445; x_wconf 88' lang='lat' dir='ltr'><em>coma</em></span> <span class='ocrx_word' id='word_1_398' title='bbox 1642 3404 1686 3445; x_wconf 89' lang='lat' dir='ltr'><strong><em>in</em></strong></span> <span class='ocrx_word' id='word_1_399' title='bbox 1727 3403 1950 3458; x_wconf 85' lang='lat' dir='ltr'><em>conspicuo</em></span> <span class='ocrx_word' id='word_1_400' title='bbox 1987 3404 2309 3458; x_wconf 85' lang='lat' dir='ltr'><em>progrediuntur</em></span> <span class='ocrx_word' id='word_1_401' title='bbox 2349 3405 2424 3446; x_wconf 85' lang='lat' dir='ltr'><strong><em>ali·</em></strong></span> 
     </span>
     <span class='ocr_line' id='line_1_52' title="bbox 1491 3459 2424 3518; baseline 0.002 -17"><span class='ocrx_word' id='word_1_402' title='bbox 1491 3475 1596 3516; x_wconf 86' lang='lat' dir='ltr'>quae</span> <span class='ocrx_word' id='word_1_403' title='bbox 1624 3475 1724 3502; x_wconf 85' lang='lat' dir='ltr'><strong><em>vero</em></strong></span> <span class='ocrx_word' id='word_1_404' title='bbox 1749 3459 1792 3500; x_wconf 91' lang='lat' dir='ltr'><strong><em>in</em></strong></span> <span class='ocrx_word' id='word_1_405' title='bbox 1818 3468 1937 3500; x_wconf 86' lang='lat' dir='ltr'><em>sacco</em></span> <span class='ocrx_word' id='word_1_406' title='bbox 1966 3461 2203 3514; x_wconf 89' lang='lat' dir='ltr'><em>conspicuo.</em></span> <span class='ocrx_word' id='word_1_407' title='bbox 2251 3462 2424 3518; x_wconf 85' lang='lat' dir='ltr'>Aliquae</span> 
     </span>
     <span class='ocr_line' id='line_1_53' title="bbox 1490 3516 2422 3560; baseline 0.002 -2"><span class='ocrx_word' id='word_1_408' title='bbox 1490 3526 1628 3558; x_wconf 85' lang='lat' dir='ltr'><strong>autem</strong></span> <span class='ocrx_word' id='word_1_409' title='bbox 1651 3517 1693 3558; x_wconf 90' lang='lat' dir='ltr'><strong><em>in</em></strong></span> <span class='ocrx_word' id='word_1_410' title='bbox 1711 3531 1833 3557; x_wconf 86' lang='lat' dir='ltr'><em>sacco</em></span> <span class='ocrx_word' id='word_1_411' title='bbox 1853 3531 1902 3557; x_wconf 84' lang='lat' dir='ltr'><strong><em>ac</em></strong></span> <span class='ocrx_word' id='word_1_412' title='bbox 1926 3516 2062 3558; x_wconf 87' lang='lat' dir='ltr'><em>cinere</em></span> <span class='ocrx_word' id='word_1_413' title='bbox 2083 3517 2197 3559; x_wconf 89' lang='lat' dir='ltr'><em>domi</em></span> <span class='ocrx_word' id='word_1_414' title='bbox 2219 3518 2422 3560; x_wconf 86' lang='lat' dir='ltr'><em>desident.</em></span> 
     </span>
     <span class='ocr_line' id='line_1_54' title="bbox 1489 3572 2423 3629; baseline 0.001 -14"><span class='ocrx_word' id='word_1_415' title='bbox 1489 3574 1663 3629; x_wconf 84' lang='lat' dir='ltr'>Aliquae</span> <span class='ocrx_word' id='word_1_416' title='bbox 1714 3573 1756 3613; x_wconf 90' lang='lat' dir='ltr'><strong><em>in</em></strong></span> <span class='ocrx_word' id='word_1_417' title='bbox 1794 3572 1905 3614; x_wconf 83' lang='lat' dir='ltr'><strong>vitae</strong></span> <span class='ocrx_word' id='word_1_418' title='bbox 1956 3574 2337 3617; x_wconf 81' lang='lat' dir='ltr'><strong><em>conversationibus</em></strong></span> <span class='ocrx_word' id='word_1_419' title='bbox 2373 3589 2423 3616; x_wconf 80' lang='lat' dir='ltr'><strong><em>ac</em></strong></span> 
     </span>
    </p>
   </div>
   <div class='ocr_carea' id='block_1_12' title="bbox 1452 3629 2422 3684">
    <p class='ocr_par' dir='ltr' id='par_1_21' title="bbox 1452 3629 2422 3684">
     <span class='ocr_line' id='line_1_55' title="bbox 1452 3629 2422 3684; baseline 0.003 -14"><span class='ocrx_word' id='word_1_420' title='bbox 1452 3661 1462 3675; x_wconf 88' lang='lat'><strong>.</strong></span> <span class='ocrx_word' id='word_1_421' title='bbox 1487 3630 1648 3671; x_wconf 85' lang='lat' dir='ltr'><em>ieiuniis</em></span> <span class='ocrx_word' id='word_1_422' title='bbox 1675 3629 1910 3684; x_wconf 84' lang='lat' dir='ltr'><strong>ingentibus</strong></span> <span class='ocrx_word' id='word_1_423' title='bbox 1937 3639 1979 3671; x_wconf 86' lang='lat' dir='ltr'><strong><em>et</em></strong></span> <span class='ocrx_word' id='word_1_424' title='bbox 2004 3630 2207 3672; x_wconf 83' lang='lat' dir='ltr'><strong><em>aerumnis</em></strong></span> <span class='ocrx_word' id='word_1_425' title='bbox 2234 3631 2316 3673; x_wconf 88' lang='lat' dir='ltr'><strong><em>deo</em></strong></span> <span class='ocrx_word' id='word_1_426' title='bbox 2341 3631 2422 3673; x_wconf 82' lang='lat' dir='ltr'><strong><em>ad-</em></strong></span> 
     </span>
    </p>
   </div>
   <div class='ocr_carea' id='block_1_13' title="bbox 1486 3685 2421 3856">
    <p class='ocr_par' dir='ltr' id='par_1_22' title="bbox 1486 3685 2421 3856">
     <span class='ocr_line' id='line_1_56' title="bbox 1488 3685 2420 3744; baseline 0.003 -17"><span class='ocrx_word' id='word_1_427' title='bbox 1488 3686 1624 3728; x_wconf 84' lang='lat' dir='ltr'><em>dictae</em></span> <span class='ocrx_word' id='word_1_428' title='bbox 1651 3694 1763 3735; x_wconf 85' lang='lat' dir='ltr'><strong>sunt,</strong></span> <span class='ocrx_word' id='word_1_429' title='bbox 1790 3685 1834 3727; x_wconf 88' lang='lat' dir='ltr'><strong><em>in</em></strong></span> <span class='ocrx_word' id='word_1_430' title='bbox 1855 3686 2026 3728; x_wconf 84' lang='lat' dir='ltr'><strong><em>iuvenili</em></strong></span> <span class='ocrx_word' id='word_1_431' title='bbox 2051 3686 2298 3729; x_wconf 80' lang='lat' dir='ltr'><strong><em>fortitudine</em></strong></span> <span class='ocrx_word' id='word_1_432' title='bbox 2322 3703 2420 3744; x_wconf 85' lang='lat' dir='ltr'><strong>per-</strong></span> 
     </span>
     <span class='ocr_line' id='line_1_57' title="bbox 1488 3743 2421 3798; baseline 0.002 -14"><span class='ocrx_word' id='word_1_433' title='bbox 1488 3743 1645 3784; x_wconf 82' lang='lat' dir='ltr'><strong>fectam</strong></span> <span class='ocrx_word' id='word_1_434' title='bbox 1670 3757 1766 3798; x_wconf 86' lang='lat' dir='ltr'>erga</span> <span class='ocrx_word' id='word_1_435' title='bbox 1794 3757 1993 3798; x_wconf 80' lang='lat' dir='ltr'><em>sponsum</em></span> <span class='ocrx_word' id='word_1_436' title='bbox 2035 3744 2328 3786; x_wconf 77' lang='lat' dir='ltr'><strong><em>conscientiam</em></strong></span> <span class='ocrx_word' id='word_1_437' title='bbox 2348 3753 2421 3786; x_wconf 82' lang='lat' dir='ltr'><strong><em>te-</em></strong></span> 
     </span>
     <span class='ocr_line' id='line_1_58' title="bbox 1486 3802 2420 3856; baseline 0.004 -16"><span class='ocrx_word' id='word_1_438' title='bbox 1486 3807 1657 3841; x_wconf 85' lang='lat' dir='ltr'><strong>stantes.</strong></span> <span class='ocrx_word' id='word_1_439' title='bbox 1720 3802 1894 3842; x_wconf 82' lang='lat' dir='ltr'><em>Ceterum</em></span> <span class='ocrx_word' id='word_1_440' title='bbox 1918 3803 1968 3853; x_wconf 74' lang='lat' dir='ltr'><strong><em>cf.</em></strong></span> <span class='ocrx_word' id='word_1_441' title='bbox 1996 3805 2146 3844; x_wconf 85' lang='lat' dir='ltr'><em>Panar.</em></span> <span class='ocrx_word' id='word_1_442' title='bbox 2177 3802 2342 3856; x_wconf 76' lang='lat' dir='ltr'><strong><em>(Expos.</em></strong></span> <span class='ocrx_word' id='word_1_443' title='bbox 2353 3804 2420 3844; x_wconf 72' lang='lat' dir='ltr'><strong><em>Fi-</em></strong></span> 
     </span>
    </p>
   </div>
  </div>
 </body>
</html>
