2508 4134
491 311 592 364 676
819 318 1091 362 ADDENDA
1120 317 1194 361 ΕΤ
1225 316 1599 365 οοΒΒιοΕΝΒΑ.
1656 319 1850 364 Tomos
1880 322 2081 366 ALTER.

601 419 733 477 Pag.
763 420 892 464 306.
950 418 979 460 l.
999 415 1039 460 4.
1068 417 1237 473 Virgula
1266 432 1342 474 pro
1370 427 1525 475 puncto
1554 420 1738 476 reposita
1767 421 1900 462 scribe
1927 416 1979 465 ἵν’
2007 436 2085 477 pro
2102 418 2198 466 ‘'Iv’.

601 490 733 548 Pag.
765 491 892 535 316.
949 489 978 531 l.
1003 490 1044 532 5.
1076 489 1221 531 Scribe
1245 488 1442 545 νέμοντας
1463 504 1540 547 pro
1564 490 1767 547 νέμοντος.
1804 515 1852 525 -
1911 492 1937 533 1.
1959 490 2000 535 6.
2033 492 2202 549 Cerrige
2230 491 2409 538 εἰδωλο-

490 559 674 616 λατρεία.

602 631 736 690 Peg.
767 632 895 677 320.
952 631 981 673 1.
1001 631 1070 674 25.
1103 631 1247 673 Scribe
1275 631 1383 688 γυνή
1411 648 1488 689 pro
1518 630 1639 688 γενῆ.
2219 659 2224 668 1

598 702 732 760 Pag.
764 702 892 747 3327.
947 701 976 744 l.
993 700 1033 743 9.
1064 711 1162 744 ante
1190 702 1258 744 fin.
1289 704 1461 759 Repone
1490 703 1765 760 perscripsisti
1794 718 1871 760 pro
1902 704 2215 762 praescripsisti.

600 772 737 831 Pag.
767 773 896 818 338.
951 772 981 814 l.
997 774 1037 818 3.
1068 774 1212 815 Scribe
1241 771 1554 830 ὁσοιδηποτοῦν.

600 844 734 902 rag.
766 845 893 889 364.
948 843 977 885 l.
999 843 1040 887 6.
1072 845 1268 887 Rescribe
1298 845 1518 902 γεγένηται
1546 861 1624 902 pro
1654 845 1911 902 γεγέννηται.
2272 868 2275 873 ’

599 914 734 973 Pag.
765 916 891 961 368.
950 914 978 956 l.
1000 914 1040 959 8.
1065 924 1162 958 ante
1182 906 1257 959 sm.
1299 917 1442 959 Scribe
1471 914 1664 962 Saveh-ou.
1698 942 1750 950 —
1810 917 1837 959 L
1854 917 1894 962 7.
1922 926 2020 960 ante
2045 918 2115 961 fiu.
2144 918 2288 962 Scribe
2314 915 2412 976 παρ’

486 998 566 1041 pro
595 999 692 1040 παρ.

602 1058 736 1115 rag.
767 1059 895 1104 392.
951 1058 1062 1101 l.10.
1093 1059 1288 1102 Rescribe
1314 1057 1361 1104 τὸ
1390 1074 1468 1116 pro
1498 1057 1581 1105 τόν.

603 1129 736 1187 Peg.
769 1130 894 1176 396.
949 1129 977 1172 l.
1012 1129 1047 1172 1.
1079 1131 1222 1172 Scribe
1250 1125 1594 1188 ᾐχμαλωτεύετο.

601 1199 734 1258 Pag.
762 1201 893 1246 404.
947 1200 977 1242 l.
1006 1198 1074 1244 24.
1104 1202 1223 1243 Adde
1253 1202 1454 1257 virgulam
1481 1211 1580 1258 post
1609 1203 1767 1259 φαῦλοι.

603 1271 737 1330 Pag.
764 1272 894 1317 408.
950 1272 979 1316 l.
1014 1273 1066 1315 10
1096 1280 1138 1314 et
1165 1273 1206 1316 6.
1237 1282 1334 1315 ante
1363 1273 1432 1316 fin.
1463 1274 1606 1316 Scribe
1635 1274 1968 1332 διισχυρίζονται.

606 1341 739 1400 Peg.
767 1343 898 1388 414.
954 1343 983 1386 1.
1011 1345 1051 1385 5.
1086 1344 1229 1386 Scribe
1259 1344 1380 1402 χρεία
1408 1359 1487 1400 pro
1515 1344 1650 1403 χρείᾳ.

600 1413 734 1471 Pag.
764 1414 893 1460 422.
949 1414 978 1455 1.
1010 1414 1038 1458 3
1069 1423 1112 1455 et
1139 1412 1180 1457 4.
1216 1416 1359 1458 Scribe
1389 1416 1563 1472 γένηται
1591 1431 1669 1472 pro
1699 1416 1906 1473 γέννηται.

599 1484 732 1542 rag.
762 1485 891 1531 428.
947 1485 973 1526 1.
1005 1486 1046 1528 2.
1078 1486 1221 1528 Scribe
1251 1478 1393 1542 οὗπερ.
1424 1512 1479 1520 -
1536 1487 1564 1528 1.
1596 1487 1635 1531 9.
1666 1489 1837 1544 Repone
1866 1493 1979 1533 ποῖον
2007 1503 2085 1545 pro
2113 1493 2242 1534 ποῖου.

601 1555 734 1614 Peg.
763 1556 891 1601 432.
949 1556 978 1600 1.
1007 1555 1047 1599 9.
1078 1565 1176 1599 ante
1204 1558 1273 1602 fin.
1305 1558 1450 1601 Scribe
1477 1558 1649 1615 γένηται
1676 1574 1754 1616 pro
1783 1559 1988 1616 γέννηται.
