2508 4134
524 328 748 369 PANARtt
778 328 883 368 LIB.
901 328 975 368 111.
1005 328 1192 368 ToM.1.
1224 329 1389 368 HAER.
1410 329 1605 369 LXXIII.
1950 315 2006 365 91

116 426 355 490 convicit,
397 425 782 495 sapientissimae
811 425 956 476 divini
980 425 1115 477 verbi
1143 426 1486 493 praedicationi
1513 427 1627 477 nihil
1653 424 1905 477 admodum
1936 424 2022 474 tri-

115 511 260 573 buat,
319 527 473 578 neque
506 527 571 561 ex
611 510 721 560 fidei
760 509 1058 578 praescripto
1091 509 1294 559 similem
1330 511 1539 560 essentia
1580 511 1701 579 patri
1736 509 1882 559 filium
1910 516 2020 558 esse

116 596 350 658 fateatur,
393 603 553 662 utpote
584 594 661 662 qui
696 594 816 644 falso
843 601 1026 662 patrem
1065 602 1112 643 et
1141 592 1288 642 silium
1319 594 1551 661 appellet,
1593 594 1751 662 reipsa
1788 610 1906 645 vero
1938 609 2022 642 ne-

115 696 206 747 que
235 687 416 747 patrem
448 695 603 746 neque
643 677 819 740 filium,
861 678 944 728 sed
984 687 1253 728 ereaturam
1293 693 1350 727 ae
1382 686 1677 741 creatorem,
1720 696 1776 729 ac
1816 677 1900 728 l'ilii
1939 694 2021 744 pa·-

115 763 297 830 trisque
334 763 577 813 notionem
616 780 723 813 cum
761 761 958 829 reliquis
997 761 1221 829 operibus
1260 761 1609 824 eommunicet,
1663 771 1711 812 et
1735 762 1923 829 quoties
1962 777 2021 811 ea

115 848 172 897 de
208 864 263 901 re
302 846 462 914 agitur
498 846 790 897 calumniose
841 845 1130 909 mentiatur,
1186 847 1387 913 primum
1436 845 1546 894 illud
1588 863 1707 913 opus
1745 863 1801 895 ac
1836 845 2020 913 praeci-

114 949 256 1000 puum
286 947 424 992 esse,
467 931 590 997 quod
630 930 687 981 ab
726 930 830 998 ipso
870 931 1043 980 factum
1084 938 1188 993 est,
1229 937 1308 979 aut
1348 929 1674 995 magnitudine
1705 930 2019 990 antecellenS,

119 1033 176 1066 ac
214 1014 418 1082 denique
474 1014 854 1064 ecclesiasticum
905 1014 952 1063 in
993 1023 1175 1082 patrem
1229 1013 1474 1081 filiumque
1528 1014 1670 1063 sidem
1725 1031 1818 1063 non
1859 1014 2025 1062 eodem

113 1099 255 1150 modo
293 1100 582 1167 profiteatur
618 1116 712 1166 quo
751 1099 876 1148 illam
918 1099 1054 1148 nobis
1103 1098 1307 1167 apostoli
1348 1106 1488 1148 antea
1530 1096 1855 1160 tradiderunt,
1910 1114 2023 1147 ana-

113 1183 270 1234 thema
307 1183 387 1233 sit.
462 1187 530 1233 Et
562 1186 683 1233 illud
716 1193 878 1242 antea,
934 1192 984 1232 ut
1020 1183 1231 1250 loquitur
1268 1181 1540 1249 apostolus,
1587 1185 1934 1247 praedm-imm,
1975 1190 2024 1230 et
2049 1194 2230 1238 Ga1.1‚9.

112 1286 235 1318 nune
265 1271 412 1317 denuo
442 1272 715 1334 repetimus,
760 1285 815 1317 ac
849 1267 1127 1317 necessario
1167 1283 1554 1317 commonemus:
1599 1263 1651 1317 Si
1691 1266 1796 1333 quis
1834 1265 2022 1333 sapien-

111 1361 207 1403 tem
246 1353 398 1403 solum
438 1339 638 1403 audiens
676 1361 890 1421 patrem,
933 1360 980 1401 et
1008 1352 1197 1402 unicum
1237 1351 1340 1402 eius
1379 1352 1526 1401 filium
1557 1350 1860 1418 sapientiam,
1903 1350 2024 1400 lianc

111 1454 256 1488 unum
296 1436 516 1504 idemque
572 1453 678 1487 cum
730 1436 811 1486 illo
851 1437 978 1486 dicat
1015 1453 1154 1499 esse,
1213 1454 1270 1486 ac
1310 1435 1394 1486 l'ilii
1435 1435 1773 1504 proprietatem
1814 1442 2022 1497 evertat,

113 1520 366 1571 anathema
411 1521 493 1571 sit.
583 1519 701 1571 ltem
754 1521 795 1570 si
841 1520 945 1587 quis
995 1521 1258 1588 sapientem
1310 1520 1509 1571 audiens
1558 1528 1741 1588 patrem
1789 1518 2023 1569 etlilium

113 1604 217 1656 eius
255 1604 537 1672 sapientiam
586 1604 852 1669 nominari,
914 1605 1035 1655 banc
1072 1605 1220 1673 ipsam
1273 1604 1556 1672 sapientiam
1608 1603 1839 1672 sapientis
1878 1603 2026 1671 patris

114 1688 326 1739 essentia
376 1688 658 1740 dissimilem
711 1690 938 1752 affirmet,
997 1698 1220 1757 tanquam
1278 1690 1541 1758 sapientem
1594 1705 1712 1738 vere
1759 1686 2025 1755 sapientiae

111 1782 292 1842 patrem
347 1773 456 1823 esse
507 1790 720 1841 negans,
780 1773 1034 1823 anathema
1084 1774 1166 1824 sit.
1259 1772 1316 1824 Si
1353 1774 1458 1841 quis
1509 1774 1646 1823 deum
1694 1789 1803 1822 esse
1843 1780 2023 1840 patrem

113 1874 385 1924 agnoscens
436 1874 543 1907 eum
584 1874 703 1907 vero
741 1858 818 1925 qui
858 1858 906 1907 in
947 1857 1179 1926 principio
1234 1857 1319 1908 fuit
1358 1858 1557 1909 verbum
1597 1875 1654 1907 ae
1692 1857 1839 1919 deUS,
1901 1857 2025 1908 hunc

111 1942 238 1992 idem
277 1958 386 1992 essc
426 1941 615 2010 penitus
643 1959 747 1992 cum
788 1943 906 2004 deo,
949 1944 1070 2010 apud
1112 1959 1249 2009 quem
1289 1942 1486 1992 verbum
1528 1959 1582 1993 ac
1609 1942 1726 1992 deus
1766 1950 1867 2004 est,
1910 1958 2026 1991 eon-

113 2026 307 2088 stituat,
350 2035 572 2093 tanquam
608 2042 726 2076 vere
755 2026 901 2076 filium
932 2045 1026 2076 non
1055 2044 1354 2093 agnoscens,
1398 2027 1648 2076 anathema
1678 2026 1758 2076 sit.
1837 2024 1891 2076 Si
1921 2026 2026 2093 quis

111 2109 411 2177 unigenitum
442 2111 580 2160 deum
610 2127 666 2161 ac
694 2111 894 2161 verbum
925 2110 1071 2161 lilium
1102 2112 1177 2160 dei
1209 2111 1442 2161 nominari
1472 2111 1690 2174 audienS,
1733 2111 1854 2178 apud
1885 2127 2024 2178 quem

111 2194 313 2244 verbum
342 2212 398 2245 ac
423 2195 541 2245 deus
570 2203 673 2256 est,
716 2195 840 2245 hunc
865 2195 1019 2264 ipsum
1051 2196 1190 2245 deum
1221 2213 1277 2245 ac
1308 2196 1455 2263 patris
1484 2196 1711 2258 verbum,
1754 2195 1827 2246 dei
1859 2212 1914 2245 ac
1945 2213 2027 2263 pa-

113 2279 232 2342 tris,
274 2281 395 2348 apud
434 2297 574 2347 quem
605 2279 879 2347 unigenitus
908 2280 955 2329 in
985 2280 1217 2348 principio
1245 2281 1361 2330 deus
1390 2289 1496 2329 erat
1534 2279 1765 2343 verbum,
1819 2280 2027 2330 dissimi-

111 2363 203 2413 lem
234 2365 462 2426 affirmet,
520 2372 739 2430 tanquam
770 2381 886 2414 vere
919 2365 1063 2414 lilium
1097 2364 1291 2414 minime
1326 2365 1589 2426 confitens,
1648 2364 1904 2414 anathema
1941 2363 2021 2414 sit.

114 2444 166 2499 Si
195 2447 300 2515 quis
329 2448 472 2498 lilium
515 2448 619 2509 dei,
679 2448 756 2514 qui
792 2448 947 2498 videri
988 2467 1081 2498 non
1122 2457 1310 2517 potest,
1368 2449 1623 2516 imaginem
1661 2449 1861 2500 audiens
1901 2450 2025 2498 idem

111 2548 221 2582 esse
252 2549 358 2582 cum
392 2549 486 2582 non
513 2532 792 2600 aspectabili
832 2533 921 2583 deo
961 2533 1088 2583 dicat
1127 2532 1415 2599 imaginem,
1472 2543 1693 2601 tanquam
1730 2551 1845 2584 vere
1876 2533 2024 2583 filium

111 2617 308 2666 minime
341 2617 620 2683 professus,
677 2613 930 2667 anathema
967 2617 1048 2668 sit.
1127 2615 1180 2668 Si
1212 2618 1316 2685 quis
1346 2617 1643 2684 unigenitum
1682 2618 1831 2668 filium
1859 2618 2029 2684 imagi-

110 2717 218 2750 nem
260 2699 362 2762 dei,
418 2698 497 2767 qui
540 2699 694 2749 videri
738 2718 832 2751 non
865 2711 1049 2767 potest,
1109 2702 1336 2769 appellari
1370 2702 1571 2752 audiens
1602 2702 1881 2752 dissimilem
1919 2719 2028 2752 esse

110 2783 234 2834 dicat
275 2784 485 2835 essentia
526 2783 703 2845 lilium,
760 2802 815 2834 ac
854 2786 928 2835 dei
974 2804 1068 2835 non
1108 2786 1416 2855 aspectabilis
1447 2787 1705 2854 imaginem
1746 2787 1849 2836 eius
1892 2785 2027 2836 cuius

108 2867 320 2918 essentia
359 2867 614 2935 imaginem
652 2869 806 2936 ipsum
842 2869 1184 2936 intelligimus,
1244 2870 1375 2920 velut
1422 2871 1571 2920 filium
1616 2888 1725 2922 esse
1772 2888 1867 2921 non
1910 2886 2027 2920 vere

107 2952 372 3020 profitens,
432 2952 686 3002 anathema
735 2953 815 3003 sit.
907 2955 1023 3003 Item
1077 2954 1117 3004 si
1165 2955 1270 3022 quis
1315 2955 1552 3005 dicentem
1604 2955 1754 3005 filium
1803 2955 2021 3016 audiens,

115 3039 505 3099 Quemadmodum
541 3046 680 3101 pater
716 3038 855 3086 habet
895 3041 1032 3086 vllam
1075 3041 1121 3087 in
1152 3043 1353 3104 seipso,
1406 3043 1476 3088 sic
1505 3049 1550 3088 et
1565 3041 1679 3104 filio
1719 3042 1846 3087 dedit
1889 3042 2027 3086 vitam
2051 3047 2277 3093 Ioann.5‚26.

106 3122 353 3170 haberem
379 3140 428 3170 se
455 3124 581 3185 ipso,
637 3139 743 3171 eum
782 3122 858 3188 qui
889 3121 1034 3171 vitam
1068 3121 1241 3190 accipit
1273 3141 1298 3173 a
1329 3132 1491 3191 patre,
1548 3132 1595 3174 et
1625 3123 1738 3172 illud
1768 3123 2025 3185 dicentem,

108 3209 174 3276 Et
197 3223 285 3269 ego
319 3209 418 3254 vz'vo
449 3215 645 3273 propter
666 3215 875 3270 patrem,
934 3205 1059 3255 idem
1100 3224 1205 3256 cum
1245 3207 1372 3257 vitae
1416 3209 1581 3257 datore
1626 3223 1735 3256 esse
1779 3206 2021 3266 defendat,
2049 3217 2283 3260 lomna-657.

108 3289 359 3340 anathema
389 3289 469 3340 sit.
549 3287 601 3340 Si
631 3289 737 3358 quis
778 3290 903 3340 istud
937 3288 1165 3352 audiens,
1224 3295 1360 3341 Sicut
1388 3302 1528 3356 pater
1564 3295 1702 3339 vitam
1731 3292 1867 3338 habet
1902 3294 1949 3339 in
1976 3309 2027 3339 se

108 3378 234 3438 1'1230,
286 3378 355 3422 sic
371 3376 485 3438 fillo
514 3377 641 3423 dedit
666 3378 804 3423 vitam
833 3376 1003 3423 habere
1033 3378 1080 3422 ill
1107 3393 1157 3423 se
1184 3379 1309 3439 ipso,
1353 3375 1630 3425 dissimilem
1664 3374 1873 3424 essentia
1902 3375 2024 3441 patri

107 3457 257 3507 tilium
291 3466 569 3520 asseveret,
624 3468 672 3508 et
706 3458 772 3509 ita
813 3458 879 3508 nti
913 3458 1025 3507 dicit
1069 3457 1246 3508 babere
1279 3476 1332 3509 se
1367 3468 1599 3520 testetur,
1656 3458 1910 3509 anatliema
1939 3460 2020 3510 sit.

105 3538 422 3590 Manifestum
452 3542 576 3591 enim
606 3551 708 3606 est,
750 3561 855 3593 cum
885 3542 983 3592 vita
1003 3580 1016 3603 ,
1060 3559 1198 3609 qnam
1230 3543 1276 3592 in
1308 3552 1442 3611 patre
1470 3542 1811 3608 intelligimus,
1855 3559 2024 3593 essen-

105 3625 170 3675 tia
197 3625 287 3687 sit,
330 3642 418 3675 nee
446 3643 539 3675 non
571 3635 617 3675 et
646 3627 877 3694 unigeniti
908 3626 1035 3689 vita,
1078 3643 1197 3692 quae
1228 3644 1254 3676 a
1281 3635 1414 3693 patre
1443 3626 1606 3693 genita
1636 3634 1739 3689 est,
1780 3626 2022 3694 intelliga-

160 3723 198 3763 5.
246 3726 384 3764 Omnes
428 3726 515 3764 libri
556 3726 693 3764 habent
729 3724 893 3774 τοῦτον,
936 3726 1037 3774 quod
1096 3736 1121 3763 a
1148 3726 1256 3763 libris
1286 3729 1364 3763 tam
1392 3727 1544 3774 scriptis
1570 3738 1684 3775 quam
1717 3727 1838 3766 edilis.

104 3781 264 3840 correxi.
1154 3779 1191 3822 7.
1221 3782 1398 3821 ,Fortasse
1425 3779 1497 3823 καὶ
1517 3776 1607 3826 κατ’
1630 3777 1785 3831 ου’σίαν,
1814 3786 1871 3823 uti
1888 3795 2021 3838 supra.

157 3834 194 3875 b.
225 3834 297 3879 καὶ
333 3838 521 3885 supplevit
544 3838 739 3877 Petavius.
802 3840 913 3878 Abest
936 3838 1036 3878 enim
