2508 4134
257 2082 342 2119 pag.
367 2072 441 2109 930.

473 236 575 290 220
1181 246 1383 288 SANGTI
1411 247 1691 288 EPIPHANII

611 342 698 411 λη’.
738 345 809 396 Εἰ
837 342 986 397 οὐδὲν
1017 347 1116 395 τῶν
1141 342 1370 412 ἀοράτων
1414 342 1613 396 77αὐτὸ
1645 344 1824 396 ἑαυτοῦ
1864 349 2205 413 σπερματικῶς
2244 353 2400 416 προϋ-

471 427 658 498 πάρχει,
698 429 915 497 διαμένει
941 428 993 481 δὲ
1027 430 1077 482 ἐν
1104 427 1251 494 φύσει
1276 427 1740 500 ἀποκεκληρωμένη,
1779 434 1886 490 πῶς
1917 427 2047 481 ⁷⁸62v
2077 427 2106 482 ὁ
2136 428 2400 501 ἀγέννητος

470 512 593 576 θεός
615 513 872 585 ἐλεύθερος
893 511 1281 585 ἀποκληρῶσεως
1301 512 1534 584 ὑπάρχων
1557 520 1648 567 νῦν
1670 514 1757 582 μὲν
1779 511 1870 582 τὴν
1890 515 2071 568 ἑαυτοῦ
2092 513 2266 570 οὐσίαν
2284 519 2397 569 6⁸11-

470 600 614 668 τέραν
643 601 695 652 ἐν
722 597 984 669 γεννήματι
1014 597 1208 673 79ὁρᾷ,
1247 606 1337 654 νῦν
1377 601 1431 653 δὲ
1468 601 1710 671 προτέραν
1741 601 1793 653 ἐν
1831 597 2105 673 ἀγεννήτῳ,
2155 598 2280 654 κατά
2308 598 2399 670 τὴν

468 690 558 738 τοῦ
589 683 790 755 πρώτου
827 687 908 737 καὶ
953 686 1258 755 8οδευτέρου
1293 685 1443 749 τάξιν.

608 853 702 908 λθ’.
741 858 813 908 Εἰ
834 857 1045 924 διαμένει
1072 858 1124 910 έν
1153 855 1298 923 φύσει
1333 861 1388 893 ⁸1
1409 853 1654 928 ἀγεννήτῳ
1683 853 1711 908 ὁ
1734 853 1882 921 θεὸς,
1935 854 1990 909 τό
2016 857 2068 909 ἐν
2091 858 2274 927 γενέσει
2310 859 2396 911 καὶ

467 937 729 1014 ἀγεννησία
761 939 937 996 ἑαυτὸν
961 943 1141 996 εἰδέναι
1172 941 1474 1014 ἀφῃρήσθω.
1535 942 1959 1011 Συγχωρουμένου
1987 941 2040 995 δὲ
2066 944 2116 995 έν
2143 941 2395 1016 ἀγεννήτῳ

466 1027 551 1079 καὶ
573 1032 789 1100 γεννητῷ
813 1025 904 1095 τὴν
931 1029 1112 1081 ἑαυτοῦ
1142 1025 1317 1080 οὐσίαν
1343 1029 1676 1095 παρατείνειν,
1711 1024 1876 1088 ..αὐτὸς
1902 1028 2081 1081 ἑαυτοῦ
2114 1025 2285 1098 ἀγνοεῖ
2306 1025 2397 1097 τὴν

468 1111 669 1178 οὐσίαν,
708 1111 1060 1184 περιαγόμενος
1094 1110 1194 1166 ὖπὸ
1231 1113 1462 1183 γενέσεως
1500 1112 1584 1164 καὶ
1620 1109 1918 1181 ἀγεννησίας.

609 1282 672 1352 μ’.
713 1286 784 1337 Εἰ
807 1285 860 1338 δὲ
890 1286 976 1338 καὶ
1004 1283 1060 1337 τὸ
1090 1282 1323 1354 γεννητόν
1349 1286 1600 1351 μετείληφε
1625 1285 1883 1351 μετουσίας
1915 1281 2232 1353 ἀγεννήτου,
2263 1285 2315 1338 ἐν
2343 1284 2397 1338 δὲ

463 1377 698 1441 γεννητοῦ
727 1370 874 1436 φύσει
900 1368 1227 1437 άτελευτήτως
1259 1371 1497 1437 διαμένει,
1542 1374 1601 1406 ⁸²
1621 1370 1673 1422 ἐν
1716 1368 1803 1436 μὲν
1842 1367 1904 1436 δὴ
1945 1366 2103 1422 ἀτελεῖ
2137 1367 2282 1436 φύσει
2321 1392 2396 1440 γι·-

464 1454 642 1509 νῶσκει
684 1454 861 1522 αὐτόν,
914 1456 1110 1526 ἀγνοῶν
1148 1454 1374 1522 δηλονότι
1411 1453 1500 1522 τὴν
1537 1453 1806 1525 ἀγέννητον
1844 1457 2118 1523 μετουσίαν.
2199 1453 2273 1517 Οὐ
2302 1453 2395 1527 γάρ

466 1539 576 1595 οἷόν
604 1563 655 1595 τε
687 1548 745 1580 ⁸3
763 1540 916 1595 αὐτόν
938 1542 1052 1610 περὶ
1085 1542 1339 1594 84ἓαυτοῦ
1365 1542 1448 1593 καὶ
1475 1538 1740 1611 ἀγεννήτου
1772 1539 1945 1603 οὐσίας
1970 1546 2149 1611 γνῶσιν
2177 1547 2235 1579 ⁸⁶
2254 1542 2394 1610 ἔχειν,

465 1629 549 1681 καὶ
585 1633 833 1698 γεννητῆς.

608 1711 701 1780 μα’.
742 1715 812 1765 Εἰ
830 1713 881 1773 δὲ
907 1710 1340 1782 εὐκαταφρόνητόν
1365 1713 1465 1765 ἔστι
1495 1708 1548 1764 τὸ
1578 1707 1846 1781 ἀγέννητον
1876 1709 1959 1765 διά
1994 1715 2263 1781 μεταβολῆς
2291 1714 2393 1767 ἐπι·

463 1798 777 1867 τηδειότητα,
829 1796 1019 1867 ἀξίωμα
1050 1796 1248 1865 φύσεώς
1274 1800 1403 1852 ἐστιν
1432 1796 1576 1851 οὐσία
1614 1795 1967 1866 ἀμετάβλητος,
2006 1803 2094 1867 τῆς
2123 1795 2391 1869 ἀγεννήτου

466 1883 640 1947 οὐσίας
677 1883 850 1952 πάσης
900 1887 1058 1947 αἰτίας
1092 1888 1365 1954 κρείττονος
1405 1889 1463 1921 ⁸⁶
1491 1880 1880 1953 ῶμολογημένης.

607 2054 702 2125 μβ’.
742 2058 812 2109 Εἰ
838 2054 893 2109 τὸ
924 2052 1187 2127 ἀγέννητον
1216 2055 1377 2123 πάσης
1405 2057 1564 2117 αἰτίας
1592 2053 1845 2128 ἐξῄρηται,
1896 2058 1971 2123 εἴη
2000 2055 2054 2108 δὲ
2076 2035 2231 2109 πολλοὶ
2258 2052 2393 2126 ἀγέν·

461 2162 614 2209 νητα,
653 2140 1028 2214 ἀπαράλλακτον
1052 2144 1214 2206 ἕξουσι
1239 2139 1329 2210 τὴν
1368 2139 1534 2207 φύσιν.
1616 2139 1690 2193 Οὐ
1717 2139 1811 2212 γάρ
1843 2139 1904 2194 ὃὶν
1942 2139 2008 2209 μὴ
2048 2138 2390 2211 ἀποκληρώσει

464 2225 662 2293 φύσεώς
693 2250 829 2291 τινος
855 2233 1030 2282 κοινοῦ
1055 2229 1141 2281 καὶ
1173 2230 1302 2280 ἰδίου
1329 2233 1645 2294 μετειληφυῖα
1675 2223 1706 2295 ἦ
1730 2227 1818 2295 μὲν
1846 2228 2016 2291 ἐποίει,
2051 2223 2085 2294 ἦ
2111 2227 2163 2280 δὲ
2194 2228 2389 2297 ἐγίνετο.

604 2397 696 2469 μγ’.
753 2402 824 2453 Εἰ
860 2406 1007 2470 πᾶσα,
1038 2399 1184 2452 οὐσία
1226 2399 1353 2452 ἐστὶν
1392 2395 1689 2468 ἀγέννητος,
1740 2396 2047 2468 οὐδοποτέρα
2091 2400 2262 2451 διοίσει
2306 2403 2393 2466 τῆς

461 2483 606 2552 ἄλλης
635 2483 762 2538 κατὰ
800 2484 854 2538 τὸ
901 2485 1188 2538 ἀδέσποτον.
1267 2489 1388 2545 Πῶς
1416 2477 1507 2536 οὐν
1538 2482 1597 2535 ἄν
1626 2505 1699 2546 τις
1738 2488 1861 2550 φαίη
1899 2482 1988 2552 τὴν
2031 2483 2117 2552 μὲν
2159 2481 2393 2552 μεταβάλ-

459 2577 650 2635 λεσθαι,
673 2569 763 2639 τήν
787 2571 837 2624 δὲ
864 2569 1190 2639 μεταβάλλειν,
1221 2567 1313 2623 οὐκ
1337 2567 1697 2641 ἐπιτρεπόντων
1720 2575 1790 2642 τῷ
1813 2574 1914 2642 θεῷ
1938 2567 2217 2636 87ὖφιστᾶν
2242 2570 2296 2623 ἐκ
2323 2567 2391 2638 μή

460 2654 786 2724 ’ὑποκειμένης
823 2655 1017 2722 οὐσίας;

600 2741 692 2810 μδ’.
731 2744 804 2794 Εἰ
833 2748 968 2795 πᾶσα
997 2740 1142 2796 οὐσία
1174 2742 1303 2795 ἐστὶν
1345 2738 1630 2811 ἀγέννητος,
1684 2739 1818 2794 πᾶσά
1844 2742 1973 2794 ἐστιν
2006 2738 2389 2811 ἀπαράλλακτος.

470 2833 570 2895 Τῆς
606 2828 660 2881 δὲ
690 2825 860 2890 οὐσίας
883 2826 938 2881 τὸ
970 2825 1343 2897 ἀπαράλλακτον
1369 2825 1572 2894 ἐχούσης
1588 2869 1602 2892 ,
1640 2825 1694 2880 τὸ
1717 2834 1877 2881 ποιεῖν
1926 2833 1983 2865 ⁸⁸
1999 2827 2081 2879 καὶ
2107 2823 2160 2878 τὸ
2186 2822 2391 2894 πάσχειν

461 2913 807 2986 αὐτοματισμῷ
846 2911 1126 2966 ἀναθετέον.

601 2997 686 3066 με’.
726 3005 929 3053 Πολλῶν
956 2999 1008 3052 δὲ
1034 2996 1192 3052 ὄντων
1221 2996 1493 3068 ἀγεννήτων
1531 3000 1617 3051 καὶ
1654 2995 2068 3068 ἀπαραλλάκτων,
2107 2993 2390 3067 ἀναριθμή-

457 3107 552 3146 τως
582 3088 851 3138 διοίσουσιν
878 3083 1107 3152 ἀλλήλων.
1187 3082 1263 3137 Οὐ
1292 3082 1383 3154 γάρ
1412 3081 1473 3136 ἂν
1506 3086 1580 3151 εἰή
1607 3082 1858 3154 ἀριθμητά
1886 3081 1946 3136 τά
1979 3086 2212 3136 διεστῶτα
2238 3080 2270 3150 ἢ
2304 3104 2390 3135 κα-

458 3171 650 3236 θόλου,
689 3170 723 3238 ἢ
752 3169 876 3224 κατά
903 3193 971 3237 τι,
1010 3172 1172 3237 πάσης
1205 3167 1502 3230 διαστάσεως
1535 3167 1952 3240 8“-)(>Ξπο-κλήρωσίν
1979 3189 2087 3220 τινα
2118 3167 2386 3235 ἐμφαινού-

459 3274 548 3324 σης
590 3259 818 3309 9οαἰτίου
856 3255 1252 3326 ἀποτεταγμένης
1293 3253 1558 3324 ἀγεννήτου
1596 3254 1805 3321 φύσεως.

514 3358 582 3401 77.
634 3354 737 3401 αὐτὸ
785 3357 935 3401 ἑαυτοῦ
976 3361 1125 3399 restitui
1176 3371 1224 3399 ex
1267 3359 1395 3408 Refut.
1508 3355 1575 3398 82.
1607 3355 1649 3400 ἐν
1677 3355 1750 3411 μὲν
1773 3353 1827 3410 δὴ
1855 3351 2001 3398 ἀτελεῖ
2022 3357 2161 3406 scripsi
2188 3367 2237 3396 ex
2260 3366 2389 3397 emen-

460 3417 582 3467 Vulyo
612 3418 752 3467 legitur
782 3410 911 3463 αὐτὸς
941 3410 1083 3457 αὐτοῦ.
1453 3415 1536 3454 dat.
1578 3416 1742 3456 Petavii.
1817 3414 1986 3463 Vulyata
2025 3415 2220 3463 scriptura
2259 3416 2312 3453 est
2350 3409 2388 3455 εἰ

515 3472 579 3513 725.
611 3466 659 3514 ἂν
691 3486 767 3513 non
793 3475 966 3524 a9n0scit
989 3474 1172 3523 gemellus
1195 3477 1236 3512 in
1267 3473 1393 3523 Resut.
1454 3468 1526 3525 μὲν
1552 3468 1606 3524 δὴ
1634 3466 1777 3522 ἀτελῆ.
1836 3471 1945 3520 Infra
1971 3471 2111 3520 leyitur
2138 3467 2176 3511 εἰ
2200 3466 2273 3522 μὲν
2296 3471 2388 3512 δια-

458 3530 575 3569 locus.
1449 3528 1593 3570 τελῶν.
1651 3527 1730 3567 Pro
1754 3523 1983 3579 διαμένειε,
2028 3528 2132 3576 quod
2152 3527 2267 3578 vulgo
2294 3527 2388 3577 legi-

515 3584 582 3626 79.
600 3582 678 3641 ὁρᾷ
703 3588 810 3637 infra
837 3588 990 3636 le9itur,
1020 3590 1060 3626 at
1083 3587 1144 3626 hic
1168 3587 1257 3625 libri
1278 3596 1392 3635 prae·
1451 3589 1540 3636 tur,
1569 3585 1718 3625 restitui
1742 3580 1930 3635 διαμένει
1955 3595 2003 3622 ex
2031 3584 2158 3634 Refut.

461 3643 546 3680 bent
576 3638 689 3693 ὁρᾶν.
1509 3641 1577 3683 83.
1605 3642 1855 3689 Reposuerim
1886 3635 2005 3681 αὐτὸ.

518 3697 584 3736 80.
628 3697 821 3752 δευτέρου
856 3700 963 3739 edidi
1000 3711 1048 3739 ex
1091 3701 1218 3751 Refut.
1290 3700 1398 3738 Libri
1509 3694 1575 3738 84.
1608 3690 1735 3737 αὐτοῦ
1764 3697 1882 3746 infra.

464 3756 561 3793 enim
593 3755 627 3792 h.
660 3756 684 3792 l.
714 3757 853 3795 habent
882 3754 1090 3809 δευτέραν.
1510 3752 1576 3794 85.
1609 3751 1695 3806 ἔχει
1724 3753 1834 3792 codd.
1865 3764 1958 3794 mss.
1987 3757 2157 3804 uterque.

517 3811 581 3852 251.
612 3805 839 3866 ἀγεννήτου
868 3813 988 3866 infra.
1010 3839 1013 3844 -
1510 3807 1582 3850 86.
1608 3805 1940 3865 ὁμολογουμένης
1966 3811 2085 3862 infra.
