2508 4134
269 768 378 823 Κεφ.
403 763 455 822 γ’.

280 961 365 998 pag.
394 950 469 986 915.

501 224 599 289 19'4
1205 246 1419 288 SANCTI-
1443 247 1723 288 EHPHANH

495 343 582 397 τόν
604 341 715 395 υῖὸν
752 340 925 405 ἀξιοῦν
962 344 1137 405 ἔδοξεν.
1210 341 1285 395 Οὐ
1318 349 1385 415 τῷ
1414 341 1569 416 ὁμοίῳ
1604 345 1656 396 δὲ
1689 343 1832 396 αὐτοὶ
1872 343 2232 415 ἐπερειδόμενοι
2272 345 2432 414 μόνον

493 428 583 496 τὴν
612 426 845 480 σύστασιν
876 434 962 494 τῆς
992 431 1199 489 πίστεως
1225 429 1308 480 καὶ
1334 426 1388 481 τὸ
1415 433 1657 499 γεραίρειν
1683 428 1774 496 τὴν
1806 426 1984 497 τριάδα
2015 428 2218 498 άληθῶς
2246 430 2432 485 ἐνιστά-

496 534 633 581 μενοι
660 509 1009 581 ὁμολογοῦμεν.
1086 511 1310 583 Καὶνγοὶρ
1339 515 1424 566 καὶ
1463 513 1675 584 ἄργυρος
1708 515 1974 586 κασσιτέρῳ
2001 512 2289 583 ὁμοιοῦται,
2343 518 2426 571 καὶ

494 596 673 668 χρυσὸς
711 603 896 669 χαλκῷ,
946 600 1031 650 καὶ
1069 597 1302 669 μόλιβδος
1332 597 1549 671 σιδήρῳ,
1597 600 1681 652 καὶ
1718 603 1853 652 λίθοι
1894 603 2048 666 τίμιοι
2089 603 2430 668 ἐξομοιοῦνται

495 682 649 756 ὖέλῳ,
689 684 770 735 καὶ
811 680 871 735 οὕ
905 680 958 735 τό
999 682 1174 750 ὅμοιον
1210 682 1301 751 τὴν
1338 682 1491 749 φύσιν
1529 687 1696 751 δηλοῖ,
1736 682 1853 738 ἄλλά
1889 683 1943 738 τό
1983 685 2277 754 ἀπείκασμά,

635 766 883 820 Ἐνταῦθα
912 768 962 820 δὲ
990 766 1126 836 ἡμεῖς
1153 770 1236 821 καὶ
1263 769 1371 838 περὶ
1401 775 1489 835 τῆς
1514 776 1712 838 γραφῆς
1743 767 2080 840 ὁμολογούσης
2107 770 2193 824 τόν
2224 769 2337 824 υἱὸν
2367 774 2430 825 εἰ·

493 852 620 908 κόνα
659 859 786 906 θεοῦ
829 859 920 906 τοῦ
964 851 1182 921 άοράτου
1220 851 1456 923 ὑπάρχειν
1496 852 1585 920 τὴν
1623 853 1836 923 δύναμιν
1872 862 1958 923 τῆς
1985 860 2127 918 θείας
2156 863 2354 927 γραφῆς
2377 859 2430 910 ἐκ

494 943 639 1001 θείας
668 942 858 1006 δωρεᾶς
885 936 1240 1006 ἠκριβωκότες,
1278 945 1365 1005 τῆς
1391 936 1621 1005 φησάσης
1656 943 1972 1009 Φαρισαίοις,
2018 941 2125 995 Οὐκ
2150 945 2314 995 οἴδατε
2343 940 2432 1005 τάς

491 1022 715 1096 γραφάς,
770 1021 885 1076 οὐδὲ
917 1023 1006 1091 τὴν
1045 1022 1256 1090 δύναμιν
1281 1030 1370 1076 τοῦ
1399 1029 1550 1088 θεοῦ,
1607 1025 1911 1093 ἐπιστάμεθα
1948 1020 2038 1079 οὖν
2075 1026 2243 1095 διττὴν
2270 1021 2427 1081 οὖσαν

491 1110 675 1178 ταύτην
703 1107 792 1177 τὴν
821 1110 1004 1177 σχέσιν·
1054 1106 1145 1176 τὴν
1177 1106 1449 1177 ἀπόχρησιν
1477 1109 1530 1160 δὲ
1560 1106 1628 1171 ὥς
1657 1108 1754 1163 άπὸ
1793 1108 2068 1179 ἀνθρώπου
2097 1112 2432 1181 λαμβάνοντες

490 1194 619 1266 πρὸς
657 1193 965 1264 παράστασιν
1002 1192 1233 1263 φράσεως
1263 1197 1517 1260 δηλοῦμεν.
1595 1195 1695 1246 Καὶ
1727 1193 1820 1264 γάρ
1856 1187 1943 1249 καὶ
1974 1195 2254 1267 άνθρώπου
2286 1197 2431 1252 εἰκοὸν

489 1283 694 1352 λέγεται,
745 1281 829 1332 καὶ
859 1277 948 1348 οὐχ
971 1277 1130 1346 ὁμοία.
1202 1277 1264 1330 ‘H
1288 1279 1375 1345 μὲν
1402 1279 1495 1348 γάρ
1523 1280 1623 1332 ἐστι
1650 1277 1731 1331 διά
1756 1281 2026 1349 χρωμάτων
2055 1280 2427 1350 άπεικαζομένη,
2493 1327 2503 1336 .

489 1365 524 1434 ἡ
551 1366 602 1419 δὲ
627 1364 710 1418 διὰ
737 1371 824 1432 τῆς
850 1371 1134 1435 γεννητικῆς
1162 1361 1569 1431 ὅμοουσιότητος,
1609 1361 1678 1426 ὥς
1702 1370 1793 1418 τοῦ
1823 1368 2132 1435 γεννωμένου
2161 1370 2276 1420 υἱοῦ
2302 1366 2430 1437 πρός

489 1450 576 1504 τὸν
602 1452 788 1520 πατέρα
810 1455 1246 1519 χαρακτηρίζοντος
1275 1448 1327 1502 τὸ
1358 1451 1517 1518 γένος·
1568 1447 1976 1518 άπεικονίσματος
2012 1453 2065 1505 δὲ
2091 1451 2266 1506 λοιπόν
2301 1450 2429 1523 εὕρι-

491 1539 760 1605 σκομένου,
811 1534 1112 1602 ταυτότητός
1150 1555 1199 1586 τε
1232 1536 1316 1587 καὶ
1345 1532 1732 1602 ὖμοουσιότητος
1757 1538 1842 1589 καὶ
1881 1537 2244 1606 ἐκτυπώματος.
2322 1540 2423 1591 Καὶ

489 1625 618 1676 ἔστιν
656 1621 777 1689 ἡμῖν
809 1618 838 1673 ὅ
873 1618 1139 1690 μονογενὴς
1178 1618 1289 1681 υίός
1330 1626 1420 1673 τοῦ
1466 1627 1618 1686 θεοῦ,
1669 1618 1848 1675 ταύτόν
1887 1623 1978 1689 μὲν
2014 1629 2073 1696 τῇ
2111 1629 2200 1676 τοῦ
2241 1621 2443 1694 πατρὸς·

487 1708 691 1775 θεότητι
733 1707 817 1758 καὶ
861 1706 1002 1778 ἀξία,
1055 1707 1140 1757 καὶ
1179 1708 1285 1767 ἰ’σος
1322 1705 1406 1758 διοὶ
1429 1712 1519 1773 τῆς
1544 1705 1786 1775 ἀληθινῆς
1815 1706 2004 1770 εἰκόνος
2033 1710 2117 1761 καὶ
2145 1706 2426 1777 ὁμοιώσεως

487 1792 548 1847 οὐ
584 1793 1014 1862 παρηλλαγμένης,
1080 1788 1227 1854 low),
1249 1788 1656 1861 α’παραλλάκτου,
1710 1791 1777 1854 ὥς
1803 1792 1910 1855 υἷός
1948 1794 2000 1846 ἐκ
2031 1793 2215 1864 πατρὸς
2253 1793 2427 1862 άληθι·

486 1885 584 1941 νῶς
625 1880 705 1930 καὶ
745 1875 1022 1944 ὅμοουσίως
1050 1878 1410 1946 γεγεννημένος.
1492 1877 1636 1930 Οὕτω
1669 1880 1752 1931 καὶ
1795 1880 1876 1931 ἐπὶ
1913 1885 2002 1932 τοῦ
2037 1876 2183 1948 άγίου
2211 1879 2426 1948 πνεύμα-

483 1986 567 2026 τος
595 1960 678 2016 διά
708 1961 763 2016 τὸ
793 1965 845 2015 ἐκ
872 1960 1058 2031 πατρὸς
1089 1964 1327 2026 ἐξελθεῖν,
1367 1965 1411 2014 εἰ
1437 1964 1521 2015 καὶ
1554 1961 1614 2016 οὐ
1638 1965 1942 2034 γεγέννηται,
1997 1963 2081 2017 διά
2106 1962 2160 2017 τό
2194 1971 2284 2018 τοῦ
2313 1967 2428 2019 υΐοῦ

484 2050 756 2119 μονογενές.
836 2041 997 2109 Οὗτος
1024 2048 1076 2100 δὲ
1105 2045 1133 2100 ὁ
1153 2047 1343 2109 Ἀέτιος
1369 2050 1722 2119 περισσοτέρως
1751 2051 2018 2117 βουληθεὶς
2050 2049 2334 2118 ἀντιστῆναι
2362 2059 2426 2124 τῇ

480 2142 569 2202 τῆς
596 2132 832 2201 ἀληθείας
858 2130 1091 2205 ὁμολογίᾳ
1121 2130 1237 2186 οὐδὲ
1262 2130 1315 2185 τὸ
1345 2131 1525 2200 ὅμοιον
1552 2137 1667 2187 υἱοῦ
1690 2133 1815 2203 πρός
1842 2137 2029 2204 πατέρα
2056 2140 2281 2205 πειρᾶται
2305 2132 2424 2203 ὅμο-

481 2227 662 2290 λογεῖν·
702 2222 754 2273 οἷ
781 2219 868 2287 μὲν
897 2217 988 2288 γάρ
1017 2216 1150 2270 ἄλλοι
1180 2225 1278 2271 τῶν
1299 2217 1585 2287 Ἀρειανῶν,
1639 2225 1665 2255 ²
1683 2225 1778 2272 τῶν
1812 2218 1913 2272 ἀπὸ
1943 2226 2233 2273 Λουκιανοῦ
2259 2241 2309 2273 τε
2335 2223 2421 2274 καὶ

476 2304 784 2376 Ὡριγένους,
841 2303 1073 2370 λαβόντες
1111 2301 1198 2370 τὴν
1239 2303 1520 2371 πρόφασιν,
1574 2304 1827 2374 γεγονότες
1861 2304 1962 2373 ἅμα
2005 2304 2268 2378 3Ἀστερίςο
2317 2308 2413 2359 τινὶ

481 2389 583 2444 ἆπό
625 2395 874 2457 σοφιστῶν
916 2387 1046 2453 ὅντι,
1102 2388 1355 2441 ἐκπεσόντι
1397 2390 1449 2442 δὲ
1480 2392 1532 2443 έν
1557 2395 1623 2462 τῷ
1651 2394 1849 2463 διωγμῷ
1885 2396 1952 2463 τῷ
1983 2391 2066 2443 ἐπὶ
2098 2384 2420 2459 Μαξιμῖανοῦ

480 2474 716 2546 γεγονότι.
801 2474 938 2535 Τινὲς
967 2475 1051 2540 μὲν
1079 2473 1171 2543 γάρ
1202 2471 1379 2538 αὐτόν,
1423 2472 1490 2536 αἷς
1516 2476 1568 2527 ἐν
1596 2482 1703 2537 ταῖς
1730 2474 1830 2528 ἅνω
1862 2497 1946 2543 μοι
1971 2478 2181 2545 αἱρέσεσι
2209 2475 2418 2545 δεδήλω-

480 2585 559 2614 ται
589 2560 667 2614 ὅτι
691 2564 868 2628 κτίσμα
909 2557 995 2611 τόν
1024 2559 1136 2612 υἱὸν
1167 2566 1255 2612 τοῦ
1285 2566 1411 2613 θεοῦ
1437 2562 1639 2622 ἕκαστος
1664 2566 1762 2613 τῶν
1789 2563 2159 2631 προειρημένων
2187 2559 2417 2633 ὦρίσατο,

478 2648 564 2700 καὶ
599 2645 653 2699 τὸ
697 2651 891 2712 πνεῦμα
927 2644 981 2697 τὸ
1011 2643 1152 2714 ἅγιον
1190 2648 1368 2712 κτίσμα
1410 2649 1669 2712 κτίσματος
1696 2648 1950 2711 ἐδίδαξαν,
2003 2648 2129 2710 τινὲς
2168 2648 2220 2701 δὲ
2258 2651 2420 2720 ἔλεγον

480 2731 658 2800 ’ὅμοιον
690 2728 816 2783 εἶναι
840 2728 926 2782 τόν
951 2729 1062 2782 υἱόν
1090 2736 1155 2802 τῷ
1185 2732 1356 2799 πατρὶ,
1414 2733 1459 2783 εί
1484 2733 1569 2783 καὶ
1597 2736 1774 2799 κτίσμα
1808 2730 1959 2786 αὐτὸν
1992 2729 2246 2801 ὥρίσαντο.
2318 2728 2415 2787 Οὗ-

477 2839 564 2878 τος
595 2816 645 2869 δὲ
671 2814 723 2869 τὸ
751 2821 851 2868 πᾶν
878 2822 966 2880 τῆς
994 2816 1312 2884 ἐκείνωνμὲν
1338 2818 1610 2886 εἰρωνείας,
1651 2819 1778 2880 ἰδίας
1806 2818 1860 2871 δὲ
1884 2815 2104 2886 ἀσεβείας
2127 2817 2418 2887 ἁπεκάλυψε

477 2907 729 2972 τηλαυγῶς
751 2900 806 2954 τὸ
834 2907 922 2954 τοῦ
950 2900 1194 2970 δόγματος
1220 2901 1344 2970 πρός
1371 2899 1455 2954 τὸν
1482 2901 1657 2971 κύριον
1683 2901 1869 2970 ἀπηνές
1895 2923 1944 2955 τε
1970 2903 2053 2955 καὶ
2080 2902 2415 2973 ἀναίσχυντον.

480 2990 580 3040 Καὶ
611 2984 678 3049 ὥς
706 2987 793 3054 μὲν
823 2988 916 3054 ἔχει
951 2983 982 3053 ἦ
1007 2983 1246 3054 άλήθεια,
1301 2987 1586 3040 δικαιότατα
1611 2986 1736 3058 πρὸς
1765 2986 1881 3050 τούς
1917 2986 1970 3041 τό
2005 2992 2182 3057 κτίσμα
2220 3011 2414 3060 παρεις-

480 3075 721 3143 φέροντας
762 3073 1063 3126 ἀποτείνεται
1113 3070 1141 3138 ἡ
1167 3071 1345 3125 τούτου
1378 3079 1469 3125 τοῦ
1507 3071 1691 3126 Ἀετίου
1723 3094 1771 3125 τε
1803 3075 1886 3125 καὶ
1915 3070 2188 3148 ’Λνομοίου
2219 3077 2412 3145 λεγομέ.

476 3181 568 3211 νου
605 3164 692 3211 τοῦ
730 3157 880 3228 λόγου
920 3156 1248 3226 άκριβολογία.
1327 3163 1440 3209 Πᾶν
1469 3156 1561 3227 γάρ
1590 3157 1645 3211 vd
1678 3156 1870 3211 κτιστὸν
1914 3155 2153 3225 οἷνόμοιον
2190 3159 2415 3230 τυγχάνει

478 3249 544 3316 τῷ
575 3242 816 3296 κεκτικότι
835 3286 848 3308 ,
896 3242 990 3295 κᾶν
1016 3263 1064 3294 τε
1091 3242 1215 3295 κατά
1245 3243 1387 3312 χάριν
1416 3240 1736 3310 άφομοιοῖτο·
1790 3244 1874 3294 καὶ
1906 3240 1934 3295 ὅ
1960 3247 2127 3305 κτίσας
2162 3250 2231 3318 τῷ
2257 3266 2414 3300 κεκτι..

477 3330 635 3400 σμένφ
677 3325 914 3395 οἷνόμοιος
960 3325 1233 3397 4ὖπάρχει,
1286 3331 1331 3380 εἰ
1370 3330 1449 3380 καὶ
1500 3328 1716 3397 χρώμασι
1754 3325 2013 3396 διαφόροις
2051 3327 2171 3382 αὐτὸ
2212 3338 2412 3399 κοσμεῖν

477 3412 758 3484 πειράσοιτο
776 3455 789 3479 ,
829 3415 873 3466 εἰ
897 3413 965 3481 μή
996 3436 1041 3467 τι
1070 3412 1131 3466 ὂῖν
1158 3411 1283 3484 πρὸς
1313 3411 1618 3482 άπεικασμὸν
1645 3415 1730 3466 καὶ
1763 3410 2087 3480 άπεικόνισμα
2112 3413 2235 3468 και-οὶ
2263 3419 2405 3484 μίμη-

535 3557 632 3598 Cn.
656 3558 726 3597 ΙΙΙ.
765 3581 818 3588 --
881 3558 914 3598 1.
962 3551 1051 3600 ἀλλ’
1094 3553 1416 3611 οἷπαραλλάκτου
1473 3561 1557 3599 rius
1584 3559 1677 3609 quid
1702 3559 1925 3608 coyitaverit
1951 3562 2091 3598 nescio.
2153 3560 2272 3600 Vertit
2301 3559 2409 3600 Nam

475 3614 558 3653 cod.
590 3616 666 3654 len.
705 3619 739 3654 et
777 3616 836 3654 ed.
873 3616 995 3664 princ.
1038 3609 1143 3656 ἀλλὰ
1175 3610 1415 3668 ἀπαραλλά-
1474 3615 1541 3655 alii
1576 3613 1711 3654 Ariani
1740 3628 1763 3652 a
1795 3612 1973 3653 Luciano
2003 3624 2047 3654 et
2075 3614 2243 3669 Origine
2282 3630 2409 3656 acce-—

475 3682 574 3710 κτου
603 3672 686 3710 cod.
722 3673 884 3722 Rhediy.
943 3664 1031 3713 ἀλλ’
1068 3666 1312 3725 ἀπαράκτου
1354 3673 1412 3712 ed.
1473 3680 1545 3725 pta
1575 3669 1826 3722 occasione,
1870 3678 1912 3710 et
1951 3669 2020 3710 alii
2060 3671 2128 3727 qui
2169 3672 2406 3719 conversati

476 3726 611 3765 Pelav.
642 3729 788 3766 vitiose.
1470 3735 1565 3767 sunt
1605 3740 1695 3767 cum
1724 3725 1885 3766 Asterie
1926 3727 2112 3781 sophista
2151 3728 2235 3794 qui·
2250 3728 2404 3770 excidit

531 3782 570 3821 2.
600 3780 683 3823 τῶν
711 3783 874 3832 fortusse
904 3784 1109 3824 delendum
1137 3789 1203 3827 est.
1264 3786 1412 3826 Corna-
1469 3783 1510 3824 in
1538 3780 1824 3838 persecutione
1849 3791 2037 3838 tempore
2068 3785 2306 3826 Maxumani
2331 3785 2401 3826 fa—
