2508 4134
213 1746 324 1802 Κεφ.
352 1745 406 1791 2¹.

430 283 498 334 24
1139 281 1347 324 SANCTI
1374 281 1661 324 EPIPHANII

433 386 500 451 ὥς
531 389 660 441 ἔστιν
688 387 740 438 ἐν
778 381 897 455 δόξῃ
929 377 1266 452 ἆκαταλήπτφ.
1343 380 1445 431 Καὶ
1475 384 1633 431 ταῦτα
1663 379 1751 446 μὲν
1785 379 1959 443 καθώς
1989 382 2269 451 ἐχωροῦμεν
2299 384 2369 444 εἷς

434 473 721 540 δοξολογίαν
751 472 879 520 θεοῦ
915 463 1119 532 στόματι
1142 461 1459 536 α’νθρωπίνῳ
1489 462 1763 532 εἰρήκαμεν.
1842 465 1916 517 Οὔ
1941 464 2038 536 γάρ
2068 468 2241 535 ἔχομεν
2272 468 2366 520 ἑτέ·

436 579 525 627 ρας
551 558 783 622 φθογγῆς
811 555 983 619 χρῆσιν
1008 546 1132 619 ὑπὲρ
1162 547 1251 616 τήν
1280 550 1334 602 ἐκ
1362 553 1488 601 θεοῦ
1514 545 1634 616 ἡμῖν
1659 550 1714 601 ἐν
1744 550 1903 622 μέτρω
1928 553 2183 616 δοθεῖσαν,
2221 552 2371 604 εἶκαὶ

435 646 505 712 τῷ
543 643 614 711 νῷ
657 632 1003 703 περισσότερον
1039 635 1148 701 περὶ
1193 639 1322 686 θεοῦ
1364 630 1794 700 ὑπολαμβάνομεν.
1859 631 1986 686 Ἀλλ’
2024 631 2114 703 οὐχ
2151 632 2310 688 όπόσα
2341 633 2372 689 ό

435 730 554 784 νοῦς
586 724 703 789 ἔχει,
750 725 963 772 τοσαῦτα
994 717 1199 771 δύναται
1227 717 1282 771 τό
1311 717 1468 785 στόμα
1501 718 1678 787 λέγειν,
1729 718 1888 789 μέτρῳ
1913 717 2370 787 ἆποκεκλεισμένον,

434 810 518 860 καὶ
541 803 863 872 συνεχόμενον
886 810 991 864 τοῖς
1018 810 1315 870 σωματικοῖς
1340 800 1583 872 ὀργάνοις.
1658 799 1752 855 Διὸ
1782 803 1864 855 καὶ
1888 812 2230 875 &manvei
2250 803 2374 867 θεὸς

435 888 561 958 παρ’
581 887 723 956 ἡμῶν
753 887 1115 957 ἀποδεχόμενος
1143 887 1233 955 τὴν
1258 889 1370 956 περὶ
1398 885 1552 939 αὐτοῦ
1579 889 1765 953 εἴδησιν
1793 888 1878 939 καὶ
1907 890 2210 957 δοξολογίαν,
2247 885 2371 958 ’ὖπὲρ

434 974 522 1041 τὴν
561 972 703 1042 ἡμῶν
739 972 949 1040 δύναμιν
990 975 1415 1041 ἐπεκτεινομένην,
1481 971 1592 1039 οὐχὶ
1634 976 1737 1043 θεῷ
1776 973 2077 1039 χαρίσασθαί
2103 985 2190 1037 τι,
2253 970 2374 1025 ἆλλοὶ

436 1064 712 1128 δοξολογεῐν
737 1058 791 1111 τὸ
822 1066 964 1111 θεῖον
991 1057 1116 1110 κατὰ
1145 1057 1380 1125 δύναμιν,
1419 1059 1486 1118 εἰς
1516 1054 1569 1108 τὸ
1601 1054 1854 1122 Ὑεῦσεβῶς
1882 1061 2157 1124 φρονῆσαι,
2193 1058 2277 1110 καὶ
2305 1054 2374 1125 μὴ

438 1147 659 1198 ἐκπεσεῖν
698 1149 786 1209 τῆς
820 1141 975 1196 αὐτοῦ
1007 1142 1204 1210 χάριτος
1231 1144 1315 1195 καὶ
1347 1141 1598 1209 άληθείας.
1680 1146 1844 1192 Ταῦτα
1871 1139 1925 1193 δὲ
1946 1142 2068 1218 περὶ
2097 1146 2187 1194 τοῦ
2207 1135 2373 1207 <ςζδιόῦ

436 1227 634 1282 Αὕδίου
671 1230 756 1280 καὶ
791 1233 890 1280 τῶν
927 1225 1199 1280 Αὕδιανοῖν
1241 1226 1656 1294 διαλαμβάνοντες
1699 1222 2044 1291 ἐξείπομενῑῡᾶ
2084 1221 2172 1278 ὕπ’
2208 1214 2375 1278 αῦτῶν

437 1313 696 1383 λεγόμενα,
746 1310 824 1373 οἷς
854 1312 979 1364 κατά
1018 1310 1072 1365 τό
1106 1310 1354 1365 ἰδιωτικόν
1384 1313 1469 1364 καὶ
1493 1310 1635 1363 αὐτοὶ
1664 1309 2002 1379 διηγούμενοι,
2051 1311 2135 1362 καὶ
2161 1308 2286 1364 κατὰ
2318 1307 2373 1363 τό

440 1398 721 1465 φιλόνεικον
757 1400 809 1451 ἐν
845 1396 1038 1459 τούτοις
1062 1396 1363 1464 άντέχονται,
1403 1396 1642 1466 ἀπρεπῶς
1669 1393 2090 1464 διισχυριζόμενοι.

570 1735 779 1804 ’Έχουσι
818 1736 870 1788 δὲ
905 1737 989 1788 καὶ
1027 1732 1146 1789 ὄῖλλα
1183 1733 1316 1800 τινά,
1371 1733 1433 1789 δι’
1471 1734 1595 1805 ἅπερ
1634 1734 1840 1803 μάλιστα
1889 1738 2111 1789 ’ἵστανται
2155 1737 2379 1804 περισσό-

439 1842 582 1891 τερον
630 1819 720 1888 τὴν
765 1825 1004 1890 διαίρεσιν
1039 1819 1366 1888 ποιησάμενοι
1411 1826 1500 1888 τῆς
1537 1822 1820 1887 ἐκκλησίας,
1878 1818 1941 1873 δι’
1985 1814 2047 1888 ἧς
2082 1821 2167 1874 καὶ
2204 1819 2379 1883 ἄλλους

442 1905 713 1973 πτύραντες
749 1907 984 1967 πολλάκις
1020 1905 1351 1959 ἀνθέλκουσιν
1385 1904 1490 1978 ,ἀπὸ
1531 1911 1617 1972 τῆς
1654 1907 1935 1973 ἐκκλησίας,
1990 1904 2379 1977 παρελκύσαντες

444 1989 629 2059 ἄνδρας
665 2011 714 2042 τε
749 1992 832 2042 καὶ
870 1998 1121 2059 γυναῖκας.
1197 1988 1345 2043 Μετά
1382 1989 1474 2061 γάρ
1509 1987 2064 2057 Ἰουδαίωνβούλονται
2100 1989 2155 2044 τό
2200 1990 2377 2059 Πάσχα

443 2077 700 2139 ἐπιτελεῖν,
755 2076 1004 2128 τουτέστιν
1041 2067 1081 2148 ᾧ
1127 2080 1284 2147 καιρῷ
1323 2078 1374 2128 οἷ
1405 2073 1640 2128 Ἰουδαῖοι
1690 2080 1890 2128 ποιοῦσι
1938 2074 1998 2128 τά
2050 2073 2164 2146 παρ’
2209 2074 2381 2138 αὐτοῖς

426 2156 635 2227 ’Ἁζυμα,
663 2160 769 2212 τότε
806 2159 948 2212 αὐτοὶ
977 2166 1312 2226 φιλονεικοῦσι
1342 2158 1397 2213 τό
1425 2159 1601 2227 Πάσχα
1629 2157 1786 2229 άγειν·
1821 2163 1908 2213 καὶ
1934 2163 2090 2228 δῆθεν
2119 2161 2192 2214 ὅτι
2220 2158 2380 2222 οὕτως

239 2264 325 2300 pag.
349 2256 424 2292 821.
445 2238 508 2312 ἦν
534 2242 568 2312 ἦ
599 2247 827 2311 ἐκκλησία
856 2246 1117 2314 φερομένη.
1193 2247 1267 2297 Εἴ
1291 2266 1342 2314 γε
1373 2246 1458 2297 καὶ
1487 2243 1634 2314 λόγον
1671 2246 2160 2313 σεσυκοφαντημένον
2190 2244 2381 2299 δεικνύ-

444 2347 556 2383 ουσι
576 2337 680 2391 τοῖς
706 2332 1139 2397 ἐκκλησιαστικαῖς,
1163 2327 1287 2382 κατά
1315 2335 1459 2383 τοῦτο
1490 2328 1544 2381 τό
1571 2330 1735 2399 μέρος,
1766 2329 2041 2395 φάσκοντες
2067 2328 2167 2383 ἀπὸ
2205 2335 2378 2383 ιΚων-

445 2418 705 2467 σταντίνου
737 2413 820 2468 διά
850 2413 939 2481 τήν
966 2414 1092 2483 πρὸς
1123 2413 1206 2467 τὸν
1233 2415 1460 2481 βασιλέα,
1499 2415 1647 2481 φησὶ,
1685 2418 2111 2482 προςωποληψίαν
2145 2421 2376 2468 2καταλε-

442 2503 641 2552 λοίπατε
665 2498 755 2566 τήν
784 2505 883 2551 τῶν
910 2501 1137 2567 πατέρων
1164 2500 1278 2568 περὶ
1304 2505 1396 2551 τοῦ
1419 2497 1596 2566 Πάσχα
1624 2500 1798 2567 ἑορτῆς
1830 2497 2151 2562 άκολουθίαν,
2175 2502 2260 2552 καὶ
2287 2498 2377 2566 τήν

443 2581 632 2652 ἡμέραν
663 2583 984 2651 μετηλλάξατε
1023 2586 1092 2645 εἰς
1134 2582 1188 2636 τό
1232 2589 1464 2651 καθῆκον
1501 2589 1592 2636 τοῦ
1632 2585 1880 2651 βασιλέως.
1964 2584 2100 2646 Τινὲς
2139 2585 2191 2637 δὲ
2233 2582 2382 2637 πάλιν

444 2667 570 2720 κατά
611 2666 665 2722 τό
703 2672 833 2721 ἴδιον
864 2667 1145 2733 φιλόνεικον
1182 2666 1421 2737 ὁρίζονται
1457 2667 1556 2733 ὅτι,
1595 2667 1715 2721 ’Ὅτε
1746 2668 1807 2721 τά
1847 2671 2073 2740 γενέθλια
2108 2675 2199 2722 τοῦ
2240 2675 2379 2722 Κων·

445 2757 721 2818 σταυτίνου,
759 2753 866 2806 τότε
892 2753 1299 2821 μετεποιήσασθε,
1338 2755 1479 2821 φησὶ,
1518 2751 1573 2806 τό
1609 2753 1797 2820 Πάσχα.
1852 2756 1951 2806 Καὶ
1983 2753 2139 2820 εἰμὲν
2164 2758 2223 2826 τῇ
2254 2754 2383 2827 αὐτῇ

446 2835 605 2910 ἡμέρᾳ
648 2837 703 2891 τό
736 2838 912 2906 Πάσχα
945 2837 1086 2908 ἤγετο
1116 2836 1219 2890 κατ’
1270 2840 1405 2902 ἔτος,
1457 2839 1540 2890 καὶ
1577 2844 1636 2911 τῇ
1664 2838 1791 2912 αὐτῇ
1819 2837 2013 2908 ὥρίσθη
2043 2844 2187 2891 τοῦτο
2220 2847 2383 2891 ποιεῖν

452 2929 473 2959 3
495 2925 573 2975 ἐπὶ
602 2930 689 2990 τῆς
716 2926 796 2976 ἐπὶ
828 2927 1206 2976 Κωνσταντίνου
1240 2927 1566 2990 συναχθείσης
1595 2922 1812 2976 συνόδου
1839 2921 2059 2976 πιθανόν
2095 2916 2156 2990 ἦν
2182 2921 2238 2976 τὸ
2270 2921 2383 2993 παρ’

447 3007 618 3068 αὐτοῖς
642 3007 927 3077 λεγόμενον·
968 3006 1116 3061 όπότε
1146 3008 1198 3060 δὲ
1229 3006 1347 3059 καθ’
1377 3009 1579 3060 ἕκαστον
1611 3007 1839 3061 ἐνιαυτόν
1862 3007 1922 3061 οὗ
1948 3007 2155 3060 δύναται
2185 3010 2384 3075 ἔχεσθαι

446 3098 533 3157 τῆς
558 3090 710 3158 αὐτῆς
740 3095 923 3160 ψήφου
949 3090 981 3159 ἦ
1007 3091 1299 3156 άκολουθία,
1341 3094 1560 3145 διέπεσεν
1591 3090 1622 3145 ό
1648 3092 1814 3145 αὐτῶν
1841 3093 1998 3162 λόγος.
2078 3092 2151 3144 Οὐ
2181 3091 2271 3163 γάρ
2300 3093 2383 3146 διά

448 3175 502 3227 τό
528 3179 782 3245 γενέθλιον
810 3175 839 3231 ό
863 3176 1090 3244 βασιλεύς
1120 3179 1473 3245 ἐπεμελήσατο,
1529 3176 1646 3230 άλλά
1678 3176 1760 3230 διά
1790 3175 1877 3244 τὴν
1903 3179 2078 3230 ἕνωσιν
2102 3185 2188 3244 τῆς
2218 3180 2384 3245 ἐκκλη-

449 3265 569 3322 σίας.
652 3269 732 3334 Τῷ
773 3260 865 3332 γάρ
895 3261 1001 3316 ὄντι
1041 3262 1132 3315 δύο
1179 3266 1377 3332 μέγιστα
1412 3261 1531 3329 ἡμῖν
1571 3261 1904 3329 κατώρθωσεν
1945 3259 1973 3313 ό
2007 3260 2130 3324 θεός
2169 3261 2252 3316 διά
2294 3270 2383 3317 τοῦ

450 3349 810 3414 προειρημένου
846 3351 1221 3400 Κωνσταντίνου
1265 3353 1355 3399 τοῦ
1396 3345 1787 3413 θεοφιλεστάτου
1822 3348 1906 3398 καὶ
1939 3346 2012 3398 ἀεὶ
2054 3354 2380 3415 μακαριστοῦ,

447 3427 501 3480 τό
533 3430 734 3493 συνάξαι
766 3430 1115 3498 οἰκουμενικήν
1147 3432 1385 3496 σύνοδον,
1436 3433 1520 3484 καὶ
1551 3433 1790 3485 ἐκθέσθαι
1820 3429 1910 3497 τήν
1941 3433 1993 3483 ἐν
2027 3436 2216 3504 Νικαία
2257 3438 2282 3469 4
2302 3436 2378 3486 ἐκ-

447 3520 673 3565 τεθεῖσαν
699 3519 877 3581 πίστιν,
915 3519 999 3569 καὶ
1029 3514 1423 3587 ὁμολογηθεῖσαν
1453 3514 1565 3584 μεθ’
1594 3513 1890 3585 ὑπογραφῆς
1913 3521 2012 3567 τῶν
2040 3515 2383 3571 συνελθόντων

504 3626 542 3668 7.
582 3623 755 3682 εὐσεβὲς
780 3633 863 3671 cod.
895 3634 1055 3684 Rhodiy.
1495 3631 1535 3673 2.
1574 3629 1896 3673 καταλελοίπατε
1930 3633 2185 3672 emendarunt
2237 3635 2386 3673 Corna-

506 3681 603 3723 cst.
636 3684 712 3723 IX.
741 3709 795 3715 —
854 3689 887 3727 l.
920 3691 985 3729 Sic
1015 3692 1227 3731 Cornarius
1248 3695 1282 3731 et
1310 3693 1382 3731 Pe·
1439 3692 1522 3729 rius
1550 3691 1604 3741 (is
1626 3691 1726 3727 enim
1754 3690 1868 3726 vertit
1888 3687 2108 3740 reliquistis
2138 3689 2241 3728 circa
2272 3690 2384 3729 cele-

446 3741 576 3779 tavius
620 3743 886 3783 emendarunt.
953 3747 996 3786 1η
1039 3749 1149 3788 libris
1191 3751 1291 3789 enim
1333 3750 1388 3786 est
1442 3744 1636 3784 britatem
1663 3742 1868 3782 Paschatis
1895 3743 2101 3797 ordinem)
2126 3749 2160 3785 et
2185 3747 2384 3790 PetaviuS.

446 3794 753 3838 Κωνσταντίου.
1444 3803 1487 3843 In
1515 3802 1624 3841 libris
1653 3804 1706 3840 est
1737 3795 2064 3844 καταλελοιπότι.
