2508 4134
228 1052 313 1090 pag.
336 1040 413 1077 883.

207 1389 306 1444 Κεφ
341 1385 414 1433 λε’.

218 3267 328 3322 Κεφ.
349 3265 424 3315 λς’.

430 231 531 284 136
883 279 886 282 .
1144 239 1350 283 SANCTI
1372 241 1655 283 EPIPHANH

428 341 545 405 μίαν
577 335 778 401 οὐσίαν,
834 339 951 405 μίαν
993 335 1231 405 θεότητα·
1279 336 1455 401 καθώς
1495 340 1625 392 ἐστιν
1652 336 1688 407 ἡ
1714 335 1930 406 άληθινή
1958 342 2149 405 πίστις,
2200 337 2235 408 ἦ
2261 335 2360 396 α’πὸ

427 429 525 476 τῶν
549 422 823 487 ἀνέκαθεν,
861 423 1152 492 προφητική
1175 444 1225 476 τε
1253 425 1335 477 καὶ
1366 421 1649 495 εὖαγγελική
1676 425 1763 478 καὶ
1789 422 2112 493 άποστολικὴ,
2150 424 2215 494 ἣν
2235 422 2363 493 οἷμο-

428 508 640 579 λόγησαν
665 510 718 560 οἱ
737 506 1059 571 συνελθόντες
1082 510 1287 577 πατέρες
1315 506 1459 578 ήμῶν
1481 511 1566 564 καὶ
1593 512 1856 564 ἐπίσκοποι
1882 511 1934 564 ἐν
1959 516 2021 584 τῇ
2041 514 2228 584 Νικαίᾳ
2251 527 2365 564 συν-

430 594 559 666 όδῳ,
612 594 693 647 ἐπὶ
737 598 1113 648 Κωνσταντίνου
1152 600 1242 649 τοῦ
1284 595 1522 665 μεγάλου,
1569 597 1655 649 καὶ
1706 594 2079 666 μακαριωτάτου
2116 596 2364 665 βασιλέως.

432 686 479 733 Γ
475 681 630 733 ένοιτο
665 679 718 732 δὲ
756 681 841 732 καὶ
870 678 1022 734 αὐτόν
1059 678 1146 734 τὸν
1171 679 1465 749 τιμιώτατον
1494 683 1737 735 Μελέτιον
1769 680 1929 744 οὕτως
1957 678 2211 753 ὁμολογεῖν
2239 665 2366 736 κατὰ

429 762 547 826 τούς
581 761 665 817 ὑπ’
690 764 841 819 αὐτόν
867 763 1015 828 ὄντας
1046 768 1099 820 έν
1127 772 1190 840 τῇ
1223 765 1484 840 Ἀντιοχείᾳ
1511 769 1595 820 καὶ
1623 770 1676 822 ἐν
1703 765 1861 830 ἄλλοις
1885 769 1982 821 τισὶ
2008 766 2181 830 τόποις
2204 766 2366 830 οὕτως

433 848 811 920 ὁμολογοῦντας.
887 852 1002 904 Εἰσὶ
1041 850 1134 921 γάρ
1171 856 1258 906 καί
1298 873 1425 914 τινες
1462 858 1561 905 τῶν
1601 851 1883 907 δοκούντων
1922 849 2057 927 αὐτῷ
2092 859 2367 918 κοινωνεῖν,

431 938 514 990 καὶ
552 943 613 1011 τῇ
648 935 752 990 κατ’
781 935 933 991 αὐτόν
969 936 1190 1011 συνόδῳ,
1229 941 1635 1006 βλασφημοῦντες
1670 936 1724 992 τὸ
1763 944 1960 1006 πνεῦμα
1995 937 2051 992 τό
2081 936 2245 1009 ἅγιον,
2282 938 2370 992 καὶ

437 1023 549 1091 περὶ
590 1023 678 1091 μὲν
702 1025 817 1077 υἴοῦ
841 1028 1002 1085 καλῶς
1025 1024 1264 1093 λέγοντες,
1314 1021 1368 1077 τὸ
1401 1023 1454 1076 δὲ
1491 1029 1685 1091 πνεῦμα
1713 1023 1909 1078 κτιστὸν
1939 1022 2235 1095 ἡγούμενοι,
2283 1024 2370 1077 καὶ

432 1105 686 1178 α’λλότριον
711 1114 840 1162 θεοῦ
871 1106 1167 1162 παντάπασι.
1244 1110 1367 1179 Περὶ
1403 1101 1475 1161 οἷν
1497 1107 1702 1180 ὕστερον
1729 1111 1783 1163 ἐν
1810 1115 1871 1184 τῇ
1900 1108 2005 1164 κατ’
2033 1108 2218 1172 αὐτούς
2254 1106 2372 1163 άνα-

434 1200 594 1269 τροπῇ
631 1200 720 1263 τῆς
756 1195 987 1266 αἱρέσεως
1023 1193 1083 1247 τά
1120 1192 1282 1247 πάντα
1318 1193 1542 1265 ἀκριβῶς
1578 1193 1703 1248 κατὰ
1732 1194 1946 1263 δύναμιν
1981 1196 2192 1264 λέξομεν.

586 1369 756 1434 Τίμιος
783 1359 875 1420 οὖν
903 1363 933 1419 ὅ
958 1363 1082 1436 άνήρ
1109 1363 1255 1434 ἡμῖν,
1293 1363 1362 1428 οἷς
1385 1367 1540 1434 ἔφην,
1580 1364 1665 1419 διά
1691 1364 1779 1428 τὰς
1805 1364 2038 1429 τοιαύτας
2073 1367 2186 1437 περὶ
2219 1363 2373 1421 αὐτοῦ

438 1450 610 1520 φήμας
637 1449 854 1520 ὑπάρχει.
930 1453 1031 1505 Καὶ
1061 1450 1153 1523 γάρ
1187 1453 1271 1505 καὶ
1297 1450 1442 1504 τᾶλλα
1473 1448 1629 1504 αὐτοῦ
1659 1455 1769 1520 βίος
1799 1450 2001 1520 σεμνός,
2050 1449 2237 1523 τρόπος
2260 1449 2376 1522 άγα-

436 1537 560 1600 θὸς·
600 1540 668 1600 εἰς
692 1536 853 1591 πάντα
875 1545 979 1600 τοῖς
1007 1544 1145 1600 λαοῖς
1174 1536 1487 1605 ἐπιπόθητος
1512 1536 1595 1590 διά
1622 1535 1710 1591 τὸν
1737 1541 1848 1606 βίον
1878 1537 2037 1592 αὐτοῦ
2062 1535 2200 1608 παρὰ
2225 1543 2377 1591 πᾶσιν

444 1623 872 1692 Ῑέκθειαζόμενον.
954 1624 1090 1686 Τινὲς
1130 1624 1182 1677 δὲ
1226 1625 1310 1676 καὶ
1358 1626 1472 1694 περὶ
1511 1622 1691 1677 τούτου
1723 1621 1816 1677 οὐκ
1856 1620 1971 1677 οἶδα
2005 1624 2158 1694 λέγειν
2190 1621 2225 1692 ἢ
2249 1627 2377 1692 μίσει

439 1708 732 1781 φερόμενοι,
783 1708 817 1778 ἢ
858 1709 1070 1782 φθόνῳ,
1122 1706 1157 1777 ἢ
1194 1707 1254 1763 τοὶ
1294 1710 1527 1762 2ἑαυτῶν
1565 1707 1853 1780 μεγαλύνειν
1891 1708 2209 1779 βουλόμενοι,
2265 1707 2376 1763 τινὰ

439 1794 789 1866 ὗφηγήσαντο,
842 1792 909 1858 ὥς
934 1794 1009 1848 ὅτι
1038 1793 1127 1864 οὐχ
1158 1797 1319 1849 ἕνεκεν
1343 1792 1646 1865 ὄρθοδοξίας
1678 1792 1709 1864 ἦ
1736 1792 1840 1848 κατ’
1868 1794 2024 1850 αὐτοῦ
2045 1796 2212 1866 γέγονε
2240 1797 2374 1863 κίνη·

441 1900 543 1946 σις,
597 1877 693 1933 ἄλλ’
723 1882 906 1945 ἕνεκεν,
967 1882 1160 1947 3φασὶ,
1208 1886 1486 1935 κανονικῶν
1523 1880 1851 1952 πραγμάτων,
1899 1882 1985 1934 καὶ
2015 1886 2104 1949 τῆς
2134 1878 2379 1950 άναμέσον

441 1965 598 2021 αὐτοῦ
623 1968 706 2020 καὶ
732 1972 824 2020 τοῦ
849 1965 1007 2042 αὐτοῦ
1039 1970 1279 2038 ἷερατείου
1307 1969 1599 2038 ἐρεσχελίας,
1634 1967 1720 2020 καὶ
1753 1965 1829 2020 ὅτι
1853 1964 1992 2029 τινάς
2020 1968 2245 2033 ἐδέξατο,
2291 1965 2383 2030 οὓς

443 2052 593 2107 πάλαι
633 2050 903 2122 άπεβάλετο
943 2054 1028 2106 καὶ
1071 2051 1434 2122 ἆνεθεμάτισεν.
1506 2048 1625 2105 Ἀλλ’
1667 2051 1727 2106 οὗ
1755 2050 1889 2106 πάνυ
1916 2058 2069 2106 ταῦτα
2101 2051 2227 2106 κατὰ
2259 2057 2382 2106 νοῦν

445 2138 720 2207 ἐθήκαμεν,
775 2137 856 2192 διοὶ
895 2137 950 2192 τὸ
992 2137 1195 2207 μάλιστα
1237 2137 1493 2209 ἐςύστερον
1527 2139 1581 2191 ἐν
1620 2143 1679 2211 τῇ
1723 2134 1828 2191 κατ’
1856 2134 2008 2191 αύτὸν
2044 2137 2238 2212 συνόδῳ
2265 2135 2381 2207 ὅση-

444 2227 582 2295 μέραι
629 2223 968 2295 διορθούμενα
1013 2225 1098 2278 καὶ
1132 2223 1495 2296 ὁμολογούμενα
1522 2225 1574 2277 ἐν
1600 2228 1660 2297 τῇ
1689 2226 1871 2288 πίστει,
1911 2220 1979 2286 ὥς
2011 2221 2115 2277 ἅνω
2146 2244 2232 2292 μοι
2260 2245 2382 2294 προ·-

445 2310 726 2377 δεδήλωται.
811 2316 907 2362 Δεῖ
941 2308 1035 2380 γάρ
1079 2308 1204 2364 κατά
1251 2309 1306 2364 τὸ
1350 2310 1498 2380 μέρος
1542 2314 1689 2362 τοῦτο
1734 2306 1999 2377 ἀληθεύειν
2041 2308 2137 2378 ὅση
2171 2307 2383 2378 δύναμις

444 2394 569 2450 κατὰ
610 2394 666 2449 τὸ
708 2393 914 2457 άσθενὲς
960 2393 1013 2448 τὸ
1054 2392 1291 2466 ἡμέτερον
1336 2397 1388 2449 ἐν
1430 2401 1568 2448 πᾶσι.
1646 2395 1810 2457 Θέλεις
1849 2393 1973 2466 γάρ,
2027 2401 2255 2466 παρῆλθε
2296 2393 2383 2448 τὸν

446 2481 605 2552 ἄνδρα
644 2483 695 2534 ἐν
727 2487 795 2552 τῷ
830 2483 1019 2553 4ροίζῳ
1050 2487 1138 2550 τῆς
1165 2487 1265 2534 τῶν
1293 2479 1453 2552 λόγων
1490 2479 1788 2552 ἐξηγήσεως,
1839 2477 1932 2534 οῦκ
1962 2482 2053 2549 ἔχω
2084 2482 2259 2552 λέγειν·
2296 2481 2384 2534 θέ-

446 2575 558 2632 λεις,
590 2565 715 2620 κατὰ
740 2564 972 2633 α”φέλειαν
999 2564 1081 2619 ἀπ’
1110 2565 1270 2620 αὐτοῦ
1295 2565 1325 2620 ό
1344 2566 1489 2637 λόγος
1519 2565 1774 2638 παρήχθη,
1813 2572 1919 2639 θεῷ
1949 2569 2197 2638 ἔγνωσται.
2241 2564 2383 2635 Πλὴν

448 2656 498 2707 ἐν
536 2654 608 2707 ἓνὶ
639 2653 771 2723 μέρει
803 2650 1094 2719 ἐπιλήψιμοι
1122 2651 1215 2706 δύο
1253 2651 1288 2721 ἢ
1315 2661 1442 2723 τρεῖς
1467 2653 1604 2723 λόγοι
1634 2655 1685 2707 ἐν
1712 2658 1771 2726 τῇ
1813 2649 1976 2726 5αὐτῇ
2005 2651 2225 2723 ἐξηγήσει
2252 2649 2382 2723 εύρί-

448 2757 673 2803 σκονται,
726 2739 778 2791 έν
805 2743 873 2809 τῷ
912 2736 1037 2800 ὅλως
1062 2740 1174 2809 περὶ
1200 2743 1464 2807 κτίσματος
1505 2740 1657 2810 θπερὶ
1687 2741 1803 2792 υἱοῦ
1838 2742 1929 2791 τοῦ
1963 2743 2092 2792 θεοῦ
2118 2736 2384 2806 λαμβάνειν

448 2827 500 2879 ἐν
526 2830 584 2898 τῇ
615 2824 771 2877 αὐτοῦ
801 2821 1017 2892 θεότητι,
1056 2820 1153 2877 κᾶν
1176 2826 1268 2888 ἕως
1293 2824 1557 2893 ὀνόματος,
1594 2827 1680 2879 καὶ
1710 2827 1803 2879 7ἐν
1830 2830 1898 2897 τῷ
1928 2826 2081 2877 εἰπεῖν
2107 2822 2198 2889 ὅτι,
2233 2820 2381 2892 ’Υπὲρ

449 2914 657 2978 σοφίαν,
694 2910 777 2963 καὶ
817 2911 864 2962 εἴ
895 2930 941 2962 τι
977 2910 1154 2980 ἕτερον.
1882 2916 1888 2921 ’

593 3251 757 3323 Ὀλίγα
782 3253 834 3306 δὲ
856 3250 982 3323 πρός
1009 3250 1068 3305 τά
1091 3249 1176 3305 ὑπ’
1202 3248 1366 3304 αὐτῶν
1395 3249 1746 3321 ὑποβληθέντα
1773 3251 2123 3321 διηγησάμενοι
2148 3251 2234 3304 καὶ
2263 3248 2380 3305 ταύ-

451 3362 541 3408 την
577 3337 979 3410 παρελευσόμεθα
1017 3336 1106 3406 τήν
1140 3334 1403 3406 ὑφήγησιν.
1477 3339 1658 3409 Λέγετε
1688 3335 1832 3405 ἡμῖν,
1871 3331 1913 3390 ⁶3
1940 3329 2107 3401 οὗτοι,
2145 3339 2191 3389 τί
2217 3335 2382 3391 ἐλύπει

1567 3430 1590 3441 ιν
1665 3421 1680 3440 P
1719 3430 1741 3440 συ
1810 3419 1826 3438 (⁸

453 3427 604 3495 λέγειν
627 3424 682 3479 τό
720 3432 736 3461 ¹
756 3422 1044 3492 ὅμοιούσιον
1074 3421 1368 3491 ὅμοούσιονς
1425 3430 1617 3492 Σαφως
1647 3444 1765 3492 ημιν
1796 3419 2143 3492 ομολογήσατε,
2182 3424 2267 3475 ’ἵνα
2295 3423 2380 3476 καὶ

514 3597 609 3637 Cam.
641 3598 828 3640 XXXV.
859 3622 915 3629 —
986 3599 1023 3640 1.
1069 3596 1389 3654 ἐκθειαζόμενος
1503 3598 1543 3642 3.
1575 3594 1686 3653 φησὶ
1719 3597 1832 3636 codd.
1860 3607 1951 3636 mss.
1984 3599 2152 3646 uterque.

457 3656 540 3695 cod.
576 3657 737 3705 Rhediy.
1502 3653 1540 3697 4.
1563 3653 1677 3709 ρύζω
1706 3657 1863 3703 uterque
1891 3653 2005 3693 codd.
2035 3664 2125 3693 mss.

510 3713 549 3751 2.
581 3708 726 3754 ἑαυτὸν
761 3714 900 3754 vitium
929 3717 984 3753 est
1011 3714 1071 3754 ed.
1111 3715 1246 3755 Petav.
1505 3713 1546 3754 5.
1576 3714 1755 3754 Fortasse
1784 3703 1928 3755 αὐτοῦ.
