2508 4134
490 301 716 342 PANARn
743 302 847 343 Lm.
874 303 945 343 111.
974 301 1107 344 ToM.
1131 304 1182 344 11.
1211 303 1376 346 HAER.
1400 306 1616 346 Lxxvn.
1907 295 2005 347 353

251 397 388 450 Haec
418 397 484 450 illi
515 399 623 450 dum
655 399 714 450 ad
742 415 848 450 eum
885 399 1073 450 modum
1108 402 1444 467 pronuntiant,
1497 420 1592 453 non
1624 403 2008 456 animadvertunt
2042 420 2231 474 cmxi,

114 491 409 551 quantopere
444 500 607 535 secum
646 482 738 552 ipsi
776 491 1005 551 pugnent.
1082 482 1225 534 Licet
1266 485 1392 535 enim
1439 503 1502 536 ex
1543 484 1701 538 Maria
1743 490 2010 556 profectum

114 584 286 635 corpus
325 584 435 617 esse
464 584 562 617 non
593 567 770 630 dicant,
811 568 896 618 sed
928 567 1337 618 consubstantiale
1372 570 1522 620 verbo
1554 571 1805 635 duntaxat,
1839 572 2009 623 nihilo-

113 651 269 702 minus
308 659 493 715 tamen,
547 651 671 719 quod
706 668 764 701 ne
790 651 973 702 sentire
1001 651 1282 702 viderentur
1310 653 1470 702 vereri
1504 671 1557 704 se
1592 656 1905 720 simulabant,
1961 658 2008 707 in

114 735 202 786 hoc
239 735 423 803 ipsum,
477 752 598 802 quae
639 743 714 786 est
745 735 932 786 illorum
967 735 1235 799 stoliditas,
1292 737 1512 787 oratione
1544 754 1631 788 sua
1662 740 1810 806 palam
1849 742 2011 792 incur-

112 828 251 883 runt,
293 828 341 870 et
365 818 727 887 quaternionem
754 819 882 870 illum
913 819 1186 870 admittunt.
1264 818 1457 871 Etenim
1490 821 1555 871 uti
1591 821 1739 886 filius,
1798 825 1875 892 qui
1905 825 2010 875 illo-

112 921 216 954 rum
256 903 496 954 sententia
534 903 656 972 patri
698 903 1123 954 consubstantialis
1148 912 1253 966 est,
1310 904 1503 955 minime
1534 906 1614 956 ille
1645 907 1831 973 quidem
1876 917 2012 976 pater

113 996 215 1050 est,
273 988 357 1039 sed
390 987 511 1039 filius
539 988 659 1057 patri
703 987 1125 1039 consubstantialis
1154 988 1447 1056 appellatur,
1506 989 1572 1039 ita
1602 992 2011 1042 consubstantiale

113 1072 264 1123 verbo
306 1089 479 1141 corpus
523 1090 618 1123 non
660 1073 811 1141 ipsum
851 1072 1050 1124 verbum
1092 1080 1195 1136 est,
1254 1073 1337 1123 sed
1378 1073 1502 1123 aliud
1542 1074 1760 1142 quiddam
1800 1094 1825 1125 a
1862 1076 2010 1127 verbo

114 1156 406 1208 distinctum.
499 1154 638 1223 Quod
682 1156 723 1208 si
762 1156 888 1207 aliud
931 1165 1035 1220 est,
1092 1156 1282 1207 illorum
1322 1157 1512 1208 trinitas
1554 1158 1603 1207 in
1645 1160 2011 1225 quaternionem

113 1241 378 1309 redigetur.
454 1239 616 1293 Verae
654 1242 825 1310 quippe
862 1250 912 1292 et
953 1241 1113 1310 reipsa
1155 1242 1400 1310 perfectae
1444 1250 1493 1292 et
1532 1242 1769 1293 indivisae
1813 1243 2013 1295 trinitati

114 1326 242 1377 nulla
285 1324 388 1376 lieri
429 1334 587 1394 potest
625 1326 873 1389 accessi0,
927 1334 1121 1394 praeter
1160 1343 1297 1393 quam
1342 1343 1593 1394 perperam
1633 1326 1713 1377 isti
1758 1329 2013 1379 commenti

115 1418 246 1461 sunt.
323 1407 490 1476 Quare
519 1407 782 1461 Christiani
821 1426 929 1460 esse
970 1410 1047 1478 qui
1094 1419 1297 1478 possunt
1332 1412 1411 1478 qni
1440 1411 1642 1461 alterum
1677 1411 1734 1461 ab
1769 1429 1827 1462 eo
1854 1413 1932 1479 qui
1961 1429 2014 1463 re

116 1511 234 1546 vera
266 1494 383 1545 deus
423 1504 498 1545 est
527 1495 646 1545 falsa
676 1493 766 1546 sibi
810 1494 1125 1563 persuasione
1171 1495 1446 1560 finxerunt,
1500 1513 1669 1546 rursus
1697 1496 1823 1545 enim
1858 1496 1903 1545 in
1946 1497 2015 1547 al-

115 1587 220 1629 tera
247 1578 446 1647 quadam
471 1579 670 1629 istorum
702 1579 1008 1630 cavillatione
1038 1588 1213 1647 quanta
1241 1579 1302 1629 sit
1329 1596 1494 1630 eorum
1528 1581 1764 1631 stoliditas
1796 1590 2011 1648 apparet.

115 1662 242 1715 Nam
284 1664 325 1714 si
364 1680 450 1732 pro
489 1680 548 1714 eo
585 1664 709 1731 quod
748 1661 972 1715 Christus
1000 1681 1174 1733 corpus
1203 1681 1267 1715 ex
1291 1662 1451 1714 Maria
1482 1674 1644 1715 natum
1675 1675 1724 1716 et
1759 1665 2014 1715 humanum

117 1758 190 1800 est
217 1757 358 1817 atque
398 1748 446 1798 in
471 1748 721 1816 scripturis
756 1765 867 1799 esse
900 1749 1097 1812 dicitur,
1153 1749 1517 1817 quaternionem
1547 1750 1725 1800 idcirco
1756 1767 1842 1819 pro
1882 1750 2018 1799 trini-

115 1843 219 1884 tare
246 1833 473 1884 constitui
514 1841 682 1901 putant
710 1850 768 1884 eo
794 1833 916 1900 quod
955 1833 1184 1901 quaedam
1215 1832 1318 1884 lieri
1350 1833 1571 1884 videatur
1600 1835 1816 1902 corporis
1850 1851 2016 1885 acces-

116 1919 209 1983 si0,
251 1917 563 1970 vehementer
592 1926 756 1968 errant
783 1917 863 1985 qui
891 1917 1127 1968 conditori
1155 1918 1388 1986 opificium
1417 1936 1554 1969 sunm
1583 1919 1782 1986 aequale
1816 1918 2013 1982 faciunt,

119 2012 167 2055 et
196 2003 253 2053 ad
285 2001 583 2053 divinitatem
625 2003 856 2053 accedere
898 2020 1040 2071 posse
1080 2003 1255 2071 aliquid
1297 2002 1619 2067 arbitrantur,
1676 2021 1765 2054 nec
1803 2003 1914 2053 illud
1946 2003 2019 2052 in-

118 2088 369 2156 telligunt,
427 2104 524 2137 non
564 2086 623 2137 ad
665 2086 806 2137 ullam
850 2087 1010 2137 carnis
1055 2087 1386 2138 accessionem
1427 2087 1625 2138 verbum
1672 2105 1866 2139 carnem
1909 2105 2019 2139 esse

117 2174 323 2235 factum,
378 2171 465 2223 sed
493 2180 545 2223 ut
575 2189 688 2222 caro
721 2171 826 2240 ipsa
863 2181 1174 2239 resurgeret,
1229 2189 1383 2239 neque
1424 2172 1652 2235 verbum,
1712 2191 1806 2241 quo
1834 2174 1890 2222 ad
1920 2189 2020 2222 me-

115 2256 286 2309 liorem
314 2256 517 2325 aliquam
544 2256 866 2307 conditionem
906 2258 1280 2320 transferretur,
1333 2274 1394 2307 ex
1424 2254 1581 2307 Maria
1617 2257 1881 2325 prodiisse,
1935 2256 2022 2307 sed

121 2351 171 2393 ut
212 2340 454 2392 hominum
487 2358 640 2410 genus
678 2341 957 2392 redimeret.
1034 2339 1133 2391 lam
1172 2358 1291 2394 vero
1330 2342 1568 2410 quomodo
1596 2340 1698 2391 fieri
1728 2349 1885 2410 potest
1914 2358 2022 2391 cor-

121 2443 209 2495 pus
247 2434 298 2477 ut
336 2425 477 2489 illud,
533 2426 656 2493 quod
685 2442 768 2493 per
789 2425 989 2476 verbum
1019 2427 1315 2495 redemptum
1346 2444 1402 2477 ac
1429 2426 1529 2477 vita
1556 2427 1780 2477 donatum
1815 2436 1918 2489 est,
1978 2426 2022 2476 ei

122 2527 151 2560 a
186 2527 279 2578 quo
320 2510 464 2562 vitam
512 2510 694 2576 accepit
743 2510 884 2560 ullam
933 2509 1197 2561 divinitatis
1242 2511 1571 2562 accessionem
1615 2512 1769 2579 possit
1808 2511 2022 2562 afferre?

120 2592 250 2645 Nam
279 2610 305 2645 e
338 2593 581 2644 contrario
610 2593 853 2644 uberrima
877 2595 957 2645 illa
984 2595 1172 2663 quidem
1205 2597 1262 2647 ad
1292 2596 1547 2647 humanum
1578 2614 1753 2666 corpus
1783 2613 1848 2647 ex
1874 2594 2024 2645 (livini

123 2677 260 2731 verbi
286 2678 620 2728 communione
647 2679 1074 2747 commistioneque
1104 2682 1230 2731 sacta
1259 2689 1333 2731 est
1362 2681 1602 2732 accessio.
1681 2679 1927 2748 Siquidem
1959 2696 2023 2729 ex

124 2763 311 2815 mortali
337 2762 633 2827 immortale,
675 2779 738 2813 ex
768 2763 958 2814 animali
989 2764 1204 2832 spiritale
1235 2766 1470 2816 redditum
1503 2774 1608 2830 est,
1660 2775 1802 2834 atque
1834 2782 1860 2815 e
1892 2772 2023 2813 terra

124 2850 385 2918 profectum
417 2846 537 2897 coeli
576 2857 736 2915 portas
766 2848 1055 2916 penetravit.
1133 2845 1362 2901 Ceterum
1395 2850 1585 2900 trinitas
1614 2849 1748 2918 ipsa,
1805 2847 2023 2916 quamvis

123 2933 324 2984 verbum
361 2948 387 2983 e
412 2929 571 2982 Maria
598 2948 771 2998 corpus
802 2932 1068 3000 acceperit,
1109 2934 1298 2984 trinitas
1326 2944 1432 2997 est,
1485 2935 1560 2985 eui
1604 2952 1693 2985 nec
1723 2933 1828 2983 addi
1869 2939 2027 3000 potest

127 3018 395 3086 quidpiam,
447 3033 601 3083 neque
645 3015 859 3079 detrahi,
914 3016 999 3066 sed
1028 3018 1238 3084 perfecta
1276 3035 1468 3086 semper
1506 3027 1607 3082 est,
1662 3018 1779 3068 etin
1813 3015 2026 3066 trinitate

127 3101 387 3170 singularis
425 3101 649 3151 divinitas
682 3100 961 3167 agnoscitur
988 3109 1130 3169 atque
1164 3103 1229 3152 ita
1259 3103 1446 3153 demum
1478 3119 1599 3153 unus
1632 3103 1750 3153 deus
1780 3099 1916 3153 verbi
1943 3117 2025 3169 pa-

126 3194 203 3237 ter
239 3187 286 3236 in
327 3185 534 3236 ecclesia
573 3185 894 3254 praedicatur.

266 3268 450 3321 Eadem
477 3287 621 3339 porro
647 3268 832 3319 ratione
862 3277 909 3319 et
936 3285 989 3319 os
1022 3268 1115 3319 illis
1148 3270 1427 3321 occludetur
1465 3271 1542 3338 qui
1581 3271 1741 3320 dicere
1772 3268 2025 3336 aliquando
2059 3290 2154 3345 Cap.
2182 3290 2276 3331 X11.

130 3355 234 3407 ausi
272 3363 384 3407 sunt
412 3371 518 3406 eum
550 3354 629 3422 qui
671 3370 736 3405 ex
763 3351 923 3404 Maria
963 3354 1200 3421 processit
1238 3373 1333 3405 non
1368 3356 1520 3422 ipsum
1554 3371 1662 3406 esse
1696 3351 1940 3405 Christum
1972 3370 2027 3403 ac

188 3579 226 3622 9.
539 3581 584 3619 .
1166 3576 1228 3619 14.
1590 3580 1713 3628 .
1742 3590 1783 3620 .
1814 3580 1860 3619 .

192 3637 255 3677 10.
368 3638 470 3675 abest
499 3647 524 3673 a
552 3637 598 3674 .
1168 3635 1229 3675 15.
1351 3632 1464 3687 einp.
1495 3637 1537 3674 .
1570 3636 1693 3675 Recte.

192 3694 256 3734 11.
701 3691 746 3730 .
1169 3690 1230 3730 16.
1482 3692 1525 3730 .

193 3748 255 3788 12,
651 3749 697 3787 .
1168 3745 1264 3787 .
1288 3747 1383 3787 .
1417 3770 1469 3777 -
1531 3746 1564 3787 1.
1679 3749 1722 3787 .

194 3804 257 3845 13.
540 3804 582 3841 .

221 3870 366 3915 Corpus
388 3869 608 3906 Haereseol.
623 3869 670 3904 11.
685 3870 718 3903 3.
1633 3876 1697 3927 23
