2508 4134
445 306 669 348 PANARH
696 305 894 345 LIB.1[I.
933 304 1142 345 ToM.11.
1187 305 1377 345 EXPOS.
1408 305 1512 344 FID.
1546 304 1778 344 CATHOL.
1961 293 2056 344 531

167 404 414 472 sequentis
459 403 726 454 dominicae
767 400 1060 468 gallicinium
1098 402 1203 453 sine
1242 402 1348 452 cibo
1382 402 1729 453 transmittunt.
1802 398 2066 467 Pervigilia

169 505 285 538 vero
317 505 407 539 sex
442 487 639 550 obeunt,
679 503 734 536 ae
767 485 962 536 totidem
995 502 1231 553 synaxeS,
1274 503 1392 552 quae
1422 494 1519 536 tota
1549 485 1930 553 Quadragesima
1958 493 2066 551 post

168 572 332 622 horam
379 589 551 622 nonam
592 573 650 622 ad
690 585 942 637 vesperam
992 585 1144 636 usque
1191 569 1513 620 celebrantur.
1590 569 1658 619 At
1695 569 1974 636 quibusdam
2016 568 2064 618 in

166 655 284 706 locis
312 657 360 706 in
391 673 447 706 ea
477 656 630 706 solum
663 661 831 716 nocte,
873 669 994 720 quae
1021 652 1232 720 quintam
1264 654 1431 702 feriam
1460 654 1705 719 sequitur,
1748 662 1793 703 et
1820 654 1867 702 in
1898 651 2066 702 feriam

165 750 353 791 sextam
385 740 585 801 desinit,
626 747 768 806 atque
797 737 844 787 in
873 754 930 787 ea
963 753 1084 803 quae
1113 735 1395 786 dominicam
1431 738 1698 799 antecedit,
1757 737 2063 804 pervigilant.

165 823 291 875 Aliis
330 824 374 875 in
415 824 534 874 locis
563 823 725 890 quinta
758 820 874 872 feria
909 820 1057 870 divini
1091 819 1308 888 mysterii
1342 820 1496 871 cultus
1530 820 1646 870 bora
1681 822 1821 870 tertia
1853 820 2069 871 celebra-

165 916 274 971 tur,
316 916 459 974 atque
490 907 554 957 ita
581 906 747 957 missio
772 905 929 974 populi
962 904 1012 954 fit
1040 912 1088 954 ut
1117 904 1164 953 in
1193 904 1435 954 aridorum
1463 922 1551 954 usu
1586 904 1859 972 persistant.
1936 903 2070 954 Alibi

165 1008 283 1042 vero
321 991 467 1041 divini
512 989 729 1059 mysterii
762 989 917 1040 cultus
949 1006 1044 1038 non
1077 987 1209 1055 prius
1238 988 1465 1038 indicitur
1495 1006 1632 1056 quam
1669 989 1934 1039 dominicus
1965 987 2068 1037 dies

163 1075 378 1126 illuxerit
419 1093 524 1125 cum
566 1074 654 1126 sub
691 1073 923 1141 gallorum
967 1080 1155 1123 cantum
1201 1072 1453 1122 dimittitur
1491 1073 1716 1141 populuS,
1770 1073 1817 1122 in
1858 1071 1963 1140 ipso
1990 1088 2068 1122 re-

164 1160 480 1211 surrectionis
523 1160 645 1208 festo
688 1174 745 1208 ac
786 1155 973 1207 solenni
1011 1155 1423 1223 celeberrimoque
1457 1154 1706 1207 paschatis
1740 1156 1843 1218 die,
1902 1172 2067 1223 quem-

163 1244 411 1294 admodum
455 1241 797 1311 praescriptum
845 1249 936 1291 est.
1032 1237 1171 1306 Quod
1214 1240 1271 1290 ad
1314 1240 1404 1290 alia
1445 1241 1676 1308 mysteria
1722 1240 1958 1309 pertinet,
2017 1248 2070 1289 ut

163 1327 384 1395 baptismi
414 1336 462 1376 et
487 1343 609 1394 quae
638 1323 870 1376 interiora
900 1333 1037 1387 sunt,
1080 1341 1136 1374 ea
1164 1324 1332 1374 ritibus
1361 1323 1455 1375 illis
1484 1342 1541 1375 ac
1570 1323 1861 1375 ceremoniis
1889 1324 2070 1374 obeun-

164 1420 268 1474 tur,
322 1427 444 1479 quae
482 1427 547 1461 ex
598 1408 852 1477 evangelio
901 1417 951 1458 et
999 1408 1325 1476 apostolorum
1370 1409 1658 1459 auctoritate
1707 1426 1763 1458 ac
1813 1406 2068 1458 traditione

163 1496 410 1563 profectae
448 1503 578 1545 sunt.

305 1577 404 1629 lam
446 1595 564 1629 vero
604 1577 727 1645 quod
756 1577 814 1627 ad
846 1586 1060 1628 mortuos
1088 1586 1305 1646 spectat,
1361 1576 1638 1627 nominatim
1666 1576 1858 1627 illorum
1890 1575 2070 1626 mentio
2152 1578 2250 1633 Cap·

162 1664 232 1727 fit,
274 1681 331 1714 ac
354 1679 523 1731 preces
550 1671 598 1712 et
623 1661 860 1712 sacrificia
884 1662 1211 1730 mysteriaque
1238 1663 1622 1729 frequentantur.
1698 1658 1971 1711 Matutinae
1997 1659 2071 1709 in-
2122 1636 2265 1676 XXH‘

163 1764 308 1816 super
334 1747 498 1798 laudes
523 1746 571 1796 in
600 1745 801 1796 ecclesia
833 1744 1083 1808 catholica,
1127 1746 1484 1813 matutinaeque
1515 1762 1687 1813 preces
1718 1744 1910 1795 assidue
1946 1744 2071 1795 cele-

162 1832 390 1895 brantur,
443 1830 714 1881 lucernales
750 1829 864 1879 item
899 1830 1066 1897 psalmi
1098 1839 1146 1880 et
1188 1830 1455 1880 orationes.
1531 1827 1688 1880 Porro
1727 1828 2069 1880 monachorum

162 1915 239 1966 alii
266 1914 314 1965 in
345 1915 541 1965 urbibus
571 1915 777 1982 degunt,
835 1913 915 1964 alii
944 1914 992 1964 in
1032 1914 1338 1964 monasteriis
1368 1914 1609 1978 habitant,
1665 1922 1713 1964 et
1740 1913 1799 1963 ab
1827 1913 2069 1962 hominum

164 1998 432 2066 frequentia
472 1998 662 2065 longius
707 1998 992 2049 abscedunt.
1069 1997 1330 2049 Nonnullis
1380 2016 1498 2048 vero
1532 1999 1767 2066 prolixior
1796 2014 1929 2047 coma
1971 1996 2071 2067 pla-

164 2083 290 2146 cuit,
342 2081 599 2133 sanctioris
633 2081 859 2132 videlicet
883 2082 1088 2132 instituti
1118 2100 1287 2133 caussa
1306 2121 1319 2145 ,
1374 2083 1420 2132 id
1449 2083 1571 2150 quod
1601 2091 1769 2151 suapte
1799 2081 2068 2145 voluntate,

163 2166 268 2219 sive
318 2166 556 2234 evangelii
606 2175 896 2234 praecepto,
955 2175 1036 2216 aut
1087 2167 1412 2235 apostolorum
1464 2168 1811 2235 approbatione
1869 2166 2067 2216 faciunt.

163 2250 292 2304 Nam
317 2251 560 2320 apostolus
578 2248 757 2301 Paulus
787 2252 985 2300 formam
1012 2251 1245 2302 eiusmodi
1273 2260 1413 2319 atque
1441 2252 1617 2301 cultum
1645 2251 1902 2302 abdicavit.
1946 2247 2073 2300 Sunt

166 2346 214 2386 et
240 2336 332 2387 alia
359 2336 408 2386 in
435 2336 602 2386 eadem
642 2335 878 2385 catholica
906 2336 1113 2386 ecclesia
1143 2335 1360 2386 instituta
1393 2335 1589 2386 vivendi
1620 2336 1910 2403 praestantia
1929 2373 1942 2399 ,
2000 2334 2072 2385 ni-

166 2421 336 2471 mirum
375 2420 498 2487 qnod
540 2419 617 2469 alii
659 2419 882 2470 carnibus
925 2437 1123 2488 prorsus
1163 2419 1463 2483 abstineant,
1521 2428 1612 2469 tam
1642 2419 1998 2488 quadrupedum
2027 2427 2074 2468 et

167 2505 327 2555 avium
359 2521 495 2571 quam
524 2503 753 2571 piscium,
809 2521 898 2554 nec
931 2522 1025 2554 non
1058 2505 1163 2555 ovis
1195 2522 1250 2554 ac
1285 2521 1449 2554 caseo.
1526 2502 1649 2554 Tum
1682 2505 1775 2554 alia
1805 2512 1916 2555 sunt
1948 2503 2074 2554 vitae

166 2605 368 2656 genera,
408 2595 663 2655 propterea
690 2587 812 2654 quod
844 2593 1155 2654 unzesquzlsque
1183 2592 1431 2638 secundum
1454 2593 1695 2653 proprium
1724 2590 1924 2637 laborem
1953 2606 2072 2637 mer·
2088 2599 2210 2635 zoor.
2225 2599 2258 2643 3,
2272 2600 2304 2634 8.

167 2677 318 2722 cedem
348 2674 559 2735 accipiet.
638 2668 792 2737 Igitur
824 2681 936 2722 sunt
964 2673 1041 2740 qui
1076 2673 1168 2723 illis
1207 2673 1428 2724 omnibus
1457 2673 1729 2724 abstineant
1760 2673 1838 2723 alii
1870 2674 2075 2740 quadru-

169 2757 368 2826 pedibus
404 2755 664 2817 duntaxat,
720 2755 805 2804 sed
844 2755 1015 2806 avibus
1054 2775 1109 2808 ac
1141 2758 1317 2808 ceteris
1349 2766 1632 2808 vescuntur.
1707 2757 1806 2808 Alii
1838 2757 1977 2807 etiam
2017 2756 2075 2807 ab

169 2841 339 2893 avibus
363 2846 650 2907 temperant,
692 2855 782 2890 ova
810 2847 857 2889 et
883 2841 1038 2907 pisces
1064 2841 1306 2892 adhibent.
1376 2842 1472 2892 Alii
1505 2842 1643 2892 etiam
1675 2860 1765 2892 ova
1791 2841 2071 2910 repudiant3

169 2935 282 2977 sunt
324 2925 402 2992 qui
438 2924 570 2974 solos
615 2923 771 2990 pisces
810 2923 1069 2975 retineant.
1148 2923 1334 2992 Quibus
1375 2926 1587 2976 nonnulli
1628 2926 1771 2976 etiam
1802 2925 2072 2987 abstineut3

171 3010 249 3077 qui
302 3018 460 3059 tamen
512 3024 704 3058 caseum
751 3006 841 3057 sibi
890 3009 1197 3075 permittuut3
1250 3009 1328 3060 alii
1367 3027 1485 3059 vero
1526 3027 1668 3060 caseo
1708 3027 1802 3060 non
1855 3017 2071 3059 utuntur.

169 3092 434 3145 Praeterea
479 3091 668 3159 quidam
700 3108 727 3140 a
769 3108 891 3159 pane
921 3092 1192 3157 abstinent,
1244 3093 1430 3161 quidam
1475 3093 1533 3143 ab
1576 3095 1799 3145 arborum
1846 3092 2077 3144 fructibus

173 3188 220 3229 et
251 3177 400 3228 coetis
433 3174 681 3238 omnibuS,
735 3175 948 3242 plerique
987 3175 1113 3226 humi
1155 3177 1385 3227 cubitant.
1462 3177 1559 3228 Alii
1601 3178 1738 3228 nudis
1778 3178 1975 3246 pedibus
2020 3194 2076 3227 ac

171 3263 276 3314 sine
307 3260 646 3311 calceamentis
686 3258 931 3309 incedunt.
1008 3260 1103 3310 Alii
1148 3261 1384 3311 occultum
1426 3262 1631 3312 cilicium
1679 3263 1866 3323 ferunt,
1921 3260 2077 3329 quiid

172 3345 502 3409 laudabiliter,
542 3344 734 3395 virtutis
762 3344 976 3407 scilicet,
1025 3352 1105 3394 aut
1138 3344 1463 3411 poenitentiae
1491 3363 1661 3397 caussa
1693 3347 1870 3396 ferunt.
1946 3343 2074 3395 Nam

174 3430 378 3481 cilicium
405 3429 557 3497 palam
589 3446 644 3479 ac
672 3444 785 3496 prae
824 3444 876 3478 se
907 3428 1036 3478 serre
1075 3428 1231 3478 minus
1261 3429 1488 3479 decorum
1518 3429 1735 3492 videtur,
1788 3429 1911 3496 quod
1941 3429 2077 3480 insti-

176 3517 312 3565 tuere
342 3512 576 3564 nonnulli.
651 3510 824 3579 Neque
857 3512 960 3579 plus
990 3512 1177 3562 decoris
1214 3512 1382 3575 babet,
1425 3521 1476 3562 ut
1508 3513 1746 3576 diximus,
1801 3514 1924 3580 quod
1957 3531 2077 3564 non-

175 3598 317 3649 nullis
354 3597 510 3648 visum
549 3606 651 3660 cst,
702 3614 806 3647 cum
849 3596 1053 3646 vinculis
1093 3597 1215 3646 collo
1256 3597 1418 3647 inditis
1449 3596 1695 3647 incedere.
1775 3594 1873 3648 Sed
1913 3615 2079 3665 quam-

176 3681 365 3750 plurimi
390 3681 584 3732 balneas
615 3698 851 3748 nunquam
880 3680 1061 3731 vident.
1136 3677 1369 3730 Nonnulli
1398 3680 1592 3730 saeculo
1623 3682 1687 3731 ita
1718 3682 2074 3744 renuntiarunt,

178 3774 229 3815 ut
254 3765 464 3817 leviores
509 3766 734 3832 quasdam
774 3773 902 3815 artes
946 3781 1002 3814 ac
1046 3764 1199 3814 miuus
1241 3764 1519 3831 negotiosas
1546 3764 1637 3814 sibi
1682 3764 1798 3833 ipsis
1830 3767 2079 3833 excogita-

1615 3849 1742 3902 34*
