2508 4134
258 1937 345 1978 pag.
366 1926 441 1962 931.

471 260 573 312 222
1178 272 1383 315 εΑΝοΤι
1411 274 1695 315 EPIPHANH

614 365 704 434 μς’.
745 369 816 419 Εἰ
848 365 902 420 τό
937 365 1200 438 ἆγέννητος
1233 370 1316 422 καὶ
1347 369 1402 424 τό
1440 369 1560 433 θεὸς
1597 373 1651 424 ἐκ
1681 370 1990 441 παραλλήλου
2021 373 2075 427 τό
2098 372 2217 429 αὐτὸ
2241 378 2395 444 δηλοῖ,

474 459 495 490 ⁹
511 450 801 522 1ἀγέννητον
826 449 1088 522 άγέννητος
1117 455 1381 524 ἐγέννησεν.
1432 458 1503 508 Εἰ
1528 456 1580 509 δὲ
1605 455 1770 525 ἕτερόν
1796 479 1841 510 τι
1866 460 2010 525 δηλοῖ
2031 457 2086 512 td
2115 459 2398 530 ἀγέννητον,

469 540 632 607 ἕτερον
659 538 710 590 δὲ
732 536 786 590 τὸ
810 535 948 602 θεός,
989 535 1080 591 οὐκ
1102 536 1290 592 ι’ίτοπον
1319 547 1378 577 ⁹2
1396 546 1464 614 τῷ
1490 547 1594 613 θεῷ
1627 548 1684 580 9³
1702 540 1827 594 θεὸν
1854 546 2200 612 γεγεννηκέναι,
2238 547 2397 599 ἑκατέ-

467 646 559 694 ρου
596 622 685 691 τὴν
721 622 932 692 ὕπαρξιν
967 622 1203 691 λαβόντος
1240 627 1289 687 ἐξ
1327 623 1594 695 ἆγεννήτου
1633 624 1817 688 οὐσίας.

610 708 696 777 μζ.
738 712 808 760 Εἰ
827 709 880 760 δὲ
910 707 1039 762 94τὸ
1069 708 1165 780 πρὸ
1192 716 1281 762 τοῦ
1308 717 1435 763 θεοῦ
1462 711 1613 779 μηδὲν
1638 714 1740 779 εἰή,
1780 711 1940 782 ὥςπερ
1972 711 2063 767 οὐκ
2109 720 2167 752 ⁹⁵
2186 716 2303 781 ἔστι,
2341 713 2397 770 τὸ

467 794 587 856 θεὸς
618 796 700 847 καὶ
736 793 789 847 τὸ
832 791 1096 864 ἀγέννητον
1131 792 1309 847 ταύτόν
1337 799 1498 862 δηλοῖ,
1550 794 1611 848 οὗ
1638 798 1958 867 προςιεμένου
1987 806 2076 852 τοῦ
2101 799 2399 871 γεννήματος

465 879 519 933 τό
545 877 822 950 ἀγέννητον.
881 879 974 933 Διὸ
1002 877 1117 934 οὐδὲ
1142 878 1261 933 96τὸ
1285 889 1711 947 συνεκφωνεῖσθαι
1736 888 1806 955 τῷ
1829 890 1934 956 θεῷ
1961 886 2044 938 καὶ
2069 887 2215 956 πατρὶ
2245 884 2395 939 (Παῦ-

465 972 553 1019 τοῦ
590 964 821 1033 ἀνέχεται.

599 1051 943 1122 Ἐρρωμένους
968 1052 1053 1102 καὶ
1082 1051 1360 1121 ἐρρωμένας
1386 1047 1516 1117 ὖμᾶς
1542 1049 1572 1104 ὅ
1599 1050 1670 1105 ‹Bv
1696 1050 2048 1123 αὕτογέννητος
2074 1054 2214 1120 θεός,
2252 1053 2281 1109 ὅ
2312 1057 2397 1109 καὶ

469 1136 622 1207 μόνος
663 1134 974 1203 98άληθινὸς
1002 1135 1123 1198 θεὸς
1147 1138 1563 1206 προςαγορευθεὶς
1597 1134 1695 1189 ὖπὸ
1735 1144 1824 1191 τοῦ
1852 1137 2205 1203 ἀποσταλέντος
2235 1140 2397 1210 Ἰησοῦ

470 1228 715 1292 Χριστοῦ,
767 1220 1073 1284 ὑποστάντος
1097 1244 1146 1274 τε
1175 1219 1379 1288 άληθῶς
1420 1220 1516 1290 πρὸ
1560 1220 1784 1287 αἰώνων,
1833 1226 1917 1276 καὶ
1943 1223 2087 1288 ὄντος
2119 1225 2397 1294 99ἆληθῶς

465 1315 698 1380 γεννητῆς
727 1304 1061 1373 ὑποστάσεως,
1100 1306 1379 1376 διατηρήσει
1409 1304 1509 1359 ἀπὸ
1537 1313 1624 1374 τῆς
1650 1306 1887 1375 ἆσεβείας,
1928 1312 1980 1362 ἐν
2009 1315 2208 1384 Χριστῷ
2233 1309 2396 1379 Ἰησοῦ

466 1401 534 1468 τῷ
572 1399 663 1431 ¹⁰⁰
682 1397 836 1466 κυρίῳ
863 1391 1030 1461 ἡμῶν,
1084 1390 1146 1445 δι’
1173 1386 1233 1446 οὗ
1263 1397 1396 1444 πᾶσα
1423 1390 1543 1455 δόξα
1584 1398 1667 1429 ¹⁰¹
1688 1399 1756 1466 τῷ
1793 1396 1939 1465 πατρὶ
1966 1397 2051 1448 καὶ
2078 1402 2168 1449 νῦν
2203 1398 2397 1450 102καὶ

467 1478 541 1534 ἀεὶ
581 1480 661 1533 καὶ
702 1482 770 1541 εἰς
806 1477 924 1540 τοὺς
960 1481 1147 1539 αἰῶνας
1181 1484 1280 1531 τῶν
1316 1476 1539 1543 αἰώνων,
1575 1475 1743 1545 Ἀμήν.

775 1592 1186 1638 ΠΕΠΛΗΡΩΤΑΙ
1216 1593 1296 1636 ΤΟ
1325 1593 1657 1637 ΣΥΝΤΑΓΜΑ
1688 1593 1818 1637 ΤΩΝ
1850 1595 2084 1639 ΑΕΤΙΟΥ.

609 1738 712 1790 Καὶ
741 1738 841 1790 ἔστι
867 1739 965 1789 τῶν
997 1736 1065 1798 εἰς
1093 1731 1224 1803 ἦμᾶς
1254 1733 1352 1789 άπὸ
1387 1736 1568 1805 μέρους
1596 1735 1843 1789 ἐλθόντων
1879 1733 2036 1790 αυτοῦ
2073 1740 2395 1808 φθοριμαίων

462 1827 657 1892 λέξεων,
698 1846 764 1886 ως
794 1826 948 1890 ἔφην,
986 1819 1020 1890 ἡ
1049 1819 1170 1892 αρχή
1200 1819 1314 1891 παρ’
1343 1818 1483 1889 ήμῶν
1507 1820 1873 1892 ἆνατρεπομένη
1909 1821 2049 1890 αῦτη.
2131 1824 2395 1892 Τριακόσια

467 1935 558 1982 γαρ
588 1909 715 1978 ὁμοῦ
743 1908 986 1976 κεφάλαια
1014 1905 1323 1977 ομοιότροπα
1351 1906 1542 1970 τούτοις
1568 1909 1721 1974 φασὶν
1753 1906 1905 1961 αὐτόν
1930 1911 2268 1976 πεποιηκέναι,
2300 1908 2392 1962 πά-

465 2016 554 2065 σης
582 1999 895 2065 βλασφημίας
919 1996 1113 2062 ἔμπλεα.
1179 1993 1439 2046 Ἐνταῦθα
1465 1994 1518 2046 δὲ
1543 2015 1610 2056 ως
1638 1991 1977 2061 απολλυμένου
2004 1993 2228 2062 σώματος
2254 1996 2392 2066 ἕρπε-

464 2089 555 2136 τοῦ
588 2084 671 2136 καὶ
701 2083 939 2142 σαπέντος
987 2085 1002 2115 ¹
1022 2078 1269 2146 ἑπηβόλου
1300 2077 1433 2140 τινὸς
1465 2082 1743 2132 σπουδαίου
1777 2078 2137 2147 ἄναλεξαμένου
2174 2086 2270 2134 τῶν
2306 2086 2394 2134 τοῦ

462 2171 668 2239 ἑρπετοῦ
710 2165 962 2234 λειψάνων
1003 2186 1063 2217 τα
1090 2164 1236 2218 ὀστέα
1262 2167 1331 2226 εἷς
1355 2163 1514 2232 λύμην
1547 2170 1719 2230 τινῶν,
1769 2164 1831 2233 ἢν
1863 2188 2098 2234 καυχαται
2130 2164 2395 2234 έπιβουλην

462 2255 798 2322 πεποιηκέναι,
834 2253 929 2305 τισὶ
960 2249 1168 2321 γράφων
1195 2254 1369 2318 δῆθεν,
1410 2272 1477 2312 ως
1502 2273 1628 2304 κατα
1652 2254 1939 2317 φιλοκαλίαν
1963 2252 2168 2322 περιέχει
2194 2274 2248 2304 το
2278 2268 2391 2305 συν-

462 2339 741 2411 ταγμάτιον,
771 2331 833 2391 οὗ
862 2335 895 2405 ἦ
926 2334 1050 2404 ἀρχὴ
1077 2335 1247 2396 οὕτως.
1292 2329 1367 2388 Οὗ
1393 2338 1574 2389 εἵνεκεν
1598 2338 1682 2389 καὶ
1710 2358 1852 2390 αυτοι
1878 2342 1968 2405 τῆς
1994 2343 2085 2390 τοῦ
2110 2343 2236 2390 θεοῦ
2264 2338 2392 2408 ἐνερ-

460 2430 592 2497 γείας
623 2447 682 2477 τα
714 2422 874 2476 ἰατικα
914 2428 1013 2474 τῶν
1051 2420 1211 2492 λόγων
1251 2427 1340 2489 τῆς
1373 2424 1518 2484 θείας
1554 2428 1752 2493 γραφῆς
1788 2419 2132 2491 αναλεξάμενοι
2167 2419 2394 2492 άπαρχῆς

462 2509 572 2581 ι’ίχρι
596 2512 762 2571 τέλους
790 2506 1147 2578 ἆνατρεπτικήν
1181 2505 1432 2560 ἀντίδοτον
1467 2506 1908 2576 κατασκευάσωμεν
1939 2516 2043 2570 τοῖς
2072 2510 2392 2577 βουλομένοις

463 2599 670 2663 ἰαθῆναι
699 2600 785 2662 τῆς
813 2592 966 2647 αὐτοῦ
997 2595 1236 2661 ἰοβολίας,
1291 2591 1522 2663 ἄντικρυς
1554 2592 1760 2662 ἑκάστης
1790 2596 1963 2658 λέξεως
1989 2590 2272 2665 άνατροπᾶς
2299 2615 2391 2647 πα·

462 2679 798 2752 ραθησόμενοι
832 2686 929 2733 τῶν
967 2677 1130 2732 αὐτῶν
1167 2685 1542 2750 συλλογιστικῶν
1582 2684 1863 2748 κεφαλαίων
1900 2679 2072 2742 οὕτως.

994 3109 1066 3153 ΤΑ
1102 3110 1352 3164 ΑΕΤΙΟΥ,
1384 3109 1504 3154 ΤΟΥ
1533 3107 1858 3154 ΑΝΟΜΟΙΟΥ.

602 3193 799 3263 Ἐπειδὴ
832 3199 961 3249 2-ἰιοῦ
990 3196 1334 3262 ἐπενεχθέντος
1366 3197 1418 3248 ἑν
1445 3201 1601 3268 καιρῷ
1631 3192 1748 3263 ἡμῖν
1775 3197 1996 3263 διωγμοῦ
2022 3190 2120 3246 ’ὑπὸ
2148 3199 2246 3246 τῶν
2277 3214 2388 3264 χρο-

461 3290 606 3338 νιτῶν
630 3304 756 3344 τινες
782 3287 878 3334 τῶν
905 3281 1276 3351 προειρημένων
1317 3279 1716 3351 σφετερισάμενοι
1753 3276 1870 3346 μετοὶ
1895 3279 1980 3330 καὶ
2006 3275 2167 3331 Ιἄλλων
2195 3284 2388 3333 πολλῶν

464 3368 769 3438 πονημάτιον
793 3367 1111 3420 σπουδασθὲν
1138 3364 1255 3434 ἡμῖν
1281 3366 1562 3430 ἰδιαζόντως
1587 3366 1698 3435 περὶ
1724 3361 1993 3433 ἅγεννήτου
2022 3370 2147 3416 θεοῦ
2171 3366 2255 3418 καὶ
2281 3385 2386 3435 γεν-

460 3461 613 3523 νητοῦ
650 3452 990 3523 παρενθήκαις
1028 3472 1078 3504 τε
1114 3454 1196 3504 καὶ
1237 3451 1522 3521 ἀφαιρέσεσι
1559 3453 1934 3519 διαφθείραντες
1976 3450 2242 3516 ἐξέδωκαν,
2295 3448 2386 3519 τῆν

516 3555 585 3597 91.
620 3553 642 3598 ὁ
668 3550 891 3610 ἀγέννητος
916 3551 1137 3609 ἀγέννητον
1163 3556 1281 3606 infra.
1453 3555 1523 3604 fut.

515 3611 585 3653 92.
620 3615 740 3664 Vulgo
765 3609 813 3655 δὲ
836 3613 911 3668 τῷ.
972 3614 1013 3653 V.
1039 3624 1146 3663 quae
1162 3615 1397 3653 annotavero
1509 3610 1577 3653 95.
1610 3607 1719 3651 ἔστιν
1735 3637 1747 3658 ,
1774 3603 1797 3650 ὁ
1828 3604 1927 3655 θεὸς
1955 3609 2074 3659 infra.

459 3670 566 3720 infra
602 3671 656 3709 ad
685 3670 813 3719 Refut.
1509 3665 1576 3708 96.
1606 3661 1653 3707 τό
1687 3667 1792 3705 abest
1818 3666 1938 3715 infra.

462 3724 584 3834 ᾳαὲὂ.
612 3723 657 3767 ἓν
687 3723 767 3779 (W
799 3727 882 3767 cod.
898 3726 996 3780 len.)
1026 3727 1139 3766 codd.
1168 3737 1260 3766 mss.
1290 3729 1394 3765 uter·
1452 3716 1725 3828 tuf-71:555
1754 3723 1893 3761 vitium
1930 3725 1984 3762 est
2022 3724 2110 3762 edit.
2145 3725 2280 3765 Petav.
2312 3723 2384 3763 Go—

519 3835 587 3881 94.
629 3840 751 3879 Verba
779 3836 825 3881 τὸ
858 3836 936 3892 πρὸ
968 3840 1239 3880 desiderantur
1261 3841 1302 3879 in
1318 3839 1391 3878 Re-
1506 3833 1572 3877 98.
1604 3831 1674 3878 διὰ
1701 3835 1823 3877 τοῦτο
1850 3829 2049 3888 οἷληῖτινός
2077 3837 2197 3887 infra.
