2508 4134
548 300 771 342 PANARH
802 300 905 340 LIB.
934 301 1005 340 ΙΙΙ.
1034 301 1166 341 ΤΟΜ.
1198 302 1245 341 ll.
1276 301 1438 341 HAER.
1461 301 1674 342 LXXVII.
1956 290 2051 341 361

164 402 220 454 ad
246 400 414 452 inanes
442 415 498 450 ac
528 397 818 467 pertinaciae
846 414 962 448 suae
991 407 1343 450 consentaneas
1370 416 1479 450 sese
1520 399 1700 451 fabulas
1738 399 2054 450 transferunt.

163 483 290 537 Nam
321 499 506 551 ungues
528 482 657 533 illum
689 489 738 532 et
766 498 957 532 carnem
987 498 1043 532 ac
1073 481 1289 550 capillos,
1331 491 1585 551 ceteraque
1617 482 1776 534 omnia
1807 501 1902 534 non
1932 483 2059 534 eius-

162 567 291 619 modi
329 566 486 635 qualia
527 567 576 616 in
619 564 757 616 nobis
802 565 995 629 insunt,
1050 565 1274 616 habuisse
1313 567 1618 634 praedicant,
1677 568 1761 618 sed
1805 583 1990 635 ungues
2031 584 2060 618 a

162 650 343 703 nostris
373 650 620 714 diversos,
672 649 929 717 itidemque
972 665 1162 699 carnem
1197 665 1251 699 ac
1279 650 1460 718 reliqua
1497 651 1543 700 id
1578 667 1731 718 genus
1762 669 1856 701 non
1886 650 2060 702 similia

162 743 470 797 nostrorum,
523 734 606 784 sed
651 732 708 784 ab
749 733 807 784 iis
843 733 985 799 longe
1026 732 1364 801 discrepantia.
1439 732 1680 785 Nimirum
1722 744 1772 785 ut
1812 733 2061 786 Valentini

162 837 218 871 ac
256 827 524 870 ceterarum
563 834 681 885 quas
725 826 867 868 antea
906 816 1388 868 commemoravimus
1428 817 1696 868 haereseon
1736 835 1869 869 more
1914 818 2061 870 cavil-

163 903 333 954 latoria
369 903 568 970 quadam
611 901 794 967 argutia
827 897 1023 953 Christo
1054 900 1313 968 gratificari
1354 901 1625 953 videantur.
1701 901 1838 954 Unde
1871 921 1975 954 cum
2003 920 2060 954 ea

164 987 322 1038 omnia
346 1004 464 1055 quae
486 985 650 1036 insunt
674 984 723 1035 in
752 982 949 1037 Christo
974 986 1186 1054 perfecte
1215 984 1527 1053 absoluteque
1557 986 1883 1054 profiteamur,
1915 988 2061 1038 multa

160 1071 226 1122 illi
259 1072 317 1122 de
345 1071 513 1122 eodem
538 1069 743 1121 absurde
767 1086 823 1119 ac
853 1069 1043 1120 curiose
1070 1068 1314 1137 disputare
1343 1069 1520 1120 solent.
1598 1067 1673 1120 De
1699 1088 1792 1137 quo
1821 1070 2059 1122 hominum

161 1172 372 1225 genere,
441 1154 521 1222 qni
559 1171 664 1204 cum
713 1154 966 1204 multarum
1010 1170 1170 1204 rerum
1217 1160 1468 1220 satagant,
1528 1153 1642 1204 nihil
1687 1162 1844 1205 tamen
1892 1164 2058 1223 agunt,

162 1240 399 1308 scriptura
429 1238 660 1289 meminit.
737 1236 929 1288 Etenim
959 1255 1051 1305 quo
1076 1236 1323 1288 rudiorum
1350 1237 1535 1288 animos
1565 1237 1765 1305 quodam
1795 1239 1925 1289 velut
1953 1239 2061 1290 hor-

162 1341 274 1375 rore
305 1323 619 1392 perfundant,
671 1322 788 1373 haec
816 1321 1073 1373 identidem
1117 1321 1376 1371 obiiciunt:
1432 1319 1566 1389 Ergo
1597 1321 1867 1372 istiusmodi
1893 1341 2064 1391 corpo-

162 1407 229 1459 ris
274 1406 670 1470 necessitatibus,
728 1423 848 1474 quae
893 1406 935 1455 ei
965 1405 1224 1456 familiares
1254 1413 1392 1468 sunt,
1447 1406 1706 1457 obstrictus
1739 1407 1851 1466 fuit,
1909 1405 2062 1474 qualis

162 1491 345 1559 egestio
389 1499 463 1541 cst
497 1508 552 1541 ac
593 1491 853 1542 secessus?
923 1490 1121 1540 Addunt
1150 1498 1198 1540 et
1226 1489 1318 1540 alia
1349 1489 1574 1558 pleraque
1594 1529 1606 1553 ,
1659 1507 1781 1558 quae
1810 1490 1978 1541 callida
2007 1508 2063 1541 ac

162 1576 352 1627 subtilia
393 1575 644 1637 videntur,
703 1575 787 1624 sed
829 1574 1068 1624 horrenda
1107 1574 1372 1624 otiosorum
1414 1574 1658 1624 hominum
1708 1575 1888 1625 ludicra
1929 1583 2059 1625 sunt.

160 1659 289 1712 Nam
306 1699 319 1723 ‚
368 1667 420 1710 ut
447 1660 516 1709 ait
540 1658 766 1728 propheta
784 1697 798 1721 ,
849 1663 951 1724 quis
993 1661 1106 1707 llaec
1133 1677 1158 1706 e
1184 1660 1393 1707 manibus
1430 1662 1596 1708 vestris
1628 1663 1907 1725 requisivit?
1979 1656 2055 1709 De
2079 1676 2237 1718 Esai.1.
2262 1676 2314 1712 12.

163 1761 371 1813 quonam
404 1760 520 1794 vero
546 1759 610 1793 ex
637 1743 855 1793 omnibus
887 1741 1086 1805 sanctiS‚
1126 1744 1317 1793 tametsi
1347 1743 1564 1794 homines
1590 1752 1755 1793 essent
1783 1742 2061 1811 prophetae,

162 1846 256 1878 non
287 1828 378 1891 dii,
430 1835 482 1877 ut
527 1835 575 1876 et
612 1827 939 1895 evangelistae
986 1826 1261 1894 ceterique,
1314 1828 1392 1894 qui
1424 1843 1489 1877 ex
1517 1826 1673 1877 anima
1702 1837 1748 1877 et
1776 1844 1921 1878 carne
1949 1845 2064 1877 con-

160 1912 380 1975 stabant,
436 1928 492 1962 ac
518 1910 623 1961 sine
655 1911 750 1961 ulla
781 1911 1075 1961 dubitatione
1110 1911 1263 1971 nostri
1296 1910 1478 1962 similes
1511 1920 1678 1974 crant,
1734 1912 1837 1979 quis
1873 1911 2059 1975 horum,

159 1997 372 2064 inquam,
415 1995 578 2046 extitit
603 1995 660 2046 de
686 2013 778 2063 quo
803 1996 1036 2046 eiusmodi
1067 1996 1297 2062 quaedam
1330 1995 1601 2064 conscripta
1630 1995 1835 2045 fuerint?
1883 1994 2062 2046 Nonne

160 2081 318 2150 potius
347 2080 683 2132 honestissima
711 2097 925 2148 quaeque
958 2080 1016 2130 de
1046 2080 1255 2143 sanctiS‚
1310 2080 1481 2130 nedum
1525 2082 1582 2130 de
1611 2077 1808 2132 Christo
1849 2081 2060 2144 domino,

162 2164 398 2233 scriptura
436 2165 679 2215 testatur?

302 2248 478 2300 Dicant
511 2248 649 2299 nobis
688 2247 722 2299 ii
757 2249 834 2316 qui
875 2257 922 2299 et
965 2266 1082 2299 oves
1119 2248 1420 2312 absterrent,
1480 2258 1527 2299 et
1562 2248 1804 2300 columbas
1840 2248 2056 2316 abigunt,
2141 2264 2239 2316 Cap.

163 2347 210 2388 et
241 2334 426 2409 Christi
470 2350 621 2401 agnos
664 2350 718 2383 ac
752 2350 928 2402 pecora
970 2334 1165 2400 fugant,
1219 2333 1409 2384 ubinam
1438 2331 1642 2402 Moyses
1678 2334 1789 2383 totis
1826 2334 1918 2383 illis
1946 2351 2061 2401 qua·
2133 2322 2247 2363 XVI·

163 2421 377 2489 draginta
407 2419 573 2469 diebus
604 2426 822 2468 ventrem
854 2417 1231 2468 exoneraverit?
1280 2435 1484 2485 quonam
1530 2419 1585 2467 ad
1616 2435 1858 2468 secessum
1895 2418 2068 2468 abierit

162 2503 296 2555 Elias
326 2505 381 2553 ad
407 2510 671 2553 torrentem
702 2498 916 2565 Chorra,
960 2519 1064 2552 eum
1096 2503 1316 2552 mandato
1345 2502 1448 2565 dei,
1502 2519 1622 2569 quac
1649 2520 1673 2552 a
1703 2502 1864 2552 corvis
1893 2502 2065 2552 alfere-

162 2589 337 2639 bantur
365 2585 571 2647 cibaria,
613 2585 702 2635 hoe
729 2594 801 2635 est
829 2593 1052 2635 matutino
1086 2596 1285 2651 tempor-e
1303 2604 1486 2651 panem,
1529 2605 1714 2652 vespere
1743 2605 1907 2636 carnes
1938 2605 2059 2636 eom-
2113 2602 2143 2637 3.
2168 2601 2262 2655 ng.

162 2677 330 2723 ederet.
432 2669 674 2722 Nimirum
730 2670 922 2719 stultum
987 2679 1091 2720 erat
1138 2671 1254 2720 haec
1301 2688 1328 2721 a
1376 2672 1613 2739 scriptura
1672 2671 2058 2734 commemorari,
2129 2645 2182 2689 n’
2207 2646 2237 2679 δ’

162 2755 557 2824 quemadmodum
585 2763 632 2803 et
656 2753 763 2803 illos
793 2755 930 2803 modo
963 2755 1251 2819 perscrutari
1283 2755 1476 2805 stultum
1510 2764 1601 2806 est.
1680 2753 1815 2822 Quae
1848 2756 1970 2805 enim
1999 2772 2062 2806 ex

162 2842 220 2892 iis
255 2840 435 2891 utilitas
478 2838 654 2907 percipi
694 2839 882 2905 potest?
932 2838 1036 2904 quis
1068 2838 1211 2888 animi
1246 2840 1458 2889 fructus?
1508 2856 1628 2907 quae
1655 2857 1718 2889 >eo
1751 2849 1930 2889 tantum
1957 2856 2065 2906 spe-

164 2933 260 2976 ctat
288 2933 339 2975 ut
372 2924 427 2973 ad
461 2931 794 2991 praesumptae
828 2921 1070 2971 cuiusdam
1102 2923 1339 2990 opinionis
1371 2923 1698 2973 infidelitatem
1728 2923 2063 2973 adstruendam

162 3009 469 3059 inanissimas
500 3006 782 3057 occasiones
813 3005 995 3073 frigidis
1019 3005 1111 3055 illis
1142 3007 1277 3073 nugis
1306 3016 1348 3057 et
1380 3008 1435 3057 ad
1462 3007 1727 3057 animorum
1759 3006 2061 3057 eversionem

162 3092 349 3144 idoneis
390 3090 677 3160 suppeditet.
757 3089 915 3141 Velim
953 3099 996 3138 et
1031 3090 1118 3139 hoe
1157 3108 1300 3158 porro
1334 3091 1471 3140 nobis
1511 3092 1807 3153 edisserant,
1864 3108 2063 3158 quanam

163 3179 350 3228 ratione
395 3178 545 3238 dens,
599 3193 703 3225 cnm
741 3175 917 3235 voluit,
975 3175 1017 3223 id
1060 3175 1214 3240 egerit
1256 3184 1305 3224 ut
1340 3173 1664 3226 lsrae'litarum
1700 3183 1824 3224 totos
1864 3175 2065 3241 quadra-

163 3262 294 3329 ginta
337 3278 490 3311 annos
531 3276 684 3326 neque
725 3259 802 3327 pili
843 3268 1151 3320 crescerent,
1207 3276 1294 3308 nec
1325 3259 1655 3309 inveterarent
1690 3257 1868 3321 calcei,
1910 3275 2063 3326 neque

164 3355 327 3396 vestes
355 3353 700 3405 attererentur,
742 3352 823 3392 aut
848 3342 1070 3391 sordibus
1097 3342 1492 3392 obsolescerent?
1565 3343 1643 3391 An
1673 3350 1720 3391 et
1744 3341 1821 3390 isti
1845 3343 1901 3391 de
1927 3342 2064 3392 coelo

165 3429 545 3480 descenderant?
594 3437 671 3478 aut
702 3427 762 3476 dii
791 3426 976 3476 scilicet
1010 3435 1148 3476 erant
1180 3425 1355 3492 aliqui?
1428 3425 1577 3492 Atqui
1619 3443 1676 3475 ne
1712 3426 1964 3476 laudantur
1995 3426 2064 3476 illi

165 3512 385 3581 quidem,
439 3513 522 3562 sed
568 3512 779 3562 divinum
826 3528 998 3561 numen
1040 3510 1085 3560 in
1130 3509 1371 3578 plerisque
1412 3517 1754 3577 provocarunt.
1841 3509 1920 3560 An
1966 3528 2063 3561 non

167 3680 483 3720 Consternantes
509 3680 612 3719 enim
651 3687 829 3719 mentem
864 3677 1090 3732 simplicio-
1147 3682 1224 3717 tac.
1259 3679 1386 3717 Coton.
1417 3681 1532 3727 repet.

163 3750 253 3776 rum
282 3736 420 3776 statim
453 3735 592 3775 dicunt
622 3741 704 3776 cett.
1202 3734 1240 3773 2.
1272 3728 1455 3784 κομοίσαι
1485 3735 1545 3772 ed.
1575 3736 1707 3776 Petav.

223 3792 316 3835 Car.
342 3793 455 3834 XVI.
487 3815 538 3822 -
601 3796 634 3835 1.
663 3790 734 3835 καὶ
759 3805 831 3832 om.
859 3794 899 3832 in
924 3793 983 3831 ed.
1012 3792 1084 3835 Pe·
1196 3789 1234 3832 3.
1265 3780 1347 3844 οἷρα
1375 3791 1486 3831 codd.
1515 3801 1604 3833 mss.
