2508 4134
548 251 771 294 PANARn
802 252 905 291 Lm.
935 252 1009 291 ιιι.
1040 252 1173 293 ΤοΜ.
1200 254 1232 293 1.
1264 252 1427 294 HAER,
1453 252 1653 294 Lxxm.
1955 242 2050 293 135

283 348 423 418 Quae
463 366 571 400 cum
616 348 682 399 ita
718 348 841 411 sint,
896 349 1201 400 contentiosa
1240 350 1320 400 illa
1356 350 1510 401 dubiis
1550 350 1607 400 de
1638 350 1782 402 rebus
1818 367 1942 420 quae
1972 367 2053 401 ca·
2083 336 2286 433 xgaffim

147 443 275 504 ptum
304 441 518 484 nostrum
548 440 778 499 superant
807 431 1093 482 tractatione
1122 435 1463 500 praetermissa
1495 434 1554 484 iis
1584 450 1705 502 quae
1735 451 1763 485 a
1791 434 2054 486 maioribus

144 517 401 586 accipimus
423 516 750 567 inhaeremus·
829 512 953 582 Quis
987 524 1062 566 est
1092 515 1217 566 enim
1248 515 1330 583 qui
1371 517 1573 568 scientia
1604 519 1785 569 iactare
1812 537 1865 570 se
1905 528 1953 570 et
1979 518 2053 569 in-

144 600 375 653 solentius
417 601 592 652 audeat
634 601 837 663 efferre,
897 617 1003 650 cum
1042 599 1122 649 ille
1163 599 1267 668 ipse
1309 599 1384 649 cui
1426 600 1588 651 divina
1636 604 1875 670 patefacta
1916 611 2047 669 sunt,

143 689 229 752 qui
259 688 323 735 ad
361 689 546 735 tertium
580 703 723 751 usque
752 686 926 733 coelum
954 701 1053 732 esse
1079 693 1260 733 evectus
1273 721 1287 743 ‚
1346 688 1431 749 qui
1458 688 1637 733 audebit
1669 704 1844 737 arcana
1883 690 2040 748 verba,
2055 698 2086 733 2.
2103 697 2302 743 Gor.12‚2.

145 787 250 820 cum
280 769 361 819 ille
378 808 392 832 ‚
440 768 631 836 inquam
650 808 664 833 ,
715 771 873 818 carnis
898 770 1084 817 stimulo
1111 771 1341 817 coercitus
1370 771 1463 827 sit,
1505 786 1563 817 ne
1586 786 1636 817 se
1663 782 1946 835 arroganter
1968 791 2051 822 ex-

145 856 365 903 tolleret?
437 850 565 919 Quin
594 851 826 921 propheta
850 851 929 901 ille
946 889 959 913 ‚
1012 852 1088 918 qui
1120 850 1275 914 dixit,
1331 854 1522 901 Credidi
1537 863 1734 917 propter
1762 859 1885 920 quod
1908 865 1955 906 et
1983 859 2051 906 lo·
2074 866 2138 902 Ps.
2155 866 2229 912 115,
2248 866 2304 903 10.

140 946 275 988 cutus
298 955 424 996 sum,
477 939 748 986 humiliatus
772 954 899 995 sum,
942 934 1123 1002 inquit,
1166 952 1261 986 non
1293 943 1577 1003 utcumque,
1620 937 1703 987 sed
1731 942 1882 987 m'mz‘s.
1963 938 2050 990 Et-

140 1019 266 1073 enim
308 1028 485 1089 quanto
525 1019 725 1089 quisque
756 1020 814 1069 ad
847 1018 1098 1070 scientiam
1140 1018 1335 1088 propius
1377 1018 1570 1070 videtur
1597 1021 1859 1084 accedere,
1914 1031 2048 1074 tanto

140 1104 293 1173 magis
322 1113 547 1173 reputare
579 1122 685 1154 cum
718 1103 877 1155 animo
906 1121 995 1153 suo
1027 1103 1168 1153 debet
1203 1103 1441 1154 hominem
1472 1120 1524 1154 56
1558 1121 1689 1155 6556.
1769 1102 1877 1171 Qua
1907 1107 1964 1156 de
1995 1124 2047 1158 re

138 1189 246 1240 audi
286 1188 394 1256 quid
439 1188 517 1238 itte
558 1188 701 1239 dicat.
793 1191 898 1252 Ego
943 1205 1051 1237 vero
1088 1191 1195 1237 dclvi
1230 1191 1277 1237 in
1313 1205 1507 1236 excessu
1542 1207 1667 1249 meo,
1729 1193 1885 1239 Omnis
1918 1193 2050 1240 homo

136 1276 350 1324 mendax.
430 1274 595 1341 ltaque
633 1290 740 1322 cum
779 1280 1143 1340 praeceptorem
1173 1272 1392 1322 veritatis
1420 1271 1706 1334 liabeamuS,
1763 1273 1920 1324 nullos
1950 1292 2050 1325 am-

136 1357 258 1426 plius
302 1356 535 1408 humanos
582 1357 806 1407 doctores
846 1356 1188 1422 adiungamus,
1242 1357 1325 1406 sed
1358 1356 1481 1423 apud
1510 1374 1598 1407 nos
1639 1356 1730 1426 ipsi
1758 1357 2045 1426 cogitemUS,

137 1459 191 1492 ac
219 1458 372 1509 neque
399 1440 667 1491 divinarum
696 1457 858 1491 rerum
889 1440 1055 1490 modos
1084 1448 1133 1489 et
1161 1441 1405 1503 rationeS,
1449 1457 1604 1508 neque
1636 1442 1890 1510 quidquam
1922 1442 2049 1493 aliud

136 1525 375 1576 curiosius
415 1525 718 1593 indagemus.
807 1522 872 1576 Ut
919 1525 1045 1575 enim
1087 1523 1170 1575 filii
1211 1523 1576 1593 generationem
1618 1526 1863 1595 explicare
1906 1543 2049 1577 nemo

136 1617 320 1679 potest,
373 1608 439 1659 ita
468 1617 515 1659 et
546 1609 734 1659 modum
765 1608 929 1673 illum,
981 1627 1074 1677 quo
1106 1618 1242 1677 pater
1270 1608 1465 1676 genuit,
1517 1626 1747 1660 enarrare
1782 1610 1940 1661 nullus
1965 1629 2049 1679 po-

135 1701 249 1745 test.
329 1691 511 1743 Verum
542 1693 654 1743 illud
687 1693 744 1743 ad
775 1691 1038 1743 doctrinam
1068 1694 1289 1743 sufficere
1320 1700 1563 1760 putatote,
1606 1697 1767 1744 Omnia
1786 1699 2047 1761 peripsum
2070 1707 2298 1754 loann.1,16.

132 1780 263 1845 sacta
290 1787 417 1837 sunt,
459 1787 507 1826 et
531 1780 631 1826 sine
662 1779 958 1844 zpsosactum
984 1787 1055 1826 est
1075 1779 1210 1827 m'lzz’l.
1288 1774 1481 1828 Utinam
1513 1794 1631 1828 vero
1656 1779 1735 1829 det
1762 1779 1874 1830 illud
1909 1779 2047 1832 nobis

135 1861 384 1924 dominuS,
438 1869 489 1911 ut
528 1861 692 1912 eadem
731 1878 823 1928 qua
853 1861 1157 1913 Abrabamus
1190 1860 1441 1930 prudentia
1474 1862 1706 1930 praediti,
1762 1881 1867 1914 cum
1901 1864 2044 1927 dixit,

132 1949 271 1996 Nunc
314 1949 448 2010 coepi
479 1963 581 1994 cum
615 1948 796 1995 domino
834 1964 930 1994 meo
973 1948 1198 2011 colloqui,-
1257 1963 1342 2009 ego
1384 1964 1491 1995 vero
1521 1964 1621 1995 sum
1661 1956 1788 1996 ter-ra
1815 1957 1863 1997 et
1899 1952 2036 2008 ce‘nz's,
2066 1954 2295 2001 Gen.1s,2·1.

134 2031 255 2082 adeo
281 2038 448 2080 utnon
478 2030 730 2080 cedrorum
760 2027 936 2080 Libani
962 2029 1118 2080 instar
1147 2029 1441 2092 attollamur,
1482 2049 1534 2079 eo
1559 2034 1683 2096 quod
1706 2049 1797 2081 non
1824 2035 1870 2081 in
1898 2035 2045 2082 docte's
2110 2054 2138 2089 1.
2155 2054 2238 2091 eor.

134 2118 360 2165 humanae
394 2117 648 2180 sapientiae
688 2115 866 2174 verbis,
920 2117 1003 2162 sed
1022 2115 1151 2179 fidei
1191 2117 1479 2163 instimtione
1510 2119 1742 2180 perceptas·
1781 2116 2044 2184 aequabilis
2130 2097 2164 2142 ²'
2183 2098 2215 2132 ³⁹

132 2199 212 2250 illa
237 2216 293 2250 ac
323 2198 518 2266 pacifica
545 2197 782 2267 sapientia
810 2207 1145 2266 comparatur,
1189 2198 1295 2262 det,
1336 2198 1558 2266 iuquam,
1615 2199 1752 2250 nobis
1785 2209 1834 2250 ut
1864 2217 2044 2268 nequa-

134 2301 272 2352 quam
305 2281 625 2346 liaesitemuS,
666 2299 835 2333 verum
868 2281 1088 2350 quicquid
1121 2283 1312 2333 tandem
1339 2300 1563 2350 agamUS,
1606 2284 1696 2334 deo
1725 2300 1780 2333 ac
1812 2285 1953 2353 patri,
1996 2292 2045 2335 et

134 2386 239 2418 cum
285 2367 389 2436 ipso
430 2366 525 2417 filio
552 2366 600 2417 in
643 2365 815 2435 spiritu
849 2377 1016 2417 sancto
1045 2366 1335 2435 placeamus.
1414 2363 1506 2418 Cui
1538 2367 1719 2435 gloria,
1768 2368 2040 2437 imperium,

133 2451 316 2516 bonor,
358 2460 407 2501 et
442 2450 597 2501 virtus
635 2469 762 2501 nunc
800 2459 849 2501 et
882 2468 1074 2520 semper
1110 2450 1159 2501 in
1187 2451 1380 2502 saecula
1415 2452 1748 2516 saeculorum,
1789 2451 1968 2503 Amen.

634 2548 934 2590 HACTENUS
964 2548 1198 2590 MELETII
1227 2548 1538 2590 CONFESSIO.

274 2701 506 2756 Ceterum
547 2701 789 2770 plerisque
830 2719 896 2754 ex
933 2703 1118 2754 Ariana
1157 2703 1366 2754 factione
1407 2703 1562 2754 visum
1596 2713 1671 2755 est
1702 2704 1827 2755 bunc
1856 2721 1882 2755 6
1907 2702 2039 2756 Pon·
2121 2717 2221 2770 Cap.

133 2789 229 2840 tica
269 2788 468 2856 regione
510 2787 804 2849 transferre,
859 2787 981 2853 quod
1026 2787 1141 2855 ipsis
1189 2797 1348 2838 tamen
1387 2787 1611 2851 minime,
1671 2797 1722 2839 ut
1756 2789 2033 2857 sperabant,
2058 2775 2263 2816 XXXIV.

132 2872 426 2941 voluptatem
464 2880 511 2921 et
545 2869 693 2920 otium
735 2870 819 2920 sed
853 2870 1116 2921 molestiam
1150 2871 1326 2922 attulit.
1403 2869 1558 2939 Igitur
1587 2873 1925 2941 imperatorem
1959 2873 2039 2922 de-

133 2956 313 3008 latione
343 2973 428 3007 sua
457 2954 506 3005 in
534 2953 772 3005 bominem
803 2963 1137 3019 commovent,
1179 2956 1303 3023 quod
1335 2958 1598 3024 perfectam
1631 2965 1899 3007 creaturam
1929 2972 2039 3006 essc

133 3040 277 3091 filium
311 3039 521 3108 profiteri
549 3039 715 3101 nollet,
758 3054 813 3087 ac
839 3038 1027 3088 tandem
1057 3056 1082 3088 e
1111 3056 1199 3089 sua
1227 3040 1341 3091 sede
1371 3040 1640 3090 deturbant.
1694 3038 1861 3107 Itaque
1893 3048 2038 3089 noctu

133 3124 182 3175 in
211 3124 408 3175 exilium
439 3124 716 3192 deportatus
747 3122 804 3172 ad
839 3122 953 3172 haec
998 3140 1149 3190 usque
1181 3132 1397 3192 tempora
1444 3123 1493 3174 in
1539 3123 1693 3192 patria
1735 3124 1889 3191 degit,
1939 3124 2038 3174 sin-

134 3207 290 3276 gulari
319 3209 501 3258 honore
542 3225 599 3258 ac
628 3206 968 3257 benevolentia
997 3209 1386 3274 prosequendus,
1443 3226 1548 3258 cum
1579 3207 1638 3257 ob
1669 3208 1789 3269 alia,
1847 3215 1942 3257 tum
1977 3207 2036 3258 ob

136 3308 195 3342 ea
219 3309 340 3359 quae
377 3309 502 3342 nunc
529 3289 778 3360 praeclare
808 3290 866 3340 ab
896 3307 953 3340 eo
979 3298 1117 3357 gesta
1153 3290 1401 3341 didicimus
1420 3330 1434 3355 ,
1487 3299 1546 3358 et
1567 3292 1689 3357 quod
1719 3290 2033 3355 Antiocheni,

136 3374 307 3444 quibus
342 3375 422 3425 ille
462 3385 683 3444 praeest,
742 3374 978 3425 sinceram
1020 3374 1158 3426 fidem
1202 3374 1291 3425 hoc
1339 3383 1555 3442 tempore
1592 3375 1902 3442 proliteutur3
1956 3377 2036 3444 qui

137 3459 312 3509 nullam
339 3459 560 3528 amplius,
602 3477 657 3510 ac
686 3476 747 3509 ne
778 3458 951 3508 leviter
979 3457 1189 3525 quidem,
1231 3467 1481 3509 creaturae
1510 3458 1798 3509 mentionem
1834 3460 2033 3525 faciunt,

137 3543 222 3593 sed
270 3552 450 3611 patrem
501 3553 549 3593 et
598 3543 741 3594 filium
782 3551 831 3593 et
878 3542 1094 3610 spiritum
1145 3550 1361 3593 sanctum
1417 3541 1872 3596 consubstantialem
1923 3562 2033 3597 esse

138 3684 214 3722 bris
256 3694 323 3722 nec
366 3695 486 3723 manu
522 3686 694 3734 scriptis,
747 3695 815 3723 nec
857 3684 957 3732 typis
999 3684 1196 3731 expressis,
1274 3732 1278 3736 ι
