2508 4134
235 1443 319 1478 pag.
343 1433 437 1470 1074.

241 3062 352 3118 Κεφ.
377 3059 433 3117 η’.

461 283 565 334 474
1171 300 1374 343 εΑΝοΤι
1404 302 1686 344 EPIPHANH

616 402 630 432 ¹
657 397 714 448 Τί
751 395 804 448 δὲ
831 402 995 465 χεῖρον
1034 398 1115 449 καὶ
1147 399 1393 463 ἐναντίους
1445 402 1497 453 οἷ
1521 401 1608 468 μὲν
1633 399 1687 454 vd
1715 402 1898 471 γένειον
1935 399 2026 470 τὴν
2067 400 2268 471 μορφήν
2298 406 2390 455 τοῦ

466 476 650 549 ἀνδρός
685 478 1046 549 ἀποτέμνουσι,
1099 486 1263 552 τρίχας
1299 484 1352 536 δὲ
1382 490 1469 552 τῆς
1495 491 1711 553 κεφαλῆς
1738 485 1970 548 πολλάκις
2007 493 2209 554 κομῶσι.
2289 488 2391 540 Καὶ

466 567 579 633 περὶ
611 566 697 632 μὲν
739 559 829 618 οῦν
864 572 955 619 τοῦ
994 571 1181 636 γενείου
1215 571 1267 622 ἐν
1292 577 1398 631 ταῖς
1432 569 1734 634 ΞΔιατάξεσι
1772 576 1868 623 τῶν
1896 571 2184 626 ἀποστόλων
2211 571 2391 639 φάσκει

465 649 496 705 0‘
521 659 661 714 θεῖος
702 649 847 720 λόγος
880 653 963 704 καὶ
994 649 1028 719 ἦ
1057 655 1368 719 διδασκαλία,
1427 653 1495 723 μὴ
1534 659 1786 725 φθείρειν,
1837 657 2055 710 τουτέστι
2093 655 2161 726 μή
2202 659 2392 726 τέμνειν

463 741 627 807 τρίχας
666 739 878 807 γενείου,
929 738 1052 804 μηδὲ
1092 740 1356 813 ἑταιρισμῷ
1399 746 1852 807 3κατακομεῖσθαι,
1904 739 2021 808 μήτε
2049 739 2392 813 ὑπερηφανίας

464 820 742 894 ὑπόδειγμα
779 823 1094 891 δικαιοσύνης
1135 823 1223 892 τὴν
1259 826 1569 894 προςέλευσιν
1609 827 1744 893 ἔχειν.
1814 823 2035 895 ’Ἐπρεπε
2078 825 2170 897 γὰρ
2221 833 2392 892 Ναζω-

465 912 625 978 ραίοις
668 915 811 963 τοῦτο
853 909 1009 978 μόνον
1048 908 1130 963 διά
1161 908 1247 963 τόν
1277 910 1450 963 τύπον.
1533 909 1682 982 Τύπῳ
1713 908 1805 981 γάρ
1839 908 2090 981 4ἦγοῦντο
2118 915 2169 965 οἷ
2190 908 2390 967 παλαιοὶ

464 1000 552 1046 τοῦ
584 996 836 1061 μέλλοντος
862 997 1089 1060 ἔσεσθαι,
1129 998 1313 1063 ἔχοντες
1339 994 1500 1062 κόμην
1530 996 1612 1048 ἐπὶ
1644 1002 1731 1063 τῆς
1756 1002 1974 1064 κεφαλῆς
2000 995 2082 1050 διά
2109 996 2199 1064 τὴν
2225 996 2390 1066 εὐχὴν,

463 1082 556 1142 ἕως
585 1080 703 1134 ὅτου
737 1075 891 1149 ἦλθεν
925 1078 960 1148 ἦ
994 1079 1110 1148 εὐχὴ
1139 1086 1227 1133 τοῦ
1260 1079 1451 1148 κόσμου
1482 1082 1563 1132 καὶ
1596 1080 1880 1148 ἐτελειώθη,
1936 1079 2124 1150 κεφαλὴ
2150 1082 2203 1136 δὲ
2232 1084 2391 1151 πέφη-

460 1186 541 1218 νεν
570 1162 600 1219 ὅ
632 1164 846 1236 Χριστός
870 1163 899 1218 ὅ
923 1164 1190 1235 μονογενὴς
1231 1164 1341 1227 υἱός
1379 1173 1469 1218 τοῦ
1498 1171 1650 1229 θεοῦ,
1700 1167 1784 1219 καὶ
1816 1167 2045 1236 ἐγνώσθη
2071 1173 2139 1241 τῷ
2167 1167 2336 1241 κόσμῳ
2364 1166 2394 1222 o‘

462 1249 531 1305 ὦν
562 1251 640 1305 ἀεὶ
680 1253 765 1304 καὶ
808 1251 877 1320 μὴ
924 1249 1287 1321 γινωσκόμενος
1328 1249 1464 1318 παρά
1504 1257 1564 1324 τῇ
1605 1250 1742 1325 πάσῃ
1785 1251 2136 1323 ἀνθρωπότητι
2173 1251 2208 1321 ἢ
2236 1252 2393 1321 μόνον

461 1338 610 1398 ἐνίοις
638 1344 740 1399 τοῖς
769 1339 837 1399 εἷς
874 1335 1026 1389 αὐτόν
1052 1335 1448 1390 πεπιστευκόσιν·
1485 1333 1547 1390 ’ἵν’
1579 1335 1697 1390 ὅταν
1720 1343 1908 1407 γνῶμεν
1931 1336 2021 1406 τὴν
2047 1338 2284 1407 κεφαλὴν,
2325 1341 2393 1409 μή

463 1421 858 1491 καταισχύνωμεν
885 1420 974 1490 τὴν
1006 1420 1240 1488 κεφαλήν.
1320 1421 1395 1474 Οὐ
1429 1421 1521 1492 γάρ
1552 1424 1714 1475 ἕνεκεν
1741 1429 1828 1490 τῆς
1855 1425 1983 1486 ἰδίας
2010 1430 2228 1493 κεφαλῆς
2250 1425 2391 1495 λέγει,

460 1507 557 1561 ἀλλ’
583 1506 681 1562 ἀπό
709 1514 796 1575 τῆς
825 1510 952 1569 ἰδίας
975 1509 1043 1568 εἰς
1075 1506 1290 1577 Χριστόν
1324 1507 1582 1575 ἐνσκήπτει
1608 1508 1661 1561 τό
1692 1514 1779 1576 τῆς
1804 1508 1972 1577 χλεύης
1999 1511 2166 1580 ἔργον
2205 1504 2240 1583 ᾗ
2270 1527 2394 1578 φησι

460 1591 489 1647 ὅ
519 1593 820 1657 ἀπόστολος,
877 1591 1019 1660 Αὐτὴ
1055 1590 1085 1660 ἦ
1116 1591 1268 1658 φύσις
1303 1592 1363 1645 οὐ
1409 1592 1631 1646 διδάσκει
1661 1591 1792 1660 ἡμᾶς
1820 1593 1897 1648 ὅτι
1925 1593 2049 1662 ἀνὴρ
2079 1596 2166 1663 μὲν
2196 1594 2283 1649 ἐᾶν
2310 1617 2391 1650 κο-

459 1683 529 1752 μᾷ
557 1679 725 1746 ἀτιμία
752 1676 883 1749 αύτῷ
913 1680 1039 1741 ἐστι,·
1115 1677 1258 1746 Αὕτη
1298 1678 1350 1731 δὲ
1380 1675 1414 1746 ἦ
1442 1676 1605 1745 ἀτιμία
1635 1678 1990 1747 οὗκ“ἐπαινετή
2021 1678 2089 1742 ω’ς
2128 1684 2284 1750 ἐκείνη
2316 1681 2393 1734 ’λέ-

463 1781 621 1834 γουσα
650 1762 754 1827 ὅτι,
792 1763 1041 1831 Αἰσχύνης
1070 1762 1461 1831 καταφρονήσας.
1543 1761 1618 1816 Ού
1646 1762 1737 1834 γάρ
1770 1763 1851 1818 διά
1880 1764 2002 1819 θεὸν
2026 1763 2059 1833 ἦ
2085 1764 2258 1835 ἀρετὴ,
2294 1763 2393 1821 κάν

459 1870 508 1903 τε
538 1848 620 1903 διά
647 1847 771 1902 θεὸν
805 1846 1151 1918 ύποληφθείη,
1204 1848 1322 1902 ἀλλά
1351 1847 1432 1902 διά
1460 1854 1762 1915 φιλονεικίαν
1790 1847 1820 1904 ό
1845 1850 2028 1920 τρόπος
2053 1851 2393 1922 παρελθόντος

458 1942 545 1989 τοῦ
572 1933 697 1988 κατοὶ
735 1934 891 2002 νόμον
934 1934 1122 2000 τύπου,
1173 1937 1256 1987 καὶ
1295 1933 1539 2003 ἐλθούσης
1573 1941 1661 2003 τῆς
1693 1935 1945 2003 ἀληθείας.
2019 1938 2164 2008 Λέγει
2192 1939 2269 2003 δὲ,
2323 1941 2398 1992 Εἴ

456 2043 529 2083 τις
556 2024 695 2074 δοκεῖ
722 2020 1003 2086 φιλόνεικος
1030 2018 1170 2085 εἶναι,
1208 2018 1350 2088 ἡμεῖς
1374 2019 1607 2088 τοιαύτην
1633 2021 1903 2089 συνήθειαν
1926 2023 2019 2076 οὐκ
2046 2024 2239 2091 ἔχομεν,
2278 2021 2390 2077 οὔτε

460 2110 515 2159 αἱ
536 2109 781 2173 ἐκκλησίαι
812 2113 900 2160 τοῦ
935 2112 1075 2159 θεοῦ.
1156 2108 1494 2177 Παρεξέβαλεν
1531 2099 1622 2159 οὖν
1651 2105 1767 2168 τούς
1798 2105 1857 2159 τοὶ
1889 2114 2093 2161 τοιαῦτα
2133 2109 2387 2179 ἐργαζομέ-

456 2214 578 2255 νους
600 2194 686 2245 καὶ
712 2198 1004 2257 ποιοῦντας,
1056 2194 1107 2245 ἐν
1137 2195 1412 2264 φιλονεικίᾳ
1447 2212 1496 2243 τε
1522 2189 1692 2256 ὄντας,
1743 2190 1847 2245 ἀπό
1872 2214 1922 2245 τε
1950 2198 2039 2246 τοῦ
2070 2200 2264 2261 θεσμοῦ
2292 2199 2390 2247 τῶν

457 2277 772 2343 ἀποστόλων,
824 2280 906 2331 καὶ
946 2276 1047 2331 ἀπό
1079 2284 1165 2344 τῆς
1197 2284 1284 2330 τοῦ
1323 2283 1447 2330 θεοῦ
1481 2278 1747 2345 ἐκκλησίας.
1819 2274 1958 2330 Ἀλλά
1992 2284 2145 2331 ταῦτα
2176 2276 2391 2350 ἠναγκά-

457 2373 650 2432 σθημεν
678 2365 831 2434 λέγειν
856 2362 939 2416 διοὶ
969 2362 1060 2431 τὴν
1086 2362 1340 2432 πρόφασιν
1366 2368 1464 2415 τῶν
1487 2364 1857 2432 προειρημένων
1884 2369 2278 2430 Μασσαλιανῶν,
2316 2364 2390 2418 ὅτι

457 2451 539 2502 καὶ
572 2449 715 2502 αὐτοὶ
757 2448 987 2515 λαβόντες
1028 2451 1222 2502 ἐκεῖθεν
1267 2453 1358 2501 τοῦ
1384 2447 1703 2516 φρονήματος
1744 2447 1833 2516 τὴν
1865 2448 2037 2514 νόσον,
2093 2452 2178 2503 καὶ
2221 2451 2390 2521 ἐκτρα-

457 2537 626 2596 πέντες
654 2532 744 2601 τήν
779 2533 1035 2598 διάνοιαν,
1089 2532 1347 2597 ἐξώκειλαν
1373 2539 1432 2606 τῇ
1465 2533 1688 2606 ἀληθείᾳ.
1767 2536 1867 2587 Καὶ
1896 2536 2099 2602 κατέστη
2128 2538 2313 2606 αἵρεσις
2339 2537 2392 2589 ἐν

456 2619 694 2688 δεινότητι
735 2619 912 2689 ἀργίας
947 2621 1028 2672 καὶ
1069 2625 1167 2672 τῶν
1205 2616 1363 2672 ἄλλων
1399 2625 1580 2672 κακῶν.

614 3047 778 3101 Ταῦτά
805 3049 933 3101 ἐστιν
960 3046 994 3102 ἃ
1023 3050 1134 3118 περὶ
1164 3046 1353 3102 τούτων
1374 3049 1456 3100 καὶ
1481 3045 1646 3100 αὐτῶν
1673 3045 1973 3114 ἀκηκόαμεν,
2012 3050 2109 3099 τῶν
2133 3047 2202 3107 εἷς
2219 3044 2392 3114 χλεύην

456 3142 524 3207 τῷ
552 3135 724 3207 κόσμῳ
755 3133 1128 3196 καταστάντων,
1166 3136 1252 3186 καὶ
1288 3133 1580 3202 συρφετῶδη
1608 3138 1728 3185 νοῦν
1757 3133 1841 3184 καὶ
1872 3130 2049 3201 λόγους
2073 3129 2390 3198 ἐξεμούντων,

458 3218 744 3274 ἀσυστάτων
776 3220 830 3272 δὲ
871 3218 1054 3283 ὄντων,
1104 3221 1190 3272 καὶ
1232 3216 1557 3281 ἀνελπίστων,
1610 3219 1695 3270 καὶ
1732 3223 1819 3284 τῆς
1847 3222 1935 3268 τοῦ
1968 3222 2096 3268 θεοῦ
2125 3218 2393 3285 οἰκοδομῆς

458 3309 550 3369 ἔξω
581 3305 878 3374 βεβηκότων.
939 3304 1098 3357 ’Ὅθεν
1137 3306 1220 3357 καὶ
1250 3305 1362 3373 περὶ
1398 3301 1588 3356 τούτων
1633 3300 1770 3372 σ’λίγα
1803 3299 2113 3367 διαλαβόντες
2141 3295 2294 3365 αὖθις
2322 3305 2393 3365 εἰς

457 3389 744 3462 ἀνατροπὴν
784 3388 947 3443 αὐτῶν
974 3389 1298 3459 ἐργασόμεθα.
1377 3390 1476 3440 Καὶ
1503 3393 1701 3457 πρῶτον
1739 3386 1827 3466 μὲν
1856 3384 1931 3438 ὅτι
1970 3391 2241 3454 1γυναῖκας
2271 3387 2391 3455 μετὰ

514 3565 613 3604 CAP.
641 3565 730 3603 Vn.
765 3587 818 3593 —
880 3565 915 3603 1.
957 3566 1143 3604 Petavius
1179 3564 1399 3612 suspicatus
1455 3559 1496 3602 τί
1523 3571 1666 3600 rasura
1706 3560 1879 3599 duarum
1917 3560 1977 3597 vel
2019 3562 2137 3599 trium
2175 3563 2392 3601 litterarum

457 3615 590 3662 est⁰O
620 3618 668 3663 δὲ
690 3625 827 3676 χεῖρον
847 3622 908 3661 vel
923 3614 1029 3661 ’Έτι
1055 3616 1104 3662 δὲ
1156 3623 1274 3671 εἴρον.
1307 3619 1397 3657 Ma·
1457 3619 1664 3667 conspicua
1698 3619 1778 3664 est,
1821 3619 1855 3654 et
1893 3619 2011 3655 restat
2049 3618 2178 3657 adhuc
2213 3622 2393 3658 accentus

459 3676 517 3729 gis
556 3677 740 3729 placeret
767 3671 871 3718 ’Ότι
901 3674 947 3719 δὲ
976 3690 1015 3730 χ.
1046 3690 1085 3718 κ.
1114 3634 1317 3722 &meon
1361 3674 1398 3716 οἱ
1458 3668 1525 3725 (¹)
1564 3673 1743 3712 vocabuli
1778 3674 1893 3711 erasi.
1954 3674 2078 3711 Verba
2102 3672 2143 3715 τί
2179 3671 2227 3716 δὲ
2256 3677 2390 3728 χεῖρον

461 3731 533 3784 μὲν
559 3735 645 3773 κτλ.
708 3735 920 3773 Carnarius
955 3735 1192 3782 scripturam
1220 3733 1308 3770 libri
1336 3733 1396 3770 sui
1454 3733 1544 3770 sunt
1569 3740 1595 3767 a
1618 3739 1739 3766 manu
1766 3729 1950 3778 secunda,
1980 3741 2079 3778 quae
2101 3734 2228 3770 tamen
2255 3731 2391 3770 eadem

460 3793 609 3827 seculus
652 3793 763 3828 verm
812 3789 922 3837 Quid
966 3803 1065 3827 vero
1108 3788 1154 3827 fit
1195 3785 1310 3840 peius
1355 3794 1398 3825 et
1454 3791 1559 3835 erat,
1588 3785 1754 3823 adiecta.

461 3843 740 3884 contrarium?
802 3846 844 3887 In
884 3846 967 3885 cod.
1003 3846 1162 3896 Rhediy.
1196 3846 1284 3885 ante
1313 3854 1394 3884 voc.
1510 3842 1547 3883 2.
1594 3841 1654 3890 Cf.
1697 3842 1823 3881 Grabe
1862 3841 2042 3893 Spiciley.
2070 3844 2113 3892 Ι,
2138 3854 2230 3893 ρας.
2251 3842 2304 3883 50
2332 3854 2390 3895 sq.
