2508 4134
163 1935 246 1970 pag.
272 1926 365 1963 1066.

164 2512 274 2567 Κεφ.
306 2509 359 2555 3'.

394 252 496 304 460
1105 270 1308 311 εΑΝοΤι
1338 271 1621 312 EPIPHANII

398 361 497 412 Καὶ
529 367 773 416 σιτοῦνται
797 367 904 418 σίτα
931 364 1181 434 ἀσεβείας,
1216 365 1288 429 ὥς
1314 385 1438 435 φησι
1467 365 1497 422 ὅ
1522 375 1662 431 θεῖος
1687 367 1856 440 λόγος,
1894 372 1978 424 καὶ
2006 374 2061 426 αἱ
2085 378 2313 442 γυναῖκες

395 449 615 514 τρίβουσι
656 456 816 513 σταῖς,
866 452 950 503 καὶ
995 454 1046 503 οἷ
1082 453 1185 504 υἷοὶ
1241 459 1259 489 ¹
1280 454 1556 517 συλλέξουσι
1597 453 1715 517 ξύλα
1751 461 1953 523 ποιῆσαι
1993 461 2220 524 χαυῶνας
2251 461 2313 530 τῇ

393 536 419 566 2
437 535 658 605 στρατείᾳ
687 540 775 587 τοῦ
802 534 1034 604 οὐρανοῦ.
1113 536 1483 605 Φιμούσθωσαν
1511 536 1609 592 find
1633 537 1865 610 Ἱερεμίου
1898 543 1954 594 αἱ
1978 546 2201 595 τοιαῦται
2230 564 2313 612 γυ-

390 623 576 682 ναῖκες,
631 620 717 671 καὶ
760 619 826 688 μὴ
860 624 1205 692 3θροείτωσαν
1234 620 1324 691 τὴν
1362 626 1672 692 οἰκουμένην.
1749 622 1847 693 Μή
1883 626 2175 695 λεγέτωσαν,
2233 632 2313 680 Τι-

391 707 559 769 μῶμεν
586 702 676 771 τήν
702 708 987 772 βασίλισσαν
1018 713 1107 761 τοῦ
1137 706 1370 778 ούρανοῦ.
1450 706 1568 761 Οἷδε
1601 707 1691 779 γάρ
1729 709 1933 775 Ταφνᾶς
1957 709 2136 774 ταύτας
2163 733 2311 779 τιμω-

392 794 610 856 ρεῖσθαι,
650 793 839 844 οἴδασιν
863 794 914 845 οἷ
934 790 1079 846 τόποι
1106 792 1425 864 Μαγδούλων
1453 795 1641 847 τούτων
1666 790 1726 848 τά
1754 792 1956 862 στόματα
1982 792 2314 864 ὑποδέχεσθαι

391 873 461 933 εἰς
477 878 656 940 σῆψιν.
732 875 829 944 Μὴ
857 880 1066 943 πείθου,
1103 876 1316 946 Ἰσραὴλ,
1364 879 1587 948 γυναικὶ,
1637 873 1885 932 άνάκυπτε
1912 877 2012 933 άπὸ
2047 886 2206 949 κακῆς
2228 904 2312 951 γυ-

391 956 562 1019 ναικός
589 964 910 1029 συμβουλίας·
960 961 1084 1033 γυνὴ
1112 961 1203 1033 γάρ
1235 966 1396 1029 τιμίας
1422 961 1586 1031 ψυχας
1614 961 1810 1034 ἀνδρῶν
1837 962 2042 1035 ἅγρεύει.
2123 964 2313 1034 Ταύτης

393 1041 485 1113 γάρ
520 1046 573 1097 οἷ
593 1044 744 1109 πόδες
769 1045 884 1110 τούς
906 1049 1188 1118 χρωμένους
1216 1045 1335 1115 μετά
1359 1054 1448 1102 τοῦ
1474 1047 1700 1102 θανάτου
1732 1047 1934 1120 ἄγουσιν
1961 1052 2031 1112 εἰς
2059 1048 2143 1104 τόν
2167 1050 2312 1125 ᾅδην.

392 1127 488 1196 Μὴ
514 1129 717 1200 πρόςεχε
752 1132 962 1206 4φαύλῃ
1004 1136 1212 1203 γυναικί.
1287 1135 1421 1186 Μέλι
1454 1132 1547 1203 γάρ
1586 1131 1845 1199 ἀποστάζει
1877 1133 1975 1189 dmi
2015 1137 2206 1204 χειλέων
2228 1159 2316 1207 γυ-

389 1213 562 1277 ναικὸς
597 1215 812 1286 πόρνης,
866 1217 899 1286 ἣ
927 1219 1229 1289 πρόςκαιρον
1266 1222 1475 1271 λιπαίνει
1503 1217 1591 1272 adv
1615 1219 1871 1290 φάρυγγα·
1918 1219 2121 1291 ὕστερον
2152 1222 2315 1289 μέντοι

391 1299 683 1371 πικρότερον
706 1308 849 1370 χολῆς
882 1309 905 1339 ⁵
924 1301 1169 1373 εὑρήσεις,
1223 1305 1306 1356 καὶ
1343 1302 1649 1371 ἠκονημένον
1678 1310 1857 1372 μᾶλλον
1886 1309 2122 1376 μαχαίρας
2155 1304 2315 1360 διστό-

393 1407 504 1452 μου.
579 1385 676 1455 Μὴ
718 1392 903 1441 πείθου
944 1387 1097 1462 ταύτῃ
1135 1394 1192 1462 τῇ
1235 1390 1434 1459 γυναικὶ
1469 1395 1530 1462 τῇ
1571 1390 1751 1464 φαύλῃ.
1831 1396 1979 1444 Πᾶσα
2012 1389 2105 1462 γάρ
2134 1394 2316 1462 αἵρεσις

393 1471 557 1540 φαύλη
586 1473 735 1543 γυνή·
773 1474 921 1526 πλέον
951 1474 1002 1527 δὲ
1035 1471 1069 1541 ἦ
1097 1479 1198 1526 τῶν
1225 1480 1472 1545 γυναικῶν
1501 1476 1685 1544 αἵρεσις
1713 1472 1863 1543 αὐτὴ,
1901 1478 1985 1530 καὶ
2015 1474 2050 1545 ἦ
2075 1483 2164 1531 τοῦ
2190 1476 2315 1530 ἄπα-

389 1554 625 1623 τήσαντος
648 1556 737 1626 τὴν
761 1558 961 1628 πρώτην
991 1567 1215 1629 γυναῖκα.
1298 1558 1536 1627 Τιμάσθω
1563 1557 1598 1628 ἦ
1628 1559 1799 1631 μήτηρ
1816 1558 1957 1629 ἡμῶν
1983 1559 2129 1629 Εὕα,
2169 1559 2236 1625 ὦς
2260 1564 2315 1616 ἐκ

389 1648 518 1695 θεοῦ
551 1645 885 1712 πεπλασμένη·
940 1643 1007 1712 μὴ
1049 1642 1313 1698 άκουέσθω
1346 1646 1423 1710 δὲ,
1477 1648 1561 1698 ’ἵνα
1588 1643 1656 1714 μὴ
1686 1649 1829 1720 πείσῃ
1866 1645 1926 1700 τά
1958 1649 2104 1701 τέκνα
2140 1654 2316 1718 φαγεῖν

390 1726 492 1781 ἀπὸ
528 1734 616 1781 τοῦ
655 1728 827 1794 ξύλου,
880 1731 964 1782 καὶ
1005 1728 1205 1798 ἐντολήν
1244 1734 1544 1800 παραβῆναι.
1620 1735 1938 1786 Μετανοείτω
1983 1734 2036 1786 δὲ
2070 1734 2152 1786 καὶ
2191 1731 2314 1801 αὕτη

389 1811 488 1866 άπὸ
521 1818 852 1879 κενοφωνίας,
908 1817 1233 1886 ἐπιστρεφέτω
1265 1817 1611 1885 αἰσχυνομένη,
1661 1818 1746 1870 καὶ
1772 1816 1930 1884 φύλλα
1961 1825 2115 1886 συκῆς
2145 1820 2315 1872 ἐνδυο-

390 1900 524 1966 μένη.
603 1903 912 1953 Κατανοείτω
953 1901 1004 1954 δὲ
1045 1901 1225 1970 ἓαυτήν
1261 1903 1345 1956 καὶ
1372 1900 1401 1955 ὅ
1426 1900 1605 1970 Ἀδάμ,
1656 1904 1738 1955 καὶ
1780 1904 1951 1971 μηκέτι
1993 1901 2118 1978 αὐτῇ
2146 1904 2314 1957 πειθέ-

389 1992 514 2038 σθω.
586 1982 653 2036 Ἡ’
670 1985 763 2056 γάρ
792 1992 814 2023 ⁶
832 1993 921 2054 τῆς
945 1986 1135 2055 πλάνης
1159 1987 1346 2052 πειθώ,
1395 1989 1477 2040 καὶ
1508 1986 1744 2058 γυναικός
1768 1991 1837 2050 εἰς
1863 1987 1917 2042 τό
1947 1990 2166 2042 ἐναντίον
2194 2005 2312 2057 συμ-

388 2073 589 2138 βουλία,
627 2070 850 2125 θάνατον
876 2076 942 2144 τῷ
973 2074 1081 2145 ἰδίῳ
1113 2072 1303 2146 συζύγῳ
1337 2071 1594 2143 ἐργάζεται.
1675 2070 1750 2125 Ού
1780 2073 1935 2141 μόνον
1967 2075 2044 2139 δὲ,
2084 2071 2200 2127 ἄλλά
2227 2075 2312 2127 καὶ

387 2164 490 2218 τοῖς
518 2157 720 2218 τέκνοις.
795 2159 1107 2228 Κατέστρεψε
1130 2157 1185 2211 τὸ
1216 2157 1414 2226 πλάσμα
1441 2157 1555 2210 Εὔα
1585 2156 1668 2211 διοὶ
1702 2164 1789 2226 τῆς
1812 2157 2161 2228 παραβάσεως,
2213 2161 2312 2230 ἐρε-

389 2249 623 2294 θισθεῖσα
655 2239 738 2295 διοὶ
767 2248 854 2310 τῆς
880 2248 970 2296 τοῦ
999 2241 1162 2310 ὄφεως
1185 2250 1360 2311 φωνῆς
1387 2245 1469 2296 καὶ
1502 2245 1811 2313 ἐπαγγελίας,
1869 2249 2176 2312 πλανηθεῖσα
2207 2243 2306 2299 <ind

386 2332 475 2380 τοῦ
509 2326 845 2398 κηρύγματος,
882 2330 968 2381 καὶ
1005 2327 1084 2395 ἐφ’
1122 2330 1289 2399 ἑτέραν
1326 2332 1569 2396 βαδίσασα
1605 2330 1843 2383 διάνοιαν.

533 2496 630 2550 Aeo}
659 2504 801 2551 τοῦτο
831 2496 860 2551 0‘
890 2496 1090 2552 πάντων
1117 2497 1358 2566 δεσπότης
1383 2500 1467 2552 καὶ
1496 2497 1656 2570 σωτὴρ
1684 2498 1982 2568 βουλόμενος
2004 2504 2314 2569 θεραπεῦσαι

384 2580 439 2635 τό
473 2581 645 2652 ὅὶλγος,
685 2585 767 2636 καὶ
793 2586 1118 2652 οἰκοδομῆσαι
1150 2582 1207 2637 τό
1232 2586 1680 2655 κατεστραμμένον,
1733 2587 1818 2639 καὶ
1850 2582 2231 2655 διορθώσασθαι
2255 2582 2310 2638 τὸ

385 2665 747 2735 ἠλαττωμένον,
801 2668 970 2736 ἐπειδὴ
1014 2668 1114 2723 άπὸ
1141 2669 1374 2740 γυναικός
1408 2668 1436 2723 ὅ
1461 2669 1682 2733 θάνατος
1720 2673 1789 2734 εἰς
1815 2668 1901 2724 τόν
1928 2669 2113 2738 κόσμον
2138 2675 2311 2737 κατῆλ-

384 2761 501 2819 θεν,
556 2755 609 2806 ἐκ
640 2752 874 2823 γυναικός
910 2756 1171 2824 παρθένου
1213 2754 1360 2817 αὐτὸς
1392 2755 1658 2826 ἐγεννήθη,
1710 2759 1792 2809 ἵνα
1822 2754 1908 2810 τόν
1943 2755 2164 2809 θάνατον
2199 2762 2217 2793 ¹
2238 2757 2313 2825 ἐγ-

388 2841 580 2912 κλείσῃ,
637 2841 723 2892 καὶ
763 2839 818 2894 τό
867 2842 1082 2894 ἐλλεῖπον
1130 2840 1395 2915 πληρώσῃ,
1450 2843 1535 2894 καὶ
1583 2840 1637 2894 τὸ
1689 2841 2025 2910 ἠλαττωμένον
2072 2838 2310 2914 τελειώσῃ.

387 2925 658 2993 Στρέφεται
696 2926 749 2978 δὲ
788 2922 905 2993 ἡμῖν
934 2924 1082 2978 πάλιν
1113 2924 1147 2994 ἦ
1171 2930 1344 2991 κακία,
1398 2928 1482 2979 ’ἵνα
1519 2924 1574 2979 τό
1609 2925 1855 2994 ἐλάττωμα
1890 2929 1959 2990 εἰς
2002 2923 2088 2979 τόν
2125 2923 2313 2993 κόσμον

386 3010 657 3085 προαγάγῃ.
730 3008 849 3063 Ἀλλ’
880 3009 993 3064 οὔτε
1017 3013 1146 3077 νέοι,
1200 3010 1311 3065 οὔτε
1338 3013 1563 3082 γέροντες
1588 3016 1846 3066 πείθονται
1875 3017 1934 3085 τῇ
1958 3011 2178 3082 γυναικὶ,
2229 3008 2313 3063 διά

385 3095 476 3163 τὴν
510 3094 704 3150 ἄνωθεν
741 3094 1085 3167 σωφροσύνην.
1166 3094 1242 3149 Ού
1278 3101 1436 3161 παίζει
1469 3095 1501 3165 ἦ
1538 3100 1789 3168 Αἰγυπτία
1826 3095 1912 3150 τὸν
1943 3094 2180 3166 σώφρονα
2208 3093 2309 3148 Ἰω-

386 3181 514 3249 σὴφ,
569 3180 682 3235 οὔτε
713 3183 1055 3252 παρεκτρέπει,
1106 3185 1191 3234 καί
1218 3185 1294 3234 τοί
1321 3204 1374 3251 γε
1403 3179 1486 3236 δια
1517 3189 1698 3250 πολλῆς
1730 3184 1966 3251 μηχανίας
2005 3181 2308 3250 ἐργασαμένη

387 3266 439 3320 τό
470 3266 630 3320 δεινόν
657 3266 782 3336 πρὸς
817 3266 903 3320 τὸν
934 3270 1090 3319 παῖδα
1118 3273 1206 3334 τῆς
1233 3271 1545 3335 συμβουλίας.
1617 3265 1735 3320 Ἀλλ’
1767 3265 1827 3320 οὐ
1854 3269 2070 3329 παίζεται
2106 3263 2309 3337 ἅνθρω-

388 3374 482 3413 πος
508 3355 562 3405 ἐκ
591 3351 868 3420 πνεύματος
901 3350 1044 3422 άγίου
1082 3350 1248 3420 λαβών
1281 3350 1368 3419 τήν
1402 3352 1670 3422 φρόνησιν·
1723 3353 1784 3406 οὐ
1813 3349 1867 3404 τὸ
1896 3357 2101 3421 σῶφρον
2132 3350 2309 3417 ἀφανί-

389 3443 479 3501 ζει,
534 3440 617 3489 ’ἵνα
667 3436 733 3505 μή
779 3436 867 3505 τήν
917 3435 1164 3507 εύγενείαυ
1203 3441 1524 3511 κατευτελίσῃ.
1610 3435 1978 3502 Καταλιμπάνει
2023 3434 2081 3488 τοὶ
2125 3435 2309 3504 ἱμάτια,

389 3524 468 3573 καὶ
498 3521 551 3575 τὸ
587 3528 728 3590 σῶμα
760 3522 854 3575 οὐκ
890 3521 1166 3576 άπόλλυσιν.
1232 3522 1614 3592 Ἀποδιδράσκει
1636 3521 1722 3574 τόν
1749 3519 1925 3585 τόπον,
1976 3523 2060 3574 ’ἵνα
2085 3520 2150 3589 μή
2182 3523 2306 3595 πέσῃ

448 3693 541 3733 CAP.
572 3696 682 3735 VIII.
714 3718 762 3725 -
838 3698 872 3737 1.
918 3695 1161 3749 συλλέγουσι
1200 3707 1325 3736 corre-
1437 3694 1477 3737 3.
1507 3691 1813 3749 ἓορυβείτωσαν
1842 3695 1931 3734 edit.
1962 3696 2096 3735 Petav.

386 3755 525 3790 xerunt
554 3753 633 3790 iam
665 3754 876 3792 Cornarius
903 3757 939 3792 et
967 3754 1164 3794 Petavius.
1437 3748 1477 3791 4.
1506 3747 1647 3805 φαύλῃ
1679 3748 1839 3803 γυναικί
1865 3752 1975 3791 codd.
2007 3763 2098 3792 mss.
2156 3746 2306 3807 φαύλῳ

447 3807 485 3847 2.
520 3805 693 3863 στρατίᾳ
720 3810 830 3850 codd.
863 3821 953 3850 mss.
984 3814 1017 3852 et
1045 3811 1104 3852 ed.
1131 3811 1256 3861 princ·
1380 3806 1579 3864 γυναικίῳ
1610 3807 1702 3846 editi
1730 3808 1828 3847 libri.
