2508 4134
522 298 750 341 PANARII
778 299 883 340 Lm.
911 299 983 339 m.
1012 300 1145 341 ΤοΜ.
1169 302 1202 341 1.
1229 301 1394 342 HAER.
1424 301 1621 341 Lxxvr.
1924 289 2025 339 209

127 407 228 462 cst,
269 413 424 466 neque
457 397 706 466 quicquam
738 405 811 448 est
846 397 894 447 in
926 396 999 447 bis
1030 414 1152 464 quae
1180 398 1317 448 nobis
1348 416 1374 448 a
1401 398 1490 448 deo
1517 415 1602 466 per
1625 397 1870 466 apostolos
1901 398 2027 448 salu-

124 480 277 532 briter
317 481 531 533 nuntiata
568 490 680 533 sunt
722 481 999 549 discrepans
1040 498 1096 530 ac
1139 480 1398 531 diversum.
1490 480 1588 533 Sed
1632 482 1854 533 nimirum
1892 482 2030 533 Ano-

125 583 293 617 moeus
323 566 402 617 ille
426 584 532 616 cum
565 565 667 617 suis
699 565 868 617 relicta
893 565 1111 615 veritatis
1140 565 1216 615 via
1236 603 1248 627 ‚
1290 565 1347 614 ad
1377 582 1594 615 errorum
1623 566 1907 616 diverticula
1935 574 2031 617 tra-

126 651 296 701 ductus
326 658 428 714 est,
485 666 828 719 perperamque
857 649 1044 700 divinas
1074 648 1339 699 sententias
1369 649 1627 699 intellexit.
1703 648 1775 701 Ita
1805 651 2031 719 deinceps

125 735 182 784 ad
227 734 574 802 disputationes
623 734 998 801 vocularumque
1038 732 1410 801 disceptationes
1454 732 1613 783 animo
1648 751 1703 782 ac
1742 743 1902 785 mente
1953 734 2033 785 isti

126 817 349 869 conversi
378 835 403 868 a
432 819 638 869 veritate
664 817 938 868 resilientes
979 816 1269 868 coelestibus
1302 816 1606 866 exciderunt.
1685 814 1781 883 Qui
1812 819 1851 868 si
1883 836 2032 869 evan-

123 902 324 969 gelicam
348 902 503 952 lucem
533 902 773 953 mentibus
803 902 904 952 suis
929 902 1182 952 admittere
1210 900 1472 962 voluerint,
1515 900 1572 949 ab
1605 918 1885 969 unaquaque
1920 921 2031 971 pro-

124 986 376 1054 pemodum
427 986 634 1037 dictione
686 986 986 1036 refellentur.
1072 984 1326 1053 Nusquam
1377 984 1502 1035 enim
1546 985 1715 1035 unicus
1755 986 1829 1036 dei
1880 988 2027 1050 filius,

129 1069 271 1121 etiam
307 1079 414 1139 post
440 1078 731 1138 assumptam
764 1070 967 1121 bominis
998 1086 1221 1132 carnem,
1262 1069 1327 1118 ita
1356 1069 1543 1119 locutus
1571 1077 1673 1118 est:
1729 1067 1824 1135 Qui
1850 1073 2035 1123 creavit

125 1172 201 1205 me
229 1163 364 1222 pater
389 1153 519 1206 misit
540 1171 645 1218 me3
699 1171 854 1222 neque
893 1164 976 1206 aut
1003 1156 1049 1205 in
1080 1153 1334 1222 evangelio
1365 1161 1447 1203 aut
1471 1153 1517 1202 in
1550 1162 1716 1205 vetere
1744 1161 2033 1206 testamento

126 1247 263 1308 pater
287 1256 494 1306 unquam
523 1239 715 1289 adeum
754 1239 944 1290 modum
985 1239 1241 1290 disseruit:
1297 1234 1477 1289 Creavi
1512 1237 1649 1288 vobis
1693 1237 1872 1302 filium3
1927 1241 2031 1303 sed,

126 1326 262 1373 Misit
287 1342 358 1372 me
376 1333 541 1389 pater,
594 1331 672 1387 et,
713 1327 861 1373 Eoez‘vz‘
886 1341 915 1373 a
935 1333 1098 1389 patre,
1153 1333 1201 1372 et
1224 1326 1355 1372 vado·
1435 1321 1584 1372 Item:
1642 1325 1735 1385 Qui
1756 1332 1829 1371 est
1854 1328 1901 1372 z'n
1928 1327 2035 1373 sinu
2099 1339 2229 1375 loann.

121 1412 301 1473 patris,
356 1416 432 1472 et,
483 1409 666 1457 verbum
697 1418 801 1457 erat
835 1411 961 1474 apud
994 1412 1151 1468 deum,
1208 1417 1255 1457 et
1287 1410 1399 1456 deus
1425 1416 1532 1455 erat
1557 1408 1759 1455 verbum.
1837 1405 2030 1458 Infinita
2095 1383 2229 1459 ΙῙὲἷιιῗιῗ.

126 1501 238 1543 sunt
275 1508 396 1559 quae
436 1492 493 1542 de
531 1491 701 1542 salutis
742 1501 939 1544 nostrae
972 1491 1217 1561 mysteriis
1259 1490 1417 1541 animo
1458 1490 1643 1559 concipi
1688 1500 1920 1559 possunt,
1972 1508 2031 1543 ne
2055 1468 2286 1549 102331.21⁵{'1e.

125 1594 214 1627 nos
242 1576 415 1627 diaboli
444 1575 584 1626 istius
610 1576 974 1645 praestigiarum
1011 1576 1300 1644 artificiique
1334 1576 1474 1644 plena
1511 1575 1727 1626 doctrina
1765 1576 2032 1628 circumve—
2050 1552 2177 1587 loann.
2202 1554 2235 1598 ι’
2259 1552 2289 1586 l'

126 1659 246 1710 niat.
324 1658 514 1728 Quippe
553 1659 769 1712 diabolus
804 1661 1032 1729 perdendi
1068 1661 1263 1729 generis
1292 1660 1484 1710 humani
1515 1659 1744 1728 cupidus,
1799 1661 2039 1712 eiusdem-

127 1761 219 1812 que
247 1744 430 1811 gloriae
457 1742 700 1808 invidens,
740 1745 903 1796 varias
931 1746 1142 1796 admovit
1169 1744 1441 1809 machinas,
1483 1745 1684 1814 primum
1713 1746 2035 1813 ignorantiae,

126 1836 226 1878 tum
252 1827 585 1891 idololatriae,
627 1838 735 1897 post
764 1829 881 1880 haec
908 1830 1226 1898 improbitatis
1245 1869 1258 1893 ,
1300 1829 1389 1879 hoc
1421 1846 1539 1881 vero
1571 1830 1796 1898 deinceps
1823 1839 2038 1899 tempore

126 1911 400 1963 haereticae
435 1911 705 1964 calliditatis
742 1923 792 1964 et
817 1914 1026 1978 erroris,
1069 1923 1120 1964 ut
1149 1931 1443 1982 quacumque
1472 1914 1657 1965 ratione
1695 1924 1860 1983 posset
1887 1915 2038 1966 bomi-

128 2013 236 2048 nem
276 2013 302 2047 e
340 1996 477 2047 coelo
515 1995 766 2049 deiiceret.

269 2079 427 2149 Quam
457 2083 604 2135 multa
629 2099 748 2133 vero
776 2091 915 2146 sunt,
958 2099 985 2132 ο
1014 2081 1297 2146 Anomoee,
1341 2099 1461 2150 quae
1490 2082 1724 2134 adversus
1758 2092 1886 2136 tuum
1918 2085 2031 2135 illud
2068 2104 2166 2158 cap.
2197 2105 2252 2144 Χ,

131 2166 302 2234 dogma
341 2166 522 2234 ingenii
550 2167 704 2218 nostri
746 2166 1064 2217 mediocritati
1099 2167 1384 2235 suppetunt!
1463 2164 1724 2218 Praeclare
1756 2186 1872 2219 vero
1903 2169 2039 2220 Ano—

133 2267 327 2314 moeuS‚
368 2250 459 2301 hoc
487 2261 564 2302 est
589 2250 883 2314 Dissimilis,
925 2251 1210 2320 appellaris3
1252 2251 1427 2319 quippe
1455 2252 1533 2319 qui
1564 2252 1621 2302 ab
1651 2252 1925 2305 bominibus
1961 2254 2038 2304 dei

133 2334 366 2400 sapientia
413 2352 625 2404 veraque
670 2336 761 2386 fide
795 2335 1025 2403 praeditis
1058 2335 1272 2386 moribus
1303 2353 1360 2386 ac
1392 2344 1551 2387 mente
1590 2337 1843 2389 dissideas.
1919 2336 2035 2389 Non

135 2418 261 2469 enim
291 2435 355 2469 ex
385 2435 444 2470 eo
475 2421 597 2488 quod
629 2437 915 2488 progressus
950 2420 995 2469 in
1040 2420 1219 2470 virtute
1268 2421 1445 2471 feceris
1484 2429 1758 2472 ceterorum
1797 2421 2039 2473 hominum

135 2502 382 2554 dissimilis
410 2503 638 2567 evasisti,
685 2504 770 2554 sed
798 2522 904 2555 cum
933 2503 991 2554 ab
1021 2505 1243 2555 veritatis
1271 2505 1349 2556 via
1382 2505 1672 2570 deflexeriS‚
1714 2506 1773 2557 ab
1803 2506 2039 2557 ecclesiae

137 2586 213 2637 dei
241 2587 349 2637 filiis
378 2587 598 2639 diversus
623 2604 676 2638 es
710 2589 894 2652 factus3
935 2605 1137 2656 cumque
1171 2588 1248 2640 dei
1273 2589 1447 2652 filium,
1489 2590 1565 2657 qui
1597 2591 1717 2659 patri
1744 2609 1833 2642 suo
1863 2609 2040 2659 aequa-

136 2670 195 2722 lis
236 2679 339 2736 est,
397 2672 544 2740 patris
571 2670 879 2722 nihilominus
909 2672 1186 2723 dissimilem
1220 2690 1329 2724 esse
1359 2673 1581 2737 voluisti,
1638 2683 1737 2725 tute
1767 2675 1870 2743 ipse
1900 2676 2040 2726 dissi-

136 2755 261 2807 milis
290 2756 439 2821 fuisti,
478 2764 527 2808 et
553 2755 643 2807 boc
668 2773 841 2807 nomen
869 2755 1040 2806 merito
1065 2773 1117 2807 es
1148 2766 1456 2823 consecutuS‚
1512 2776 1569 2809 eo
1599 2759 1722 2826 quod
1766 2768 2039 2810 ceterorum

139 2840 219 2908 qui
258 2840 420 2892 divina
457 2858 547 2910 ope
586 2840 786 2891 salutem
827 2840 1046 2891 obtinent
1082 2841 1251 2892 similis
1290 2859 1402 2892 esse
1440 2842 1643 2893 desiisti.

279 2922 464 2977 Verum
493 2942 553 2975 ne
578 2925 626 2975 in
654 2924 999 2992 persequendis
1023 2924 1148 2976 illius
1170 2925 1531 2993 quaestionibus
1558 2935 1745 2995 tempus
1771 2936 2037 2991 conteram,

141 3025 231 3077 age
260 3025 323 3059 cx
355 3009 608 3077 ipsiusmet
638 3008 828 3072 verbis,
871 3025 992 3075 quae
1019 3008 1068 3058 in
1098 3010 1339 3060 nonnullis
1370 3011 1427 3060 ad
1452 3011 1681 3078 quosdam
1709 3011 2042 3078 disputationi-

141 3094 229 3144 bus
274 3093 494 3163 scripsit,
549 3093 607 3144 ad
647 3093 778 3143 illum
821 3093 1161 3143 confutandum
1204 3093 1560 3161 aggrediamur.
1636 3093 1829 3144 Etenim
1872 3095 1954 3145 illo
1991 3095 2041 3145 in

142 3195 319 3247 opere,
373 3178 500 3229 unde
539 3177 658 3229 haec
703 3185 934 3245 excerpta
977 3185 1114 3239 sunt,
1169 3177 1535 3245 disputationem
1581 3179 1816 3246 quandam
1860 3178 2042 3230 erroris

142 3262 328 3331 plenam
360 3261 595 3327 instituit3
649 3278 737 3312 nec
767 3261 815 3311 in
855 3278 913 3311 eo
957 3259 1076 3310 libro
1106 3262 1184 3311 vel
1215 3261 1410 3311 minima
1442 3280 1542 3312 vox
1574 3271 1649 3313 est
1678 3279 1796 3329 quae
1831 3280 1936 3312 cum
1970 3263 2042 3313 in-

144 3355 280 3414 tegra
308 3346 604 3415 simplicique
630 3345 749 3409 fide,
791 3362 929 3413 quam
957 3352 1152 3395 sauctus
1178 3361 1234 3394 ac
1264 3355 1543 3396 mansuetus
1574 3345 1654 3395 ille
1688 3346 1886 3413 spiritus
1917 3347 2045 3397 ordi-

145 3430 309 3494 navit,
352 3430 615 3481 cohaerere
643 3430 878 3480 videatur.
957 3426 1055 3479 Sed
1090 3428 1242 3497 primo
1272 3429 1377 3479 loco
1410 3427 1866 3479 lucubratiunculam
1896 3431 2044 3493 illius,

147 3531 269 3582 quae
311 3515 369 3564 ad
403 3531 572 3565 manus
611 3522 802 3564 nostras
838 3512 1084 3581 pervenit,
1138 3512 1502 3562 adscribendum
1545 3513 1844 3580 putavimuS‚
1895 3523 1948 3564 ut
1980 3532 2046 3565 ex

145 3597 397 3667 ipsiusmet
425 3597 614 3666 scriptis
636 3597 871 3648 adversus
898 3597 1028 3647 illum
1057 3595 1299 3664 disputare
1326 3603 1375 3647 et
1402 3612 1508 3646 eum
1534 3596 1759 3647 refellere
1784 3599 2040 3666 possimuS.

232 3693 377 3739 corpus
398 3691 620 3728 Haereseol.
635 3691 682 3727 Π.
697 3692 731 3726 3.
1647 3700 1712 3750 14
