<?xml version="1.0" encoding="UTF-8"?>
<!DOCTYPE html PUBLIC "-//W3C//DTD XHTML 1.0 Transitional//EN"
    "http://www.w3.org/TR/xhtml1/DTD/xhtml1-transitional.dtd">
<html xmlns="http://www.w3.org/1999/xhtml" xml:lang="en" lang="en">
 <head>
  <title>
</title>
<meta http-equiv="Content-Type" content="text/html;charset=utf-8" />
  <meta name='ocr-system' content='tesseract 3.04.00' />
  <meta name='ocr-capabilities' content='ocr_page ocr_carea ocr_par ocr_line ocrx_word'/>
</head>
<body>
  <div class='ocr_page' id='page_1' title='image "./pt3corporishaere02epipuoft_0022.png"; bbox 0 0 2508 4134; ppageno 0'>
   <div class='ocr_carea' id='block_1_1' title="bbox 430 292 1736 343">
    <p class='ocr_par' dir='ltr' id='par_1_1' title="bbox 430 292 1736 343">
     <span class='ocr_line' id='line_1_1' title="bbox 430 292 1736 343; baseline 0 0"><span class='ocrx_word' id='word_1_1' title='bbox 430 292 494 343; x_wconf 87' lang='lat'><strong><em>12</em></strong></span> <span class='ocrx_word' id='word_1_2' title='bbox 1138 298 1346 342; x_wconf 74' lang='lat' dir='ltr'>SANCTt</span> <span class='ocrx_word' id='word_1_3' title='bbox 1373 299 1667 342; x_wconf 77' lang='grc' dir='ltr'><strong>ΕΡΙΡΗΑΝΠ</strong></span> <span class='ocrx_word' id='word_1_4' title='bbox 1733 324 1736 325; x_wconf 27' lang='lat'><em>⁷</em></span> 
     </span>
    </p>
   </div>
   <div class='ocr_carea' id='block_1_2' title="bbox 422 393 2380 973">
    <p class='ocr_par' dir='ltr' id='par_1_2' title="bbox 422 393 2380 973">
     <span class='ocr_line' id='line_1_2' title="bbox 426 393 2380 471; baseline 0.002 -20"><span class='ocrx_word' id='word_1_5' title='bbox 426 395 680 468; x_wconf 69' lang='grc' dir='ltr'><strong><em>όμολόγεῖν</em></strong></span> <span class='ocrx_word' id='word_1_6' title='bbox 709 397 798 464; x_wconf 76' lang='grc' dir='ltr'><strong><em>μὲν</em></strong></span> <span class='ocrx_word' id='word_1_7' title='bbox 830 396 885 450; x_wconf 87' lang='grc' dir='ltr'>τὸ</span> <span class='ocrx_word' id='word_1_8' title='bbox 909 393 1016 449; x_wconf 89' lang='grc' dir='ltr'><strong><em>κατ’</em></strong></span> <span class='ocrx_word' id='word_1_9' title='bbox 1041 393 1210 449; x_wconf 77' lang='grc' dir='ltr'><strong><em>εἰκόνα</em></strong></span> <span class='ocrx_word' id='word_1_10' title='bbox 1238 393 1359 451; x_wconf 84' lang='grc' dir='ltr'><strong><em>εἶναι</em></strong></span> <span class='ocrx_word' id='word_1_11' title='bbox 1384 399 1437 452; x_wconf 85' lang='grc' dir='ltr'><strong><em>ἐν</em></strong></span> <span class='ocrx_word' id='word_1_12' title='bbox 1457 403 1529 471; x_wconf 73' lang='grc' dir='ltr'><strong><em>τῷ</em></strong></span> <span class='ocrx_word' id='word_1_13' title='bbox 1550 397 1841 470; x_wconf 71' lang='grc' dir='ltr'><strong><em>ἀνθρώπῳ,</em></strong></span> <span class='ocrx_word' id='word_1_14' title='bbox 1893 399 1978 451; x_wconf 79' lang='grc' dir='ltr'><strong><em>ἵνα</em></strong></span> <span class='ocrx_word' id='word_1_15' title='bbox 2006 397 2073 467; x_wconf 79' lang='grc' dir='ltr'><em>μή</em></span> <span class='ocrx_word' id='word_1_16' title='bbox 2101 398 2197 468; x_wconf 83' lang='grc' dir='ltr'><strong><em>τήν</em></strong></span> <span class='ocrx_word' id='word_1_17' title='bbox 2223 399 2380 471; x_wconf 74' lang='grc' dir='ltr'><strong><em>χάριν·</em></strong></span> 
     </span>
     <span class='ocr_line' id='line_1_3' title="bbox 424 479 2369 558; baseline 0.002 -22"><span class='ocrx_word' id='word_1_18' title='bbox 424 487 516 536; x_wconf 85' lang='grc' dir='ltr'><strong><em>τοῦ</em></strong></span> <span class='ocrx_word' id='word_1_19' title='bbox 552 487 681 536; x_wconf 88' lang='grc' dir='ltr'><strong><em>θεοῦ</em></strong></span> <span class='ocrx_word' id='word_1_20' title='bbox 725 479 1048 558; x_wconf 61' lang='grc' dir='ltr'><strong><em>ἀθετήσωμεγ</em></strong></span> <span class='ocrx_word' id='word_1_21' title='bbox 1085 482 1168 534; x_wconf 76' lang='grc' dir='ltr'><strong><em>καὶ</em></strong></span> <span class='ocrx_word' id='word_1_22' title='bbox 1206 481 1555 550; x_wconf 80' lang='grc' dir='ltr'><strong><em>ἇπιστήσωμεν</em></strong></span> <span class='ocrx_word' id='word_1_23' title='bbox 1590 487 1713 554; x_wconf 79' lang='grc' dir='ltr'><strong><em>θεῷ.</em></strong></span> <span class='ocrx_word' id='word_1_24' title='bbox 1771 480 1905 534; x_wconf 80' lang='grc' dir='ltr'><strong><em>’Ὅσα</em></strong></span> <span class='ocrx_word' id='word_1_25' title='bbox 1942 483 2031 550; x_wconf 79' lang='grc' dir='ltr'><strong><em>μὲν</em></strong></span> <span class='ocrx_word' id='word_1_26' title='bbox 2059 481 2154 554; x_wconf 77' lang='grc' dir='ltr'><strong><em>γάρ</em></strong></span> <span class='ocrx_word' id='word_1_27' title='bbox 2180 486 2308 555; x_wconf 77' lang='grc' dir='ltr'><strong><em>λέγει</em></strong></span> <span class='ocrx_word' id='word_1_28' title='bbox 2335 482 2369 539; x_wconf 82' lang='grc' dir='ltr'><strong><em>ό</em></strong></span> 
     </span>
     <span class='ocr_line' id='line_1_4' title="bbox 424 562 2369 640; baseline 0.001 -20"><span class='ocrx_word' id='word_1_29' title='bbox 424 565 573 631; x_wconf 80' lang='grc' dir='ltr'><strong><em>θεός,</em></strong></span> <span class='ocrx_word' id='word_1_30' title='bbox 611 572 765 618; x_wconf 90' lang='grc' dir='ltr'><strong><em>ταῦτα</em></strong></span> <span class='ocrx_word' id='word_1_31' title='bbox 788 562 957 633; x_wconf 82' lang='grc' dir='ltr'><strong><em>άληθῆ</em></strong></span> <span class='ocrx_word' id='word_1_32' title='bbox 998 575 999 578; x_wconf 77' lang='grc'><strong>’</strong></span> <span class='ocrx_word' id='word_1_33' title='bbox 1027 576 1072 640; x_wconf 41' lang='lat'><strong><em>332</em></strong></span> <span class='ocrx_word' id='word_1_34' title='bbox 1218 608 1231 630; x_wconf 94' lang='lat'>,</span> <span class='ocrx_word' id='word_1_35' title='bbox 1269 569 1315 619; x_wconf 90' lang='grc' dir='ltr'><strong><em>εἰ</em></strong></span> <span class='ocrx_word' id='word_1_36' title='bbox 1335 568 1419 620; x_wconf 81' lang='grc' dir='ltr'><strong><em>καὶ</em></strong></span> <span class='ocrx_word' id='word_1_37' title='bbox 1445 569 1649 636; x_wconf 79' lang='grc' dir='ltr'><strong><em>ἐξέφυγε</em></strong></span> <span class='ocrx_word' id='word_1_38' title='bbox 1676 564 1768 633; x_wconf 83' lang='grc' dir='ltr'><strong><em>τὴν</em></strong></span> <span class='ocrx_word' id='word_1_39' title='bbox 1794 564 1938 633; x_wconf 72' lang='grc' dir='ltr'><strong><em>ἡμῶν</em></strong></span> <span class='ocrx_word' id='word_1_40' title='bbox 1964 568 2162 621; x_wconf 72' lang='grc' dir='ltr'><strong><em>ἔννοιαν</em></strong></span> <span class='ocrx_word' id='word_1_41' title='bbox 2183 570 2237 622; x_wconf 82' lang='grc' dir='ltr'><strong><em>ἐν</em></strong></span> <span class='ocrx_word' id='word_1_42' title='bbox 2264 568 2369 622; x_wconf 56' lang='grc' dir='ltr'><strong><em>ὄλίὲ</em></strong></span> 
     </span>
     <span class='ocr_line' id='line_1_5' title="bbox 422 640 2368 723; baseline 0.001 -18"><span class='ocrx_word' id='word_1_43' title='bbox 422 672 530 723; x_wconf 89' lang='grc' dir='ltr'><strong><em>γοις</em></strong></span> <span class='ocrx_word' id='word_1_44' title='bbox 557 650 733 720; x_wconf 80' lang='grc' dir='ltr'><strong><em>λόγοις.</em></strong></span> <span class='ocrx_word' id='word_1_45' title='bbox 799 649 922 720; x_wconf 89' lang='grc' dir='ltr'><strong><em>Ἀρν</em></strong></span> <span class='ocrx_word' id='word_1_46' title='bbox 943 650 956 669; x_wconf 87' lang='grc'><em>’</em></span> <span class='ocrx_word' id='word_1_47' title='bbox 977 712 984 716; x_wconf 70' lang='lat'><strong><em>..</em></strong></span> <span class='ocrx_word' id='word_1_48' title='bbox 1007 640 1118 700; x_wconf 41' lang='lat' dir='ltr'><strong><em>&#39;ms-2⁴</em></strong></span> <span class='ocrx_word' id='word_1_49' title='bbox 1159 642 1269 712; x_wconf 47' lang='lat'><strong><em>[⁵712</em></strong></span> <span class='ocrx_word' id='word_1_50' title='bbox 1291 657 1436 705; x_wconf 87' lang='grc' dir='ltr'><strong><em>τοῦτο</em></strong></span> <span class='ocrx_word' id='word_1_51' title='bbox 1467 649 1523 705; x_wconf 79' lang='grc' dir='ltr'><strong><em>τό</em></strong></span> <span class='ocrx_word' id='word_1_52' title='bbox 1555 648 1675 703; x_wconf 87' lang='grc' dir='ltr'><strong><em>Κατ’</em></strong></span> <span class='ocrx_word' id='word_1_53' title='bbox 1706 648 1875 703; x_wconf 87' lang='grc' dir='ltr'><strong><em>εἰκόνα</em></strong></span> <span class='ocrx_word' id='word_1_54' title='bbox 1901 650 1965 704; x_wconf 83' lang='grc' dir='ltr'><strong><em>οὗ</em></strong></span> <span class='ocrx_word' id='word_1_55' title='bbox 1997 649 2197 717; x_wconf 80' lang='grc' dir='ltr'><strong><em>πιστόν,</em></strong></span> <span class='ocrx_word' id='word_1_56' title='bbox 2243 650 2368 707; x_wconf 71' lang='grc' dir='ltr'><strong><em>τοῦτο</em></strong></span> 
     </span>
     <span class='ocr_line' id='line_1_6' title="bbox 426 731 2365 806; baseline 0.001 -17"><span class='ocrx_word' id='word_1_57' title='bbox 426 743 517 804; x_wconf 85' lang='grc' dir='ltr'><strong><em>τῆς</em></strong></span> <span class='ocrx_word' id='word_1_58' title='bbox 540 734 687 806; x_wconf 81' lang='grc' dir='ltr'><strong><em>άγίας</em></strong></span> <span class='ocrx_word' id='word_1_59' title='bbox 714 740 802 788; x_wconf 87' lang='grc' dir='ltr'><strong><em>τοῦ</em></strong></span> <span class='ocrx_word' id='word_1_60' title='bbox 827 741 959 788; x_wconf 84' lang='grc' dir='ltr'><strong>θεοῦ</strong></span> <span class='ocrx_word' id='word_1_61' title='bbox 990 731 1045 780; x_wconf 52' lang='grc' dir='ltr'><strong><em>’ϋ-’ἑ</em></strong></span> <span class='ocrx_word' id='word_1_62' title='bbox 1315 734 1481 789; x_wconf 68' lang='grc' dir='ltr'><strong><em>ὂἝστι</em></strong></span> <span class='ocrx_word' id='word_1_63' title='bbox 1513 735 1604 806; x_wconf 79' lang='grc' dir='ltr'><strong><em>γάρ</em></strong></span> <span class='ocrx_word' id='word_1_64' title='bbox 1631 740 1732 798; x_wconf 79' lang='grc' dir='ltr'><strong><em>πᾶς</em></strong></span> <span class='ocrx_word' id='word_1_65' title='bbox 1755 733 2032 806; x_wconf 70' lang='grc' dir='ltr'><strong><em>ἅνθρωπος</em></strong></span> <span class='ocrx_word' id='word_1_66' title='bbox 2057 742 2232 802; x_wconf 75' lang='grc' dir='ltr'><strong><em>σαφῶς</em></strong></span> <span class='ocrx_word' id='word_1_67' title='bbox 2261 735 2365 791; x_wconf 85' lang='grc' dir='ltr'><strong><em>κατ’</em></strong></span> 
     </span>
     <span class='ocr_line' id='line_1_7' title="bbox 423 806 2371 890; baseline 0 -16"><span class='ocrx_word' id='word_1_68' title='bbox 423 820 616 885; x_wconf 88' lang='grc' dir='ltr'><strong><em>εἰκόνα,</em></strong></span> <span class='ocrx_word' id='word_1_69' title='bbox 654 821 739 873; x_wconf 87' lang='grc' dir='ltr'><strong><em>καὶ</em></strong></span> <span class='ocrx_word' id='word_1_70' title='bbox 765 819 934 882; x_wconf 82' lang='grc' dir='ltr'><strong><em>οὐδεὶς</em></strong></span> <span class='ocrx_word' id='word_1_71' title='bbox 954 812 1296 890; x_wconf 45' lang='grc' dir='ltr'><strong><em>τῶν”“ἰιχ”οτων</em></strong></span> <span class='ocrx_word' id='word_1_72' title='bbox 1321 823 1391 883; x_wconf 85' lang='grc' dir='ltr'><strong><em>εἰς</em></strong></span> <span class='ocrx_word' id='word_1_73' title='bbox 1421 820 1540 874; x_wconf 79' lang='grc' dir='ltr'><strong><em>θεὸν</em></strong></span> <span class='ocrx_word' id='word_1_74' title='bbox 1574 819 1664 888; x_wconf 79' lang='grc' dir='ltr'><strong><em>τήν</em></strong></span> <span class='ocrx_word' id='word_1_75' title='bbox 1691 823 1864 874; x_wconf 79' lang='grc' dir='ltr'><strong><em>ἐλπίδα</em></strong></span> <span class='ocrx_word' id='word_1_76' title='bbox 1887 817 2176 889; x_wconf 80' lang='grc' dir='ltr'><strong><em>άρνήσεται,</em></strong></span> <span class='ocrx_word' id='word_1_77' title='bbox 2225 823 2272 874; x_wconf 91' lang='grc' dir='ltr'><strong><em>εἰ</em></strong></span> <span class='ocrx_word' id='word_1_78' title='bbox 2296 820 2371 890; x_wconf 81' lang='grc' dir='ltr'><strong><em>μὴ</em></strong></span> 
     </span>
     <span class='ocr_line' id='line_1_8' title="bbox 423 902 2367 973; baseline 0.001 -16"><span class='ocrx_word' id='word_1_79' title='bbox 423 903 485 958; x_wconf 76' lang='grc' dir='ltr'><strong><em>ἅν</em></strong></span> <span class='ocrx_word' id='word_1_80' title='bbox 520 925 647 967; x_wconf 86' lang='grc' dir='ltr'><strong><em>τινες</em></strong></span> <span class='ocrx_word' id='word_1_81' title='bbox 671 906 867 967; x_wconf 73' lang='grc' dir='ltr'><strong><em>ἑαυτοῖς</em></strong></span> <span class='ocrx_word' id='word_1_82' title='bbox 897 905 1098 972; x_wconf 82' lang='grc' dir='ltr'><em>μύθους</em></span> <span class='ocrx_word' id='word_1_83' title='bbox 1119 906 1451 970; x_wconf 88' lang='grc' dir='ltr'><strong><em>πλάσσουσιν,</em></strong></span> <span class='ocrx_word' id='word_1_84' title='bbox 1506 902 1852 973; x_wconf 76' lang='grc' dir='ltr'><strong><em>ἐκβαλλόμενοι</em></strong></span> <span class='ocrx_word' id='word_1_85' title='bbox 1879 910 1969 972; x_wconf 86' lang='grc' dir='ltr'><strong><em>τῆς</em></strong></span> <span class='ocrx_word' id='word_1_86' title='bbox 1997 907 2256 973; x_wconf 78' lang='grc' dir='ltr'><strong><em>ἐκκλησίας</em></strong></span> <span class='ocrx_word' id='word_1_87' title='bbox 2278 907 2367 959; x_wconf 74' lang='grc' dir='ltr'><strong><em>καὶ</em></strong></span> 
     </span>
    </p>
   </div>
   <div class='ocr_carea' id='block_1_3' title="bbox 421 988 2367 1060">
    <p class='ocr_par' dir='ltr' id='par_1_3' title="bbox 421 988 2367 1060">
     <span class='ocr_line' id='line_1_9' title="bbox 421 988 2367 1060; baseline 0.001 -17"><span class='ocrx_word' id='word_1_88' title='bbox 421 996 511 1058; x_wconf 83' lang='grc' dir='ltr'><strong><em>τῆς</em></strong></span> <span class='ocrx_word' id='word_1_89' title='bbox 534 995 632 1043; x_wconf 81' lang='grc' dir='ltr'><strong><em>τῶν</em></strong></span> <span class='ocrx_word' id='word_1_90' title='bbox 667 991 894 1060; x_wconf 78' lang='grc' dir='ltr'><strong><em>πατέρων</em></strong></span> <span class='ocrx_word' id='word_1_91' title='bbox 920 992 975 1043; x_wconf 86' lang='grc' dir='ltr'><strong><em>ἐκ</em></strong></span> <span class='ocrx_word' id='word_1_92' title='bbox 1005 996 1280 1060; x_wconf 73' lang='grc' dir='ltr'><strong><em>προφητῶν</em></strong></span> <span class='ocrx_word' id='word_1_93' title='bbox 1307 1010 1359 1043; x_wconf 86' lang='grc' dir='ltr'><strong><em>τε</em></strong></span> <span class='ocrx_word' id='word_1_94' title='bbox 1394 990 1479 1043; x_wconf 77' lang='grc' dir='ltr'><strong><em>καὶ</em></strong></span> <span class='ocrx_word' id='word_1_95' title='bbox 1510 989 1700 1058; x_wconf 90' lang='grc' dir='ltr'><strong><em>νόμου,</em></strong></span> <span class='ocrx_word' id='word_1_96' title='bbox 1754 991 1837 1044; x_wconf 85' lang='grc' dir='ltr'><strong><em>καὶ</em></strong></span> <span class='ocrx_word' id='word_1_97' title='bbox 1865 988 2150 1046; x_wconf 81' lang='grc' dir='ltr'><strong><em>άποστόλων</em></strong></span> <span class='ocrx_word' id='word_1_98' title='bbox 2173 991 2259 1045; x_wconf 74' lang='grc' dir='ltr'><strong><em>καὶ</em></strong></span> <span class='ocrx_word' id='word_1_99' title='bbox 2283 990 2367 1044; x_wconf 75' lang='grc' dir='ltr'><strong><em>εῦ-</em></strong></span> 
     </span>
    </p>
   </div>
   <div class='ocr_carea' id='block_1_4' title="bbox 924 597 1215 778">
    <p class='ocr_par' dir='ltr' id='par_1_4' title="bbox 924 597 1215 778">
     <span class='ocr_line' id='line_1_10' title="bbox 924 597 1201 698; baseline 0 -30"><span class='ocrx_word' id='word_1_100' title='bbox 924 597 1201 698; x_wconf 95' lang='lat' dir='ltr'><strong><em>   </em></strong></span> 
     </span>
     <span class='ocr_line' id='line_1_11' title="bbox 959 698 1215 778; baseline 0 3356"><span class='ocrx_word' id='word_1_101' title='bbox 959 698 1215 778; x_wconf 95' lang='lat' dir='ltr'><strong><em> </em></strong></span> 
     </span>
    </p>
   </div>
   <div class='ocr_carea' id='block_1_5' title="bbox 2411 1075 2508 1094">
    <p class='ocr_par' dir='ltr' id='par_1_5' title="bbox 2411 1075 2508 1094">
     <span class='ocr_line' id='line_1_12' title="bbox 2411 1075 2508 1094; baseline 0.01 -7"><span class='ocrx_word' id='word_1_102' title='bbox 2411 1075 2431 1094; x_wconf 43' lang='lat' dir='ltr'><em>Q</em></span> <span class='ocrx_word' id='word_1_103' title='bbox 2499 1079 2508 1088; x_wconf 67' lang='grc' dir='ltr'>ι</span> 
     </span>
    </p>
   </div>
   <div class='ocr_carea' id='block_1_6' title="bbox 422 1073 2508 1205">
    <p class='ocr_par' dir='ltr' id='par_1_6' title="bbox 422 1073 2508 1205">
     <span class='ocr_line' id='line_1_13' title="bbox 422 1073 2497 1147; baseline 0.005 -20"><span class='ocrx_word' id='word_1_104' title='bbox 422 1080 714 1146; x_wconf 79' lang='grc' dir='ltr'><strong><em>αγγελιστῶν</em></strong></span> <span class='ocrx_word' id='word_1_105' title='bbox 748 1073 1081 1147; x_wconf 84' lang='grc' dir='ltr'><strong><em>παραδόσεως.</em></strong></span> <span class='ocrx_word' id='word_1_106' title='bbox 2372 1086 2385 1102; x_wconf 59' lang='lat'><em>³</em></span> <span class='ocrx_word' id='word_1_107' title='bbox 2395 1089 2440 1147; x_wconf 49' lang='lat'><strong><em>5⁵}</em></strong></span> <span class='ocrx_word' id='word_1_108' title='bbox 2492 1102 2497 1105; x_wconf 82' lang='grc'><em>·</em></span> 
     </span>
     <span class='ocr_line' id='line_1_14' title="bbox 2345 1151 2508 1205; baseline 0.006 -19"><span class='ocrx_word' id='word_1_109' title='bbox 2345 1151 2400 1205; x_wconf 52' lang='lat'><strong><em>³³?</em></strong></span> <span class='ocrx_word' id='word_1_110' title='bbox 2479 1153 2490 1194; x_wconf 69' lang='grc' dir='ltr'>ζ</span> <span class='ocrx_word' id='word_1_111' title='bbox 2506 1171 2508 1174; x_wconf 91' lang='grc'>-</span> 
     </span>
    </p>
   </div>
   <div class='ocr_carea' id='block_1_7' title="bbox 192 1324 2367 3521">
    <p class='ocr_par' dir='ltr' id='par_1_7' title="bbox 192 1324 2367 1829">
     <span class='ocr_line' id='line_1_15' title="bbox 192 1324 2364 1404; baseline 0.001 -21"><span class='ocrx_word' id='word_1_112' title='bbox 192 1340 303 1397; x_wconf 86' lang='grc' dir='ltr'><strong><em>Κεφ.</em></strong></span> <span class='ocrx_word' id='word_1_113' title='bbox 334 1339 388 1399; x_wconf 85' lang='grc' dir='ltr'><strong><em>γ’.</em></strong></span> <span class='ocrx_word' id='word_1_114' title='bbox 546 1329 698 1391; x_wconf 79' lang='grc' dir='ltr'><strong><em>’Ὦςτε</em></strong></span> <span class='ocrx_word' id='word_1_115' title='bbox 727 1324 816 1384; x_wconf 81' lang='grc' dir='ltr'><strong><em>οῦν</em></strong></span> <span class='ocrx_word' id='word_1_116' title='bbox 845 1333 1024 1385; x_wconf 89' lang='grc' dir='ltr'><strong><em>ἐκεῖνοι</em></strong></span> <span class='ocrx_word' id='word_1_117' title='bbox 1066 1331 1459 1401; x_wconf 85' lang='grc' dir='ltr'><strong><em>φιλονεικότερον</em></strong></span> <span class='ocrx_word' id='word_1_118' title='bbox 1491 1333 1545 1384; x_wconf 83' lang='grc' dir='ltr'><strong><em>ἐν</em></strong></span> <span class='ocrx_word' id='word_1_119' title='bbox 1575 1330 1734 1404; x_wconf 76' lang='grc' dir='ltr'><strong><em>τούτῳ</em></strong></span> <span class='ocrx_word' id='word_1_120' title='bbox 1774 1333 2073 1398; x_wconf 85' lang='grc' dir='ltr'><strong><em>διακείμενοι</em></strong></span> <span class='ocrx_word' id='word_1_121' title='bbox 2106 1330 2248 1395; x_wconf 82' lang='grc' dir='ltr'><strong><em>ἐκτός</em></strong></span> <span class='ocrx_word' id='word_1_122' title='bbox 2278 1332 2364 1386; x_wconf 76' lang='grc' dir='ltr'><strong><em>καὶ</em></strong></span> 
     </span>
     <span class='ocr_line' id='line_1_16' title="bbox 421 1413 2361 1486; baseline 0.001 -17"><span class='ocrx_word' id='word_1_123' title='bbox 421 1414 564 1470; x_wconf 76' lang='grc' dir='ltr'><strong><em>αὐτοὶ</em></strong></span> <span class='ocrx_word' id='word_1_124' title='bbox 607 1419 832 1483; x_wconf 85' lang='grc' dir='ltr'><strong><em>βαίνουσι</em></strong></span> <span class='ocrx_word' id='word_1_125' title='bbox 871 1422 958 1483; x_wconf 86' lang='grc' dir='ltr'><strong><em>τῆς</em></strong></span> <span class='ocrx_word' id='word_1_126' title='bbox 987 1414 1113 1469; x_wconf 75' lang='grc' dir='ltr'><strong><em>κατὰ</em></strong></span> <span class='ocrx_word' id='word_1_127' title='bbox 1153 1414 1244 1484; x_wconf 80' lang='grc' dir='ltr'><strong><em>τὴν</em></strong></span> <span class='ocrx_word' id='word_1_128' title='bbox 1286 1413 1691 1483; x_wconf 82' lang='grc' dir='ltr'><strong><em>ἐκκλησιαστικὴν</em></strong></span> <span class='ocrx_word' id='word_1_129' title='bbox 1734 1413 1980 1469; x_wconf 74' lang='grc' dir='ltr'><strong><em>ὑπόθεσιν</em></strong></span> <span class='ocrx_word' id='word_1_130' title='bbox 2021 1415 2361 1486; x_wconf 84' lang='grc' dir='ltr'><strong><em>παραδόσεως,</em></strong></span> 
     </span>
     <span class='ocr_line' id='line_1_17' title="bbox 420 1498 2367 1571; baseline 0.001 -18"><span class='ocrx_word' id='word_1_131' title='bbox 420 1506 507 1568; x_wconf 83' lang='grc' dir='ltr'><strong><em>τῆς</em></strong></span> <span class='ocrx_word' id='word_1_132' title='bbox 534 1500 864 1568; x_wconf 83' lang='grc' dir='ltr'><strong><em>πιστευούσης</em></strong></span> <span class='ocrx_word' id='word_1_133' title='bbox 899 1499 1003 1554; x_wconf 86' lang='grc' dir='ltr'><strong><em>κατ’</em></strong></span> <span class='ocrx_word' id='word_1_134' title='bbox 1038 1500 1206 1554; x_wconf 88' lang='grc' dir='ltr'><strong><em>εἰκόνα</em></strong></span> <span class='ocrx_word' id='word_1_135' title='bbox 1241 1502 1328 1568; x_wconf 80' lang='grc' dir='ltr'><strong><em>μὲν</em></strong></span> <span class='ocrx_word' id='word_1_136' title='bbox 1366 1498 1492 1554; x_wconf 81' lang='grc' dir='ltr'><strong><em>εἶναι</em></strong></span> <span class='ocrx_word' id='word_1_137' title='bbox 1530 1499 1692 1552; x_wconf 91' lang='grc' dir='ltr'><strong><em>πάντα</em></strong></span> <span class='ocrx_word' id='word_1_138' title='bbox 1734 1498 2038 1570; x_wconf 69' lang='grc' dir='ltr'><strong><em>ἄνθρωπον,</em></strong></span> <span class='ocrx_word' id='word_1_139' title='bbox 2089 1500 2158 1567; x_wconf 76' lang='grc' dir='ltr'><strong><em>μὴ</em></strong></span> <span class='ocrx_word' id='word_1_140' title='bbox 2191 1498 2367 1571; x_wconf 78' lang='grc' dir='ltr'><strong><em>ὁρίζειν</em></strong></span> 
     </span>
     <span class='ocr_line' id='line_1_18' title="bbox 420 1583 2366 1658; baseline 0 -19"><span class='ocrx_word' id='word_1_141' title='bbox 420 1586 474 1639; x_wconf 74' lang='grc' dir='ltr'><strong><em>δὲ</em></strong></span> <span class='ocrx_word' id='word_1_142' title='bbox 505 1587 558 1639; x_wconf 89' lang='grc' dir='ltr'><strong><em>ἐν</em></strong></span> <span class='ocrx_word' id='word_1_143' title='bbox 583 1590 711 1658; x_wconf 78' lang='grc' dir='ltr'><strong><em>ποίῳ</em></strong></span> <span class='ocrx_word' id='word_1_144' title='bbox 738 1587 959 1639; x_wconf 87' lang='grc' dir='ltr'><strong><em>τέτακται</em></strong></span> <span class='ocrx_word' id='word_1_145' title='bbox 989 1584 1043 1638; x_wconf 79' lang='grc' dir='ltr'><strong><em>τό</em></strong></span> <span class='ocrx_word' id='word_1_146' title='bbox 1077 1583 1181 1639; x_wconf 87' lang='grc' dir='ltr'><strong><em>κατ’</em></strong></span> <span class='ocrx_word' id='word_1_147' title='bbox 1204 1585 1396 1649; x_wconf 79' lang='grc' dir='ltr'><strong><em>εἰκόνα,</em></strong></span> <span class='ocrx_word' id='word_1_148' title='bbox 1452 1584 1571 1652; x_wconf 79' lang='grc' dir='ltr'><strong><em>μήτε</em></strong></span> <span class='ocrx_word' id='word_1_149' title='bbox 1599 1583 1810 1653; x_wconf 81' lang='grc' dir='ltr'><strong><em>ἐχόντων</em></strong></span> <span class='ocrx_word' id='word_1_150' title='bbox 1837 1590 1936 1638; x_wconf 78' lang='grc' dir='ltr'><strong><em>τῶν</em></strong></span> <span class='ocrx_word' id='word_1_151' title='bbox 1964 1588 2219 1653; x_wconf 76' lang='grc' dir='ltr'><strong><em>μυθωδῶς</em></strong></span> <span class='ocrx_word' id='word_1_152' title='bbox 2248 1587 2366 1656; x_wconf 79' lang='grc' dir='ltr'><strong><em>περὶ</em></strong></span> 
     </span>
     <span class='ocr_line' id='line_1_19' title="bbox 416 1664 2362 1741; baseline -0.001 -18"><span class='ocrx_word' id='word_1_153' title='bbox 416 1670 606 1724; x_wconf 89' lang='grc' dir='ltr'><strong><em>τούτων</em></strong></span> <span class='ocrx_word' id='word_1_154' title='bbox 650 1669 1103 1738; x_wconf 87' lang='grc' dir='ltr'><strong><em>διαλαμβανόντων,</em></strong></span> <span class='ocrx_word' id='word_1_155' title='bbox 1158 1668 1239 1723; x_wconf 75' lang='grc' dir='ltr'><strong><em>εἴτ’</em></strong></span> <span class='ocrx_word' id='word_1_156' title='bbox 1278 1664 1369 1724; x_wconf 85' lang='grc' dir='ltr'><strong><em>οῦν</em></strong></span> <span class='ocrx_word' id='word_1_157' title='bbox 1406 1669 1752 1740; x_wconf 74' lang='grc' dir='ltr'><strong><em>ἀρνουμένων,</em></strong></span> <span class='ocrx_word' id='word_1_158' title='bbox 1805 1672 1971 1734; x_wconf 82' lang='grc' dir='ltr'><strong><em>δεῖξαι.</em></strong></span> <span class='ocrx_word' id='word_1_159' title='bbox 2051 1673 2119 1723; x_wconf 81' lang='grc' dir='ltr'><strong><em>Οἱ</em></strong></span> <span class='ocrx_word' id='word_1_160' title='bbox 2147 1671 2238 1737; x_wconf 78' lang='grc' dir='ltr'><strong><em>μὲν</em></strong></span> <span class='ocrx_word' id='word_1_161' title='bbox 2266 1669 2362 1741; x_wconf 78' lang='grc' dir='ltr'><strong><em>γάρ</em></strong></span> 
     </span>
     <span class='ocr_line' id='line_1_20' title="bbox 418 1752 2363 1829; baseline 0 -22"><span class='ocrx_word' id='word_1_162' title='bbox 418 1757 642 1826; x_wconf 87' lang='grc' dir='ltr'><strong><em>λέγουσιν</em></strong></span> <span class='ocrx_word' id='word_1_163' title='bbox 672 1757 722 1809; x_wconf 93' lang='grc' dir='ltr'><strong><em>ἐν</em></strong></span> <span class='ocrx_word' id='word_1_164' title='bbox 752 1761 812 1829; x_wconf 85' lang='grc' dir='ltr'><strong><em>τῇ</em></strong></span> <span class='ocrx_word' id='word_1_165' title='bbox 841 1761 980 1828; x_wconf 80' lang='grc' dir='ltr'><strong><em>ψυχῇ</em></strong></span> <span class='ocrx_word' id='word_1_166' title='bbox 1022 1761 1339 1825; x_wconf 89' lang='grc' dir='ltr'><strong><em>πληροῦσθαι</em></strong></span> <span class='ocrx_word' id='word_1_167' title='bbox 1375 1754 1431 1808; x_wconf 83' lang='grc' dir='ltr'><strong><em>τό</em></strong></span> <span class='ocrx_word' id='word_1_168' title='bbox 1467 1752 1572 1807; x_wconf 87' lang='grc' dir='ltr'><strong><em>κατ’</em></strong></span> <span class='ocrx_word' id='word_1_169' title='bbox 1605 1753 1800 1819; x_wconf 86' lang='grc' dir='ltr'><strong><em>εἰκόνα,</em></strong></span> <span class='ocrx_word' id='word_1_170' title='bbox 1850 1759 2127 1822; x_wconf 82' lang='grc' dir='ltr'><strong><em>νομίζοντες</em></strong></span> <span class='ocrx_word' id='word_1_171' title='bbox 2149 1753 2204 1809; x_wconf 79' lang='grc' dir='ltr'><strong><em>τό</em></strong></span> <span class='ocrx_word' id='word_1_172' title='bbox 2236 1753 2363 1808; x_wconf 70' lang='grc' dir='ltr'><strong><em>κατὰ</em></strong></span> 
     </span>
    </p>

    <p class='ocr_par' dir='ltr' id='par_1_8' title="bbox 214 1838 2364 3521">
     <span class='ocr_line' id='line_1_21' title="bbox 214 1838 2364 1911; baseline 0 -19"><span class='ocrx_word' id='word_1_173' title='bbox 214 1868 299 1904; x_wconf 79' lang='lat' dir='ltr'><strong>pag.</strong></span> <span class='ocrx_word' id='word_1_174' title='bbox 317 1859 393 1895; x_wconf 75' lang='lat'>814.</span> <span class='ocrx_word' id='word_1_175' title='bbox 418 1839 507 1908; x_wconf 80' lang='grc' dir='ltr'><strong><em>τὴν</em></strong></span> <span class='ocrx_word' id='word_1_176' title='bbox 538 1840 697 1911; x_wconf 85' lang='grc' dir='ltr'><strong><em>σάρκα</em></strong></span> <span class='ocrx_word' id='word_1_177' title='bbox 723 1842 877 1907; x_wconf 88' lang='grc' dir='ltr'><strong><em>μόνον</em></strong></span> <span class='ocrx_word' id='word_1_178' title='bbox 899 1844 1283 1910; x_wconf 79' lang='grc' dir='ltr'><strong><em>συλλογίσασθαι</em></strong></span> <span class='ocrx_word' id='word_1_179' title='bbox 1308 1838 1573 1892; x_wconf 86' lang='grc' dir='ltr'><strong><em>δύνασθαι.</em></strong></span> <span class='ocrx_word' id='word_1_180' title='bbox 1635 1841 1736 1892; x_wconf 87' lang='grc' dir='ltr'><strong><em>Καὶ</em></strong></span> <span class='ocrx_word' id='word_1_181' title='bbox 1763 1840 1858 1893; x_wconf 86' lang='grc' dir='ltr'><strong><em>οῦκ</em></strong></span> <span class='ocrx_word' id='word_1_182' title='bbox 1884 1842 2046 1893; x_wconf 78' lang='grc' dir='ltr'><strong><em>ἴσασιν</em></strong></span> <span class='ocrx_word' id='word_1_183' title='bbox 2071 1841 2124 1893; x_wconf 82' lang='grc' dir='ltr'><strong><em>οἱ</em></strong></span> <span class='ocrx_word' id='word_1_184' title='bbox 2145 1844 2364 1893; x_wconf 89' lang='grc' dir='ltr'><strong><em>τοιοῦτοι</em></strong></span> 
     </span>
     <span class='ocr_line' id='line_1_22' title="bbox 419 1923 2362 1995; baseline -0.001 -16"><span class='ocrx_word' id='word_1_185' title='bbox 419 1924 496 1980; x_wconf 73' lang='grc' dir='ltr'><strong><em>ὅτι</em></strong></span> <span class='ocrx_word' id='word_1_186' title='bbox 521 1923 576 1978; x_wconf 80' lang='grc' dir='ltr'><strong><em>τό</em></strong></span> <span class='ocrx_word' id='word_1_187' title='bbox 610 1924 738 1978; x_wconf 79' lang='grc' dir='ltr'><strong><em>κατά</em></strong></span> <span class='ocrx_word' id='word_1_188' title='bbox 768 1923 936 1993; x_wconf 78' lang='grc' dir='ltr'><strong><em>ψυχήν</em></strong></span> <span class='ocrx_word' id='word_1_189' title='bbox 978 1929 1328 1995; x_wconf 83' lang='grc' dir='ltr'><strong><em>συλλογίζεται,</em></strong></span> <span class='ocrx_word' id='word_1_190' title='bbox 1379 1926 1424 1977; x_wconf 89' lang='grc' dir='ltr'><strong><em>εἰ</em></strong></span> <span class='ocrx_word' id='word_1_191' title='bbox 1447 1923 1539 1992; x_wconf 83' lang='grc' dir='ltr'><strong><em>χρὴ</em></strong></span> <span class='ocrx_word' id='word_1_192' title='bbox 1576 1930 1914 1994; x_wconf 87' lang='grc' dir='ltr'><strong><em>συλλογισμοῖς</em></strong></span> <span class='ocrx_word' id='word_1_193' title='bbox 1948 1925 2222 1994; x_wconf 87' lang='grc' dir='ltr'><strong><em>προςέχειν,</em></strong></span> <span class='ocrx_word' id='word_1_194' title='bbox 2275 1925 2362 1978; x_wconf 73' lang='grc' dir='ltr'><strong><em>καὶ</em></strong></span> 
     </span>
     <span class='ocr_line' id='line_1_23' title="bbox 418 2007 2360 2084; baseline -0.001 -20"><span class='ocrx_word' id='word_1_195' title='bbox 418 2009 485 2078; x_wconf 74' lang='grc' dir='ltr'><strong><em>μὴ</em></strong></span> <span class='ocrx_word' id='word_1_196' title='bbox 512 2008 680 2071; x_wconf 74' lang='grc' dir='ltr'><strong><em>ἅπλῶς</em></strong></span> <span class='ocrx_word' id='word_1_197' title='bbox 718 2008 848 2083; x_wconf 80' lang='grc' dir='ltr'><strong><em>άπλῇ</em></strong></span> <span class='ocrx_word' id='word_1_198' title='bbox 879 2016 940 2084; x_wconf 82' lang='grc' dir='ltr'><strong><em>τῇ</em></strong></span> <span class='ocrx_word' id='word_1_199' title='bbox 977 2014 1175 2083; x_wconf 74' lang='grc' dir='ltr'><strong><em>διανοίᾳ</em></strong></span> <span class='ocrx_word' id='word_1_200' title='bbox 1205 2015 1313 2082; x_wconf 76' lang='grc' dir='ltr'><strong><em>θεῷ</em></strong></span> <span class='ocrx_word' id='word_1_201' title='bbox 1341 2010 1621 2077; x_wconf 87' lang='grc' dir='ltr'><strong><em>προςιέναι,</em></strong></span> <span class='ocrx_word' id='word_1_202' title='bbox 1676 2010 1757 2062; x_wconf 77' lang='grc' dir='ltr'><strong><em>καὶ</em></strong></span> <span class='ocrx_word' id='word_1_203' title='bbox 1790 2009 2035 2064; x_wconf 84' lang='grc' dir='ltr'><strong><em>πιστεύειν</em></strong></span> <span class='ocrx_word' id='word_1_204' title='bbox 2059 2008 2136 2063; x_wconf 74' lang='grc' dir='ltr'><strong><em>ὅτι</em></strong></span> <span class='ocrx_word' id='word_1_205' title='bbox 2159 2007 2221 2062; x_wconf 78' lang='grc' dir='ltr'>τᾶ</span> <span class='ocrx_word' id='word_1_206' title='bbox 2258 2007 2360 2063; x_wconf 58' lang='lat' dir='ltr'><strong><em>find</em></strong></span> 
     </span>
     <span class='ocr_line' id='line_1_24' title="bbox 416 2092 2360 2166; baseline -0.001 -18"><span class='ocrx_word' id='word_1_207' title='bbox 416 2101 544 2149; x_wconf 85' lang='grc' dir='ltr'><strong><em>θεοῦ</em></strong></span> <span class='ocrx_word' id='word_1_208' title='bbox 577 2097 807 2165; x_wconf 81' lang='grc' dir='ltr'><strong><em>εἰρημένα</em></strong></span> <span class='ocrx_word' id='word_1_209' title='bbox 835 2097 966 2148; x_wconf 89' lang='grc' dir='ltr'><strong><em>ἐστὶν</em></strong></span> <span class='ocrx_word' id='word_1_210' title='bbox 998 2094 1232 2163; x_wconf 81' lang='grc' dir='ltr'><strong><em>άλήθεια,</em></strong></span> <span class='ocrx_word' id='word_1_211' title='bbox 1272 2094 1408 2166; x_wconf 81' lang='grc' dir='ltr'><strong><em>αὐτῷ</em></strong></span> <span class='ocrx_word' id='word_1_212' title='bbox 1431 2095 1484 2147; x_wconf 84' lang='grc' dir='ltr'><strong><em>δὲ</em></strong></span> <span class='ocrx_word' id='word_1_213' title='bbox 1515 2093 1652 2166; x_wconf 79' lang='grc' dir='ltr'><strong><em>μόνῳ</em></strong></span> <span class='ocrx_word' id='word_1_214' title='bbox 1679 2095 1956 2163; x_wconf 83' lang='grc' dir='ltr'><strong><em>ἐγνωσμένα</em></strong></span> <span class='ocrx_word' id='word_1_215' title='bbox 1983 2100 2050 2166; x_wconf 75' lang='grc' dir='ltr'><strong><em>τῷ</em></strong></span> <span class='ocrx_word' id='word_1_216' title='bbox 2076 2092 2168 2162; x_wconf 75' lang='grc' dir='ltr'><strong><em>τήν</em></strong></span> <span class='ocrx_word' id='word_1_217' title='bbox 2193 2099 2360 2147; x_wconf 80' lang='grc' dir='ltr'><strong><em>πᾶσαν</em></strong></span> 
     </span>
     <span class='ocr_line' id='line_1_25' title="bbox 415 2177 2359 2251; baseline 0 -18"><span class='ocrx_word' id='word_1_218' title='bbox 415 2177 656 2247; x_wconf 83' lang='grc' dir='ltr'><strong><em>άλήθειαν</em></strong></span> <span class='ocrx_word' id='word_1_219' title='bbox 691 2178 855 2233; x_wconf 88' lang='grc' dir='ltr'><strong><em>εἰδότι.</em></strong></span> <span class='ocrx_word' id='word_1_220' title='bbox 918 2178 1087 2233; x_wconf 77' lang='grc' dir='ltr'><strong><em>’Ἁλλοι</em></strong></span> <span class='ocrx_word' id='word_1_221' title='bbox 1134 2180 1187 2232; x_wconf 82' lang='grc' dir='ltr'><strong><em>δὲ</em></strong></span> <span class='ocrx_word' id='word_1_222' title='bbox 1216 2181 1441 2250; x_wconf 87' lang='grc' dir='ltr'><strong><em>λέγουσιν</em></strong></span> <span class='ocrx_word' id='word_1_223' title='bbox 1470 2177 1582 2232; x_wconf 75' lang='grc' dir='ltr'><strong><em>οὔτε</em></strong></span> <span class='ocrx_word' id='word_1_224' title='bbox 1610 2180 1663 2232; x_wconf 88' lang='grc' dir='ltr'><strong><em>ἐν</em></strong></span> <span class='ocrx_word' id='word_1_225' title='bbox 1691 2185 1856 2251; x_wconf 80' lang='grc' dir='ltr'><strong><em>ψυχῇ,</em></strong></span> <span class='ocrx_word' id='word_1_226' title='bbox 1914 2178 2027 2233; x_wconf 79' lang='grc' dir='ltr'><strong><em>οὔτε</em></strong></span> <span class='ocrx_word' id='word_1_227' title='bbox 2066 2181 2120 2232; x_wconf 89' lang='grc' dir='ltr'><strong><em>ἐν</em></strong></span> <span class='ocrx_word' id='word_1_228' title='bbox 2153 2178 2359 2248; x_wconf 76' lang='grc' dir='ltr'><strong><em>σώματι,</em></strong></span> 
     </span>
     <span class='ocr_line' id='line_1_26' title="bbox 417 2261 2360 2334; baseline 0 -17"><span class='ocrx_word' id='word_1_229' title='bbox 417 2262 537 2318; x_wconf 76' lang='grc' dir='ltr'><strong><em>ἄλλά</em></strong></span> <span class='ocrx_word' id='word_1_230' title='bbox 579 2262 758 2334; x_wconf 76' lang='grc' dir='ltr'><strong><em>ἀρετὴν</em></strong></span> <span class='ocrx_word' id='word_1_231' title='bbox 798 2261 924 2317; x_wconf 82' lang='grc' dir='ltr'><strong><em>εἶναι</em></strong></span> <span class='ocrx_word' id='word_1_232' title='bbox 961 2263 1016 2317; x_wconf 81' lang='grc' dir='ltr'><strong><em>τὸ</em></strong></span> <span class='ocrx_word' id='word_1_233' title='bbox 1047 2261 1152 2316; x_wconf 89' lang='grc' dir='ltr'><strong><em>κατ’</em></strong></span> <span class='ocrx_word' id='word_1_234' title='bbox 1183 2262 1365 2317; x_wconf 84' lang='grc' dir='ltr'><strong><em>εἰκόνα.</em></strong></span> <span class='ocrx_word' id='word_1_235' title='bbox 1422 2262 1627 2334; x_wconf 63' lang='grc' dir='ltr'><strong><em>’Έτεροι</em></strong></span> <span class='ocrx_word' id='word_1_236' title='bbox 1655 2264 1708 2316; x_wconf 81' lang='grc' dir='ltr'><strong><em>δὲ</em></strong></span> <span class='ocrx_word' id='word_1_237' title='bbox 1733 2263 1987 2330; x_wconf 79' lang='grc' dir='ltr'><strong><em>φάσκουσι</em></strong></span> <span class='ocrx_word' id='word_1_238' title='bbox 2017 2262 2085 2333; x_wconf 83' lang='grc' dir='ltr'>μή</span> <span class='ocrx_word' id='word_1_239' title='bbox 2112 2262 2237 2318; x_wconf 84' lang='grc' dir='ltr'><strong><em>εἶναι</em></strong></span> <span class='ocrx_word' id='word_1_240' title='bbox 2271 2263 2360 2332; x_wconf 75' lang='grc' dir='ltr'><strong><em>τὴν</em></strong></span> 
     </span>
     <span class='ocr_line' id='line_1_27' title="bbox 415 2346 2355 2421; baseline 0 -19"><span class='ocrx_word' id='word_1_241' title='bbox 415 2347 614 2418; x_wconf 77' lang='grc' dir='ltr'><strong><em>ἀρετὴν,</em></strong></span> <span class='ocrx_word' id='word_1_242' title='bbox 656 2347 776 2401; x_wconf 72' lang='grc' dir='ltr'><strong><em>ἄλλα</em></strong></span> <span class='ocrx_word' id='word_1_243' title='bbox 802 2347 855 2402; x_wconf 82' lang='grc' dir='ltr'><strong><em>τό</em></strong></span> <span class='ocrx_word' id='word_1_244' title='bbox 888 2347 1170 2417; x_wconf 77' lang='grc' dir='ltr'><strong><em>βάπτισμα,</em></strong></span> <span class='ocrx_word' id='word_1_245' title='bbox 1209 2350 1294 2402; x_wconf 83' lang='grc' dir='ltr'><strong><em>καὶ</em></strong></span> <span class='ocrx_word' id='word_1_246' title='bbox 1321 2346 1375 2402; x_wconf 78' lang='grc' dir='ltr'><strong><em>τό</em></strong></span> <span class='ocrx_word' id='word_1_247' title='bbox 1407 2347 1619 2418; x_wconf 81' lang='grc' dir='ltr'><strong><em>χάρισμα</em></strong></span> <span class='ocrx_word' id='word_1_248' title='bbox 1648 2347 1703 2402; x_wconf 85' lang='grc' dir='ltr'>τὸ</span> <span class='ocrx_word' id='word_1_249' title='bbox 1735 2350 1788 2402; x_wconf 86' lang='grc' dir='ltr'><strong><em>ἐν</em></strong></span> <span class='ocrx_word' id='word_1_250' title='bbox 1813 2355 1882 2421; x_wconf 80' lang='grc' dir='ltr'><strong><em>τῷ</em></strong></span> <span class='ocrx_word' id='word_1_251' title='bbox 1907 2353 2231 2417; x_wconf 86' lang='grc' dir='ltr'><strong><em>βαπτίσματι,</em></strong></span> <span class='ocrx_word' id='word_1_252' title='bbox 2270 2352 2355 2417; x_wconf 84' lang='grc' dir='ltr'><strong><em>δῆ-</em></strong></span> 
     </span>
     <span class='ocr_line' id='line_1_28' title="bbox 413 2432 2358 2504; baseline 0 -17"><span class='ocrx_word' id='word_1_253' title='bbox 413 2442 508 2487; x_wconf 87' lang='grc' dir='ltr'><strong><em>θεν</em></strong></span> <span class='ocrx_word' id='word_1_254' title='bbox 535 2435 590 2486; x_wconf 89' lang='grc' dir='ltr'><strong><em>ἐκ</em></strong></span> <span class='ocrx_word' id='word_1_255' title='bbox 619 2439 710 2487; x_wconf 89' lang='grc' dir='ltr'><strong><em>τοῦ</em></strong></span> <span class='ocrx_word' id='word_1_256' title='bbox 738 2437 892 2502; x_wconf 79' lang='grc' dir='ltr'><strong><em>ῥητοῦ</em></strong></span> <span class='ocrx_word' id='word_1_257' title='bbox 921 2439 1009 2487; x_wconf 88' lang='grc' dir='ltr'><strong><em>τοῦ</em></strong></span> <span class='ocrx_word' id='word_1_258' title='bbox 1037 2436 1325 2504; x_wconf 86' lang='grc' dir='ltr'><strong><em>εἰρημένου,</em></strong></span> <span class='ocrx_word' id='word_1_259' title='bbox 1380 2432 1573 2496; x_wconf 77' lang='grc' dir='ltr'><strong><em>Καθώς</em></strong></span> <span class='ocrx_word' id='word_1_260' title='bbox 1613 2434 1919 2503; x_wconf 88' lang='grc' dir='ltr'><strong><em>ἐφορέσαμεν</em></strong></span> <span class='ocrx_word' id='word_1_261' title='bbox 1949 2433 2040 2502; x_wconf 75' lang='grc' dir='ltr'><strong><em>τὴν</em></strong></span> <span class='ocrx_word' id='word_1_262' title='bbox 2069 2432 2239 2488; x_wconf 89' lang='grc' dir='ltr'><strong><em>εἰκόνα</em></strong></span> <span class='ocrx_word' id='word_1_263' title='bbox 2268 2438 2358 2488; x_wconf 88' lang='grc' dir='ltr'><strong><em>τοῦ</em></strong></span> 
     </span>
     <span class='ocr_line' id='line_1_29' title="bbox 413 2517 2359 2588; baseline 0.002 -17"><span class='ocrx_word' id='word_1_264' title='bbox 413 2525 614 2587; x_wconf 83' lang='grc' dir='ltr'><strong><em>χοϊκοῦ,</em></strong></span> <span class='ocrx_word' id='word_1_265' title='bbox 669 2520 960 2587; x_wconf 87' lang='grc' dir='ltr'><strong><em>φορέσωμεν</em></strong></span> <span class='ocrx_word' id='word_1_266' title='bbox 997 2520 1082 2572; x_wconf 84' lang='grc' dir='ltr'><strong><em>καὶ</em></strong></span> <span class='ocrx_word' id='word_1_267' title='bbox 1118 2517 1209 2585; x_wconf 80' lang='grc' dir='ltr'><strong><em>τὴν</em></strong></span> <span class='ocrx_word' id='word_1_268' title='bbox 1237 2517 1407 2572; x_wconf 87' lang='grc' dir='ltr'><strong><em>εἰκόνα</em></strong></span> <span class='ocrx_word' id='word_1_269' title='bbox 1437 2524 1525 2572; x_wconf 89' lang='grc' dir='ltr'><strong><em>τοῦ</em></strong></span> <span class='ocrx_word' id='word_1_270' title='bbox 1554 2520 1868 2588; x_wconf 82' lang='grc' dir='ltr'><strong><em>ἐπουρανίου.</em></strong></span> <span class='ocrx_word' id='word_1_271' title='bbox 1926 2517 2097 2573; x_wconf 73' lang='grc' dir='ltr'><strong><em>’Ἀλλοι</em></strong></span> <span class='ocrx_word' id='word_1_272' title='bbox 2124 2521 2179 2575; x_wconf 78' lang='grc' dir='ltr'><strong><em>δὲ</em></strong></span> <span class='ocrx_word' id='word_1_273' title='bbox 2210 2521 2359 2575; x_wconf 88' lang='grc' dir='ltr'><strong><em>πάλιν</em></strong></span> 
     </span>
     <span class='ocr_line' id='line_1_30' title="bbox 416 2600 2360 2673; baseline 0.002 -17"><span class='ocrx_word' id='word_1_274' title='bbox 416 2610 559 2657; x_wconf 88' lang='grc' dir='ltr'><strong><em>τοῦτο</em></strong></span> <span class='ocrx_word' id='word_1_275' title='bbox 586 2602 648 2656; x_wconf 83' lang='grc' dir='ltr'><strong><em>οὐ</em></strong></span> <span class='ocrx_word' id='word_1_276' title='bbox 680 2603 971 2671; x_wconf 88' lang='grc' dir='ltr'><strong><em>βούλονται,</em></strong></span> <span class='ocrx_word' id='word_1_277' title='bbox 1012 2600 1131 2657; x_wconf 80' lang='grc' dir='ltr'><strong><em>α’λλά</em></strong></span> <span class='ocrx_word' id='word_1_278' title='bbox 1155 2605 1359 2657; x_wconf 88' lang='grc' dir='ltr'><strong><em>θέλουσι</em></strong></span> <span class='ocrx_word' id='word_1_279' title='bbox 1386 2604 1539 2673; x_wconf 87' lang='grc' dir='ltr'><strong><em>λέγειν</em></strong></span> <span class='ocrx_word' id='word_1_280' title='bbox 1564 2601 1671 2656; x_wconf 89' lang='grc' dir='ltr'><strong><em>τότε</em></strong></span> <span class='ocrx_word' id='word_1_281' title='bbox 1697 2603 1783 2670; x_wconf 81' lang='grc' dir='ltr'><strong><em>μὲν</em></strong></span> <span class='ocrx_word' id='word_1_282' title='bbox 1816 2600 1944 2657; x_wconf 86' lang='grc' dir='ltr'><strong><em>εἶναι</em></strong></span> <span class='ocrx_word' id='word_1_283' title='bbox 1971 2603 2026 2658; x_wconf 84' lang='grc' dir='ltr'>τὸ</span> <span class='ocrx_word' id='word_1_284' title='bbox 2058 2603 2163 2658; x_wconf 87' lang='grc' dir='ltr'><strong><em>κατ’</em></strong></span> <span class='ocrx_word' id='word_1_285' title='bbox 2189 2605 2360 2659; x_wconf 83' lang='grc' dir='ltr'><strong><em>εἰκόνα</em></strong></span> 
     </span>
     <span class='ocr_line' id='line_1_31' title="bbox 415 2686 2358 2761; baseline 0.001 -18"><span class='ocrx_word' id='word_1_286' title='bbox 415 2691 467 2743; x_wconf 85' lang='grc' dir='ltr'><strong><em>ἐν</em></strong></span> <span class='ocrx_word' id='word_1_287' title='bbox 494 2694 560 2761; x_wconf 81' lang='grc' dir='ltr'><strong><em>τῷ</em></strong></span> <span class='ocrx_word' id='word_1_288' title='bbox 588 2686 770 2755; x_wconf 77' lang='grc' dir='ltr'><strong><em>Ἀδάμ,</em></strong></span> <span class='ocrx_word' id='word_1_289' title='bbox 801 2691 901 2750; x_wconf 74' lang='grc' dir='ltr'><strong><em>ἕως</em></strong></span> <span class='ocrx_word' id='word_1_290' title='bbox 931 2687 1011 2742; x_wconf 78' lang='grc' dir='ltr'><strong><em>ὅτε</em></strong></span> <span class='ocrx_word' id='word_1_291' title='bbox 1042 2691 1094 2742; x_wconf 84' lang='grc' dir='ltr'><strong><em>ἐν</em></strong></span> <span class='ocrx_word' id='word_1_292' title='bbox 1120 2694 1352 2761; x_wconf 83' lang='grc' dir='ltr'><strong><em>παρακοῇ</em></strong></span> <span class='ocrx_word' id='word_1_293' title='bbox 1382 2690 1572 2758; x_wconf 89' lang='grc' dir='ltr'><strong><em>γέγονε,</em></strong></span> <span class='ocrx_word' id='word_1_294' title='bbox 1623 2690 1704 2741; x_wconf 77' lang='grc' dir='ltr'><strong><em>καὶ</em></strong></span> <span class='ocrx_word' id='word_1_295' title='bbox 1748 2689 2000 2758; x_wconf 88' lang='grc' dir='ltr'><strong><em>βέβρωκεν</em></strong></span> <span class='ocrx_word' id='word_1_296' title='bbox 2026 2688 2126 2744; x_wconf 64' lang='lat' dir='ltr'><strong><em>dud</em></strong></span> <span class='ocrx_word' id='word_1_297' title='bbox 2157 2697 2247 2745; x_wconf 86' lang='grc' dir='ltr'><strong><em>τοῦ</em></strong></span> <span class='ocrx_word' id='word_1_298' title='bbox 2275 2690 2358 2754; x_wconf 86' lang='grc' dir='ltr'><strong><em>ξύ-</em></strong></span> 
     </span>
     <span class='ocr_line' id='line_1_32' title="bbox 413 2767 2359 2840; baseline 0.002 -14"><span class='ocrx_word' id='word_1_299' title='bbox 413 2781 502 2827; x_wconf 89' lang='grc' dir='ltr'><strong><em>λου</em></strong></span> <span class='ocrx_word' id='word_1_300' title='bbox 520 2816 533 2837; x_wconf 93' lang='grc'><strong><em>,</em></strong></span> <span class='ocrx_word' id='word_1_301' title='bbox 578 2775 662 2826; x_wconf 88' lang='grc' dir='ltr'><strong><em>καὶ</em></strong></span> <span class='ocrx_word' id='word_1_302' title='bbox 693 2771 908 2840; x_wconf 69' lang='grc' dir='ltr'><strong><em>ἐξετάθη·</em></strong></span> <span class='ocrx_word' id='word_1_303' title='bbox 966 2771 1052 2838; x_wconf 69' lang='grc' dir='ltr'><strong><em>εἶφ’</em></strong></span> <span class='ocrx_word' id='word_1_304' title='bbox 1082 2767 1145 2827; x_wconf 81' lang='grc' dir='ltr'><strong><em>οὗ</em></strong></span> <span class='ocrx_word' id='word_1_305' title='bbox 1173 2773 1227 2826; x_wconf 83' lang='grc' dir='ltr'><strong><em>δὲ</em></strong></span> <span class='ocrx_word' id='word_1_306' title='bbox 1260 2772 1478 2840; x_wconf 66' lang='grc' dir='ltr'><strong><em>ἐξετάθη,</em></strong></span> <span class='ocrx_word' id='word_1_307' title='bbox 1537 2770 1754 2825; x_wconf 69' lang='grc' dir='ltr'><strong><em>άποίλεσε</em></strong></span> <span class='ocrx_word' id='word_1_308' title='bbox 1784 2771 1839 2826; x_wconf 86' lang='grc' dir='ltr'>τὸ</span> <span class='ocrx_word' id='word_1_309' title='bbox 1868 2771 1972 2826; x_wconf 82' lang='grc' dir='ltr'><strong><em>κατ’</em></strong></span> <span class='ocrx_word' id='word_1_310' title='bbox 1999 2774 2177 2828; x_wconf 83' lang='grc' dir='ltr'><strong><em>εἰκόνα.</em></strong></span> <span class='ocrx_word' id='word_1_311' title='bbox 2255 2777 2359 2828; x_wconf 87' lang='grc' dir='ltr'><strong><em>Καὶ</em></strong></span> 
     </span>
     <span class='ocr_line' id='line_1_33' title="bbox 415 2855 2354 2929; baseline 0.001 -17"><span class='ocrx_word' id='word_1_312' title='bbox 415 2857 565 2926; x_wconf 85' lang='grc' dir='ltr'><strong><em>πολλή</em></strong></span> <span class='ocrx_word' id='word_1_313' title='bbox 593 2862 664 2920; x_wconf 87' lang='grc' dir='ltr'><strong><em>τίς</em></strong></span> <span class='ocrx_word' id='word_1_314' title='bbox 692 2860 792 2912; x_wconf 91' lang='grc' dir='ltr'><strong><em>ἐστι</em></strong></span> <span class='ocrx_word' id='word_1_315' title='bbox 822 2863 921 2910; x_wconf 80' lang='grc' dir='ltr'><strong><em>τῶν</em></strong></span> <span class='ocrx_word' id='word_1_316' title='bbox 948 2857 1238 2927; x_wconf 76' lang='grc' dir='ltr'><strong><em>ἀνθρώπων</em></strong></span> <span class='ocrx_word' id='word_1_317' title='bbox 1268 2862 1574 2925; x_wconf 88' lang='grc' dir='ltr'><strong><em>μυθοποιΐα,</em></strong></span> <span class='ocrx_word' id='word_1_318' title='bbox 1625 2855 1704 2920; x_wconf 85' lang='grc' dir='ltr'><strong><em>οἷς</em></strong></span> <span class='ocrx_word' id='word_1_319' title='bbox 1742 2863 1761 2895; x_wconf 88' lang='lat'>¹</span> <span class='ocrx_word' id='word_1_320' title='bbox 1780 2858 1840 2911; x_wconf 81' lang='grc' dir='ltr'><strong><em>οὔ</em></strong></span> <span class='ocrx_word' id='word_1_321' title='bbox 1867 2858 1959 2928; x_wconf 77' lang='grc' dir='ltr'><strong><em>χρὴ</em></strong></span> <span class='ocrx_word' id='word_1_322' title='bbox 1992 2859 2109 2912; x_wconf 78' lang='grc' dir='ltr'><strong><em>οὐδὲ</em></strong></span> <span class='ocrx_word' id='word_1_323' title='bbox 2139 2858 2267 2929; x_wconf 80' lang='grc' dir='ltr'><strong><em>πρός</em></strong></span> <span class='ocrx_word' id='word_1_324' title='bbox 2291 2859 2354 2914; x_wconf 71' lang='grc' dir='ltr'><strong><em>ὅ·</em></strong></span> 
     </span>
     <span class='ocr_line' id='line_1_34' title="bbox 413 2941 2355 3014; baseline 0.001 -19"><span class='ocrx_word' id='word_1_325' title='bbox 413 2965 507 3012; x_wconf 88' lang='grc' dir='ltr'><strong><em>ραν</em></strong></span> <span class='ocrx_word' id='word_1_326' title='bbox 542 2941 688 3008; x_wconf 81' lang='grc' dir='ltr'><strong><em>εἶξαι,</em></strong></span> <span class='ocrx_word' id='word_1_327' title='bbox 739 2941 850 2996; x_wconf 80' lang='grc' dir='ltr'><strong><em>οὔτε</em></strong></span> <span class='ocrx_word' id='word_1_328' title='bbox 885 2941 1108 3007; x_wconf 81' lang='grc' dir='ltr'><strong><em>τούτοις,</em></strong></span> <span class='ocrx_word' id='word_1_329' title='bbox 1164 2941 1280 2996; x_wconf 78' lang='grc' dir='ltr'><strong><em>οὔτε</em></strong></span> <span class='ocrx_word' id='word_1_330' title='bbox 1317 2945 1522 3004; x_wconf 87' lang='grc' dir='ltr'><strong><em>ἐκείνοις</em></strong></span> <span class='ocrx_word' id='word_1_331' title='bbox 1560 2949 1664 3004; x_wconf 89' lang='grc' dir='ltr'><strong><em>τοῖς</em></strong></span> <span class='ocrx_word' id='word_1_332' title='bbox 1706 2941 1837 2996; x_wconf 76' lang='grc' dir='ltr'><strong><em>οὕτω</em></strong></span> <span class='ocrx_word' id='word_1_333' title='bbox 1868 2942 1903 3010; x_wconf 76' lang='grc' dir='ltr'><strong><em>ἢ</em></strong></span> <span class='ocrx_word' id='word_1_334' title='bbox 1933 2943 2063 2997; x_wconf 72' lang='grc' dir='ltr'><strong><em>οὕτω</em></strong></span> <span class='ocrx_word' id='word_1_335' title='bbox 2102 2945 2355 3014; x_wconf 88' lang='grc' dir='ltr'><strong><em>λέγουσιν·</em></strong></span> 
     </span>
     <span class='ocr_line' id='line_1_35' title="bbox 416 3020 2359 3100; baseline 0.002 -20"><span class='ocrx_word' id='word_1_336' title='bbox 416 3027 510 3080; x_wconf 74' lang='grc' dir='ltr'><strong><em>ἀλλ’</em></strong></span> <span class='ocrx_word' id='word_1_337' title='bbox 552 3026 677 3080; x_wconf 80' lang='grc' dir='ltr'><strong><em>εἶναι</em></strong></span> <span class='ocrx_word' id='word_1_338' title='bbox 709 3028 796 3095; x_wconf 81' lang='grc' dir='ltr'><strong><em>μὲν</em></strong></span> <span class='ocrx_word' id='word_1_339' title='bbox 834 3028 1077 3081; x_wconf 85' lang='grc' dir='ltr'><strong><em>πιστεύειν</em></strong></span> <span class='ocrx_word' id='word_1_340' title='bbox 1115 3029 1168 3080; x_wconf 90' lang='grc' dir='ltr'><strong><em>ἐν</em></strong></span> <span class='ocrx_word' id='word_1_341' title='bbox 1202 3020 1271 3100; x_wconf 74' lang='grc' dir='ltr'><strong><em>τῷ</em></strong></span> <span class='ocrx_word' id='word_1_342' title='bbox 1301 3027 1560 3100; x_wconf 77' lang='grc' dir='ltr'><strong><em>ἀνθρώπῳ</em></strong></span> <span class='ocrx_word' id='word_1_343' title='bbox 1609 3026 1704 3081; x_wconf 72' lang='grc' dir='ltr'><strong><em>2τό</em></strong></span> <span class='ocrx_word' id='word_1_344' title='bbox 1735 3025 1841 3081; x_wconf 83' lang='grc' dir='ltr'><strong><em>κατ’</em></strong></span> <span class='ocrx_word' id='word_1_345' title='bbox 1872 3027 2071 3093; x_wconf 88' lang='grc' dir='ltr'><strong><em>εἰκόνα,</em></strong></span> <span class='ocrx_word' id='word_1_346' title='bbox 2125 3030 2179 3082; x_wconf 91' lang='grc' dir='ltr'><strong><em>ἐν</em></strong></span> <span class='ocrx_word' id='word_1_347' title='bbox 2209 3031 2359 3083; x_wconf 86' lang='grc' dir='ltr'><strong><em>παντὶ</em></strong></span> 
     </span>
     <span class='ocr_line' id='line_1_36' title="bbox 417 3109 2353 3181; baseline 0.001 -16"><span class='ocrx_word' id='word_1_348' title='bbox 417 3113 469 3165; x_wconf 85' lang='grc' dir='ltr'><strong><em>δὲ</em></strong></span> <span class='ocrx_word' id='word_1_349' title='bbox 506 3111 741 3179; x_wconf 87' lang='grc' dir='ltr'><strong><em>μάλιστα,</em></strong></span> <span class='ocrx_word' id='word_1_350' title='bbox 795 3114 879 3165; x_wconf 88' lang='grc' dir='ltr'><strong><em>καὶ</em></strong></span> <span class='ocrx_word' id='word_1_351' title='bbox 918 3112 1008 3180; x_wconf 82' lang='grc' dir='ltr'><strong><em>οὐχ</em></strong></span> <span class='ocrx_word' id='word_1_352' title='bbox 1049 3109 1232 3173; x_wconf 69' lang='grc' dir='ltr'><strong><em>ἅπλῶς.</em></strong></span> <span class='ocrx_word' id='word_1_353' title='bbox 1310 3118 1425 3165; x_wconf 89' lang='grc' dir='ltr'><strong><em>Ποῦ</em></strong></span> <span class='ocrx_word' id='word_1_354' title='bbox 1462 3114 1517 3166; x_wconf 91' lang='grc' dir='ltr'><strong><em>δέ</em></strong></span> <span class='ocrx_word' id='word_1_355' title='bbox 1550 3115 1705 3178; x_wconf 87' lang='grc' dir='ltr'><strong><em>ἐστιν,</em></strong></span> <span class='ocrx_word' id='word_1_356' title='bbox 1759 3110 1795 3179; x_wconf 77' lang='grc' dir='ltr'><em>ἢ</em></span> <span class='ocrx_word' id='word_1_357' title='bbox 1825 3118 1924 3165; x_wconf 88' lang='grc' dir='ltr'><strong><em>ποῦ</em></strong></span> <span class='ocrx_word' id='word_1_358' title='bbox 1954 3110 2271 3181; x_wconf 86' lang='grc' dir='ltr'><strong><em>πεπλήρωται</em></strong></span> <span class='ocrx_word' id='word_1_359' title='bbox 2297 3112 2353 3167; x_wconf 79' lang='grc' dir='ltr'><strong><em>τό</em></strong></span> 
     </span>
     <span class='ocr_line' id='line_1_37' title="bbox 415 3195 2354 3271; baseline 0.002 -22"><span class='ocrx_word' id='word_1_360' title='bbox 415 3195 518 3249; x_wconf 84' lang='grc' dir='ltr'><strong><em>κατ’</em></strong></span> <span class='ocrx_word' id='word_1_361' title='bbox 554 3196 749 3262; x_wconf 87' lang='grc' dir='ltr'><strong><em>εἰκόνα,</em></strong></span> <span class='ocrx_word' id='word_1_362' title='bbox 802 3197 938 3268; x_wconf 78' lang='grc' dir='ltr'><strong><em>αὐτῷ</em></strong></span> <span class='ocrx_word' id='word_1_363' title='bbox 978 3195 1115 3269; x_wconf 79' lang='grc' dir='ltr'><strong><em>μόνῳ</em></strong></span> <span class='ocrx_word' id='word_1_364' title='bbox 1156 3199 1392 3267; x_wconf 73' lang='grc' dir='ltr'><strong><em>ἔγνωσται</em></strong></span> <span class='ocrx_word' id='word_1_365' title='bbox 1422 3203 1490 3271; x_wconf 78' lang='grc' dir='ltr'><strong><em>τῷ</em></strong></span> <span class='ocrx_word' id='word_1_366' title='bbox 1515 3203 1645 3268; x_wconf 85' lang='grc' dir='ltr'><strong><em>θεῷ,</em></strong></span> <span class='ocrx_word' id='word_1_367' title='bbox 1704 3202 1813 3268; x_wconf 65' lang='grc' dir='ltr'><strong><em>θτῷ</em></strong></span> <span class='ocrx_word' id='word_1_368' title='bbox 1848 3195 1973 3249; x_wconf 72' lang='grc' dir='ltr'><strong><em>κατὰ</em></strong></span> <span class='ocrx_word' id='word_1_369' title='bbox 2006 3198 2146 3267; x_wconf 84' lang='grc' dir='ltr'><strong><em>χάριν</em></strong></span> <span class='ocrx_word' id='word_1_370' title='bbox 2170 3206 2238 3270; x_wconf 79' lang='grc' dir='ltr'><strong><em>τῷ</em></strong></span> <span class='ocrx_word' id='word_1_371' title='bbox 2269 3201 2354 3253; x_wconf 72' lang='grc' dir='ltr'><strong><em>ἆν-</em></strong></span> 
     </span>
     <span class='ocr_line' id='line_1_38' title="bbox 414 3277 2356 3355; baseline 0.003 -22"><span class='ocrx_word' id='word_1_372' title='bbox 414 3280 611 3353; x_wconf 77' lang='grc' dir='ltr'><strong><em>θρώπῳ</em></strong></span> <span class='ocrx_word' id='word_1_373' title='bbox 651 3283 986 3355; x_wconf 77' lang='grc' dir='ltr'><strong><em>δωρησαμένῳ</em></strong></span> <span class='ocrx_word' id='word_1_374' title='bbox 1024 3280 1078 3334; x_wconf 78' lang='grc' dir='ltr'><strong><em>τό</em></strong></span> <span class='ocrx_word' id='word_1_375' title='bbox 1124 3279 1229 3334; x_wconf 85' lang='grc' dir='ltr'><strong><em>κατ’</em></strong></span> <span class='ocrx_word' id='word_1_376' title='bbox 1263 3281 1444 3335; x_wconf 86' lang='grc' dir='ltr'><strong><em>εἰκόνα.</em></strong></span> <span class='ocrx_word' id='word_1_377' title='bbox 1525 3280 1653 3334; x_wconf 80' lang='grc' dir='ltr'><strong><em>Οὔτε</em></strong></span> <span class='ocrx_word' id='word_1_378' title='bbox 1681 3279 1772 3350; x_wconf 80' lang='grc' dir='ltr'><strong><em>γάρ</em></strong></span> <span class='ocrx_word' id='word_1_379' title='bbox 1816 3277 2067 3335; x_wconf 76' lang='grc' dir='ltr'><strong><em>άπιόλεσεν</em></strong></span> <span class='ocrx_word' id='word_1_380' title='bbox 2097 3280 2126 3335; x_wconf 87' lang='grc' dir='ltr'><strong><em>ό</em></strong></span> <span class='ocrx_word' id='word_1_381' title='bbox 2155 3281 2356 3354; x_wconf 72' lang='grc' dir='ltr'><strong><em>ἅνθρω-</em></strong></span> 
     </span>
     <span class='ocr_line' id='line_1_39' title="bbox 414 3362 2358 3435; baseline 0.003 -19"><span class='ocrx_word' id='word_1_382' title='bbox 414 3386 510 3426; x_wconf 87' lang='grc' dir='ltr'><strong><em>πος</em></strong></span> <span class='ocrx_word' id='word_1_383' title='bbox 545 3364 598 3418; x_wconf 81' lang='grc' dir='ltr'><strong><em>τό</em></strong></span> <span class='ocrx_word' id='word_1_384' title='bbox 626 3364 729 3418; x_wconf 84' lang='grc' dir='ltr'><strong><em>κατ’</em></strong></span> <span class='ocrx_word' id='word_1_385' title='bbox 773 3364 965 3432; x_wconf 87' lang='grc' dir='ltr'><strong><em>εἰκόνα,</em></strong></span> <span class='ocrx_word' id='word_1_386' title='bbox 1005 3366 1098 3418; x_wconf 81' lang='grc' dir='ltr'><strong><em>ἀλλ’</em></strong></span> <span class='ocrx_word' id='word_1_387' title='bbox 1145 3369 1190 3419; x_wconf 87' lang='grc' dir='ltr'><strong><em>εἰ</em></strong></span> <span class='ocrx_word' id='word_1_388' title='bbox 1215 3364 1311 3435; x_wconf 71' lang='grc' dir='ltr'><strong><em>ἄρα</em></strong></span> <span class='ocrx_word' id='word_1_389' title='bbox 1350 3368 1614 3434; x_wconf 88' lang='grc' dir='ltr'><strong><em>ἐχυδαίωσε</em></strong></span> <span class='ocrx_word' id='word_1_390' title='bbox 1654 3363 1709 3418; x_wconf 79' lang='grc' dir='ltr'><strong><em>τό</em></strong></span> <span class='ocrx_word' id='word_1_391' title='bbox 1748 3362 1851 3417; x_wconf 89' lang='grc' dir='ltr'><strong><em>κατ’</em></strong></span> <span class='ocrx_word' id='word_1_392' title='bbox 1891 3365 2088 3431; x_wconf 88' lang='grc' dir='ltr'><strong><em>εἰκόνα,</em></strong></span> <span class='ocrx_word' id='word_1_393' title='bbox 2139 3367 2358 3435; x_wconf 87' lang='grc' dir='ltr'><strong><em>μολύνας</em></strong></span> 
     </span>
     <span class='ocr_line' id='line_1_40' title="bbox 417 3447 2356 3521; baseline 0.003 -20"><span class='ocrx_word' id='word_1_394' title='bbox 417 3447 591 3502; x_wconf 83' lang='grc' dir='ltr'><strong><em>έαυτὸν</em></strong></span> <span class='ocrx_word' id='word_1_395' title='bbox 629 3452 680 3502; x_wconf 85' lang='grc' dir='ltr'><strong><em>ἐν</em></strong></span> <span class='ocrx_word' id='word_1_396' title='bbox 720 3448 1062 3521; x_wconf 80' lang='grc' dir='ltr'><strong><em>4άδιαφόροις</em></strong></span> <span class='ocrx_word' id='word_1_397' title='bbox 1111 3449 1363 3521; x_wconf 76' lang='grc' dir='ltr'><strong><em>πράγμασι</em></strong></span> <span class='ocrx_word' id='word_1_398' title='bbox 1407 3453 1492 3504; x_wconf 88' lang='grc' dir='ltr'><strong><em>καὶ</em></strong></span> <span class='ocrx_word' id='word_1_399' title='bbox 1531 3451 1822 3518; x_wconf 82' lang='grc' dir='ltr'><strong><em>ἀνηκέστοις</em></strong></span> <span class='ocrx_word' id='word_1_400' title='bbox 1870 3448 2141 3521; x_wconf 72' lang='grc' dir='ltr'><strong><em>ἁμαρτίαις.</em></strong></span> <span class='ocrx_word' id='word_1_401' title='bbox 2225 3451 2356 3507; x_wconf 79' lang='grc' dir='ltr'><strong><em>Ἰδού</em></strong></span> 
     </span>
    </p>
   </div>
   <div class='ocr_carea' id='block_1_8' title="bbox 415 3589 2356 3764">
    <p class='ocr_par' dir='ltr' id='par_1_9' title="bbox 415 3589 2356 3764">
     <span class='ocr_line' id='line_1_41' title="bbox 471 3589 2356 3645; baseline 0.004 -12"><span class='ocrx_word' id='word_1_402' title='bbox 471 3593 510 3633; x_wconf 85' lang='grc'><strong><em>5.</em></strong></span> <span class='ocrx_word' id='word_1_403' title='bbox 542 3589 603 3634; x_wconf 76' lang='grc' dir='ltr'><strong><em>ἔτι</em></strong></span> <span class='ocrx_word' id='word_1_404' title='bbox 628 3594 762 3634; x_wconf 80' lang='lat' dir='ltr'><strong><em>vitiose</em></strong></span> <span class='ocrx_word' id='word_1_405' title='bbox 790 3607 1012 3645; x_wconf 82' lang='lat' dir='ltr'><strong><em>expressum</em></strong></span> <span class='ocrx_word' id='word_1_406' title='bbox 1042 3599 1095 3636; x_wconf 76' lang='lat' dir='ltr'><strong><em>est</em></strong></span> <span class='ocrx_word' id='word_1_407' title='bbox 1118 3598 1160 3635; x_wconf 86' lang='lat' dir='ltr'><strong><em>in</em></strong></span> <span class='ocrx_word' id='word_1_408' title='bbox 1189 3596 1247 3636; x_wconf 82' lang='lat' dir='ltr'><strong><em>ed.</em></strong></span> <span class='ocrx_word' id='word_1_409' title='bbox 1278 3598 1352 3636; x_wconf 88' lang='lat' dir='ltr'><strong><em>Pe·</em></strong></span> <span class='ocrx_word' id='word_1_410' title='bbox 1467 3592 1507 3638; x_wconf 73' lang='lat'><strong><em>4.</em></strong></span> <span class='ocrx_word' id='word_1_411' title='bbox 1540 3596 1752 3636; x_wconf 68' lang='lat' dir='ltr'><strong><em>(ternarius</em></strong></span> <span class='ocrx_word' id='word_1_412' title='bbox 1792 3596 1906 3634; x_wconf 74' lang='lat' dir='ltr'><strong><em>vertit</em></strong></span> <span class='ocrx_word' id='word_1_413' title='bbox 1945 3593 2143 3643; x_wconf 75' lang='lat' dir='ltr'><strong>diversis,</strong></span> <span class='ocrx_word' id='word_1_414' title='bbox 2191 3601 2234 3637; x_wconf 80' lang='lat' dir='ltr'><strong><em>ut</em></strong></span> <span class='ocrx_word' id='word_1_415' title='bbox 2263 3595 2356 3640; x_wconf 79' lang='grc' dir='ltr'><strong><em>διά-</em></strong></span> 
     </span>
     <span class='ocr_line' id='line_1_42' title="bbox 415 3649 2355 3707; baseline 0.003 -18"><span class='ocrx_word' id='word_1_416' title='bbox 415 3653 495 3689; x_wconf 78' lang='grc' dir='ltr'><strong><em>ίαυ.</em></strong></span> <span class='ocrx_word' id='word_1_417' title='bbox 1410 3650 1557 3707; x_wconf 76' lang='grc' dir='ltr'><strong><em>φόροις</em></strong></span> <span class='ocrx_word' id='word_1_418' title='bbox 1592 3653 1814 3701; x_wconf 72' lang='lat' dir='ltr'><strong><em>suspicatus</em></strong></span> <span class='ocrx_word' id='word_1_419' title='bbox 1849 3662 1928 3690; x_wconf 80' lang='lat' dir='ltr'><strong><em>esse</em></strong></span> <span class='ocrx_word' id='word_1_420' title='bbox 1959 3656 2162 3700; x_wconf 80' lang='lat' dir='ltr'><strong><em>appareat.</em></strong></span> <span class='ocrx_word' id='word_1_421' title='bbox 2234 3649 2355 3696; x_wconf 80' lang='grc' dir='ltr'><strong><em>ἀδιά-</em></strong></span> 
     </span>
     <span class='ocr_line' id='line_1_43' title="bbox 475 3702 2355 3764; baseline 0.004 -23"><span class='ocrx_word' id='word_1_422' title='bbox 475 3704 572 3757; x_wconf 80' lang='lat' dir='ltr'><strong>Cap.</strong></span> <span class='ocrx_word' id='word_1_423' title='bbox 607 3705 676 3742; x_wconf 84' lang='grc' dir='ltr'><strong><em>ΠΙ.</em></strong></span> <span class='ocrx_word' id='word_1_424' title='bbox 711 3728 765 3735; x_wconf 89' lang='lat'><strong><em>-—</em></strong></span> <span class='ocrx_word' id='word_1_425' title='bbox 803 3706 834 3743; x_wconf 84' lang='lat'><strong><em>1.</em></strong></span> <span class='ocrx_word' id='word_1_426' title='bbox 868 3702 914 3747; x_wconf 72' lang='grc' dir='ltr'><strong><em>οὗ</em></strong></span> <span class='ocrx_word' id='word_1_427' title='bbox 944 3719 1017 3747; x_wconf 88' lang='lat' dir='ltr'><strong><em>om.</em></strong></span> <span class='ocrx_word' id='word_1_428' title='bbox 1049 3710 1132 3748; x_wconf 87' lang='lat' dir='ltr'><strong>cod.</strong></span> <span class='ocrx_word' id='word_1_429' title='bbox 1162 3710 1324 3760; x_wconf 69' lang='lat' dir='ltr'><strong><em>Rhediy.</em></strong></span> <span class='ocrx_word' id='word_1_430' title='bbox 1410 3723 1520 3764; x_wconf 81' lang='grc' dir='ltr'><strong><em>φορα</em></strong></span> <span class='ocrx_word' id='word_1_431' title='bbox 1572 3703 1800 3760; x_wconf 85' lang='grc' dir='ltr'><strong><em>πράγματα</em></strong></span> <span class='ocrx_word' id='word_1_432' title='bbox 1839 3708 1919 3746; x_wconf 82' lang='lat' dir='ltr'><strong><em>dici</em></strong></span> <span class='ocrx_word' id='word_1_433' title='bbox 1959 3711 2054 3757; x_wconf 72' lang='lat' dir='ltr'><em>puto</em></span> <span class='ocrx_word' id='word_1_434' title='bbox 2097 3721 2202 3762; x_wconf 84' lang='lat' dir='ltr'><strong>quae</strong></span> <span class='ocrx_word' id='word_1_435' title='bbox 2244 3708 2355 3749; x_wconf 80' lang='lat' dir='ltr'>nulla</span> 
     </span>
    </p>
   </div>
   <div class='ocr_carea' id='block_1_9' title="bbox 471 3760 2355 3872">
    <p class='ocr_par' dir='ltr' id='par_1_10' title="bbox 471 3760 2355 3872">
     <span class='ocr_line' id='line_1_44' title="bbox 471 3760 2355 3818; baseline 0.002 -17"><span class='ocrx_word' id='word_1_436' title='bbox 471 3760 511 3801; x_wconf 83' lang='lat'><strong><em>2.</em></strong></span> <span class='ocrx_word' id='word_1_437' title='bbox 541 3760 602 3814; x_wconf 79' lang='grc' dir='ltr'><strong><em>τῷ</em></strong></span> <span class='ocrx_word' id='word_1_438' title='bbox 634 3762 715 3800; x_wconf 83' lang='lat' dir='ltr'>cod.</span> <span class='ocrx_word' id='word_1_439' title='bbox 749 3762 905 3811; x_wconf 69' lang='lat' dir='ltr'><strong><em>Rhediy.</em></strong></span> <span class='ocrx_word' id='word_1_440' title='bbox 1409 3771 1728 3818; x_wconf 79' lang='lat' dir='ltr'><strong>praeceptorum</strong></span> <span class='ocrx_word' id='word_1_441' title='bbox 1766 3761 1834 3802; x_wconf 87' lang='lat' dir='ltr'><strong><em>dei</em></strong></span> <span class='ocrx_word' id='word_1_442' title='bbox 1872 3761 2070 3816; x_wconf 75' lang='lat' dir='ltr'><strong>religione</strong></span> <span class='ocrx_word' id='word_1_443' title='bbox 2108 3778 2158 3804; x_wconf 86' lang='lat' dir='ltr'><strong><em>ac</em></strong></span> <span class='ocrx_word' id='word_1_444' title='bbox 2196 3771 2355 3806; x_wconf 81' lang='lat' dir='ltr'>temere</span> 
     </span>
     <span class='ocr_line' id='line_1_45' title="bbox 472 3815 1522 3872; baseline 0.001 -14"><span class='ocrx_word' id='word_1_445' title='bbox 472 3815 513 3858; x_wconf 87' lang='lat'><strong><em>3.</em></strong></span> <span class='ocrx_word' id='word_1_446' title='bbox 543 3816 606 3872; x_wconf 79' lang='grc' dir='ltr'><strong><em>τῷ</em></strong></span> <span class='ocrx_word' id='word_1_447' title='bbox 636 3819 743 3857; x_wconf 83' lang='lat' dir='ltr'><strong><em>abest</em></strong></span> <span class='ocrx_word' id='word_1_448' title='bbox 770 3819 820 3857; x_wconf 87' lang='lat' dir='ltr'><strong><em>ab</em></strong></span> <span class='ocrx_word' id='word_1_449' title='bbox 850 3822 1008 3871; x_wconf 78' lang='lat' dir='ltr'><strong><em>utroque</em></strong></span> <span class='ocrx_word' id='word_1_450' title='bbox 1036 3822 1148 3861; x_wconf 76' lang='lat' dir='ltr'><em>edito.</em></span> <span class='ocrx_word' id='word_1_451' title='bbox 1408 3819 1522 3863; x_wconf 82' lang='lat' dir='ltr'><strong>fiant.</strong></span> 
     </span>
    </p>
   </div>
  </div>
 </body>
</html>
