2508 4134
586 275 813 318 PANAau
842 275 943 314 Lm.
974 275 1046 313 111.
1074 273 1209 313 ΤοΜ.
1237 274 1287 313 11.
1316 272 1478 311 HAER.
1504 270 1687 310 Lxxx.
1985 257 2085 308 463

191 377 342 439 serit,
384 393 443 426 ne
474 375 520 425 in
549 374 768 442 laqueum
799 370 1003 433 incidat3
1061 387 1239 437 poenas
1266 370 1350 419 luit
1380 369 1438 419 ad
1470 377 1683 436 tempnw,
1740 367 1823 418 sed
1854 367 1899 416 iu
1932 374 2087 416 aeter-

191 479 302 512 num
346 467 545 527 regnat,
602 458 648 508 in
688 472 932 506 carcerem
978 446 1261 515 coniicitur,
1315 454 1398 502 sed
1443 452 1588 502 multo
1634 451 1889 520 optabilius
1932 459 2007 500 est
2039 449 2086 499 in

192 543 408 595 custodia
439 559 662 602 manere,
704 548 752 590 et
776 542 823 588 in
851 541 1026 602 angulo
1049 538 1134 586 sub
1163 540 1262 595 dio,
1305 554 1438 600 quam
1465 554 1564 584 cum
1589 538 1779 584 muliere
1802 538 2086 584 contentiosa
2107 544 2338 587 Prov.21‚9.

191 639 238 678 ec
279 630 477 693 loquaci.
573 622 728 691 Quam
778 621 925 672 multa
964 639 1106 688 porro
1145 621 1380 670 adversus
1422 619 1549 668 illam
1595 619 1814 669 haeresin
1859 617 2087 687 disputari

193 711 430 781 possunt?
501 707 628 759 Nam
672 715 752 757 aut
779 703 985 756 Mariam
1030 705 1177 772 ipsam
1224 704 1481 753 adorantes
1513 703 1788 770 collyridam
1833 702 1940 752 huic
1969 701 2090 751 otio-

192 813 277 847 sae
310 793 536 845 mulieres
568 792 806 852 offerunt,
859 798 936 839 aut
971 806 1056 856 pro
1084 788 1185 855 ipsa
1217 786 1468 836 absurdam
1498 785 1623 836 illam
1653 795 1701 836 et
1732 786 1976 837 ridiculam
2008 785 2091 836 ob-

192 878 418 930 lationem
446 877 718 926 instituunt.
795 871 1059 939 Utrumque
1087 889 1204 922 vero
1234 870 1456 921 stolidum
1487 878 1587 931 est,
1630 878 1678 919 et
1705 888 1731 919 a
1763 870 1949 921 ratione
1982 887 2091 938 pro-

195 964 401 1023 fectum,
444 959 653 1027 nihilque
693 966 886 1027 praeter
920 956 1293 1006 ostentationem
1334 955 1642 1021 fraudemque
1680 954 1912 1004 continet.

333 1043 412 1096 Ne
453 1045 541 1094 sim
589 1042 803 1110 longior,
859 1057 980 1108 quae
1019 1048 1130 1089 sunt
1170 1039 1400 1089 hactenus
1441 1039 1565 1088 dicta
1603 1038 1856 1088 sufficient.
1931 1035 2090 1088 Maria

194 1133 243 1181 in
272 1130 455 1180 honore
486 1128 577 1189 sit,
635 1125 854 1177 dominus
890 1126 1135 1175 adoretur.
1213 1121 1340 1172 Nam
1374 1123 1486 1172 iusti
1526 1121 1704 1172 nemini
1739 1122 1920 1172 erroris
1955 1140 2091 1172 occa-

195 1215 380 1266 sionem
411 1211 656 1281 praebent.
732 1215 857 1259 Deus
891 1213 1008 1258 enim
1035 1225 1178 1272 neque
1219 1209 1352 1255 malls
1393 1216 1623 1265 tentatur,
1680 1223 1767 1256 nec
1797 1206 1937 1256 ullam
1967 1206 2088 1274 ipse,
2163 1207 2289 1285 ¹¹⁰³&-

198 1299 274 1350 vel
313 1298 419 1348 eius
456 1295 585 1346 servi
628 1292 1036 1344 circumveniendi
1080 1308 1250 1341 caussa
1295 1299 1498 1340 tentant.
1581 1293 1897 1355 Unusquisque
1927 1308 2033 1339 vero
2065 1309 2093 1339 a
2190 1278 2200 1295 '
2264 1278 2272 1285 ⁴

189 1386 387 1448 propria
413 1382 783 1443 concupzkcentia
810 1387 1015 1426 tentatur
1038 1377 1319 1434 abstractus,
1362 1384 1409 1423 et
1437 1377 1620 1423 illectus
1636 1395 1650 1422 .·
1691 1377 1854 1422 deinde
1881 1379 2095 1438 concupi-

195 1469 372 1515 scentia
395 1473 635 1529 pcccatum
657 1466 818 1527 parit.-
851 1470 1092 1526 peccatum
1120 1477 1226 1508 vero
1240 1497 1253 1519 ‚
1295 1477 1396 1508 cum
1423 1469 1781 1508 consummatum
1811 1460 1973 1523 fuerit,
2012 1476 2095 1522 ge—

196 1560 335 1600 nerat
367 1558 572 1598 mortem.

340 1631 665 1700 Quamobrem
709 1648 816 1681 cum
856 1629 1098 1696 hucusque
1140 1627 1259 1678 satis
1298 1627 1356 1677 de
1395 1627 1454 1677 iis
1494 1626 1713 1677 omnibus
1754 1626 2041 1695 disputatum
2072 1646 2098 1677 a

201 1718 339 1769 nobis
385 1716 697 1777 arbitremur,
752 1722 1059 1782 posteaquam
1100 1710 1460 1774 cantharidem,
1518 1720 1567 1760 ut
1611 1711 1675 1761 ita
1718 1711 1902 1773 dicam,
1958 1713 2098 1761 istam

201 1802 364 1852 colore
397 1800 552 1863 fulv0,
605 1799 691 1849 alis
732 1798 992 1866 praeditam
1026 1814 1081 1846 ac
1114 1796 1384 1857 volantem,
1443 1795 1527 1845 sed
1565 1795 1851 1845 virulentam
1884 1795 2100 1863 inprimis

201 1904 257 1936 ac
285 1884 457 1936 letiferi
490 1882 666 1933 veneni
698 1882 915 1950 plenam,
955 1880 1175 1931 veritatis
1209 1881 1426 1929 oratione
1458 1879 1769 1947 protrivimus
1789 1919 1802 1942 ,
1846 1880 1902 1929 ad
1934 1880 2096 1941 aliam,

199 1985 321 2037 quae
351 1985 444 2018 una
486 1974 820 2035 postremaque
850 1973 1099 2032 superest,
1154 1974 1484 2026 transeamUS‚
1543 1964 1681 2013 deum
1716 1964 1933 2032 inprimis
1966 1963 2100 2013 obte-

197 2060 383 2104 stantes
422 2059 472 2101 ut.
508 2058 555 2101 et
585 2050 642 2100 ad
684 2049 905 2099 veritatis
946 2049 1271 2099 consectanda
1298 2047 1501 2115 vestigia
1541 2057 1590 2097 et
1617 2048 1674 2097 ad
1710 2048 1999 2098 contrariam
2033 2049 2100 2097 fa·

201 2137 408 2188 ctionem
450 2134 637 2202 penitus
676 2133 990 2184 amoliendam
1031 2150 1164 2183 suam
1203 2131 1342 2182 uobis
1382 2148 1517 2200 opem
1557 2131 1818 2200 impertiat.

598 2372 964 2434 CONTRA
1029 2371 1727 2446 MASSALIANOS,

205 2473 400 2550 quibus
442 2473 700 2531 accedunt
741 2472 1068 2546 Martyriani
1112 2491 1139 2529 e
1188 2470 1489 2531 Gentilium
1532 2491 1791 2546 numero,
1851 2491 1950 2531 nec
1994 2491 2106 2530 non

351 2576 405 2629 et
447 2569 802 2649 Euphemitae
864 2576 917 2629 et
962 2570 1264 2629 Sataniani.
1364 2570 1628 2630 Haeresis
1670 2569 1958 2644 LXVIII„

960 2669 1078 2730 sive
1119 2668 1354 2729 LXXX.

344 2791 454 2843 Nec
497 2792 788 2860 impudentia
829 2794 1020 2856 satiari,
1081 2811 1170 2843 nec
1214 2795 1401 2861 expleri
1446 2793 1644 2844 stultitia
1688 2802 1872 2861 potest,
1930 2795 2014 2844 sed
2053 2794 2101 2843 in
2153 2805 2314 2858 Cap.1.

208 2878 367 2929 omnia
414 2877 751 2944 cogitationem
793 2885 839 2926 et
878 2877 1085 2927 animum
1124 2878 1329 2928 intendit
1360 2894 1526 2945 suum,
1580 2895 1635 2928 ac
1671 2878 1803 2928 velut
1837 2877 1985 2928 hianti
2021 2894 2105 2928 ore

206 2963 257 3014 in
287 2962 332 3012 id
363 2961 591 3012 incumbit
626 2970 676 3011 ut
707 2961 880 3011 Adami
914 2959 1185 3028 Noemique
1226 2961 1423 3030 stirpem
1464 2962 1752 3025 labefactet3
1807 2962 1915 3012 dum
1949 2971 1996 3012 et
2023 2980 2105 3030 pu-

209 3047 373 3097 dorem
403 3064 458 3097 ae
487 3045 757 3114 pudicitiam
795 3045 943 3095 variis
983 3046 1133 3095 modis
1169 3046 1489 3108 exterminat,
1543 3054 1590 3095 et
1616 3045 1940 3095 meretriciam
1970 3046 2105 3095 indo-

208 3131 301 3181 lem
330 3130 376 3180 in
403 3131 462 3180 iis
492 3147 610 3197 quos
638 3130 827 3179 laedere
857 3129 1132 3195 aggreditur
1160 3147 1253 3179 non
1279 3147 1371 3179 uua
1401 3131 1588 3179 ratione
1614 3129 1910 3179 disseminat.
1990 3127 2106 3180 Ete-

210 3215 306 3265 nim
336 3223 443 3283 post
469 3214 747 3282 superiores
783 3211 890 3262 illas
927 3212 1154 3262 haereses
1195 3212 1367 3263 stolida
1399 3214 1626 3280 quaedam
1657 3231 1713 3263 ac
1740 3213 1966 3263 vecordia
2007 3213 2106 3281 ple-

211 3298 407 3350 nissima
439 3298 528 3348 alia
565 3297 701 3347 nobis
731 3297 957 3358 emersit,
1014 3296 1212 3345 ridicula
1242 3296 1321 3346 illa
1355 3297 1572 3363 quidem,
1613 3313 1702 3346 nec
1729 3297 1824 3347 ullo
1857 3296 1997 3346 modo
2028 3314 2109 3346 co-

213 3382 416 3434 haerens
443 3399 470 3432 e
498 3381 614 3432 viris
646 3382 823 3450 pariter
852 3390 898 3430 et
929 3379 1197 3430 infelicibus
1226 3380 1516 3430 mulierculis
1555 3381 1776 3430 conflata.
1854 3378 2108 3431 Massalia-

215 3483 302 3517 nos
336 3466 442 3516 illos
486 3474 691 3530 vocant,
746 3483 867 3532 quae
906 3482 1003 3514 vox
1037 3461 1249 3514 Orantes
1292 3462 1548 3530 siguificat.
1627 3463 1688 3513 Hi
1720 3463 1897 3531 aliquot
1935 3464 2107 3516 abhinc

214 3550 352 3600 annis
391 3550 581 3618 prodire
626 3558 913 3617 coeperunt,
971 3547 1056 3598 sub
1094 3545 1370 3598 Constantii
1411 3548 1511 3596 fere
1554 3547 1860 3615 imperatoris
1898 3557 2103 3616 tempus.

273 3648 368 3687 CAP.
381 3649 408 3687 1.
427 3671 478 3677 —
512 3651 544 3688 1.
567 3647 639 3689 καὶ
657 3661 731 3688 non
746 3649 856 3687 habet
871 3649 953 3687 cod.
970 3647 1126 3695 Rhedi9.
1186 3647 1243 3684 bri
1271 3646 1406 3683 habent
1416 3657 1429 3694 ,·
1469 3648 1560 3694 pari
1581 3648 1666 3685 ‘iure
1687 3649 1806 3695 possit
1832 3649 1946 3686 etiam
1972 3645 2107 3700 φύσα-

270 3704 308 3745 2.
339 3701 411 3745 καὶ
440 3716 515 3743 non
541 3706 711 3754 aynoscit
740 3705 819 3743 cod.
854 3703 1009 3751 Rhediy.
1192 3714 1269 3748 σα,
1301 3702 1349 3750 cs.
1379 3703 1496 3750 Epist.
1527 3702 1580 3740 ad
1604 3704 1715 3741 Acac.
1744 3707 1777 3743 et
1801 3704 1903 3743 haer.
1931 3702 2009 3753 73,
2038 3703 2107 3745 37.

271 3759 311 3801 3.
343 3758 506 3802 Φυεῖσα
534 3762 669 3810 scripsi
691 3772 763 3810 pro
791 3758 922 3813 φασὶ,
965 3760 1065 3808 quod
1089 3760 1134 3798 li·
1191 3759 1374 3798 Petavius
1402 3754 1527 3810 φύσει
1554 3760 1719 3798 coniecit.
