2508 4134
222 2502 333 2560 Κεφ.
352 2502 419 2555 ιζ’.

249 2696 333 2732 pag.
352 2688 426 2723 864.

445 243 545 299 102
1143 250 1350 315 smc‘rr
1376 252 1657 294 ΕΡῙΡΗΑΝΠ

442 352 600 422 ἅγιον,
639 353 725 405 καὶ
760 355 778 386 ¹
799 350 894 404 οὐκ
923 350 1025 403 ἔστι
1053 347 1109 402 τὸ
1138 354 1330 417 πνεῦμα
1354 348 1410 403 τὸ
1439 350 1599 420 ἅγιον,
1631 348 1749 403 οὐδὲ
1775 347 1805 404 ὁ
1830 348 2012 420 πατὴρ,
2050 348 2166 405 οὐδὲ
2191 348 2222 406 o‘
2245 349 2374 417 υἱός,

441 437 561 492 ἀλλά
599 442 795 504 πνεῦμα
833 434 975 506 ἅγιον
1016 437 1070 488 ἐκ
1117 434 1304 506 πατρὸς
1346 433 1407 489 δι’
1445 438 1559 489 υἱοῦ
1609 442 1803 498 πιστοῖς
1838 434 2124 503 διδόμενον,
2174 435 2376 500 εἰκότως

442 521 725 590 ’ὑφεστῶτος
764 522 848 574 καὶ
889 517 1226 591 ὑπάρχοντος,
1278 522 1405 574 2καὶ
1449 521 1604 574 αὐτοῦ
1646 527 1736 574 τοῦ
1775 519 2054 589 πνεύματος
2087 527 2181 575 τοῦ
2215 519 2375 592 ἆγίου.

450 607 549 670 Τάς
578 606 855 675 ἰδιότητας,
909 602 976 667 οἷς
1006 605 1396 676 προειρήκαμεν,
1447 605 1728 677 προςώπων
1755 604 2053 673 ὑφεστώτων
2081 604 2378 670 ὑποστάσεις
2456 631 2459 634 ·

2355 691 2380 711 Ἃ

442 691 773 760 ὀνομάζουσιν
794 694 847 745 οἷ
871 690 1184 757 ἆνατολικοὶ,
1236 691 1348 760 οὐχὶ
1376 690 1466 755 τοὶς
1491 700 1620 763 τρεῖς
1649 690 1944 756 ὑποστάσεις
1970 700 2100 764 τρεῖς
2129 690 2307 763 άρχοὶς,
2343 715 2378 761 η

441 775 754 848 τρεῖςθεούς
781 778 1027 847 λέγοντες·
1081 776 1495 845 ἀναθεματίζουσι
1532 777 1654 848 γάρ,
1710 780 1858 840 εἴτις
1885 780 2009 850 λέγει
2041 786 2172 849 τρεῖς
2207 777 2377 840 θεούς.

441 860 562 915 Ἀλλ’
582 862 702 916 οὐδὲ
729 863 917 933 πατέρα
939 864 1022 916 καὶ
1046 860 1158 916 υἷὸν
1185 862 1277 917 δύο
1305 862 1461 926 θεοὺς
1484 864 1722 934 λέγουσιν.
1795 861 2119 934 Ὁμολογοῦσι
2141 863 2235 935 γὰρ
2263 866 2380 932 μίαν

444 946 569 1003 εἶναι
603 946 848 1017 θεότητα,
901 949 1280 1019 ἐμπεριέχουσαν
1308 947 1369 1002 δι’
1407 951 1524 1002 υἷοῦ
1554 951 1605 1003 ἒν
1644 947 1886 1017 πνεύματι
1920 947 2042 1023 ἆγίῳ
2089 948 2150 1003 τά
2199 948 2379 1015 πάντα,

447 1032 743 1105 ὁμολογοῦσι
765 1037 882 1102 μίαν
903 1033 1137 1102 θεότητα,
1174 1035 1258 1087 καὶ
1287 1038 1403 1102 μίαν
1426 1037 1690 1102 βασιλείαν,
1728 1036 1813 1088 καὶ
1837 1038 1953 1102 μίαν
1977 1033 2145 1105 άρχήν.
2204 1034 2381 1104 ’Ὅμως

443 1118 505 1173 τοὶ
546 1118 790 1190 πρόςωπα
832 1122 883 1173 έν
923 1127 1032 1182 ταῖς
1075 1118 1284 1187 ἰδιότησι
1322 1126 1421 1173 τῶν
1456 1118 1778 1173 ὖποστάσεων
1819 1120 2034 1187 εὐσεβῶς
2074 1123 2379 1191 γνωρίζουσι,

443 1203 532 1260 τὸν
561 1207 749 1276 πατέρα
775 1207 829 1258 ἐν
854 1211 915 1280 τῇ
940 1211 1157 1279 πατρικῇ
1187 1202 1425 1278 αὕθεντία
1455 1203 1715 1272 ὑφεστῶτα
1740 1211 1994 1270 νοοῦντες,
2045 1207 2132 1259 καὶ
2156 1204 2242 1260 τόν
2268 1203 2381 1260 υἱὸν

444 1290 509 1345 οὗ
549 1293 698 1361 μέρος
728 1289 849 1344 ὅντα
886 1296 975 1344 τοῦ
1001 1289 1215 1361 πατρὸς,
1271 1288 1389 1343 ἄλλοι
1431 1296 1672 1360 καθαρῶς
1711 1292 1765 1344 ἐκ
1789 1288 1975 1360 πατρὸς
2011 1291 2193 1345 τέλειον
2224 1293 2280 1345 ἐκ
2310 1308 2380 1344 τε-

444 1380 578 1431 λείου
614 1377 967 1448 γεγεννημένον
1006 1378 1091 1429 καὶ
1130 1373 1388 1442 ὑφεστῶτα
1429 1373 1805 1445 ὁμολογοῦντες,
1869 1377 1950 1429 καὶ
1990 1374 2046 1429 τὸ
2089 1382 2284 1445 πνεῦμα
2323 1374 2379 1430 τό

446 1461 616 1533 ἅγιον,
667 1461 695 1516 ὃ
732 1460 765 1530 ἡ
808 1465 927 1515 θεία
964 1460 1134 1532 γραφη
1180 1463 1507 1531 Παράκλητον
1546 1459 1802 1528 ὀνομάζει,
1855 1463 1909 1515 ἐκ
1949 1458 2137 1532 πατρὸς
2171 1459 2233 1515 δι’
2267 1464 2383 1516 υἱοῦ

445 1545 706 1614 ὑφεστῶτα
728 1550 1058 1618 γνωρίζοντες.
1112 1544 1199 1609 Ὡς
1225 1544 1254 1599 ὅ
1278 1545 1591 1616 παράκλητος
1620 1545 1675 1600 τὸ
1706 1553 1897 1615 πνεῦμα
1920 1553 2008 1614 τῆς
2037 1547 2277 1616 ἀληθείας
2307 1551 2383 1605 διι-

448 1632 619 1687 δάσκει
646 1630 778 1701 ἡμᾶς
803 1631 895 1701 τήν
921 1631 1189 1700 ἀλήθειαν,
1243 1631 1350 1700 ’ἥτις
1379 1634 1510 1686 ἐστὶν
1547 1629 1577 1686 ὅ
1603 1631 1729 1694 υῖός.
1807 1632 1990 1695 Οὐδεὶς
2018 1631 2110 1704 γάρ
2141 1634 2267 1704 λέγει
2295 1631 2384 1687 κύ-

447 1740 556 1789 ριος
579 1716 793 1786 Ἰησοῦς,
849 1720 893 1771 εἰ
929 1716 996 1786 μὴ
1029 1720 1082 1771 έν
1119 1716 1360 1786 πνεύματι
1406 1715 1544 1788 άγίῳ.
1626 1717 1771 1773 Οὕτω
1801 1720 1890 1772 καὶ
1926 1716 1955 1773 ὅ
1981 1718 2116 1782 υἷὸς,
2167 1718 2225 1782 ὅς
2255 1721 2385 1773 ἐστιν

449 1802 675 1872 άλήθεια,
711 1802 799 1857 τὸν
825 1801 1071 1872 άληθινόν
1097 1801 1237 1867 θεὸν,
1266 1802 1354 1857 τὸν
1381 1805 1561 1857 ἑαυτοῦ
1588 1805 1774 1874 πατέρα
1801 1802 1934 1872 ἡμᾶς
1963 1802 2176 1873 εὐσεβῶς
2204 1805 2385 1861 εἰδέναι
2435 1876 2438 1879 .

449 1887 663 1955 διδάξει,
712 1887 888 1952 καθώς
910 1890 1061 1960 λέγει,
1111 1887 1168 1942 Ὁ
1196 1887 1430 1961 ἓωρακοός
1459 1889 1542 1957 ε’μὲ
1567 1887 1755 1958 ἑώρακε
1787 1889 1872 1944 τόν
1903 1891 2104 1961 πατέρα.
2183 1889 2386 1944 Οὐκοῦν

447 1978 501 2030 έν
538 1977 779 2045 πνεύματι
818 1972 941 2049 ἁγίῳ
979 1972 1091 2028 υἷόν
1130 1972 1280 2038 άξίως
1322 1981 1561 2043 νοοῦμεν,
1613 1976 1666 2028 έν
1694 1977 1790 2047 υἱῷ
1823 1976 1875 2029 δὲ
1908 1982 2166 2046 μονογενεῖ
2198 1977 2386 2047 πατέρα

448 2059 663 2130 εὐσεβῶς
685 2062 768 2114 καὶ
798 2060 946 2125 άξίως
977 2058 1265 2127 δοξάζομεν,
1317 2062 1402 2114 καὶ
1434 2059 1557 2128 αὕτη
1590 2062 1721 2114 ἐστὶν
1747 2058 1781 2128 ἦ
1805 2062 2017 2131 σφραγὶς
2041 2067 2128 2129 τῆς
2159 2065 2384 2127 πίστεως,

452 2149 506 2201 ἐν
542 2140 578 2221 ᾗ
610 2150 841 2218 σφραγίδι
886 2149 1222 2214 βαπτισθῆναι
1260 2147 1554 2215 προςέταξεν
1594 2143 1625 2198 ὁ
1660 2144 1821 2216 σωτὴρ
1865 2148 1949 2199 καὶ
1987 2144 2162 2217 κύριος
2195 2144 2386 2215 Ἰησοῦς

455 2230 695 2303 Χριστός,
746 2230 777 2285 ὅ
813 2233 992 2303 λέγων,
1035 2232 1378 2301 Πορευθέντες
1422 2230 1765 2299 μαθητεύσατε
1804 2230 1966 2285 πάντα
1994 2229 2054 2285 τά
2084 2233 2242 2299 ἔθνη,
2295 2235 2381 2300 βα·

449 2321 696 2382 πτίζοντες
722 2314 903 2380 αὐτούς
929 2318 998 2378 εἰς
1023 2315 1079 2370 τό
1118 2314 1275 2384 ὄνομα
1303 2322 1396 2370 τοῦ
1422 2314 1610 2388 πατρὸς
1634 2318 1719 2370 καὶ
1749 2322 1839 2371 τοῦ
1867 2319 1982 2372 υἱοῦ
2009 2319 2095 2371 καὶ
2122 2323 2212 2371 τοῦ
2238 2315 2383 2389 άγίου

449 2402 744 2471 πνεύματος.

595 2489 724 2558 Περὶ
762 2485 855 2558 γάρ
880 2492 967 2556 τῆς
994 2485 1119 2541 κατὰ
1149 2485 1314 2541 πάντα
1343 2493 1431 2541 τοῦ
1461 2489 1577 2541 υἷοῦ
1601 2485 1727 2555 πρός
1757 2485 1843 2541 τόν
1873 2490 2060 2558 πατέρα
2093 2486 2385 2558 ὁμοιότητος

451 2571 751 2643 πλατύτερον
775 2573 863 2641 μὲν
887 2572 1098 2642 ἀλλαχοῦ
1135 2575 1334 2642 εἴρηται.
1408 2571 1620 2641 Ὁμοίως
1646 2574 1699 2626 δὲ
1727 2574 1811 2627 καὶ
1834 2579 1925 2626 νῦν
1954 2576 2005 2627 έν
2032 2577 2207 2644 βραχεῖ
2227 2596 2385 2646 παρα-

453 2657 824 2727 σημειώσασθαι
851 2656 943 2712 οὐκ
964 2657 1240 2727 ὄκνήσομεν
1265 2657 1342 2712 ὅτι
1366 2656 1396 2713 ὅ
1418 2656 1692 2721 οἷπόστολος
1718 2657 1884 2712 εἰκόνα
1910 2665 1998 2712 τοῦ
2021 2657 2237 2731 ἀοράτου
2258 2666 2385 2715 θεοῦ

449 2742 536 2798 τὸν
563 2743 675 2797 υἷόν
714 2742 945 2815 εἰρηκώς,
1000 2745 1082 2797 καὶ
1113 2746 1165 2798 έν
1206 2743 1364 2818 τούτῳ
1402 2743 1605 2808 διδάξας
1644 2744 1719 2798 ὅτι
1746 2743 1923 2813 ὅμοιός
1954 2747 2085 2799 ἔστιν
2125 2743 2155 2799 ὅ
2179 2744 2290 2808 υἷὸς
2316 2751 2386 2818 τῷ

452 2830 627 2900 πατρὶ,
683 2827 891 2898 άλλαχοῦ
917 2835 1026 2892 πῶς
1056 2833 1132 2882 δεῖ
1154 2837 1290 2883 νοεῖν
1312 2828 1399 2884 τόν
1429 2830 1539 2884 υἷὸν
1565 2831 1865 2901 παρέδωκεν.
1931 2830 2021 2884 Ἐν
2049 2828 2142 2901 γάρ
2170 2837 2230 2904 τῇ
2259 2830 2386 2902 πρός

459 2918 825 2983 Φιλιππησίους
848 2917 1077 2989 ἐπιστολῇ
1103 2933 1243 2983 φησι,
1255 2914 1350 2978 “Ος
1377 2918 1429 2969 ἐν
1457 2922 1632 2989 μορφῇ
1664 2922 1791 2970 θεοῦ
1819 2914 2054 2988 ὑπάρχων
2084 2914 2172 2984 οὐχ
2197 2914 2383 2988 άρπαγ-

453 2999 548 3069 μὸν
575 2997 792 3071 ἡγήσατο
821 2998 876 3054 τὸ
905 2998 1030 3054 εἶναι
1066 3003 1150 3054 ἴσα
1177 3005 1310 3074 θεῷ,
1363 2999 1460 3054 ἄλλ’
1490 3000 1666 3055 ἑαυτὸν
1696 3003 1931 3066 έκένωσε,
1969 2999 2169 3071 μορφὴν
2200 3002 2383 3057 δούλου

451 3084 643 3154 λαβών,
693 3088 747 3141 έν
773 3084 1049 3155 ὁμοιώματι
1087 3084 1375 3156 ἀνθρώπων
1411 3085 1687 3158 γενόμενος.
1759 3085 1839 3140 Ἐν
1866 3088 1920 3140 δὲ
1948 3093 2010 3161 τῇ
2039 3084 2164 3157 πρὸς
2185 3084 2385 3156 Ῥωμαίῳ

453 3194 568 3238 ους,
629 3171 694 3227 Τὸ
729 3171 821 3244 γάρ
851 3171 1096 3226 άδύνατον
1131 3177 1221 3225 τοῦ
1247 3171 1434 3239 νόμου,
1490 3175 1542 3227 έν
1568 3166 1609 3245 ᾧ
1638 3172 1841 3240 ἠσθένει
1868 3170 1950 3225 διά
1977 3179 2066 3240 τῆς
2096 3171 2304 3242 σαρκός,
2353 3170 2385 3228 ὅ

452 3256 575 3320 θεὸς
599 3256 686 3312 τόν
709 3260 886 3312 ἑαυτοῦ
913 3256 1022 3311 υίὸν
1049 3259 1251 3326 πέμψας
1275 3259 1327 3311 ἐν
1353 3255 1629 3327 ὁμοιώματι
1655 3256 1853 3327 σαρκός,
1892 3258 1977 3310 καὶ
2002 3258 2115 3327 περὶ
2142 3255 2384 3328 ἁμαρτίας

453 3344 704 3413 κατέκρινε
740 3342 831 3412 τὴν
859 3341 1099 3413 ἁμαρτίαν
1124 3345 1176 3396 ἒν
1214 3349 1273 3417 τῇ
1303 3345 1473 3414 σαρκὶ,
1527 3341 1595 3406 ὥς
1626 3344 1706 3396 ἐπὶ
1734 3340 1949 3398 τῶνδύο
1983 3346 2294 3413 ιμαρτυρίων
2328 3346 2384 3398 ἐκ

455 3433 555 3479 τῶν
593 3426 684 3482 δύο
727 3431 992 3483 ἐπιστολῶν
1021 3426 1166 3482 Ὲάπὸ
1201 3435 1291 3482 τοῦ
1319 3434 1602 3497 σωματικοῦ
1637 3425 1848 3495 εὐσεβῶς
1881 3427 1965 3480 καὶ
2003 3425 2095 3494 τήν
2137 3430 2249 3498 περὶ
2291 3435 2383 3483 τοῦ

457 3509 632 3579 ὁμοίου
678 3516 906 3568 3ἔννοιαν
948 3513 1079 3582 ἡμᾶς
1117 3515 1202 3567 καὶ
1234 3515 1315 3568 ἐπὶ
1343 3520 1433 3567 τοῦ
1462 3513 1727 3582 ἀσωμάτου
1754 3510 1940 3581 πατρός
1967 3531 2017 3563 τε
2048 3513 2132 3564 καὶ
2164 3515 2281 3566 υἷοῦ
2309 3517 2381 3567 δι-

514 3626 610 3667 ΟΑΡ.
629 3628 748 3669 XVI.
781 3653 830 3661 -
879 3632 914 3672 1.
941 3625 1018 3673 οὐκ
1047 3629 1136 3673 ἔστι
1157 3632 1270 3672 codd.
1294 3643 1386 3672 mss.
1447 3643 1580 3684 στηκε
1619 3627 1668 3672 δὲ
1695 3627 1768 3670 καὶ
1795 3625 1842 3671 τὲ
1870 3628 2036 3682 πνεῦμα
2073 3621 2188 3682 ἅγιον
2229 3632 2382 3671 uncinis

457 3678 534 3726 οὗκ
556 3681 617 3726 ἔτι
641 3686 701 3725 ed·
724 3689 849 3735 princ·
907 3683 1048 3731 ου’κέτι
1069 3690 1159 3729 edit.
1179 3690 1315 3729 Pelav.
1332 3713 1388 3720 —
1443 3688 1599 3728 inclusit
1628 3688 1826 3727 Petavius.

457 3743 581 3790 Verba
608 3737 672 3784 Τὸ
694 3743 858 3799 πνεῦμα
884 3740 932 3786 οὗ
957 3748 1109 3788 νοεῖται
1135 3742 1252 3794 υἱὸς,
1284 3740 1386 3799 ὑφέ-
1499 3742 1539 3782 2.
1555 3739 1742 3794 ,,πατρός
1767 3740 1840 3783 καὶ
1872 3741 1960 3784 υἱοῦ
1988 3740 2150 3782 addo.“
2180 3744 2380 3783 Pelavius.

1443 3800 1699 3842 scribendum
1722 3800 1820 3841 duxi
1847 3793 2115 3857 ὑπάρχοντος,
2147 3797 2220 3845 καὶ
2249 3794 2378 3847 αὐτοῦ
