2508 4134
199 580 312 635 Κεφ.
327 577 407 635 λη’.

425 288 528 337 400
1131 296 1337 340 εΑΝοΤῙ
1364 298 1651 341 EPIPHANH

423 389 605 458 θύτητι
635 391 688 444 δὲ
716 390 1079 461 σαφηνιζόμενα
1107 393 1496 450 πεπιστεύκασιν.
1575 396 1651 449 Οὐ
1679 395 1831 462 μόνον
1855 394 1947 468 γάρ
1971 399 2077 451 ἐκεῖ
2096 403 2240 452 τοῦτο
2269 401 2358 467 βα-

423 478 556 539 θέως
593 479 807 547 εἴρηται,
845 475 963 531 άλλά
998 480 1082 532 καὶ
1120 477 1237 533 ἄλλα
1274 480 1444 534 πολλά.

566 559 647 615 Ἐν
672 563 724 615 δὲ
754 570 822 636 τῷ
849 562 1055 634 παρόντι
1098 572 1257 638 καιρῷ
1286 565 1369 619 διά
1405 565 1496 634 τὴν
1524 571 1789 635 συντομίαν
1818 567 1971 636 μόνον
2004 569 2057 621 ἐν
2083 565 2358 636 ὑπομνήσει

426 650 681 718 γεγένημαι
716 654 786 721 τῷ
809 647 962 722 λόγῳ,
1014 648 1152 713 ὅπως
1185 658 1365 721 γνῶσιν
1395 655 1446 705 οἱ
1473 655 1727 720 θεοσεβεῖς
1760 651 1836 706 ὅτι
1880 654 2029 706 παντὶ
2073 653 2357 726 βουλομένῳ

426 731 738 802 ὑπερβαίνειν
765 732 883 797 τοῦς
907 733 1062 804 ὅρους
1087 742 1177 804 τῆς
1207 734 1349 807 ἆγίας
1377 743 1503 790 θεοῦ
1532 739 1787 805 ἐκκλησίας
1816 738 1900 791 καὶ
1923 737 2246 808 παραδόσεως
2270 743 2359 805 τῆς

427 825 741 890 προφητικῆς
779 821 865 873 καὶ
908 818 1251 889 άποστολικῆς,
1290 822 1498 884 πίστεώς
1524 843 1574 874 τε
1597 824 1682 875 καὶ
1712 825 2025 886 διδασκαλίας
2048 823 2139 892 τὴν
2167 826 2356 890 ἐλπίδα,

427 904 530 962 άπό
561 911 648 973 τῆς
672 912 787 974 μιᾶς
815 903 1103 969 ύποθέσεως
1129 913 1218 960 τοῦ
1250 914 1434 978 μικροῦ
1459 909 1543 960 καὶ
1568 908 1786 977 βραχέως
1821 910 1970 979 λόγου
2004 907 2128 962 κατά
2158 908 2213 963 τὸ
2239 907 2355 963 οἶκα-

401 998 589 1074 ἱριαῖον
615 993 701 1044 καὶ
723 990 868 1060 τυχόν
900 994 951 1046 ἐν
976 991 1274 1062 παρεκβάσει
1298 992 1557 1063 γινόμενος
1585 992 1905 1063 φρονήματος
1946 996 2015 1056 εἰς
2050 993 2231 1058 πολλάς
2262 1001 2358 1048 λοι-

204 1698 290 1736 pag.
309 1687 408 1724 1⁰32.

192 3248 303 3304 Κεφ.
323 3244 400 3290 λῖς’.

428 1076 525 1130 πὸν
550 1082 859 1143 κενοφωνίας
891 1079 978 1131 καὶ
1010 1076 1256 1148 σφαλεροὶς
1290 1075 1531 1140 ὑπονοίας
1569 1075 1598 1131 ὅ
1624 1077 1879 1147 λογισμδς,
1928 1081 2013 1133 καὶ
2041 1082 2110 1142 εἰς
2145 1078 2358 1151 άναρμό-

428 1181 573 1225 στους
612 1164 696 1216 καὶ
734 1165 872 1227 ξένας
897 1163 1141 1232 ζητήσεις,
1193 1164 1279 1216 καὶ
1313 1161 1621 1234 ἀπεράντους
1649 1167 1981 1234 γενεαλογίας,
2020 1164 2144 1218 κατά
2171 1164 2231 1218 τοὶ
2258 1162 2358 1219 ind

426 1255 514 1302 τοῦ
546 1248 827 1303 ἀποστόλου
857 1251 1113 1320 εἰρημένα,
1149 1247 1461 1319 τραπήσεται.
1536 1246 1685 1302 Εἶναι
1715 1248 1808 1321 γάρ
1837 1253 1984 1303 τοῦτο
2007 1247 2189 1318 εὔηθες
2213 1249 2358 1317 πολύ,

426 1336 512 1388 καὶ
539 1334 659 1404 μήτε
684 1338 849 1406 χρείαν
880 1337 989 1403 ἔχον
1017 1336 1298 1403 ἑρμηνείας,
1349 1336 1495 1388 παντὶ
1526 1335 1682 1402 σαφές
1717 1337 1818 1389 ἐστι
1853 1342 1924 1410 τῷ
1962 1336 2155 1390 σύνεσιν
2192 1357 2361 1405 κεκτη-

428 1422 586 1494 μένῳ,
639 1419 716 1474 ὅτι
755 1420 873 1475 οὐδὲ
916 1421 1157 1474 ἐπιδέεται
1193 1418 1438 1488 ζητήσεως
1480 1418 1515 1489 ἦ
1547 1419 1750 1488 τοιαύτη
1787 1426 1963 1490 σοφία,
2000 1424 2086 1476 καὶ
2117 1420 2362 1485 ὑπόθεσις

427 1513 516 1560 τοῦ
539 1505 707 1576 λόγου.
783 1508 854 1558 Εἰ
880 1504 971 1576 γάρ
1001 1505 1294 1577 ἐγειρόμεθα
1323 1506 1470 1559 πάλιν
1502 1507 1894 1575 περιτέμνεσθαι,
1932 1511 2028 1562 τίνι
2050 1514 2120 1582 τῷ
2142 1508 2270 1582 λόγῳ
2301 1505 2362 1562 ού

429 1591 795 1663 προειλήφαμεν
818 1590 873 1644 τὸ
898 1593 1299 1663 περιτέμνεσθαι,
1359 1589 1488 1663 ’Ἀρα
1515 1586 1606 1645 οῦν
1626 1590 1752 1645 κατά
1773 1599 1919 1647 τοῦτο
1955 1598 1970 1629 ¹
1990 1589 2363 1665 οἷναγκαιότεροι

434 1671 574 1746 ἡμῶν
603 1676 923 1748 τυγχάνουσιν
951 1680 1002 1731 οἷ
1028 1677 1328 1731 ἆπεντεῦθεν
1357 1676 1412 1731 τὸ
1451 1679 1631 1731 τέλειον
1667 1677 1974 1749 ἐπιγνόντες,
2028 1681 2111 1734 καὶ
2139 1686 2362 1751 προειλη-

430 1762 578 1831 φότες
607 1769 917 1817 τελειοῦσθαι
949 1766 1000 1816 ἐν
1031 1770 1093 1838 τῇ
1117 1762 1225 1817 τότε
1253 1764 1490 1838 μελλούσῃ
1526 1763 1798 1832 τελειότητι.
1876 1770 1992 1819 Ποῦ
2023 1760 2117 1820 οῦν
2145 1763 2197 1820 τᾶ
2227 1764 2361 1837 παρὰ

427 1856 496 1922 τῷ
524 1850 781 1923 ἆποστόλῳ
810 1851 1063 1921 εἰρημένον
1089 1848 1190 1917 ὅτι,
1231 1847 1357 1903 Ἐάν
1387 1851 1767 1921 περιτέμνησθε,
1811 1850 2026 1921 Χριστός
2056 1849 2188 1920 ῦμᾶς
2216 1849 2361 1905 οὐδὲν

431 1934 698 2004 ω’φελήσει,
736 1936 847 2000 καὶ,
892 1938 1084 1998 Οἵτινες
1113 1938 1165 1990 ἐν
1193 1935 1332 2009 νόμῳ
1366 1939 1686 2000 δικαιοῦσθε,
1736 1942 1823 2005 τῆς
1850 1936 2047 2007 χάριτος
2085 1939 2359 2001 ἐξεπέσατε·

428 2023 513 2075 καὶ
541 2028 647 2084 πῶς
673 2020 727 2075 τὸ
754 2019 890 2092 παρά
918 2028 988 2094 τῷ
1014 2025 1170 2095 κυρίῳ
1200 2023 1487 2091 εἰρημένον,
1537 2019 1618 2074 Ἐν
1644 2019 1738 2092 γάρ
1762 2028 1823 2096 τῇ
1852 2021 2113 2077 άναστάσει
2141 2021 2253 2076 οὔτε
2278 2046 2361 2093 ya-

430 2114 631 2176 μοῦσιν,
682 2105 794 2161 οὔτε
830 2111 1175 2178 γαμίσκονται,
1226 2105 1342 2161 ἄλλά
1372 2106 1611 2178 ίσάγγελοί
1638 2109 1744 2160 εἰσι.
1826 2106 1891 2161 Τό
1921 2109 1998 2174 δὲ,
2054 2108 2361 2178 Καθήσεσθε

431 2195 512 2247 ἐπὶ
557 2199 646 2261 τῆς
694 2194 933 2262 τραπέζης
980 2199 1071 2247 τοῦ
1122 2192 1307 2264 πατρός
1353 2215 1452 2261 μου
1517 2195 1769 2255 ἐσθίοντες
1812 2195 1898 2246 καὶ
1944 2197 2195 2261 πίνοντες,
2256 2196 2358 2260 καὶ,

1221 2276 1234 2297 ²
1273 2276 1288 2296 θ
1344 2284 1367 2295 ω

412 2278 574 2332 ’Όταν
613 2276 731 2332 αὐτὸ
770 2283 868 2332 πίω
908 2278 1081 2333 καινόν
1120 2287 1220 2347 μεθ
1255 2301 1397 2346 υμων
1425 2280 1477 2332 ἐν
1503 2285 1564 2352 τῇ
1590 2281 1806 2352 βασιλείᾳ
1834 2284 1932 2332 τῶν
1957 2279 2202 2351 οὐρανῶν,
2242 2277 2361 2349 μετά

433 2363 726 2435 προςθήκης
753 2370 840 2418 τοῦ
874 2363 1081 2431 Καινὸν,
1119 2366 1202 2418 καὶ
1230 2362 1303 2428 τό,
1340 2363 1450 2417 Ἐπὶ
1479 2370 1566 2432 τῆς
1594 2366 1833 2435 τραπέζης
1854 2370 1943 2434 τῆς
1966 2369 2228 2433 βασιλείας,
2265 2367 2360 2420 ἕτε-

432 2474 522 2522 ρον
546 2450 632 2504 τόν
655 2457 774 2504 νοῦν
797 2454 1033 2519 σημαίνει.
1110 2452 1211 2503 Καὶ
1238 2446 1331 2520 γάρ
1360 2451 1445 2503 καὶ
1474 2449 1619 2503 αὐτοί
1649 2470 1835 2518 φαμεν,
1890 2450 2236 2519 μεμαθηκότες
2260 2449 2360 2505 άπὸ

431 2543 529 2590 τῶν
557 2539 711 2589 θείων
739 2534 924 2606 λόγων,
973 2534 1244 2604 μετάληψίν
1279 2558 1386 2589 τινα
1411 2534 1633 2604 πόματος
1661 2537 1746 2588 καὶ
1774 2535 2035 2607 βρώματος
2063 2536 2360 2609 ἀμβροσίου,

431 2624 545 2692 περὶ
571 2616 639 2675 ῶν
665 2624 851 2692 εἴρηται
883 2621 983 2687 ὅτι,
1008 2621 1074 2674 “A
1102 2619 1365 2690 ὀφθαλμός
1389 2619 1480 2675 οὐκ
1511 2619 1642 2686 οἶδε,
1680 2623 1766 2675 καὶ
1795 2616 1883 2685 οῦς
1914 2621 2007 2676 οῦκ
2033 2620 2239 2691 ἤκουσε,
2278 2624 2363 2677 καὶ

433 2710 515 2763 ἐπὶ
544 2711 752 2779 καρδίαν
777 2703 1057 2778 άνθρώπου
1082 2704 1173 2760 ούκ
1206 2705 1383 2776 άνέβη,
1423 2706 1455 2760 ἃ
1483 2705 1746 2776 ἡτοίμασεν
1776 2705 1806 2761 ὅ
1828 2706 1949 2770 θεὸς
1973 2716 2077 2771 τοῖς
2103 2709 2363 2779 ἀγαπῶσιν

435 2793 600 2848 αὐτόν.
674 2792 815 2845 Ἀλλά
855 2812 977 2861 φησι
1005 2792 1079 2846 ὅτι
1118 2799 1316 2863 πρῶτον
1347 2793 1434 2861 μὲν
1467 2795 1520 2847 ἐν
1560 2800 1619 2867 τῇ
1649 2797 2047 2864 χιλιονταετηρίδι
2082 2800 2181 2847 τῶν
2216 2811 2361 2861 φυσι-

434 2886 536 2934 κῶν
564 2878 995 2948 μεταλαμβάνομεν
1027 2876 1183 2947 ἡδέων
1213 2878 1330 2932 ἄνευ
1356 2878 1581 2947 καμάτου
1611 2881 1694 2933 καὶ
1724 2878 1907 2949 λύπης,
1957 2878 2077 2948 μετά
2104 2878 2268 2947 δὲτὴν
2293 2902 2362 2949 χι-

432 2969 819 3035 λιονταετηρίδα,
868 2964 976 3018 τότε
1015 2964 1442 3033 μεταλαμβάνομεν
1483 2958 1554 3018 ῶν
1585 2968 1797 3035 εἴρηται,
1849 2963 1974 3019 κατά
2002 2963 2056 3019 τὸ
2088 2966 2360 3036 εἰρημένον,

420 3050 483 3103 “A
523 3049 789 3119 ὀφθαλμός
826 3048 919 3104 οὐκ
957 3047 1085 3115 οἶδε,
1125 3051 1208 3103 καὶ
1246 3044 1335 3113 οῦς
1371 3050 1466 3104 οὐκ
1501 3048 1727 3119 ἤκουσεν.

568 3222 852 3285 Ἀντίθετος
877 3223 930 3275 δέ
960 3224 1087 3276 ἐστιν
1115 3219 1145 3276 ὁ
1170 3221 1314 3293 λόγος
1339 3221 1466 3293 πρὸς
1488 3222 1578 3292 τήν
1605 3227 1770 3275 πᾶσαν
1792 3226 1881 3289 τῆς
1903 3227 2099 3291 γραφῆς
2126 3224 2359 3292 θεωρίαν.

434 3310 505 3362 Εἰ
532 3307 625 3379 γάρ
656 3306 685 3361 ὅ
713 3307 865 3376 νόμος
893 3306 1071 3361 οὐδένα
1102 3310 1366 3374 ἐτελείωσε,
1402 3308 1559 3377 νόμον
1591 3309 1642 3361 δὲ
1668 3306 1786 3375 μετά
1812 3305 2079 3360 άνάστασιν
2102 3306 2362 3373 φυλάττειν

433 3392 863 3464 προςταττόμεθα,
913 3395 996 3446 καὶ
1039 3393 1113 3447 ὅτι
1152 3393 1290 3464 ἅγιος
1329 3392 1483 3461 νόμος
1515 3392 1545 3448 ὅ
1579 3392 1662 3447 διά
1691 3393 1919 3454 Μωσέως
1947 3389 2047 3446 ind
2077 3396 2255 3463 κυρίου
2280 3395 2360 3447 δο-

435 3482 547 3542 θεὶς
580 3479 894 3550 παιδαγωγὸς
921 3482 987 3541 εἰς
1020 3477 1235 3550 Χριστόν
1261 3477 1381 3547 ἡμῖν
1416 3481 1639 3550 γέγονεν,
1691 3475 1759 3540 ῶς
1782 3475 2133 3549 ύποδεέστερος
2161 3484 2260 3531 τῶν
2287 3498 2360 3532 τε·

435 3567 727 3632 λειουμένων
757 3571 827 3638 τῷ
857 3569 1060 3632 μείζονι,
1098 3567 1181 3618 καὶ
1207 3565 1482 3638 τελειοτάτῳ
1512 3562 1770 3633 προςάγειν
1800 3566 2197 3632 πεπιστευμένος,
2240 3569 2359 3634 Χρι-

437 3657 556 3703 στοῦ
595 3651 647 3703 δὲ
687 3657 777 3704 τοῦ
816 3654 995 3704 τελείου
1038 3651 1295 3717 ἐλθόντος,
1346 3652 1429 3704 καὶ
1461 3647 1727 3713 δεσπότου,
1781 3650 1863 3701 καὶ
1907 3648 2267 3720 παρειληφότος
2305 3651 2359 3703 ἐκ

496 3779 590 3817 CAp.
604 3781 846 3821 XXXVJH.
867 3807 921 3813 —
950 3782 982 3823 1.
1003 3784 1152 3832 Scripsi
1167 3775 1364 3834 οἷναγκαι-
1420 3783 1537 3832 vulgo
1559 3782 1698 3820 habent
1719 3781 1819 3821 libri.
1877 3775 2207 3835 ἀναγκαιοτέρων
2232 3781 2360 3831 suspi-

437 3832 571 3888 ἅτεροι
606 3849 676 3885 pro
717 3835 1036 3890 ἀναγκαιότερον
1067 3835 1364 3892 (οἷναγκαιότε-
1422 3842 1531 3878 caius
1559 3841 1613 3877 est,
1642 3838 1837 3878 Petamus.

438 3905 505 3945 ρος
521 3894 698 3933 mendose
716 3896 774 3933 ed.
793 3896 928 3936 Petav.
951 3897 1078 3935 Colon.
1094 3896 1227 3949 repet.)
1234 3925 1246 3947 ‚
1264 3895 1366 3944 quod
