2508 4134
269 1100 355 1139 pag.
376 1089 451 1125 933.

476 277 578 335 ‘226
1187 283 1391 331 SANCTl
1421 283 1706 330 EPIPHANH

2028 382 2102 403 §n

477 387 750 458 μυθώδους
799 404 890 441 σου
939 384 1129 453 πλάνης
1179 383 1328 447 ἐάσας
1370 384 1494 439 θεὸν
1542 386 1621 439 ἀεὶ
1670 383 1814 449 ὅντα,
1867 385 1951 437 καὶ
1986 406 2040 437 το
2069 405 2214 455 αγιον
2250 385 2411 441 αὐτοῦ

476 480 668 542 πνεῦμα
697 473 773 526 ἀεὶ
800 471 887 536 ὂν,
924 473 1007 525 καὶ
1038 469 1198 526 έλθῶν
1224 469 1426 524 ἀκούσει
1449 470 1587 542 παρά
1605 476 1704 523 ’σοῦ
1726 471 1837 539 περὶ
1861 476 2095 538 γεννητοῦ
2125 478 2278 538 θεοῦ,
2327 474 2410 525 ’ἵνα

474 561 559 612 καὶ
590 556 742 620 αὐτός
766 560 819 611 ἒν
844 565 1029 628 μωροῖς
1057 560 1372 625 καταλεχθείη
1389 599 1401 620 ,
1439 555 1792 623 διδασκόμενος
1821 563 2117 624 προςκυνεῖν
2144 555 2233 624 τήν
2257 561 2410 611 κτίσιν

474 641 612 715 παρά
637 642 723 697 τόν
747 646 997 707 κτίσαντα,
1025 641 1082 704 ὅς
1110 641 1237 695 ἔστιν
1263 641 1589 711 εὐλογημένος
1612 643 1681 703 εἰς
1703 639 1821 702 τούς
1847 642 2047 706 αἰῶνας,
2082 639 2212 709 ἀμήν
2221 665 2236 706 ,·
2301 641 2409 696 Οὐκ

475 731 646 798 ἔχομεν
673 728 766 799 γάρ
795 726 936 796 ἡμεῖς
958 726 1153 782 κτιστόν
1177 726 1318 792 θεὸν,
1357 724 1419 779 ού
1446 724 1671 794 ποιητὸν,
1710 723 1811 780 ἀλλ’
1835 725 2062 780 ἄκτιστον
2085 727 2172 779 καὶ
2202 734 2223 765 1
2240 725 2410 798 ῑάγέν-

473 837 650 883 νητον,
701 816 756 867 ἐκ
787 812 971 885 πατρὸς
1010 813 1359 885 γεγεννημένον
1400 809 1623 880 ἀνάρχως
1662 813 1748 864 καὶ
1787 807 2023 882 ἀχρόνως.
2100 810 2212 864 Κόἱν
2237 832 2288 866 τε
2314 810 2408 883 γὰρ

474 903 652 973 σοφίζη
676 898 732 953 τὸ
761 898 993 970 γεννητόν
1026 896 1321 970 12γεννητὸν
1348 894 1624 964 ὁμωνύμως
1648 903 1810 949 καλεῖν
1832 895 2148 965 βουλόμενος,
2186 897 2247 951 οὗ
2273 899 2408 961 δέξο-

474 990 560 1053 μαί
588 1004 681 1039 σου
705 984 794 1053 τήν
817 987 960 1051 λέξιν,
997 983 1092 1037 κάν
1115 1005 1164 1036 τε
1190 980 1295 1050 οὐχ,
1335 981 1494 1043 οὕτως
1520 979 1708 1055 νοήσῃς
1737 980 2087 1050 ἦλαττωμένως
2110 980 2248 1053 παρά
2274 981 2329 1036 τὸ
2355 984 2410 1036 ἐκ

477 1070 664 1142 πατρὸς
691 1077 1028 1141 γεγεννῆσθαι.
1100 1067 1180 1131 Ἐξ
1205 1068 1446 1120 ἀκανθῶν
1469 1065 1562 1136 γάρ
1591 1065 1652 1119 οὗ
1685 1069 1967 1137 συλλέγουσι
1992 1066 2260 1134 σταφυλάς,
2298 1066 2410 1121 οὔτε

474 1160 527 1211 ἐκ
550 1156 788 1228 τριβόλων
813 1162 966 1209 σῦκα·
992 1154 1110 1208 οὐδὲ
1133 1156 1182 1216 ἐξ
1207 1150 1389 1222 ἀνδρός
1410 1153 1788 1219 πεπλανημένου
1812 1150 1970 1223 ὀρθὸς
1994 1151 2057 1206 ἂν
2077 1150 2407 1221 ὖπολειφθείη

470 1241 630 1313 λόγος.
701 1240 916 1310 Ἐφίμου
956 1238 1161 1311 γάρκαὶ
1189 1236 1218 1292 o‘
1253 1237 1428 1308 κύριος
1455 1236 1573 1298 τούς
1605 1239 1841 1305 δαίμονας
1875 1236 2088 1308 Χριστὸν
2114 1236 2266 1292 αὐτὸν
2289 1236 2407 1307 όμο·

472 1333 753 1398 λογοῦντας.
830 1324 950 1379 Κατ’
977 1328 1173 1379 ἔννοιαν
1198 1324 1252 1376 δὲ
1271 1329 1370 1376 τῶν
1391 1326 1547 1375 θείων
1572 1328 1780 1393 γραφῶν
1806 1320 2013 1388 φάσκεις
2035 1320 2161 1377 εἶναι
2181 1321 2236 1376 τὸ
2270 1331 2286 1361 ¹
2304 1330 2404 1377 3λο-

444 1417 644 1484 >γίδιον.
736 1413 865 1483 Λέγε
906 1433 1016 1480 μοι,
1069 1413 1189 1463 ποία
1232 1406 1401 1478 γραφὴ
1440 1411 1557 1460 θεία
1596 1410 1821 1462 ἐδίδασκε
1859 1415 2249 1478 προςκυνεῖσθαι
2282 1406 2409 1462 θεὸν

470 1496 701 1566 ποιητόνς
778 1498 879 1549 Καὶ
907 1495 980 1550 ὅτι
1008 1496 1095 1563 μὲν
1118 1492 1241 1556 θεὸς
1263 1492 1531 1564 ἀγέννητός
1555 1494 1671 1558 ἐστι,
1709 1496 1855 1546 παντί
1882 1516 1949 1563 τω
1978 1494 2134 1560 σαφὲς
2162 1496 2253 1562 εἴη.
2290 1490 2409 1547 Ἀλλ’

471 1583 591 1637 οὐδὲ
620 1589 764 1637 τοῦτο
809 1582 1046 1649 ὀνομαστὶ
1084 1582 1292 1651 ἔγκειται
1320 1581 1373 1633 ἐν
1398 1585 1459 1652 τῇ
1495 1582 1612 1651 θείᾳ
1641 1584 1824 1653 γραφῇ.
1890 1578 2020 1633 Ἀπὸ
2047 1580 2100 1632 δὲ
2126 1577 2292 1650 ὀρθοῦ
2320 1581 2407 1633 καὶ

470 1667 706 1737 εὐσεβοῦς
743 1673 978 1738 λογισμοῦ
1020 1668 1102 1719 καὶ
1140 1662 1292 1733 αὐτῆς
1343 1670 1402 1702 14
1419 1670 1507 1732 τῆς
1538 1666 1774 1727 συνέσεως
1808 1667 1920 1734 περὶ
1956 1670 2085 1718 θεοῦ
2116 1662 2406 1733 ι’ῑεύσεβῶς

470 1761 616 1808 τοῦτο
662 1760 796 1808 νοεῖν
825 1754 909 1806 καὶ
948 1754 1099 1822 λέγειν
1128 1749 1382 1821 ἀραρότως
1416 1752 1524 1818 ἔχει.
1597 1752 1775 1820 Λέγεις
1801 1750 1879 1815 δὲ,
1933 1753 2018 1803 ’ἵνα
2046 1751 2225 1804 εἰδέναι
2251 1751 2408 1818 ἔχοιεν

469 1843 522 1893 οἷ
542 1837 643 1893 ὖπὸ
678 1844 733 1876 ¹⁶
753 1844 843 1892 σοῦ
872 1837 1086 1905 ἀθληταί
1114 1858 1163 1889 τε
1188 1838 1273 1889 καὶ
1304 1835 1567 1906 ἀθλήτριαι
1594 1834 1913 1903 καλούμενοι,
1965 1837 2329 1904 πεπλανημένοι
2355 1836 2407 1889 δὲ

470 1931 653 1992 μᾶλλον
671 1967 685 1990 ,
740 1930 848 1987 πῶς
877 1922 1005 1992 πρὸς
1035 1925 1241 1976 ἕκαστον
1268 1919 1588 1991 ἀποκριθῶσι
1618 1918 1701 1974 διά
1730 1920 1976 1988 συντόμου
2005 1924 2090 1975 καὶ
2116 1921 2403 1992 εὐπεριδρά·

466 2032 590 2064 κτου
616 2009 786 2080 λόγου,
825 2015 1065 2078 στιχηρῶν
1089 2008 1277 2079 τρόπον
1301 2005 1360 2060 τά
1386 2006 1631 2073 κεφάλαια
1656 2004 1755 2059 ὖπὸ
1786 2012 1879 2059 σοῦ
1906 2014 2270 2061 συντεθεῖσθαι.
2309 2006 2404 2061 Aac?

469 2095 594 2148 αὐτοὶ
630 2094 691 2148 τά
732 2094 978 2149 δοκοῦντά
1013 2112 1104 2148 σου
1144 2091 1315 2164 ἰσχυρά
1357 2091 1576 2162 ῥήματα,
1622 2093 1706 2145 καὶ
1737 2091 2028 2158 σοφιστικοὶ,
2078 2091 2111 2146 ἃ
2136 2091 2265 2164 πρὸς
2290 2091 2406 2156 τούς

469 2185 660 2250 μείζους
687 2183 757 2242 εἰς
783 2178 1058 2250 ἀντιλογίαν
1087 2181 1345 2247 ἐξήσκηταί
1370 2196 1466 2243 σοι,
1504 2184 1681 2246 μᾶλλον
1709 2177 1762 2229 δὲ
1790 2179 1873 2230 ἵνα
1898 2176 2026 2247 πρός
2047 2177 2138 2246 τήν
2167 2176 2407 2247 ἀλήθειαν

468 2266 659 2340 έπάρῃς
686 2264 870 2334 στόμα,
921 2263 1063 2334 ἡμεῖς
1101 2268 1151 2318 οἱ
1179 2264 1384 2326 εὐτελεῖς
1421 2265 1506 2317 καὶ
1541 2265 1756 2327 ἰδιῶται,
1808 2263 1892 2316 καὶ
1922 2260 1983 2316 οὕ
2020 2267 2234 2331 μείζους,
2285 2262 2407 2317 ἀλλά

469 2351 758 2422 βραχύτεροι
785 2357 977 2404 πολλῶν
1015 2357 1113 2404 τῶν
1151 2353 1202 2404 ἐν
1232 2356 1292 2423 τῇ
1318 2347 1434 2423 ἀγίᾳ
1474 2356 1563 2402 τοῦ
1602 2354 1731 2402 θεοῦ
1761 2350 2017 2421 ἐκκλησίᾳ,
2071 2347 2405 2418 ποιησόμεθα,
2434 2338 2437 2342 ’

472 2434 538 2498 ῶς
565 2444 834 2506 προεῖπον,
871 2434 960 2504 τὴν
986 2433 1271 2506 ἀνατροπὴν
1297 2442 1385 2504 τῆς
1413 2432 1691 2488 ἀσυστάτου
1719 2432 1902 2502 ταύτης
1931 2435 2017 2488 καὶ
2048 2434 2249 2506 σφόδρα
2278 2433 2407 2489 εὖτε-

468 2527 586 2584 λοῦς
624 2525 882 2593 φλυαρίας.

614 2777 716 2829 Καὶ
742 2777 835 2838 ἕως
859 2770 953 2829 ῶδε
978 2778 1120 2845 ἐχέτω
1147 2794 1238 2830 σου
1262 2774 1297 2845 ή
1321 2774 1446 2830 κατά
1470 2782 1560 2830 τοῦ
1585 2779 1852 2846 προοιμίου
1881 2773 2129 2838 ἀντίθεσις
2153 2782 2242 2844 τῆς
2267 2772 2405 2845 ήμῶν

477 2865 865 2932 17βραχυτῆτος.
943 2862 1128 2931 Ἀρχὴν
1173 2863 1227 2916 δὲ
1272 2856 1425 2924 αὖθις
1461 2868 1559 2915 τῶν
1598 2859 1697 2915 ὖπὸ
1743 2868 1834 2916 σοῦ
1872 2865 2154 2927 κεφαλαίων
2186 2865 2408 2930 καθεξῆς

471 2947 745 3011 κατατάξας
786 2945 1014 3017 ἄντικρυς
1052 2948 1258 3016 ἑκάστης
1300 2950 1469 3011 λέξεως
1508 2949 1593 3000 καὶ
1633 2951 1902 3014 κεφαλαίου
1935 2945 2406 3016 ἀντιπαραθήσομαι

470 3031 558 3095 τάς
598 3035 652 3087 ἐκ
692 3040 789 3086 τῶν
829 3038 983 3086 θείων
1018 3041 1226 3104 γραφῶν
1260 3035 1344 3086 καὶ
1382 3036 1430 3096 ἐξ
1468 3031 1629 3103 ὀρθοῦ
1654 3039 1888 3102 λογισμοῦ
1916 3030 2221 3103 ἀντιρρήσεις
2246 3053 2297 3085 τε
2320 3034 2406 3086 καὶ

471 3118 757 3186 ζητημάτων
799 3118 935 3189 παρά
971 3137 1048 3172 σοι
1090 3125 1296 3189 λογικῶν
1334 3117 1646 3188 ἀνατροπάς,
1701 3117 1837 3179 ὅπως
1882 3120 1933 3171 οἷ
1964 3123 2091 3170 θεοῦ
2122 3121 2293 3171 δοῦλοι
2319 3119 2405 3172 καὶ

472 3203 676 3271 ἀληθεῖς
700 3202 910 3272 ἀθληταὶ
935 3203 1213 3272 ἐντυχόντες
1236 3206 1320 3257 καὶ
1352 3202 1741 3271 κατανοήσαντες
1767 3203 1855 3271 τήν
1882 3201 2048 3254 πᾶσάν
2072 3220 2164 3256 σου
2191 3203 2406 3257 ἀτοπίαν

471 3288 862 3359 καταγελάσωσι,
913 3292 1155 3359 λέγοντες,
1206 3288 1267 3342 Ἡ
1285 3287 1605 3359 ὑπερηφανία
1634 3296 1721 3356 τῆς
1743 3291 1951 3357 καρδίας
1977 3305 2069 3341 σου
2099 3290 2299 3357 ἐποίησέ
2325 3305 2405 3343 σοι

470 3380 647 3426 ταῦτα·
700 3374 761 3429 σύ
785 3372 876 3446 γάρ
907 3373 1048 3437 εἶπας
1071 3381 1223 3428 ταῦτα
1255 3377 1308 3428 ἐν
1336 3381 1394 3448 τῇ
1433 3378 1625 3447 διανοίᾳ
1663 3392 1777 3437 σου,
1827 3371 2163 3442 Ἀναβήσομαι
2205 3377 2274 3437 εἰς
2315 3373 2404 3428 τόν

473 3458 718 3530 οὐρανόν,
769 3463 855 3514 καὶ
896 3459 1060 3514 ἐπάνω
1099 3467 1197 3513 τῶν
1236 3458 1452 3531 ἀστέρων
1488 3467 1578 3514 τοῦ
1611 3459 1826 3529 οὐρανοῦ
1853 3457 2075 3527 θήσομαι
2104 3458 2190 3514 τὸν
2215 3458 2403 3530 θρόνον

534 3605 596 3644 11.
628 3607 804 3646 Rescribe
833 3601 932 3659 ἀγέν
966 3620 1046 3648 τον.
1467 3604 1649 3662 genitum
1677 3610 1842 3643 versute
1878 3602 2032 3652 uteris,
2074 3603 2258 3658 genitum
2284 3603 2404 3659 aequi

534 3660 594 3699 1‘2.
628 3663 780 3712 Repone
815 3676 1002 3716 γενητον.
1075 3663 1287 3703 Carnarius
1317 3675 1411 3713 quo·
1470 3675 1571 3702 voce
1602 3659 1724 3700 etiam
1758 3659 1914 3699 sactum
1939 3673 2089 3700 vocare
2118 3660 2261 3701 volens
2291 3664 2373 3702 cett.

473 3727 546 3766 que
565 3719 620 3755 ita
644 3720 917 3769 interpretatus
939 3723 993 3759 est
1016 3718 1090 3758 sed
1116 3717 1343 3759 increatum
1369 3725 1412 3758 et
1529 3717 1590 3759 13.
1621 3718 1666 3759 λο
1691 3714 1787 3769 λέγε
1814 3718 1898 3757 cod.
1928 3718 2089 3769 Rhediy.
2148 3716 2336 3771 λεγίδιον.
2365 3718 2402 3760 λ.

474 3785 557 3835 npn
582 3772 751 3822 factum,
777 3789 825 3814 ex
849 3784 963 3828 patre
984 3773 1169 3829 genitum
1190 3775 1278 3815 sine
1298 3774 1412 3830 prin-
1468 3777 1523 3816 est
1547 3775 1686 3815 vilium
1710 3774 1800 3814 edit.
1827 3774 1966 3815 Petav.
1999 3775 2128 3815 Coton.
2156 3778 2272 3826 repet.

475 3828 584 3881 mpio
614 3836 654 3869 et
678 3828 767 3870 sine
790 3838 992 3885 tempore.
1053 3831 1150 3872 Sive
1178 3830 1286 3872 enim
1308 3844 1411 3873 voce
