2508 4134
836 148 889 202 nl*

764 286 1287 332 ANACEPHALfflosxs.
1867 278 1962 329 571

79 402 174 443 tum
206 392 423 443 sublatus
453 409 557 442 cum
584 390 690 441 aliis
720 390 998 458 quibusdam
1032 391 1150 457 patri
1183 391 1324 440 filium
1359 405 1580 441 asserere
1611 386 1855 441 Christum
1885 403 1970 437 au-

77 488 158 527 sus
191 466 307 538 est,
333 475 631 543 eundemque
665 482 846 542 patrem
882 491 938 523 ac
969 473 1111 524 tilium
1140 482 1188 523 et
1217 474 1432 541 spiritum
1469 482 1685 525 sanctum
1718 489 1826 523 esse
1860 488 1969 540 pro·

76 559 228 623 fiteri,
270 576 322 610 se
360 576 477 609 vero
516 557 753 628 Moysen,
798 559 989 608 fratrem
1029 575 1167 607 sunm
1208 558 1451 608 Aaronem
1492 558 1671 608 dicere.

143 672 145 674 v
214 640 421 693 Valesii.
511 641 605 706 Hi,
638 649 890 710 >quantum
937 642 1184 709 suspicor,
1240 639 1437 691 Baeathi
1483 642 1724 703 habitant,
1778 640 1854 707 qui
1896 646 1973 688 est

75 724 725 794 ArabiaeJPhiladelphensi's
765 725 1016 794 primarius
1046 726 1202 775 vicus.
1281 723 1427 775 lidem
1459 725 1744 775 accedentes
1776 725 1832 774 ad
1860 739 1969 774 sese

77 819 289 862 castrare
329 810 515 871 solent,
575 827 631 860 ac
669 811 882 879 plerique
920 810 1049 860 inter
1087 809 1194 859 illos
1230 808 1434 858 eunuchi
1478 817 1614 871 sunt,
1672 817 1720 859 et
1758 806 1966 858 exsecti.

74 894 267 945 Habent
297 903 346 944 et
371 894 460 944 alia
489 895 719 962 quaedam
750 895 930 944 erroris
958 893 1231 961 plenissima
1260 893 1511 959 dogmata,
1553 901 1694 960 atque
1720 891 1848 942 inter
1877 890 1970 941 alia

74 980 227 1045 legem
255 996 312 1041 ac
340 979 594 1046 prophetas
628 978 869 1029 reiiciunt.
943 975 1200 1028 Postremo
1241 977 1469 1044 quasdam
1510 977 1566 1026 ad
1600 976 1678 1026 illa
1717 976 1969 1026 foeditates

75 1063 321 1114 adiiciunt.

214 1144 430 1198 Cathari.
508 1145 750 1198 Novatum
788 1145 1058 1196 Romanum
1101 1146 1252 1195 secuti
1286 1154 1417 1196 sunt.
1496 1143 1558 1194 Hi
1590 1145 1807 1212 digamos
1838 1144 1969 1212 peni-

78 1240 153 1281 tus
192 1231 514 1299 proscribunt.
590 1228 943 1282 Poenitentiam
985 1230 1252 1298 repudiant.

174 1340 180 1345 ⁷
212 1315 455 1382 Angelici.
531 1313 594 1365 Hi
628 1332 859 1382 nusquam
901 1315 1038 1365 hodie
1081 1314 1406 1382 reperiuntur.
1482 1313 1706 1381 Angelici
1744 1330 1862 1364 vero
1891 1331 1970 1363 or-

75 1398 199 1449 dinis
239 1417 291 1449 se
331 1416 439 1450 esse
478 1399 850 1469 profitebantur,
893 1400 1034 1466 idque
1074 1398 1268 1448 nomine
1306 1397 1410 1466 ipso
1450 1398 1805 1465 praeferebant.

213 1483 512 1550 Apostolici,
569 1484 646 1550 qui
681 1492 727 1533 et
760 1483 1059 1551 Apotactici,
1112 1483 1214 1534 sive
1251 1481 1659 1545 Renuntiatores,
1712 1481 1759 1532 in
1791 1479 1972 1531 Pisidia

74 1567 404 1618 inveniuntur.
481 1566 545 1618 Hi
572 1567 701 1618 solos
742 1567 849 1618 illos
888 1567 1143 1618 admittunt
1172 1566 1248 1634 qui
1280 1584 1332 1617 se
1363 1566 1501 1616 bonis
1533 1566 1751 1617 omnibus
1782 1565 1972 1616 abdica—

74 1651 251 1702 verint.
329 1648 559 1702 Ceterum
594 1650 950 1702 Eneratitarum
988 1652 1169 1706 similes
1204 1659 1344 1713 sunt,
1400 1652 1488 1701 etsi
1522 1651 1710 1702 diversa
1738 1650 1971 1719 quaedam

73 1735 132 1785 ab
170 1735 265 1785 illis
306 1744 539 1787 statuunt.

212 1817 475 1871 Sabelliani
505 1838 610 1870 eum
636 1811 894 1871 Noe‘tianis
923 1820 968 1870 in
1004 1819 1223 1870 omnibus
1254 1821 1595 1888 propemodum
1640 1820 1968 1884 consentiunt,

74 1902 167 1953 nisi
208 1904 331 1970 quod
370 1912 553 1971 patrem
591 1904 744 1971 ipsum
785 1913 962 1970 negant
999 1921 1107 1954 esse
1147 1921 1358 1972 passum.

211 1983 497 2052 Origeniaui
544 2004 570 2036 a
614 1987 817 2055 quodam
850 1985 1065 2054 Origene
1094 1987 1318 2038 derivati.
1398 1987 1688 2056 Turpissimi
1724 1988 1800 2038 isti
1837 1998 1966 2052 sunt,

72 2089 126 2121 ae
167 2071 398 2121 nefariam
442 2080 491 2121 et
530 2081 887 2140 praeposteram
928 2072 1172 2122 libidinem
1215 2082 1479 2134 exercent,
1534 2089 1716 2140 suaque
1768 2089 1971 2141 corpora

72 2165 399 2222 corrumpunt.
1394 2154 1400 2160 ’

200 2235 616 2305 Origenianivalii
658 2240 715 2290 ab
753 2236 968 2307 Origene
1004 2240 1290 2290 Adamantio
1331 2240 1585 2308 scriptore.
1665 2239 1724 2290 Hi
1760 2250 1973 2294 mortuo-

72 2339 172 2372 rum
203 2322 608 2373 resurrectionem
634 2333 838 2390 negant,
882 2334 973 2374 tam
1010 2321 1289 2388 Christum,
1333 2343 1471 2393 quam
1502 2326 1718 2393 spiritum
1755 2334 1972 2376 sanetum

74 2406 250 2456 creatis
281 2407 328 2456 in
355 2407 500 2457 rebus
538 2416 818 2468 numerant,
872 2406 1157 2458 Paradisum
1196 2426 1252 2459 ac
1282 2410 1475 2471 coelos,
1530 2418 1786 2477 ceteraque
1814 2409 1973 2460 omnia

71 2490 127 2539 ad
165 2490 422 2557 allegorias
460 2492 705 2554 referunt,
766 2488 947 2542 Christi
990 2510 1187 2560 regnum
1236 2493 1589 2544 terminandum
1629 2511 1738 2545 esse
1777 2494 1969 2544 docent.

216 2656 465 2708 Hactenus
503 2656 640 2725 primi
679 2658 786 2709 libri
826 2657 891 2709 ll.
937 2660 1165 2712 haereses
1203 2659 1400 2713 XVlll.
1436 2737 1443 2743 x

210 2823 262 2875 ln
293 2826 561 2894 posteriore
598 2843 716 2875 vero
749 2835 878 2877 tomo
910 2828 1018 2878 libri
1049 2826 1135 2891 ll.,
1187 2830 1264 2897 qui
1301 2839 1536 2881 tomorum
1574 2832 1742 2882 ordine
1773 2831 1836 2882 V.
1876 2841 1968 2896 est,

71 2909 302 2960 haereses
342 2908 385 2960 V
425 2910 895 2978 comprehenduntur
933 2911 1020 2962 hoc
1058 2913 1245 2963 ordine.

208 2991 344 3044 Pauli
378 2992 682 3045 Samosateni
702 3033 714 3055 ,
756 2996 833 3061 qui
863 2995 1153 3047 Antiochiae
1185 3016 1386 3066 magnae
1416 3000 1666 3068 episcopus
1695 3000 1800 3049 fuit.
1879 2999 1970 3050 Hic

73 3079 414 3146 propemodum
457 3095 551 3127 non
590 3078 803 3128 existere
842 3076 1087 3130 Christum
1129 3082 1357 3145 affirmat,
1412 3093 1552 3150 atque
1595 3083 1826 3133 eiusmodi
1861 3101 1969 3134 ver—

14 3190 17 3192 ·
72 3162 180 3211 bum
225 3179 333 3212 esse
361 3162 496 3228 fingit
530 3163 652 3229 quod
693 3162 740 3211 in
774 3163 1040 3230 prolatione
1083 3165 1329 3229 consistit3
1385 3168 1585 3217 emidem
1620 3185 1762 3235 porro
1800 3184 1908 3218 esse
1942 3186 1966 3217 a

69 3242 227 3295 Maria
269 3247 516 3314 coepisse,
570 3263 626 3296 ac
671 3263 790 3312 quae
833 3247 984 3297 sacris
1029 3247 1076 3296 in
1117 3248 1269 3300 literis
1313 3250 1369 3300 de
1414 3268 1473 3300 eo
1514 3251 1819 3318 pronuntiata
1858 3260 1969 3302 sunt

125 3384 189 3426 58.
241 3379 506 3427 ἀποτακτικοὶ
548 3388 656 3426 codd.
697 3398 786 3425 mss.
828 3391 861 3425 et
898 3388 986 3426 edit.
1100 3386 1165 3428 59.
1199 3391 1318 3439 Vu190
1353 3384 1538 3441 ἀνοήτως
1576 3395 1759 3440 corrupte.
1818 3394 1861 3431 In
1888 3394 1969 3433 Pa-

65 3443 188 3490 princ.
256 3443 300 3482 ln
340 3445 550 3481 summario
604 3445 763 3482 Panarii
808 3447 842 3481 et
882 3444 988 3491 apud
1043 3446 1154 3483 nario
1185 3450 1237 3483 est
1267 3444 1522 3498 Νοητιανῶν.
1581 3449 1698 3486 Aliter
1725 3449 1832 3496 apud
1856 3450 1969 3488 loan-

68 3497 248 3536 Ioannem
272 3499 453 3537 Damaso.
490 3501 624 3548 legitur
649 3496 864 3551 δεχόμενοι
891 3494 987 3539 καῖ
1044 3510 1129 3538 nem
1158 3502 1340 3540 Damaso.

70 3549 662 3606 ἓαυτοὺς-παραπλησιάζουσι
696 3552 742 3595 δὲ
775 3557 860 3600 τοῖς
886 3548 988 3606 Ἐγ·
1100 3554 1167 3595 60.
1208 3557 1383 3595 Rescribe
1421 3553 1722 3610 Ἀδαμαντίου,
1766 3563 1807 3598 ut
1836 3564 1888 3599 est
1927 3563 1968 3600 in

70 3606 300 3655 κρατίταις,
344 3603 447 3649 ἄλλα
484 3608 532 3651 δὲ
557 3605 650 3662 παρ’
691 3604 842 3655 αὐτοὺς
882 3623 985 3661 φρο-
1043 3614 1252 3650 summario
1277 3613 1440 3651 Panarii
1477 3618 1511 3652 et
1539 3616 1645 3663 apud
1677 3616 1855 3654 loannem
1885 3618 1965 3655 Da·

69 3662 214 3704 νοῢσιν.
273 3666 401 3703 Etiam
436 3668 641 3705 Carnarius
668 3668 778 3704 vertit
812 3665 987 3717 Propin-
1043 3678 1161 3706 masc.
1219 3669 1311 3706 Item
1337 3666 1586 3709 Συντάκτου.

71 3718 135 3770 qui
165 3726 298 3757 autem
328 3727 420 3758 sunt
450 3721 678 3760 Encratitis.
737 3722 885 3759 Verum
910 3720 987 3760 alia
1099 3721 1164 3762 61.
1196 3719 1321 3764 αὗτοῦ
1349 3723 1539 3778 δευτέρου
1571 3725 1726 3781 βιβλίου
1755 3730 1838 3771 cod.
1867 3730 1965 3773 Rhe-

71 3772 189 3813 etiam
219 3782 380 3828 praeter
408 3776 479 3818 hos
510 3777 687 3818 sentiunt
718 3790 764 3816 ae
794 3776 957 3819 docent.
1044 3778 1123 3830 diy.
