2508 4134
670 266 809 307 'roM1
838 264 1047 305 Pmoms
1078 265 1210 306 PARS
1241 267 1555 307 Pos‘rEmoR.
1598 309 1600 313 Α
1962 256 2070 307 ’643

167 373 250 406 net.
280 388 335 399 ---
366 364 393 405 1.
417 363 458 406 8.
487 361 615 416 πυρὸς
642 361 715 405 καὶ
740 363 948 417 φωτεινῆς
977 363 1078 404 Ven.
1110 386 1159 393 —-
1194 362 1221 402 l.
1256 364 1314 404 10.
1346 358 1556 419 ἀνατροπῇ
1587 364 1777 419 χρῆσῧαι
1805 361 1865 406 ὄλ.
1892 364 1998 404 Ven.
2022 387 2073 395 —

167 435 272 476 l.15.
306 432 391 482 καὶ,
421 442 516 487 post
543 432 711 485 νεκρῶν,
744 446 823 472 om.
847 432 948 471 Ven.
970 455 1022 462 -—
1061 431 1087 471 l.
1107 431 1169 474 17.
1202 428 1328 474 αὐτοῦ
1359 431 1606 487 ἐβάστασαν.
1639 433 1727 477 Καὶ
1756 436 1858 475 Ven.
1881 457 1931 465 —
1962 433 1988 474 l.
2013 432 2072 474 19.

166 505 247 557 τῆς
272 500 406 557 οἷλόης
431 505 530 543 Ven.
563 525 618 533 —
674 500 699 540 1.
722 500 787 542 20.
818 493 913 542 οὔτε
939 500 1145 555 φαντασία
1174 503 1277 541 ven.
1310 526 1359 532 —
1420 501 1444 541 l.
1471 502 1537 543 2.).
1570 499 1685 545 εἶπαν
1714 505 1813 546 Ven.
1842 527 1898 536 --
1954 503 1982 543 l.
2005 501 2071 543 ⁶26.

168 571 191 616 ὁ
219 569 335 627 ἅγιος
363 572 492 626 λέγων
522 573 624 611 Ven.
653 593 707 602 —
764 569 792 609 1.
821 570 887 612 27.
918 564 999 623 ἄρα
1024 584 1070 611 τε
1098 565 1213 612 οὔπω
1239 572 1338 609 Ven.
1368 592 1424 600 —
1481 571 1507 610 1.
1532 572 1600 612 31.
1645 568 1733 626 ὅτι,
1777 572 1865 616 Καὶ
1893 564 2074 627 ἐγερῢῆα

168 658 306 686 σονται
329 640 402 696 μὲν
430 636 541 686 οὗτοι
564 644 667 683 ven.
698 663 751 671 -
806 638 835 680 l.
861 639 929 680 32.
961 638 1021 687 εἰς
1049 636 1219 681 κόλασιν
1247 636 1434 689 αἰώνιονς
1465 635 1496 693 ἦ
1524 636 1572 683 ου’
1603 643 1704 681 Ven.
1733 666 1787 674 —
1829 642 1857 683 l.
1878 643 1946 684 33.
1977 642 2076 697 βοᾶν

166 710 269 766 πρὸς
299 710 394 755 θεὸν
422 710 511 766 (τὸν
537 712 675 765 deest)
702 711 806 750 Ven.
835 733 886 739 -
945 706 1050 750 1.34.
1081 703 1184 751 ἀλλὰ
1214 707 1255 750 ἐν
1279 709 1339 764 τῷ
1369 711 1513 763 αἵματι
1543 712 1644 751 Ven.
1677 735 1732 743 —
1787 712 1813 752 1.
1843 708 1883 752 4.
1912 711 1963 752 ab
1996 710 2074 751 inf.

167 781 254 825 Καὶ
283 781 332 824 ἐκ
359 779 617 836 πανταχόῦεν
647 782 750 821 ven.

278 852 410 908 Pag.
437 851 562 895 148.
619 850 644 890 1.
671 851 705 891 1.
737 845 845 891 εἷπον
876 846 1109 888 coniectura
1139 847 1294 888 Petavii
1324 857 1397 888 est.
1430 873 1481 880 —
1538 850 1564 890 1.
1592 852 1629 892 3.
1665 848 1687 893 ό
1715 849 1854 904 πατὴρ
1883 864 1963 890 om,
1987 851 2074 890 ve-

167 930 255 963 net.
287 944 339 951 —
400 921 425 960 l.
449 918 487 961 4.
518 917 702 974 Χριστὸς
730 914 782 961 δι’
813 911 858 960 ἓν
888 916 961 960 καὶ
989 913 1042 960 δι’
1072 909 1120 959 οὗ
1150 919 1270 965 Ven„
1312 918 1354 958 in
1381 933 1461 973 quo
1489 919 1640 960 desunt
1665 920 1708 959 in
1734 920 1782 959 iis
1809 934 1912 974 quae
1939 919 2077 959 statim

168 1000 391 1045 sequuntur
432 989 559 1029 verba
600 985 652 1032 δι’
695 983 741 1031 ὃν
768 985 820 1030 τὰ
857 986 989 1030 πάντα
1032 987 1117 1029 καὶ.
1148 1011 1201 1018 -
1258 988 1284 1029 l.
1311 988 1347 1030 7.
1380 987 1452 1030 καὶ
1482 985 1528 1031 οὗ
1557 989 1696 1032 πολλοὶ
1728 992 1832 1031 Ven.
1863 1013 1916 1020 —
1972 989 1999 1028 l,
2035 986 2075 1030 8.

166 1059 306 1104 πολλοὶ
354 1057 565 1114 λεγόμενοι
603 1056 761 1113 (πολλοὶ
797 1057 942 1105 αἰῶνες
984 1054 1197 1111 λεγόμενοι
1235 1059 1319 1097 Bas.
1390 1059 1478 1098 Nos
1521 1059 1794 1113 expressimus
1832 1059 2076 1113 scripturam

169 1130 267 1170 edit.
308 1130 494 1184 Petam),
555 1126 625 1171 τὸν
669 1125 717 1171 δὲ
757 1124 973 1182 λεγόμενον
1015 1124 1074 1175 ὥς
1112 1122 1188 1182 οὐχ
1227 1123 1461 1182 ὖπάρχοντα
1502 1123 1743 1183 ἀπεφήνατο
1786 1130 1984 1169 Venetus.
2021 1151 2078 1159 -—

168 1200 194 1240 l.
222 1200 281 1240 10.
312 1194 431 1253 ἥλιόν
469 1213 515 1241 τε
554 1197 626 1240 καὶ
668 1200 750 1240 σελ.
785 1200 931 1237 Venet.
961 1221 1013 1228 --
1069 1196 1097 1236 l.
1131 1199 1191 1237 15.
1220 1196 1429 1247 κενολοξία
1463 1197 1560 1253 (sic)
1589 1196 1693 1251 πρὸς
1720 1194 1976 1253 ἀνατροπὴν,
2019 1194 2080 1245 ὥς

169 1268 241 1312 καὶ
275 1261 392 1317 οὗτος
429 1270 575 1309 Venet.
610 1292 657 1299 —
719 1267 746 1308 l.
766 1268 833 1309 23.
862 1262 979 1320 ἅγιος
1008 1266 1104 1308 3203
1129 1265 1250 1320 λόγος
1278 1269 1422 1306 Venet.
1453 1291 1506 1298 -—
1564 1268 1589 1307 l.
1619 1266 1686 1308 24.
1725 1265 1779 1321 ἢ,
1823 1277 1918 1308 ante
1959 1266 2076 1317 δόξα,

171 1353 249 1380 om.
281 1340 427 1378 Venet.
488 1340 586 1378 item
613 1337 684 1378 lin.
713 1351 824 1392 sequ.
867 1337 909 1376 in
937 1336 1086 1377 eodem
1119 1336 1242 1376 verba
1281 1335 1322 1379 ἐν
1364 1337 1456 1393 υἱῷ.
1485 1360 1540 1367 -
1598 1337 1623 1379 l.
1650 1338 1689 1379 8.
1727 1339 1950 1380 πεισὶτεῖσα
1990 1339 2078 1377 Ve-

170 1418 251 1450 net.
310 1408 631 1449 Rescribendum
661 1416 725 1447 est
751 1409 990 1450 παισὲτεῐσα.
1047 1406 1150 1446 Ibid.
1178 1407 1287 1446 idem
1323 1405 1390 1448 ἐπὶ
1428 1405 1504 1455 τὰς
1529 1404 1681 1455 πολλὰς
1709 1406 1827 1450 πάλιν
1855 1411 1894 1451 δ.
1936 1408 2078 1461 ἴωμεν,

170 1475 377 1533 ἀγαπητοί
419 1469 479 1531 ((3
511 1478 663 1526 deest).
705 1501 759 1509 —
834 1477 861 1517 l.
900 1477 968 1518 31.
1011 1474 1070 1526 λζ’
1105 1470 1136 1529 ἤ
1175 1475 1248 1518 καὶ
1282 1475 1339 1527 νζ
1379 1478 1526 1517 Venet.
1558 1502 1606 1507 —
1668 1478 1695 1517 l.
1727 1477 1794 1519 31.
1829 1473 2012 1531 ’Έτερος
2034 1477 2081 1520 δὲ

169 1546 287 1591 πάλιν
313 1550 418 1589 ven.
452 1572 502 1579 —
546 1548 574 1588 1.
597 1548 663 1590 33.
696 1543 784 1590 ἀλλ’
809 1542 839 1600 ff
869 1543 928 1594 (ὅς
954 1544 1036 1589 ἀπὸ
1063 1543 1209 1602 χρόνου
1240 1545 1343 1589 ἐτῶν
1366 1544 1521 1590 τούτων
1549 1545 1605 1601 ρλ’
1632 1547 1761 1590 πλείω
1786 1541 1964 1601 τῖλάσσω
1994 1549 2080 1587 Ve-

170 1628 256 1659 net.
287 1642 339 1651 --
398 1618 426 1658 1.
457 1618 530 1658 ult.
562 1616 671 1672 μήτε
701 1613 898 1670 διενοήθη
927 1618 959 1658 λ.
989 1631 1035 1658 τε
1067 1615 1139 1658 καὶ
1167 1614 1380 1659 διδάσκειν
1409 1613 1535 1666 αὐτὸς
1560 1612 1633 1672 ἀφ’
1662 1617 1808 1660 ἑαυτοῦ
1839 1614 1904 1672 ἐφ’
1929 1613 2082 1671 ἅρματι

171 1690 368 1731 venetus.

283 1759 412 1815 Pag.
436 1758 561 1802 150.
619 1758 644 1797 1.
681 1760 718 1799 ὅ.
750 1755 906 1811 ταύτην
936 1754 1011 1810 τὴν
1049 1759 1152 1797 Ven.
1190 1780 1234 1787 —
1296 1757 1322 1799 l.
1349 1757 1388 1798 9.
1421 1751 1486 1811 ἐφ’
1510 1750 1565 1811 ἧς
1596 1753 1683 1812 εἶχε
1712 1759 1816 1798 ven.
1847 1781 1899 1788 -
1956 1757 1982 1798 l.
2016 1758 2078 1799 11.

171 1832 285 1882 τολμ.
317 1827 483 1882 γέγονε,
525 1841 645 1880 παρρ.
679 1828 781 1868 Ven.
840 1827 964 1867 Paulo
1004 1835 1099 1880 post
1141 1827 1181 1866 in
1223 1827 1370 1868 eodem
1397 1827 1502 1867 libro
1540 1827 1797 1867 desideratur
1826 1819 1883 1870 αὖ
1920 1836 2017 1868 ante
2045 1828 2083 1870 οἱ

174 1894 304 1940 αὐτοὶ.
336 1921 387 1928 —-
455 1897 484 1937 1.
518 1895 579 1939 14.
620 1893 824 1951 η’ρώτων,
865 1898 901 1939 οἱ
931 1894 1048 1939 αὐτοὶ
1088 1895 1371 1953 πρεσβύτεροι.
1433 1893 1484 1938 ‘O
1507 1895 1554 1940 δὲ
1593 1892 1682 1950 ἅμα
1714 1899 1820 1938 Ven.
1849 1921 1903 1929 —
1959 1897 1987 1936 1.
2016 1897 2081 1939 15.

174 1965 350 2023 φάσκων
379 1962 470 2015 δ’τι,
514 1967 571 2009 Τί
595 1969 696 2007 ven.
734 1992 779 1997 —
839 1967 865 2007 l.
894 1967 955 2009 16.
999 1965 1068 2009 ἕνα
1110 1965 1206 2009 ξτεόν
1245 1966 1469 2021 ἐπίσταμαι
1503 1969 1605 2008 Ven.
1637 1990 1691 1997 —
1747 1967 1773 2006 1.
1804 1967 1866 2010 18.
1897 1972 1986 2015 τοῖς
2016 1962 2083 2009 ὑπ’

176 2033 302 2080 αὐτοῦ
340 2036 399 2085 εἰς
435 2034 482 2080 r&
527 2038 626 2081 ἴδιον
664 2034 804 2091 δόγμα
844 2035 1183 2090 μαθητευμένοις.
1242 2032 1471 2079 Ἐτελεύτα
1509 2039 1609 2077 Ven.
1636 2061 1691 2067 --
1748 2037 1774 2079 1.
1807 2038 1871 2079 19.
1904 2034 1954 2091 ὁ,
1985 2045 2085 2077 ante

174 2107 391 2161 Μωῦσῆς,
436 2121 514 2147 om.
545 2109 676 2156 Ven.,
720 2107 841 2161 paulo
886 2114 982 2160 post
1018 2106 1115 2146 iude
1160 2108 1358 2160 praebens
1396 2102 1578 2161 ἀδελφὸς
1625 2105 1684 2155 ὥς
1711 2104 1875 2160 Ἀαρών
1905 2105 1945 2149 ἐν
1975 2106 2081 2163 τιμῇ

176 2176 325 2231 ἐτάφη.
352 2201 406 2208 -
443 2178 471 2217 1.
491 2178 557 2219 22.
586 2179 707 2220 τοῦτο
731 2176 778 2219 τὸ
809 2174 948 2231 δόγμα
973 2178 1075 2216 Ven.
1106 2201 1161 2213 Ὗ
1203 2177 1230 2217 l.
1250 2178 1317 2219 23.
1349 2175 1487 2220 αὐτῶν
1517 2175 1875 2225 κακοδιδάσκαλος
1904 2179 2008 2218 ven.
2031 2201 2085 2208 —

175 2246 285 2288 l.25.
313 2248 558 2301 φιλαληὲῖῶς
585 2250 686 2287 Ven.
713 2272 762 2278 -
808 2247 917 2288 l.32.
946 2243 1028 2289 Ἐκ
1054 2244 1199 2289 τούτου
1226 2238 1294 2289 οιῗν
1320 2246 1546 2300 Νοητιανοὶ
1573 2247 1631 2296 (οἱ
1657 2247 1791 2300 deest)
1824 2249 1925 2288 Ven.
1970 2238 2085 2288 Idem

177 2316 281 2357 liber
302 2317 424 2371 paulo
453 2325 548 2371 post
572 2317 617 2368 ἐξ
640 2314 767 2360 αὐτοῦ
793 2315 938 2360 τούτου
963 2315 1011 2360 τὸ
1041 2313 1194 2371 δόγμα.
1228 2341 1276 2347 -—
1320 2318 1347 2356 l.
1376 2320 1416 2358 ὃ.
1448 2317 1498 2357 ab
1528 2317 1603 2356 inf.
1636 2317 1773 2357 Verba
1805 2316 1889 2372 εἰμι
1918 2314 1956 2371 ὁ,
1988 2329 2086 2357 ante

179 2385 304 2438 ῧεός,
333 2388 478 2428 absunt
503 2401 527 2427 a
552 2389 652 2427 Ven.
682 2411 736 2419 —
793 2387 818 2428 1.
846 2388 887 2430 ὃ.
916 2387 966 2427 ab
993 2387 1078 2448 inf.
1097 2386 1226 2429 τοίνυν
1263 2385 1447 2441 Χριστὸς
1475 2385 1678 2442 ἐγεννήθη
1719 2385 1852 2430 ἐλὲῐών
1898 2386 1917 2431 ὁ
1960 2384 2088 2436 αὐτός

180 2457 270 2500 ἐστι
296 2455 462 2511 πατὴρ,
494 2453 515 2499 ὁ
541 2454 671 2506 αὐτός
700 2456 809 2500 ἐστιν
840 2455 930 2505 υἱὸς
963 2459 1065 2497 Ven.

289 2529 418 2585 Pag.
439 2525 559 2571 152.
618 2527 644 2567 1.
672 2528 711 2568 2.
739 2524 870 2582 τίγαπ.
904 2524 971 2570 ὑπ’
1003 2523 1130 2570 αὐτοῦ
1160 2530 1262 2567 Ven.
1294 2552 1343 2557 -—
1404 2527 1431 2567 l.
1457 2526 1496 2569 4.
1528 2527 1637 2583 φησὶ
1662 2528 1829 2569 retineri
1856 2535 2010 2583 potest.
2034 2551 2088 2559 -

177 2598 205 2638 1.
230 2597 268 2640 6.
299 2597 445 2651 πάλιν,
489 2605 584 2650 post
610 2592 762 2648 αὐτὸς,
805 2611 885 2637 om.
911 2598 1012 2639 Ven.
1048 2622 1097 2628 -
1158 2598 1185 2639 1.
1215 2601 1255 2640 8.
1286 2597 1472 2653 Σαβαεὶν
1500 2600 1603 2639 Ven.
1634 2623 1687 2629 —
1753 2599 1781 2640 1.
1810 2599 1870 2640 11.
1905 2595 1927 2642 ὁ
1959 2599 2087 2649 artic„

178 2676 275 2708 ante
301 2665 401 2716 ἓςεός
424 2668 514 2721 τοῦ,
545 2681 624 2708 om.
653 2669 755 2708 ven.
786 2691 838 2698 --
896 2667 924 2707 1.
957 2668 1020 2708 12.
1054 2668 1220 2722 Corrige
1242 2665 1389 2726 Ὁρᾷς.
1420 2693 1473 2699 -
1533 2668 1560 2709 Ι.
1593 2670 1653 2711 18.
1684 2671 1784 2710 Post
1810 2668 1953 2723 μανίαν
1979 2682 2088 2724 pone

177 2746 384 2794 punctum.
415 2761 471 2768 —-
527 2737 553 2777 l.
579 2736 640 2779 19.
684 2734 790 2790 ῥητοὶ
829 2737 1022 2791 φέρουσιν
1065 2737 1125 2786 εἰς
1166 2735 1364 2781 σύστασιν
1401 2740 1503 2779 Ven.
1539 2763 1592 2769 —
1649 2739 1675 2778 1.
1714 2739 1780 2780 20.
1823 2743 1911 2786 τοῖς
1953 2736 2090 2792 λόγοις

180 2807 382 2863 φάσκων,
422 2805 505 2855 ‘Q-
526 2806 590 2861 ('?)
617 2807 654 2849 οἱ
679 2821 774 2849 πατ.
806 2809 908 2847 Ven.
939 2830 992 2838 —
1051 2807 1163 2848 l.25.
1195 2808 1353 2862 πατέρα
1381 2807 1476 2851 θεὸν
1506 2809 1578 2851 καὶ
1603 2807 1688 2852 υἱὸν
1731 2811 1830 2848 Ven.
1861 2832 1916 2839 -
1972 2809 2000 2848 l·
2019 2809 2088 2850 30.

180 2879 351 2932 Repone
378 2891 428 2917 ex
459 2880 619 2917 Veneto
649 2875 784 2919 Πάντι
813 2875 860 2920 δὲ
888 2877 963 2932 τῷ.
994 2901 1047 2908 --
1088 2877 1116 2916 l.
1138 2876 1204 2918 32.
1236 2877 1424 2932 ἔμπλεως
1450 2883 1639 2933 φανεῖται
1667 2880 1769 2920 Ven.
1801 2902 1854 2909 —-
1910 2878 1936 2918 l.
1965 2880 2003 2920 5.
2037 2878 2088 2918 ab

180 2948 255 2988 inf.
283 2947 353 2990 καὶ
379 2944 502 2990 αὐτὸν
530 2945 616 2990 υἱὸν
642 2945 732 2998 (τὸν
757 2947 893 3001 deest)
923 2948 1027 2987 Ven.
1061 2971 1113 2977 —
1154 2948 1181 2987 Ι.
1199 2945 1237 2989 4.
1265 2949 1315 2988 ab
1338 2949 1413 2988 inf.
1445 2950 1640 3003 λογισμοῦ
1670 2948 1742 2991 καὶ
1771 2944 1944 3002 εὐλόγου
1975 2948 2085 3001 κριὲ.

182 3019 285 3059 Ven.
304 3042 356 3049 —
382 3017 409 3057 l.
427 3016 583 3071 penult.
612 3012 686 3071 ἀφ’
711 3010 835 3070 οὗπερ
862 3016 1101 3071 γεγέννηται
1125 3019 1226 3059 Ven.
1280 3021 1323 3058 {n
1348 3019 1496 3059 eodem
1520 3019 1626 3059 libro
1656 3018 1944 3059 desiderantur
1966 3017 2090 3059 verba

181 3088 228 3141 (1.
255 3088 351 3137 ult.)
378 3087 414 3130 εἰ
444 3086 491 3131 δὲ
518 3084 660 3142 πατήρ
690 3086 799 3130 ἐστιν
829 3100 954 3141 usque
984 3087 1036 3127 ad
1066 3084 1170 3130 οἷλλά
1201 3086 1248 3130 ἐκ
1278 3087 1433 3143 πατρὸς
1461 3089 1711 3143 γεγέννηται.

294 3156 569 3215 ragau.
611 3157 652 3198 Ὶ.
672 3157 712 3198 2.
731 3152 883 3199 ’‘Eo-rw
910 3154 1012 3210 γὰρ,
1045 3155 1152 3200 ἔστιν
1182 3155 1228 3200 τὸ
1261 3153 1423 3213 εὔλογον
1456 3161 1556 3199 Ven.
1588 3183 1640 3190 —-
1696 3159 1725 3198 1.
1751 3159 1778 3201 3
1806 3166 1850 3199 et
1885 3154 1925 3198 4.
1974 3155 2034 3206 ὦς
2058 3153 2089 3211 ἦ

184 3224 378 3271 ἀπείθεια
417 3227 515 3283 (sic)
559 3225 629 3271 διὰ
666 3227 746 3280 τῆς
783 3226 901 3274 esca<
938 3229 1040 3269 Ven.
1069 3251 1124 3258 —
1180 3227 1206 3267 l.
1236 3230 1275 3269 5.
1319 3224 1342 3271 ὁ
1367 3233 1465 3276 παῖς
1495 3243 1571 3281 μου
1601 3225 1622 3272 ὃ
1651 3224 1870 3282 οἷγαπητὸς
1899 3230 2006 3267 Ven.
2037 3251 2091 3259 —

183 3297 212 3338 1.
239 3297 278 3340 7.
308 3294 413 3355 ὁρᾷς
446 3299 538 3347 πῶς
573 3295 691 3351 φωνή
737 3294 808 3350 μὲν
845 3294 1000 3350 πατρὸς
1039 3298 1140 3336 Ven.
1171 3319 1224 3328 —-
1282 3297 1308 3337 1.
1334 3297 1373 3339 9.
1417 3296 1458 3340 ἐν
1488 3300 1540 3353 τῇ
1570 3297 1673 3353 δόξῃ
1699 3291 1732 3353 ᾗ
1760 3295 1867 3353 εἶχον
1903 3299 2006 3339 ven.
2040 3321 2092 3329 ——

181 3368 292 3410 1.12.
324 3364 401 3420 ὅτι,
432 3377 526 3409 ante
555 3360 702 3418 Οὗτος,
734 3381 813 3406 om.
842 3368 943 3406 Ven.
962 3397 974 3415 ‚
1003 3366 1071 3420 qui
1098 3365 1247 3406 deinde
1276 3366 1409 3420 pergit
1437 3364 1459 3410 ὁ
1481 3365 1570 3414 υἱός
1597 3382 1687 3420 μου,
1719 3364 1845 3410 αὐτοῦ
1883 3364 2095 3410 ἀκούσατε

185 3437 269 3481 καὶ.
305 3462 351 3469 -
410 3439 438 3479 1.
471 3440 529 3480 15.
565 3435 746 3490 όπατήρ
785 3436 824 3478 ἔν
863 3442 962 3490 (μου
988 3436 1125 3489 deest)
1168 3434 1291 3489 ἐσμεν
1327 3438 1429 3476 Ven.
1490 3436 1599 3476 Idem
1625 3437 1730 3477 liber
1756 3437 1855 3477 ibid.
1887 3438 2002 3478 delet
2029 3433 2094 3481 ’ὅτι

186 3517 281 3549 ante
314 3503 446 3562 Ἐγώ.
477 3533 527 3539 -
569 3509 596 3548 l.
630 3508 690 3550 17.
718 3507 789 3549 τοῦ
816 3501 970 3560 ἅρὲρου
1001 3501 1126 3548 αὐτοῦ
1154 3504 1226 3547 καὶ
1250 3503 1453 3560 οἶναμέσον
1482 3520 1579 3559 σημ.
1609 3508 1712 3546 Ven.
1745 3531 1796 3538 -
1845 3509 1960 3549 1.20.
1989 3504 2097 3563 άλη-

186 3578 317 3627 ἷὲείας.
366 3578 460 3621 Ποῦ
489 3576 539 3623 δὲ
566 3592 663 3633 σαφ.
695 3579 797 3618 Veu.
830 3600 880 3606 —
937 3576 965 3615 1.
993 3577 1058 3618 22.
1088 3574 1172 3626 τὸν,
1203 3584 1296 3629 post
1326 3573 1453 3629 ἐσήμ.
1480 3573 1765 3628 ἐνυπόστατον,
1799 3592 1878 3618 om.
1908 3581 2011 3620 Ven.
2038 3603 2093 3610 -

186 3649 214 3690 1.
236 3648 302 3689 24.
336 3645 653 3702 ἐκπορευόμενον
690 3646 762 3690 καὶ
788 3645 835 3689 ἐκ
860 3646 930 3688 τοῦ
966 3644 1065 3698 ἐμοῦ
1109 3648 1212 3685 Ven.
1246 3670 1299 3677 —
1357 3646 1383 3686 1.
1409 3649 1475 3687 25.
1508 3645 1778 3690 ἐνυπόστατον
1807 3647 1878 3690 καὶ
1905 3646 1976 3692 τὸν
2006 3647 2094 3693 υἱόν

188 3718 261 3763 καὶ
299 3717 407 3761 ἐνυπ.
449 3715 495 3761 τὸ
539 3714 654 3772 ἅγιον
695 3732 756 3760 πν.
814 3716 901 3758 Καὶ
937 3714 1055 3758 πάλιν
1099 3717 1200 3755 Ven.
1244 3741 1291 3747 —
1367 3717 1491 3757 1.·28.
1534 3717 1668 3765 καίτοι
1698 3719 1770 3760 τοῦ
1813 3734 1874 3761 πν.
1905 3721 2007 3760 Ven.
2040 3743 2094 3750 —-

187 3791 216 3831 l.
242 3789 308 3832 29.
342 3789 581 3843 συναληφπόν
610 3788 706 3843 (sic)
738 3790 839 3828 Ven.
872 3810 921 3817 -—
979 3786 1007 3826 1.
1035 3786 1103 3828 30.
1133 3785 1218 3829 υἱὸν
1243 3781 1336 3839 ἤτοι
1364 3785 1410 3828 τὸ
1440 3782 1552 3841 ἅγιον
1577 3790 1678 3830 ven.
1708 3814 1761 3819 —
1820 3790 1848 3829 l.
1877 3792 1917 3831 5.
1947 3790 1997 3830 ab
2019 3789 2096 3830 inf.

1625 3865 1685 3912 41,
1722 3860 1752 3891 *
