2508 4134
528 322 753 362 PANARH
779 321 883 361 Lm.
904 322 976 361 111.
1004 321 1138 362 ΤοΜ.
1161 323 1213 362 11.
1242 322 1405 363 HAER.
1431 322 1613 362 Lxxx.
1910 312 2008 362 481

119 436 415 489 nequaquam
447 418 686 487 legitimae
714 418 840 482 sint,
891 418 977 468 sed
1009 418 1137 469 in'ter
1166 428 1396 470 externas
1428 420 1721 484 habeantur,
1778 437 1834 471 ac
1859 419 2013 470 solum

120 505 209 556 sibi
238 501 567 556 Christianum
595 519 767 553 nomen
794 502 1070 553 vendicent.
1146 500 1286 569 Quae
1315 522 1421 554 cum
1452 505 1519 555 ita
1549 505 1676 568 sint,
1717 505 1898 554 veritas
1932 521 2018 554 no-

120 589 192 639 bis
219 588 323 656 ipsa
350 587 637 638 declaranda
662 594 902 655 superest,
945 594 1086 654 atque
1110 587 1249 637 unica
1279 586 1500 638 nimirum
1524 591 1607 637 illa
1628 590 1854 648 columba,
1897 605 2018 656 quae

123 690 150 724 a
186 688 364 740 sponso
403 671 717 721 collaudatur.

261 753 505 822 Quocirca
533 772 639 804 cum
669 753 813 804 otium
848 754 975 804 nacti
1004 754 1183 818 simu5‚
1226 762 1332 822 post
1359 753 1531 804 enixas
1565 755 1621 804 ad
1656 755 1791 806 deum
1822 772 2012 823 preceS‚
2046 757 2145 810 Cap.
2165 757 2242 797 XI.

122 849 174 891 ut
202 837 522 907 disputatione
557 838 784 902 brevem,
839 838 908 888 sic
937 837 1167 888 maiorum
1199 838 1455 889 traditione
1485 846 1664 888 certam
1695 839 1914 889 veritatis
1939 840 2020 890 de-

123 923 388 975 fensionem
421 922 646 991 deinceps
675 922 998 973 instituemuS.
1076 919 1213 988 Quae
1255 921 1444 989 quidem
1479 939 1574 972 non
1614 930 1828 994 tempore
1860 932 2022 991 poste-

123 1008 253 1070 rior,
310 1006 406 1056 imo
447 1023 565 1057 vero
606 1006 738 1075 prior
765 1005 984 1057 omnibus
1026 1005 1215 1070 extitit3
1268 1023 1453 1074 nosque
1483 1006 1540 1055 de
1570 1022 1624 1055 ea
1654 1014 1764 1056 ante
1796 1008 2023 1058 haereses

125 1110 321 1156 omueS‚
361 1108 468 1143 cum
497 1091 554 1140 de
581 1086 763 1142 Christi
791 1090 1122 1141 incarnatione
1152 1091 1523 1153 dissereremus,
1564 1091 1858 1141 mentionem
1884 1091 2023 1141 initio

125 1178 345 1229 fecimus.
434 1172 616 1225 Eadem
655 1192 798 1243 porro
838 1192 964 1225 nunc
1002 1193 1106 1226 cum
1151 1192 1317 1225 omnes
1362 1174 1631 1238 antecedit,
1686 1182 1782 1225 turn
1826 1172 2024 1226 Christo

125 1262 316 1313 domino
354 1268 461 1329 post
495 1259 598 1310 eius
629 1257 1036 1321 incarnationem,
1088 1259 1222 1310 velut
1251 1275 1427 1327 sponsa
1461 1258 1691 1326 quaedam
1723 1259 2027 1310 sanctissima

126 1345 380 1397 coniuncta
420 1352 512 1394 est.
590 1340 729 1409 Quae
770 1351 817 1393 et
861 1343 972 1394 olim
1010 1360 1113 1393 cum
1153 1343 1343 1394 Adamo
1386 1344 1616 1406 formata,
1672 1342 1791 1393 etin
1823 1343 1916 1394 illis
1947 1342 2026 1410 qui

125 1429 420 1482 Abraamum
464 1435 834 1496 praecesserunt
874 1427 1146 1496 praedicata
1189 1427 1432 1496 patribus,
1493 1435 1541 1477 et
1580 1435 1686 1493 post
1730 1426 2026 1477 Abraamum

127 1514 266 1565 fidem
303 1512 505 1576 merita,
560 1519 607 1561 et
646 1528 731 1579 per
756 1508 982 1580 Moysem
1011 1513 1281 1580 patefacta,
1333 1520 1381 1561 et
1405 1512 1528 1580 apud
1556 1510 1733 1562 Isaiam
1761 1512 2025 1580 praedicta,

128 1598 254 1649 etin
290 1593 487 1648 Christo
525 1595 881 1658 demonstrata,
936 1613 1041 1645 cum
1084 1612 1238 1663 eoque
1280 1595 1421 1646 simul
1459 1596 1709 1661 existenS,
1760 1595 2031 1664 posteriore

129 1700 157 1735 a
185 1680 323 1732 nobis
345 1681 454 1731 loco
480 1679 908 1730 commendabitur.
964 1677 1091 1730 Nam
1119 1680 1344 1730 athletam
1377 1689 1567 1747 oportet
1594 1681 1795 1749 primum
1820 1679 2031 1730 omnium

128 1766 177 1817 in
205 1763 468 1816 certamine
499 1781 553 1814 ac
585 1763 749 1814 labore
780 1762 1052 1831 ceterisque
1083 1764 1344 1831 generibus
1374 1765 1628 1827 exerceri,
1671 1773 1721 1815 ut
1751 1774 1919 1833 postea
1952 1782 2032 1814 co-

130 1867 297 1901 ronam
338 1849 564 1899 auferens
602 1846 651 1897 in
684 1848 863 1898 laetitia
905 1865 961 1898 ac
1000 1848 1244 1917 voluptate
1288 1850 1448 1916 degat.
1525 1847 1580 1899 In
1611 1866 1704 1916 quo
1734 1849 1921 1916 quidem
1950 1866 2031 1898 co-

130 1952 250 1985 rona
275 1932 379 2002 ipsa
406 1949 500 1982 non
527 1940 770 2000 postrema
799 1932 1008 1982 omnium
1042 1941 1141 1995 est,
1198 1933 1281 1983 sed
1309 1933 1464 1984 luctae
1496 1950 1550 1983 ac
1580 1933 1830 1983 certamini
1860 1950 2033 2001 propo-

133 2019 223 2070 sita
255 2025 498 2087 postremo
527 2015 571 2066 ei
605 2016 682 2083 qui
722 2016 768 2066 in
799 2033 992 2066 arenam
1026 2017 1357 2081 descenderit,
1412 2018 1468 2068 ad
1502 2018 1793 2085 voluptatem
1826 2017 2035 2067 delecta-

134 2102 407 2169 tionemque
435 2099 676 2151 tribuitur.
719 2097 858 2166 Quae
887 2119 994 2150 cum
1025 2100 1089 2151 ita
1115 2118 1167 2152 se
1199 2101 1424 2166 babeant,
1458 2102 1516 2152 ad
1547 2103 1817 2152 institutum
1848 2118 2033 2152 sermo-

134 2203 242 2238 nem
274 2186 553 2244 redeamus,
595 2185 734 2252 idque
767 2186 1151 2236 demonstremus
1175 2186 1348 2253 ipsum,
1390 2187 1628 2254 quomodo
1657 2204 1763 2236 cum
1791 2186 2035 2253 octoginta

135 2270 328 2341 pellices
355 2270 451 2319 sint
478 2286 534 2319 ac
564 2269 820 2337 sexaginta
849 2269 1076 2337 reginae,
1118 2270 1259 2320 unica
1285 2270 1424 2337 virgo
1450 2271 1531 2334 sit,
1574 2279 1622 2321 et
1648 2279 1800 2333 casta,
1844 2271 2035 2321 eadem-

137 2371 227 2423 que
253 2370 459 2422 sponsa,
512 2353 774 2418 columba,
812 2371 967 2422 agna,
1021 2362 1186 2405 sancta
1219 2354 1294 2405 dei
1327 2355 1528 2418 civitaS,
1582 2356 1729 2418 fides,
1780 2372 1835 2404 ac
1859 2357 2265 2444 firma-1·3'lil¹30th·

136 2448 333 2488 mentum
362 2441 594 2497 verztatz’s,
621 2440 772 2502 firma
794 2449 954 2504 petra,
1010 2449 1174 2488 contra
1202 2458 1336 2504 quam
1358 2449 1527 2504 portae
1555 2442 1701 2507 z'nserz
1723 2458 1814 2489 non
1834 2456 2032 2504 praeva-
2086 2427 2229 2530 Nllgttllg·

138 2524 310 2573 lebant.
387 2519 513 2572 Nam
544 2521 633 2571 huc
666 2539 816 2590 usque
848 2523 1035 2587 divina,
1077 2540 1214 2591 quam
1248 2523 1641 2592 imploravimus,
1693 2542 1784 2593 ope
1812 2542 1868 2574 ac
1898 2541 2038 2593 prae-

140 2607 263 2658 sidio
290 2606 400 2656 freti
426 2605 516 2656 hoc
545 2607 753 2656 assecuti
793 2623 956 2658 sumus
985 2616 1037 2657 ut
1073 2596 1343 2676 susceptam
1372 2626 1398 2659 a
1427 2609 1565 2659 nobis
1594 2610 1651 2658 de
1678 2608 1896 2659 omnibus
1926 2609 2041 2659 hae-

139 2691 329 2742 resibus
357 2689 724 2759 disputationem
750 2690 1138 2757 absolveremus3
1181 2710 1318 2760 quam
1350 2694 1408 2743 ad
1435 2691 1842 2744 Massalianorum
1873 2693 2041 2743 hacre—

140 2776 215 2826 sin
257 2792 405 2842 usque
447 2774 776 2844 perduximus,
853 2774 955 2826 Hac
995 2776 1153 2843 itaque
1190 2777 1323 2827 velut
1353 2778 1554 2845 quodam
1598 2778 1836 2845 evangelii
1876 2778 2039 2827 calceo

143 2860 447 2929 proculcata,
503 2859 699 2926 perinde
740 2876 796 2909 ac
841 2858 1200 2911 chamaeleonte
1239 2862 1525 2930 multipede,
1578 2861 1704 2931 turpi
1731 2879 1787 2912 ac
1816 2860 2039 2924 deformi,

143 2954 192 2995 et
221 2944 436 3013 graviter
461 2944 648 3007 olente,
702 2943 761 2993 ob
790 2942 906 2995 haec
933 2944 1089 2994 omnia
1116 2945 1190 2994 dei
1216 2946 1397 3012 gratias
1422 2963 1648 3014 agamuS,
1703 2963 1757 2996 ac
1786 2955 1967 3014 patrem
1990 2944 2041 2995 in

144 3029 269 3092 filio,
309 3029 454 3079 filium
480 3028 526 3078 in
557 3036 689 3097 patre
715 3045 819 3077 cum
850 3036 1017 3078 sancto
1043 3028 1211 3095 spiritu
1241 3030 1538 3081 celebremus
1568 3030 1616 3080 iu
1646 3031 1842 3080 saecula
1874 3046 2040 3080 saecu·

145 3113 329 3176 lorum,
369 3112 548 3164 Amen.

202 3222 244 3266 4.
261 3223 525 3291 παρέλῇομεν
545 3225 655 3263 codd.
670 3235 759 3263 mss.
782 3228 818 3263 et
842 3225 929 3263 edit.
942 3226 1064 3273 princ.
1178 3222 1216 3266 6.
1249 3220 1512 3278 υποδῆγματι
1539 3228 1620 3266 cod.
1652 3228 1810 3276 Rhediy.

202 3282 242 3321 5.
276 3295 320 3322 ου
351 3293 667 3335 κατισχυσουσιν
693 3281 774 3319 cod.
801 3282 960 3330 Rhediy.
991 3294 1067 3321 ουκ
1178 3280 1216 3321 7.
1250 3282 1485 3331 Subscriptio
1509 3284 1548 3321 in
1573 3284 1683 3322 codd.
1712 3294 1803 3321 mss.
1828 3285 1880 3320 est
1913 3278 2044 3327 Τέλος

148 3332 436 3392 ἀτισχυσουσιν
463 3330 771 3378 cod.1en.013>e
797 3332 1063 3390 ἅντισχύσου-
1119 3333 1171 3377 τὰ
1195 3334 1303 3378 κατὰ
1328 3337 1616 3389 μασσαλιανῶν
1645 3337 1931 3391 (σαμαλιανῶν
1959 3337 2042 3376 cod.

150 3405 211 3435 σιν
240 3394 332 3433 editi
360 3394 457 3433 libri.
1121 3391 1219 3444 len.)
1250 3388 1455 3446 δόγματα.

245 3870 387 3915 eorpus
406 3870 628 3906 Haereseol.
659 3870 705 3905 11.
727 3871 757 3904 3.
1650 3873 1710 3923 31
