2508 4134
231 2249 316 2284 pag.
339 2240 416 2275 ⁰19.

437 239 540 291 200
1144 244 1351 287 SANGTI
1381 239 1664 287 EPIPHANH

1518 340 1598 361 9·ss
1667 342 1680 361 2

435 342 746 413 ζητούμενοι,
797 345 887 396 καὶ
910 340 1072 395 οὐκέτι
1098 339 1167 404 εἷς
1194 341 1316 404 θεός
1346 343 1474 396 ἐστιν
1497 364 1530 395 ὀ
1558 363 1626 395 ων
1654 342 1759 406 αεὶ,
1808 343 1894 395 καὶ
1921 341 2017 413 πρό
2042 342 2199 398 αὐτοῦ
2225 346 2378 413 μηδὲν

437 427 675 497 ἐσχηκώς,
728 429 812 480 καὶ
851 428 925 480 ἀεὶ
965 430 1196 480 διατελῶν
1232 428 1318 480 καὶ
1355 428 1538 495 μένων,
1593 428 1641 489 ἐξ
1684 420 1746 480 οὗ
1775 424 1804 479 ὅ
1829 427 2100 498 μονογενὴς
2136 426 2380 498 άληθινὸς

434 513 545 576 υἷὸς
573 514 852 584 γεγέννηται
877 514 965 565 καὶ
991 514 1117 578 ἔστι,
1168 515 1254 565 καὶ
1282 509 1335 566 τὸ
1373 512 1515 583 ἅγιον
1554 511 1710 564 αὐτοῦ
1737 517 1929 580 πνεῦμα
1963 514 2013 576 ἐξ
2044 511 2226 580 αὐτοῦ,
2279 513 2379 569 ἀλλ’

435 600 627 652 ἔσονται
658 600 709 651 οἷ
737 596 1024 665 ζητούμενοι
1051 599 1222 651 πολλοὶ
1251 598 1388 663 θεοὶ,
1445 599 1528 650 καὶ
1554 595 1728 650 λοιπὸν
1755 595 1815 650 τά
1842 595 2001 650 πάντα
2029 597 2194 668 ἀπάτη
2224 602 2379 666 ἔσται,

435 685 521 737 καὶ
551 682 647 736 οὐκ
677 682 903 751 ἀλήθεια.
977 688 1075 736 Δεῖ
1097 684 1284 748 δὲκαὶ,
1324 680 1391 744 οἷς
1422 684 1567 747 ἔστιν,
1607 684 1692 736 ἕνα
1720 683 1894 735 εἰδέναι
1925 680 2049 736 θεόν
2079 686 2266 755 πατέρα
2291 684 2380 739 τοῦ

435 771 614 838 κυρίου
651 765 791 836 ἡμῶν
821 766 988 836 Ἰησοῦ
1019 773 1261 838 Χριστοῦ,
1314 770 1364 830 ἐξ
1395 761 1456 820 οὗ
1480 769 1564 820 καὶ
1591 766 1644 820 τὸ
1673 774 1866 835 πνεῦμα
1892 766 1946 821 τὸ
1974 767 2118 840 ἅγιον
2154 767 2257 823 dud
2290 792 2380 823 πα-

435 853 550 925 τρός
578 853 994 923 ἐκπορευόμενον,
1045 855 1127 907 καὶ
1168 858 1258 906 τοῦ
1295 855 1408 905 υἱοῦ
1435 851 1705 920 λαμβάνον.
1782 855 1884 906 Καὶ
1912 853 2036 922 αῦτη
2076 856 2206 908 ἐστὶν
2234 852 2270 923 ἦ
2295 858 2383 923 μία

435 937 642 1007 θεότης,
696 936 767 1001 εἷς
797 937 942 1002 θεὸς,
997 936 1066 1001 εἷς
1092 937 1288 1008 κύριος,
1340 936 1503 1006 πατὴρ
1517 979 1531 1002 ,
1581 939 1666 991 καὶ
1700 936 1835 1003 υἷὸς,
1885 941 1971 992 καὶ
1994 939 2137 1010 ἅγιον
2171 945 2382 1008 πνεῦμα,

437 1022 497 1078 οὗ
537 1022 820 1091 1συναλιφή
851 1045 923 1086 τις
951 1022 1020 1077 ὦν
1049 1021 1077 1077 ὅ
1105 1022 1217 1085 υἷὸς
1246 1028 1315 1095 τῷ
1343 1023 1517 1092 πατρὶ,
1558 1022 1677 1075 οὐδὲ
1705 1021 1758 1076 τὸ
1790 1023 1933 1094 ἅγιον
1959 1030 2178 1092 πνεῦμα,
2219 1022 2384 1078 2άλλοὶ

436 1107 466 1163 ὅ
492 1108 655 1180 πατὴρ
694 1108 883 1180 πατὴρ,
935 1111 1017 1162 καὶ
1055 1106 1086 1162 ὅ
1114 1107 1224 1170 υἷὸς
1258 1106 1401 1173 υἱὸς,
1451 1109 1537 1160 καὶ
1571 1106 1715 1177 ἅγιον
1755 1115 1950 1176 πνεῦμα
1989 1108 2135 1180 ἅγιον
2173 1116 2383 1179 πνεῦμα,

435 1198 546 1264 τρία
579 1196 754 1262 τέλεια,
812 1198 899 1262 μία
939 1193 1143 1261 θεότης,
1198 1190 1268 1254 εἷς
1303 1190 1452 1256 θεός,
1506 1189 1576 1254 εἷς
1603 1192 1799 1262 κύριος,
1855 1191 1923 1255 ὥς
1947 1196 2030 1247 καὶ
2061 1194 2301 1258 πολλάκις
2332 1197 2385 1249 ἐν

436 1280 619 1342 πάσαις
646 1282 885 1351 αἱρέσεσιν
913 1279 1042 1333 οὕτω
1071 1277 1161 1346 τήν
1193 1279 1306 1347 περὶ
1338 1282 1465 1330 θεοῦ
1507 1276 1831 1345 ἀπεδώκαμεν
1871 1282 2170 1350 δοξολογίαν.
2255 1279 2387 1334 Οὐκ-

431 1372 528 1420 ὀῦν
556 1365 725 1434 ἐπειδὴ
756 1363 825 1428 εἷς
853 1367 951 1419 ἔστι
976 1362 1098 1426 θεὸς
1114 1405 1127 1428 ,
1164 1365 1249 1416 καὶ
1275 1362 1371 1415 οὐκ
1395 1364 1469 1436 ἔνι
1491 1360 1759 1430 ὑπολαβεῖν
1784 1364 1948 1434 ἕτερον
1976 1363 2112 1435 παρά
2142 1362 2227 1418 τὸν
2253 1363 2385 1432 ὄντα,

435 1458 740 1520 θαυμαστῶς
768 1452 855 1504 καὶ
890 1448 1160 1521 α’γέννητός
1188 1450 1317 1503 ἔστιν
1347 1445 1377 1501 ὅ
1402 1446 1562 1517 πατὴρ
1591 1449 1671 1501 καὶ
1707 1446 1960 1514 ἅκτιστος,
2014 1453 2099 1504 καὶ
2129 1448 2159 1504 o‘
2185 1472 2388 1522 μονογε-

434 1536 523 1606 νὴς
549 1537 659 1599 υἷὸς
685 1543 774 1590 τοῦ
803 1542 926 1590 θεοῦ
960 1539 1009 1599 ἐξ
1035 1533 1189 1588 αὐτοῦ
1218 1535 1478 1604 γεννηθεὶς
1507 1530 1599 1586 οὐκ
1637 1532 1876 1602 ἀνόμοιος
1914 1532 2047 1609 αὐτῷ
2071 1534 2196 1590 κατά
2227 1535 2388 1590 πάντα

434 1621 620 1692 τρόπον
662 1620 910 1692 τυγχάνει,
965 1619 1081 1674 άλλοὶ
1122 1618 1302 1673 ταύτὸν
1338 1625 1408 1693 τῷ
1435 1620 1584 1687 πατρὶ
1617 1621 1701 1672 καὶ
1732 1622 1837 1682 ἴσος
1864 1619 1990 1674 κατά
2028 1626 2198 1675 πᾶσαν
2227 1616 2386 1688 ἆξίαν,

436 1706 531 1761 κάν
555 1729 606 1760 τε
635 1705 664 1762 ὅ
693 1708 780 1776 μὲν
806 1708 1110 1777 γεγέννηται,
1166 1702 1195 1759 ό
1221 1706 1274 1758 δὲ
1301 1704 1567 1776 ἆγέννητός
1603 1707 1745 1758 ἔστιν.
1822 1707 1893 1758 Εἰ
1918 1707 2006 1774 μὲν
2038 1705 2130 1777 γάρ
2160 1706 2286 1770 ὅλως
2313 1727 2388 1778 γε·

437 1794 673 1863 γέννηκεν
715 1795 764 1856 ἐξ
792 1792 950 1846 αὐτοῦ
977 1790 1064 1846 τὸν
1105 1790 1245 1854 υἱόν,
1287 1788 1532 1844 άδύνατον
1565 1789 1631 1859 μή
1663 1787 1789 1844 εἶναι
1814 1793 1922 1844 ἴσον
1949 1797 2016 1863 τῷ
2048 1794 2195 1864 πατρὶ
2227 1794 2312 1846 καὶ
2337 1791 2389 1847 δ’-

436 1900 593 1946 μοιον.
673 1883 787 1931 Πᾶν
806 1877 899 1949 γάρ
927 1875 981 1931 τὸ
1008 1882 1193 1948 γεννῶν
1219 1875 1396 1945 ὅμοιον
1427 1878 1587 1948 ἑαυτῷ
1614 1882 1776 1948 γεννᾷ,
1817 1878 1901 1930 καὶ
1929 1876 1989 1930 οὐ
2013 1876 2170 1945 μόνον
2194 1876 2386 1946 ὅμοιον,

440 1961 539 2016 ἀλλ’
589 1966 699 2017 ἴσον
733 1969 794 2037 τῇ
832 1961 1102 2030 ταυτότητι.
1161 1960 1468 2034 ’Ἀνθρωπος
1505 1963 1594 2030 μὲν
1634 1960 1725 2032 γάρ
1766 1959 2041 2032 ἄνθρωπον
2077 1971 2253 2039 γεννᾷ,
2304 1967 2390 2020 καὶ

434 2047 558 2111 θεὸς
601 2048 736 2103 θεόν.
816 2050 917 2102 Καὶ
958 2046 988 2102 ὅ
1031 2049 1159 2116 ’ὃμὲν
1212 2047 1485 2119 ἅνθρωπος
1524 2050 1578 2102 έκ
1615 2046 1855 2115 σωμάτων
1899 2055 2208 2119 συμπλοκῆς,
2267 2048 2297 2105 o‘
2334 2051 2389 2106 δὲ

434 2133 558 2197 θεὸς
582 2132 950 2205 άνεκδιηγήτως
978 2132 1132 2202 μόνος
1159 2140 1401 2204 μονογενῆ
1430 2135 1710 2204 γεγέννηκε,
1763 2135 1849 2186 καὶ
1875 2131 1937 2187 οὗ
1966 2133 2092 2188 κατά
2121 2158 2230 2189 τινα
2257 2136 2387 2206 4ρύ-

439 2238 543 2286 σιν,
586 2226 609 2256 ⁵
628 2219 743 2274 οὐδὲ
772 2219 1041 2288 συστολὴν,
1080 2217 1195 2273 οὐδὲ
1228 2219 1526 2287 πλατυσμόν.
1599 2217 1736 2271 'Amol
1768 2225 1962 2286 πνεῦμα
1996 2218 2066 2273 ὢν
2094 2218 2124 2274 o‘
2151 2220 2313 2293 πατὴρ
2340 2224 2390 2286 ἐξ

436 2306 596 2360 αὐτοῦ
644 2304 869 2377 άνάρχως
911 2307 995 2359 καὶ
1038 2303 1261 2375 άχρόνως
1295 2303 1382 2358 τόν
1424 2303 1536 2358 υἷόν
1577 2305 1831 2375 ἐγέννησεν
1873 2303 2047 2373 ὅμοιον
2086 2307 2223 2380 αὐτῷ
2263 2306 2390 2360 κατά

437 2390 599 2445 πάντα
628 2393 713 2445 καὶ
748 2394 884 2457 ἴσον,
939 2389 1006 2453 ὥς
1033 2392 1156 2460 λέγει
1186 2389 1238 2444 τὸ
1273 2389 1415 2461 ἅγιον
1454 2389 1756 2460 εὐαγγέλιον,
1811 2389 1913 2455 ὅτι,
1965 2389 2195 2459 Ἐζήτουν
2239 2390 2390 2446 αὐτόν

437 2477 729 2531 ἀποκτεῖναι
755 2480 806 2530 οἱ
827 2475 1085 2542 Ἰουδαῖοι,
1138 2475 1214 2530 ὅτι
1243 2476 1303 2529 οὗ
1331 2476 1486 2544 μόνον
1518 2477 1624 2529 ἔλυε
1662 2474 1717 2528 τὸ
1751 2474 2025 2543 σάββατον,
2075 2475 2174 2530 ἀλλ’
2202 2476 2280 2531 ὅτι
2305 2480 2390 2532 καὶ

436 2561 549 2616 υἷὸν
578 2569 708 2616 θεοῦ
739 2562 917 2616 ἑαυτὸν
940 2565 1121 2633 ἔλεγεν,
1175 2565 1283 2615 ἴσον
1318 2560 1493 2615 ἑαυτὸν
1535 2566 1696 2615 ποιῶν
1729 2565 1797 2634 τῷ
1832 2567 1947 2633 θεῷ.
2025 2567 2147 2625 Παῖς
2175 2560 2270 2634 γάρ
2301 2563 2392 2632 οὐχ

434 2647 611 2716 ὅμοιος
636 2653 705 2719 τῷ
740 2650 889 2717 πατρὶ
932 2650 1014 2700 καὶ
1050 2650 1154 2710 ἴσος
1192 2646 1317 2700 κατά
1358 2646 1542 2713 πάντα,
1603 2644 1632 2700 ό
1659 2649 1710 2700 έν
1736 2644 1867 2719 αὐτῷ
1902 2648 2025 2715 ἔχων
2051 2646 2105 2701 τὸ
2137 2654 2252 2716 ζῆν,
2303 2651 2388 2702 καὶ

436 2734 616 2804 λέγων,
654 2732 846 2804 ’Ώςπερ
876 2731 906 2787 ὅ
932 2732 1092 2803 πατὴρ
1127 2736 1296 2804 ἐγείρει
1327 2731 1451 2794 τούς
1480 2731 1713 2803 νεκρούς,
1753 2730 1882 2785 οὕτω
1908 2734 1992 2785 καὶ
2025 2729 2055 2786 ό
2079 2731 2189 2796 υἷὸς
2217 2736 2390 2804 ἐγείρει

436 2816 556 2880 τοῦς
598 2818 829 2889 νεκρούς-ς
880 2820 963 2872 καὶ
1005 2820 1180 2889 λέγων,
1230 2817 1285 2871 Ὁ
1313 2817 1544 2889 ἑωρακώς
1589 2819 1670 2886 ἐμὲ
1700 2816 1887 2889 ἑώρακε
1913 2816 2002 2872 τόν
2030 2820 2229 2890 πατέρα.
2311 2812 2387 2874 Οὗ

438 2904 646 2957 δύναται
691 2906 1071 2975 6διηλλαγμένος
1110 2902 1231 2958 εἶναι
1262 2902 1291 2958 ὅ
1327 2902 1390 2957 δι’
1420 2905 1598 2957 ἑαυτοῦ
1629 2901 1713 2957 τόν
1749 2904 1936 2974 πατέρα
1972 2907 2251 2972 σημαίνων,
2305 2906 2390 2959 καὶ

439 2988 469 3044 ὅ
491 2992 644 3060 λέγων
671 2988 770 3056 ὅτι,
806 2987 861 3043 Ὁ
888 2988 1140 3060 γινώσκων
1170 2991 1252 3058 ἐμὲ
1280 2988 1507 3060 γινώσκει
1530 2988 1619 3043 τόν
1649 2990 1864 3059 πατέρα,
1915 2991 2028 3054 καὶ,
2065 2987 2128 3042 ‘O
2158 2989 2390 3060 ἑωρακώς

439 3076 522 3143 ἐμὲ
550 3074 735 3147 ἑώρακε
759 3073 846 3129 τὸν
873 3077 1085 3145 πατέρα,
1138 3073 1206 3137 ὥς
1237 3074 1393 3128 αὐτοῦ
1426 3074 1519 3128 οὐκ
1547 3074 1693 3128 ἄλλου
1733 3073 1877 3137 ὄντος
1908 3072 2043 3144 παρά
2075 3073 2161 3127 τόν
2183 3077 2387 3145 πατέρα,

440 3159 507 3224 ὥς
532 3163 616 3214 καὶ
645 3159 675 3214 ό
699 3160 860 3232 πατὴρ
908 3162 991 3214 καὶ
1019 3158 1049 3214 ό
1077 3159 1189 3222 υἱός
1225 3164 1474 3229 σημαίνει,
1530 3159 1830 3228 Ποιήσωμεν
1873 3157 2146 3230 ἄνθρωπον
2189 3158 2294 3212 κατ’
2325 3162 2389 3213 εἰ-

440 3245 565 3300 κόνα
592 3244 862 3317 ἡμετέραν,
901 3248 984 3299 καὶ
1010 3243 1128 3299 καθ’
1159 3244 1407 3313 ὁμοίωσιν.
1483 3249 1555 3298 Εἰ
1578 3247 1666 3313 μὲν
1693 3245 1784 3317 γάρ
1812 3245 1907 3299 οὐκ
1936 3239 1998 3312 ἦν
2025 3241 2055 3298 ό
2077 3243 2188 3306 υἵός
2213 3243 2389 3312 ὅμοιος

438 3338 507 3404 τῷ
533 3333 708 3402 πατρὶ,
747 3339 856 3395 πῶς
883 3331 1057 3386 λοιπόν
1084 3329 1114 3385 ὅ
1144 3329 1415 3400 ἅνθρωπος
1437 3330 1540 3384 κατ’
1569 3330 1734 3384 εἰκόνα
1762 3333 1846 3384 καὶ
1877 3327 1996 3382 καθ’
2025 3326 2262 3397 ὁμοίωσιν
2289 3332 2388 3401 ἐγέ-

440 3438 576 3481 νετο,
616 3417 676 3470 οὗ
707 3416 797 3487 γάρ
829 3415 961 3470 εἶπεν
994 3416 1023 3471 ὅ
1052 3415 1243 3485 πατὴρ,
1288 3415 1588 3485 Ποιήσωμεν
1614 3414 1887 3486 ἄνθρωπον
1911 3412 2016 3467 κατ’
2045 3413 2214 3468 εἰκόνα
2245 3415 2386 3484 έμήν,

439 3500 472 3569 ἢ
502 3500 621 3553 Κατ’
653 3501 818 3555 εἰκόνα
860 3501 976 3570 σὴν,
1029 3500 1149 3557 ἄλλά
1180 3500 1302 3555 Κατ’
1340 3501 1505 3556 εἰκόνα
1547 3500 1797 3572 ἡμετέραν.
1870 3497 1990 3552 Ἀπὸ
2021 3500 2074 3552 δὲ
2112 3505 2201 3553 τοῦ
2245 3499 2387 3555 Kato}

502 3617 599 3658 CAP.
631 3620 702 3659 VI.
734 3643 786 3649 --
863 3621 898 3660 1.
942 3623 1003 3660 Ita
1046 3622 1134 3660 libri
1179 3622 1314 3670 scripti
1360 3623 1395 3660 et
1508 3618 1548 3660 3.
1580 3615 1653 3672 μὲν
1683 3613 1762 3671 γὰρ
1793 3608 2013 3669 ἅνθρωπος
2041 3618 2100 3657 ed.
2136 3619 2270 3657 Petav.
2314 3617 2386 3657 Go-

446 3676 506 3714 ed.
532 3677 657 3724 princ.
734 3674 964 3729 συναλοιφή
998 3679 1088 3716 edit.
1121 3678 1259 3718 Petav.
1460 3678 1536 3716 lon.
1566 3678 1682 3724 repet.

500 3731 540 3772 2.
570 3726 676 3774 οἷλλά
705 3735 863 3786 scripti,
894 3728 984 3775 ἀλλ’
1014 3735 1107 3773 editi
1135 3736 1235 3775 libri.
1493 3732 1531 3770 4.
1578 3731 1727 3779 Scripsi
1765 3726 1881 3782 ῥύσιν
1900 3760 1911 3781 ,
1952 3730 2056 3779 quod
2092 3731 2260 3770 voluisse
2299 3732 2388 3778 post

1441 3789 1674 3829 Cornarium
1703 3786 1785 3841 <qui
1809 3788 1923 3826 vertit
1949 3785 2242 3839 defluxionem)
2268 3787 2385 3826 etiam
