2508 4134
239 914 323 950 pag.
355 904 430 942 922.

217 1338 330 1394 Κεφ.
362 1335 416 1383 5‘.

459 265 563 318 206
1178 278 1381 321 sANc'm
1410 281 1694 324 EP1PHAN11

442 372 601 427 “va
628 371 722 443 γὰρ
761 375 874 446 εἴπῃ
903 370 932 426 ὅ
958 372 1251 444 μονογενής,
1306 374 1375 439 ὥς
1409 375 1512 432 ἅνω
1551 401 1633 446 μοι
1666 381 1880 448 εἴρηται,
1915 379 2026 433 Ἵνα
2047 381 2323 453 γινώσκωσί
2348 402 2401 439 σε
2465 432 2469 436 .

455 457 543 512 τὸν
577 457 733 526 μόνον
758 456 1000 526 ἀληθινὸν
1029 458 1176 525 θεὸν,
1230 462 1312 514 καὶ
1342 461 1400 515 ὃν
1427 463 1709 526 ἀπέστειλας
1737 462 1928 532 Ἰησοῦν
1960 466 2201 536 Χριστόν,
2258 469 2399 536 ἀφῶ,

455 562 586 613 ρισεν
631 542 806 597 ἑαυτὸν
847 542 948 597 ἆπὸ
987 551 1077 612 τῆς
1111 549 1323 609 κτίσεως.
1408 545 1495 610 Ὡς
1534 551 1619 602 καὶ
1661 547 1690 603 ὁ
1726 548 2000 613 ἀπόστολος
2043 551 2248 620 φάσκει,
2301 552 2398 618 Εἷς

453 628 596 692 θεὸς,
650 631 698 692 ἐξ
739 651 801 682 ου
828 627 888 681 τοὶ
911 650 1097 695 παντα,
1149 633 1234 684 καὶ
1266 630 1407 700 ἡμεῖς
1444 631 1505 687 δι’
1540 634 1720 700 αὐτοῦ,
1771 637 1853 689 καὶ
1895 634 1966 698 εἷς
2002 635 2176 709 κύριος
2200 639 2399 708 Ἰησοῦς

457 714 693 785 Χριστὸς,
744 712 806 768 δι’
837 708 900 767 οὗ
931 738 991 767 τα
1026 713 1212 782 πάντα,
1262 721 1343 771 καὶ
1372 716 1513 786 ἡμεῖς
1551 718 1613 773 δι’
1648 720 1817 774 αὑτοῦ
1895 725 1998 775 Καὶ
2027 720 2151 796 ὁρᾷς
2176 725 2265 791 μὲν
2290 747 2398 789 πως

452 802 633 864 ἔδειξεν
674 802 761 854 ἕνα
797 800 919 854 θεὸν
949 800 1036 855 τόν
1069 803 1281 873 πατέρα,
1335 805 1420 857 ἕνα
1453 805 1505 857 δὲ
1532 804 1707 875 κύριον
1731 804 1816 859 τόν
1852 809 1900 870 ἐξ
1932 807 2086 862 αὐτοῦ
2115 813 2398 880 γεγεννημέ·

453 907 564 951 νον,·
613 887 694 939 καὶ
727 886 822 940 οὐκ
858 883 1019 953 εἶπεν,
1073 886 1169 951 Εἷς
1193 888 1337 954 θεὸς,
1375 891 1460 942 καὶ
1489 887 1559 951 εἷς
1583 890 1780 961 κύριος,
1832 891 1923 945 σῦν
1956 900 2077 947 πᾶσι
2105 903 2210 958 τοῖς
2239 898 2288 960 ἐξ
2311 919 2397 950 av·

449 978 539 1026 τοῦ
561 971 838 1042 γεγονόσιν,
890 971 1016 1038 ἀλλ’,
1056 971 1152 1036 Εἷς
1179 973 1378 1044 κύριος,
1429 972 1492 1028 δι’
1515 969 1576 1028 οὗ
1599 998 1659 1028 τα
1685 998 1861 1030 παντα.
1936 981 2010 1032 Εἰ
2030 980 2082 1033 δὲ
2110 978 2181 1043 εἷς
2205 980 2394 1053 κύριος,

450 1055 512 1111 δι’
543 1080 605 1112 ου
643 1081 703 1111 τα
733 1081 895 1112 παντα
928 1061 1084 1124 ἐστιν,
1139 1059 1233 1112 οὐκ
1262 1061 1392 1113 ἔστιν
1418 1056 1490 1122 εἷς
1525 1063 1580 1114 ἐκ
1607 1061 1832 1128 πάντων,
1885 1063 2004 1117 ἄλλα
2046 1066 2256 1135 ποιητής
2296 1073 2395 1122 τῶν

451 1165 709 1210 απαντων,
749 1151 888 1198 4των
925 1146 1252 1213 κεκτισμένων
1288 1144 1489 1199 πάντων
1526 1145 1724 1215 κτιστής
1759 1145 2005 1220 ὑπάρχων.

598 1321 700 1370 Τοῦ
729 1316 782 1370 δὲ
810 1319 926 1370 υἱοῦ
964 1319 1018 1371 ἐκ
1056 1314 1243 1386 πατρὸς
1282 1317 1660 1388 γεγεννημένου,
1712 1319 1796 1371 καὶ
1835 1321 1890 1372 ἐκ
1917 1319 2390 1392 πατρόςτυγχάνον-

445 1424 554 1468 τος,
613 1400 676 1456 δι’
716 1396 776 1456 οὗ
815 1400 874 1455 τά
926 1401 1087 1456 πάντα
1130 1404 1405 1473 γεγένηται,
1461 1402 1701 1470 ἀνόμοιος
1750 1411 1852 1466 τοῖς
1899 1409 2050 1459 πᾶσίν
2089 1408 2244 1473 ἐστιν,
2305 1406 2390 1464 οἷα

445 1487 507 1556 δή
532 1486 728 1556 κτιστής
760 1486 830 1540 ὧν
852 1493 949 1541 τῶν
982 1486 1242 1553 απάντων,
1291 1487 1459 1557 ἐπειδὴ
1491 1486 1560 1550 εἷς
1591 1490 1676 1542 καὶ
1711 1486 1783 1552 εἷς
1805 1488 1928 1553 θεὸς
1954 1488 1982 1545 ό
2007 1492 2197 1563 πατὴρ,
2249 1495 2300 1558 ἐξ
2326 1487 2389 1549 οὗ

443 1596 503 1626 τα
533 1574 720 1639 πάντα,
774 1575 858 1626 καὶ
896 1573 1069 1644 κύριος
1103 1573 1322 1641 Ἰησοῦς,
1381 1572 1443 1627 δι’
1486 1568 1547 1627 οὗ
1583 1597 1643 1626 τα
1679 1575 1862 1642 πάντα,
1917 1580 2274 1647 συνενουμένης
2302 1585 2388 1648 τῆς

444 1682 548 1713 ανω
577 1661 774 1724 λέξεως,
826 1658 909 1713 δια
937 1666 1026 1713 τοῦ
1055 1656 1151 1722 Εἷς
1174 1661 1259 1712 καὶ
1287 1656 1406 1724 Εἷς,
1447 1662 1527 1713 καὶ
1561 1658 1644 1713 διὰ
1670 1666 1759 1714 τοῦ
1779 1660 1865 1724 Ἐξ
1893 1664 1954 1715 οὑ
1981 1664 2064 1717 καὶ
2093 1661 2172 1717 Δι’
2203 1658 2291 1730 οῦ,
2328 1687 2384 1720 το

443 1745 533 1814 μὲν
559 1751 732 1812 σαφῶς
762 1747 815 1799 ἐκ
854 1743 1043 1815 πατρὸς
1079 1744 1165 1798 τὸν
1202 1743 1313 1798 υἱόν
1351 1745 1646 1814 δεδήλωκεν,
1696 1744 1750 1799 τὸ
1795 1747 1848 1799 δε
1877 1745 2041 1802 οὐκέτι
2073 1747 2160 1803 τόν
2191 1749 2305 1804 υἱόν
2330 1753 2384 1806 ἐκ

441 1838 542 1884 τῶν
573 1836 763 1885 λοιπῶν
799 1827 924 1884 εἶναι
961 1836 1263 1896 θαυμαστῶς
1308 1830 1598 1900 ἀπεφήνατο
1610 1874 1623 1896 ,
1673 1829 1752 1885 Δι’
1787 1826 1848 1885 οὗ
1880 1832 1939 1886 τοὶ
1965 1833 2128 1888 πάντα
2155 1834 2381 1902 φάσκων,

440 1918 524 1969 ἵνα
550 1920 682 1990 δείξῃ
713 1918 898 1988 πατέρα
928 1915 1069 1982 ὅντα,
1119 1918 1206 1970 καὶ
1236 1914 1347 1969 υἱόν
1379 1916 1498 1970 ὄντα
1523 1915 1622 1971 find
1646 1916 1832 1987 πατρός
1858 1916 2000 1982 ὄντος
2025 1919 2112 1974 τόν
2139 1928 2383 1992 μονογενῆ

442 2001 628 2073 κύριον.
690 2000 857 2073 ’Ἑλεγε
883 2003 935 2056 δὲ
961 2008 1114 2055 ταῦτα
1151 2000 1181 2056 ὅ
1220 2001 1498 2064 ἀπόστολος
1529 2002 1768 2071 πνεύματι
1804 2001 1927 2078 ἆγίῳ
1964 2005 2263 2076 φερόμενος,
2301 2011 2379 2063 διὸ

443 2087 537 2142 οὐκ
567 2091 672 2158 ἔσχε
709 2092 872 2158 χρείαν
903 2090 1014 2160 περὶ
1049 2086 1330 2156 πνεύματός
1359 2111 1404 2141 τι
1428 2092 1671 2156 δηλῶσαι,
1724 2087 1812 2158 οὐχ
1845 2087 1913 2152 ὥς
1939 2090 2008 2159 μὴ
2036 2095 2380 2163 συνδοξαζομέ-

439 2196 533 2228 νου
558 2182 648 2229 τοῦ
673 2173 951 2242 πνεύματος
979 2177 1125 2244 πατρὶ
1155 2176 1240 2228 καὶ
1271 2176 1391 2247 υἱῷ,
1431 2171 1537 2227 οὐδ’
1566 2177 1650 2228 ἵνα
1676 2172 1795 2229 αὐτὸ
1821 2174 1923 2229 ἀπὸ
1952 2183 2050 2230 τῶν
2070 2176 2271 2233 πάντων
2295 2197 2381 2248 ση-

441 2261 572 2335 μάνῃ
599 2267 699 2314 τῶν
723 2258 786 2314 δι’
806 2263 921 2313 υἱοῦ
948 2261 1284 2328 κεκτισμένων.
1323 2258 1496 2330 ’Ἠρκει
1523 2259 1616 2331 γάρ
1641 2259 1696 2314 τό
1715 2269 2158 2331 συναριθμῃθῆναι
2184 2262 2266 2317 διᾶ
2291 2271 2379 2333 τῆς

440 2350 644 2415 βεβαίας
671 2344 934 2448 ὁμολογίας
961 2351 1048 2399 τοῦ
1074 2347 1189 2399 υἱοῦ
1216 2347 1366 2450 πατρὶ
1393 2348 1474 2399 καὶ
1504 2348 1622 2418 υἱῷ,
1661 2348 1714 2399 έν
1739 2353 1808 2419 τῷ
1839 2350 2019 2414 εἰπεῖν,
2046 2347 2378 2413 Ἀπελθόντες

439 2436 705 2500 βαπτίσατε
735 2431 854 2495 εἰς”
826 2454 983 2499 ονομα
1014 2429 1228 2502 πατρός,
1264 2433 1350 2484 καὶ
1380 2434 1522 2497 υἱοῦ,
1555 2433 1641 2485 καὶ
1671 2429 1814 2502 ἇγίου
1841 2431 2133 2501 πνεύματος.
2211 2440 2374 2507 Φθεγ·

437 2516 647 2588 γόμενος
675 2524 796 2587 γοῦν
826 2515 856 2571 ό
885 2514 1181 2582 ἀπόστολος,
1234 2523 1416 2584 μᾶλλον
1444 2517 1496 2570 δὲ
1525 2516 1580 2570 τό
1611 2524 1806 2586 πνεῦμα
1836 2517 1891 2573 τὸ
1921 2518 2062 2590 ἅγιον
2097 2521 2374 2592 φθεγγόμε.

438 2625 526 2657 νον
555 2605 607 2658 ἐν
635 2603 798 2675 αὐτῷ,
851 2602 948 2656 οὐκ
974 2595 1152 2671 ἐδήλου
1179 2604 1291 2672 περὶ
1330 2600 1532 2656 ιαυτοῦ.
1606 2602 1788 2672 Σαφης
1814 2604 1906 2675 γάρ
1931 2599 1993 2673 ἦν
2023 2603 2057 2673 ἦ
2082 2607 2192 2677 περὶ
2220 2605 2375 2661 αυτοῦ

437 2695 642 2761 γνῶσις,
678 2688 814 2762 ,οὐδὲ
851 2686 948 2742 find
991 2695 1089 2741 τῶν
1109 2689 1368 2742 Ἰουδαίων
1411 2685 1836 2758 ἅμφιβαλλομένή·
1887 2689 2162 2759 έταμιεύετο
2206 2692 2259 2745 δὲ
2289 2695 2374 2746 ’ἵνα

437 2773 505 2844 μή
531 2774 894 2829 αὐτοσύστατον
925 2777 998 2842 εἴη
1029 2772 1081 2827 τό
1118 2774 1258 2845 ἅγιον
1289 2780 1505 2842 πνεῦμα,
1550 2773 1619 2828 23
1648 2772 1676 2829 o‘
1706 2774 1982 2838 ἀπόστολος
2014 2775 2105 2829 σῦν
2135 2777 2373 2846 πνεύματι

435 2857 560 2934 ἁγίῳ
604 2862 820 2930 ἐφέρετο.
899 2862 996 2912 Καὶ
1035 2861 1149 2930 περὶ
1184 2859 1371 2930 πατρὸς
1403 2862 1533 2931 ἔλεγε
1558 2862 1641 2914 καὶ
1667 2864 1808 2927 υἱοῦ,
1859 2864 1941 2915 ἵνα
1973 2865 2147 2935 δειχθῇ
2177 2860 2205 2931 ἧ
2234 2862 2373 2934 τριὰς

436 2948 514 3001 ἀεὶ
545 2940 697 3011 οὖσα,
750 2947 836 2999 καὶ
873 2947 1116 3012 μηδέποτε
1141 2949 1457 2999 διαλείπουσα
1482 2951 1572 2999 τοῦ
1602 2943 1738 2999 εἶναι.
1812 2945 1909 3014 Μὴ
1939 2946 2161 3014 θαύμαζε
2199 2948 2252 3001 δὲ
2285 2947 2371 3002 ἐὰν

435 3031 680 3106 ἀκούσῃς,
743 3028 833 3093 Εἷς
868 3030 1014 3096 θεός,
1067 3033 1116 3094 ἐξ
1159 3025 1221 3084 οὗ
1257 3030 1317 3084 τοὶ
1356 3032 1543 3096 πάντα,
1597 3034 1679 3085 καὶ
1720 3029 1817 3094 Εἷς
1855 3031 2053 3100 κύριος,
2111 3029 2171 3084 δι’
2209 3026 2270 3086 οῦ
2309 3031 2369 3087 τοὶ

432 3118 610 3172 πάντα.
693 3123 772 3189 Τῷ
801 3115 893 3187 γοὶρ
927 3119 1080 3170 εἰπεῖν
1118 3115 1205 3169 τὸν
1240 3116 1350 3170 υἱὸν
1377 3116 1553 3188 κύριον
1582 3118 1642 3170 οὔ
1671 3116 1869 3179 πάντως
1905 3115 2150 3185 ἠρνήσατο
2184 3114 2213 3170 ὅ
2243 3117 2368 3171 ἀπό-ι

433 3211 604 3266 στολος
632 3201 686 3257 τό
722 3200 847 3256 εἷναι
875 3200 962 3256 τόν
987 3200 1160 3272 κύριον
1189 3204 1273 3256 καὶ
1301 3201 1445 3256 θεόν·
1485 3203 1569 3255 καὶ
1597 3208 1666 3275 τῷ
1695 3205 1874 3266 εἰπεῖν,
1914 3198 2010 3263 Εἷς
2035 3200 2173 3266 θεός,
2213 3199 2277 3256 δι’
2304 3196 2367 3256 06

432 3288 491 3342 τοὶ
523 3288 707 3353 πάντα,
742 3286 840 3341 οὐκ
876 3286 1126 3357 ἠρνήσατο
1162 3286 1216 3340 τὸ
1259 3284 1383 3340 εἶναι
1423 3286 1509 3341 τόν
1543 3286 1666 3341 θεὸν
1703 3289 1786 3340 καὶ
1829 3285 2014 3355 κύριον.
2087 3284 2243 3354 Ὁμοῦ
2271 3286 2365 3359 γὰρ

433 3377 517 3428 καὶ
554 3373 727 3445 κύριος
768 3375 852 3426 καὶ
888 3372 1036 3439 θεός,
1091 3376 1176 3427 καὶ
1219 3371 1341 3435 θεὸς
1382 3374 1465 3426 καὶ
1497 3367 1692 3443 κύριος,
1742 3372 1822 3424 καὶ
1857 3369 2002 3424 οὐδὲν
2043 3374 2215 3426 διοίσει
2251 3374 2365 3441 περὶ

488 3547 528 3589 4.
558 3547 632 3591 καὶ
659 3562 731 3600 pro
759 3549 843 3591 τῶν
867 3550 979 3589 habet
1003 3550 1094 3589 edit.
1119 3548 1253 3589 Petuv.
1268 3576 1281 3599 ,
1309 3548 1371 3589 in·
1485 3546 1526 3587 2.
1565 3547 1627 3587 Ita
1665 3546 1766 3586 libri.
1826 3545 2009 3585 Petavius
2049 3548 2270 3597 suspicatus
2307 3549 2362 3589 est

430 3608 521 3646 vitis
550 3608 658 3646 libris
686 3618 809 3646 manu
837 3608 1019 3646 exoratis.
1429 3597 1452 3645 ὁ
1479 3599 1518 3646 δ’
1538 3598 1780 3648 ἀπόστολος.
1825 3602 1901 3641 Nec
1926 3603 2113 3652 improbo.
2149 3605 2361 3644 Carnarius

492 3661 590 3714 Cap.
623 3662 698 3702 lX.
737 3684 785 3693 —
847 3662 882 3703 1.
915 3660 1063 3704 ἑαυτοῦ
1093 3663 1232 3702 habent
1256 3662 1368 3701 codd·
1425 3662 1539 3700 vertit
1566 3657 1789 3698 Manifesta
1822 3656 1931 3696 enim
1969 3666 2057 3698 erat
2087 3658 2270 3712 cognitio
2307 3657 2361 3698 de

430 3730 523 3760 mss.
567 3722 734 3768 uterque.
804 3720 918 3768 Quod
960 3730 1095 3759 verum
1142 3730 1221 3758 esse
1259 3722 1369 3768 puto.
1425 3715 1542 3769 ipso,
1587 3722 1633 3754 ut
1661 3713 1714 3753 de
1743 3727 1823 3767 qua
1848 3727 1980 3768 neque
2009 3714 2146 3755 ludaei
2171 3715 2356 3769 ambige-

430 3777 562 3817 Etiam
604 3775 817 3815 Gornarius
858 3778 971 3816 vertit
1014 3774 1067 3815 de
1106 3775 1242 3829 seipso
1283 3787 1366 3814 non
1424 3779 1546 3819 rent3
1586 3770 1872 3811 reservabatur
1896 3779 2058 3819 autem,
2090 3779 2135 3811 ut
2158 3786 2208 3811 ne
2233 3770 2359 3826 spiri—

430 3829 643 3873 indicavit.
1424 3836 1491 3868 tus
1514 3835 1677 3868 sanctus
1703 3827 1882 3882 seipsum
1904 3827 2187 3868 constitueret.
2249 3835 2359 3882 Apo·
