2508 4134
488 295 712 337 PANARII
743 295 846 335 LIB.
869 295 942 335 111.
974 295 1108 335 TOM.
1136 297 1185 335 ΙΙ.
1217 295 1381 336 HAER.
1408 295 1629 336 LXXVII.
1909 285 2004 336 371

111 398 284 449 vimus.
360 391 488 444 Nam
533 409 639 444 eum
685 408 902 443 essemus
933 391 1249 456 Antiochiae,
1304 394 1352 444 in
1385 394 1639 462 primarios
1672 392 1860 443 illorum
1893 392 2012 443 inci-

112 480 293 541 dimus,
344 477 471 527 inter
512 494 632 544 quos
673 485 779 527 erat
817 474 991 527 Vitalis
1031 476 1312 544 episcopus,
1368 478 1508 527 homo
1538 478 1662 540 vita,
1719 476 1932 527 moribus
1966 484 2013 525 et

110 563 329 614 instituto
369 560 779 628 religiosissimus.
857 558 933 609 Ac
965 577 1072 610 cum
1118 577 1410 628 magnopere
1450 560 1578 610 illum
1624 561 2009 624 adbortaremur,

112 655 160 698 et
189 657 413 696 auctores
452 661 700 708 essemus,
756 652 807 694 ut
835 660 941 693 cum
989 644 1224 694 ecclesiae
1255 643 1520 694 catholicae
1562 646 1651 694 fide
1691 646 2009 707 consentiret,

112 748 167 781 ae
193 729 543 780 contentiosam
570 728 694 778 illam
721 744 890 780 vocem
921 727 1356 795 praetermitteret,
1413 729 1469 778 ad
1499 728 1614 778 haec
1642 730 1705 779 ita
1731 728 1907 779 Vitalis
1935 746 2016 779 oe-

113 814 355 865 eurrebat.
432 811 558 879 Quid
587 821 679 874 est,
719 812 891 879 inquit,
933 819 1298 862 controversum
1328 812 1456 862 inter
1483 830 1591 875 nos,
1634 822 1680 862 et
1706 813 2016 880 ambiguum?

114 898 334 949 Habebat
355 905 512 947 autem
541 895 758 947 nonnihil
785 913 889 946 cum
912 893 1116 946 Paulino
1139 896 1364 964 episcopo
1390 896 1618 963 religioso
1648 905 1790 963 atque
1819 897 2015 965 egregio

113 983 219 1033 viro
261 981 557 1043 discordiae,
612 979 920 1047 vicissimque
956 977 1189 1030 Paulinus
1236 997 1263 1030 a
1299 978 1476 1043 Vitali,
1529 997 1666 1047 quem
1709 989 1806 1031 tum
1853 998 2018 1031 arcer-

114 1066 343 1129 sivimus,
404 1064 681 1115 dissidebat.
776 1061 912 1130 Quos
962 1063 1152 1131 quidem
1196 1063 1325 1114 inter
1366 1081 1476 1115 sese
1524 1064 1786 1115 conciliare
1836 1065 2017 1115 studui-

115 1168 248 1214 mus3
283 1179 351 1188 —-
401 1149 542 1199 ambo
573 1148 697 1198 enim
732 1165 835 1198 cum
869 1157 1050 1198 rectam
1092 1165 1148 1198 ac
1182 1150 1422 1199 sinceram
1466 1149 1602 1198 fidem
1636 1149 1848 1216 profiteri
1887 1150 2019 1200 vide-

114 1243 312 1296 rentur,
371 1233 517 1283 certis
557 1233 614 1282 de
661 1232 846 1283 caussis
887 1249 915 1282 a
957 1249 1011 1282 se
1049 1241 1213 1282 mutuo
1259 1231 1640 1295 dissentiebant3
1697 1251 1803 1283 nam
1844 1231 2019 1284 Vitalis

114 1317 319 1370 Paulino
358 1314 619 1369 Sabelliani
663 1317 898 1384 quandam
940 1316 1176 1383 dogmatis
1217 1333 1384 1367 vocem
1426 1316 1693 1367 obiicebat:
1750 1318 1875 1368 unde
1915 1335 2021 1368 eum

117 1420 175 1454 eo
203 1419 291 1453 nos
318 1402 720 1460 arcessissemuS,
774 1401 831 1451 ab
861 1400 1078 1451 absoluta
1108 1418 1212 1451 cum
1243 1398 1447 1451 Paulino
1477 1401 1814 1452 communione
1841 1410 2022 1470 tempe-

116 1488 360 1549 ravimus,
418 1487 571 1536 donec
606 1485 766 1536 oblata
792 1485 900 1535 fidei
930 1485 1265 1553 professione,
1324 1502 1463 1552 quam
1497 1484 1677 1554 scripto
1709 1487 2024 1554 comprehcn-

119 1572 283 1635 derat,
338 1569 464 1621 aliud
494 1570 754 1638 persuasit.
832 1566 986 1635 Quam
1016 1568 1203 1637 quidem
1235 1571 1585 1638 professionem
1625 1571 1910 1623 assensione
1939 1587 2024 1621 sua

120 1656 426 1706 confirmarat
448 1663 607 1717 antea,
636 1672 740 1704 cum
767 1670 820 1704 se
848 1655 969 1722 apud
997 1654 1187 1704 beatum
1216 1654 1535 1706 Athanasium
1564 1664 1811 1724 purgaret.
1868 1654 2025 1706 Huius

118 1739 267 1808 igitur
305 1738 442 1789 nobis
483 1739 784 1807 exemplum,
838 1738 912 1788 cui
952 1737 1334 1804 subscripserat,
1388 1739 1586 1803 obtulit,
1642 1740 1689 1789 in
1728 1758 1820 1807 quo
1860 1757 2027 1790 sacro-

120 1832 318 1874 sanctae
358 1822 585 1873 trinitatis
626 1840 683 1873 ac
727 1823 928 1886 inentis,
984 1839 1104 1889 quae
1143 1825 1191 1872 in
1231 1823 1436 1874 humana
1467 1820 1650 1875 Christi
1680 1833 1851 1875 natura
1877 1825 2021 1887 inest,

121 1908 412 1958 mentionem
455 1915 796 1975 expresserat,
857 1915 1055 1974 eratque
1098 1907 1179 1958 illa
1221 1908 1324 1975 ipsa
1369 1907 1636 1959 beatissimi
1679 1909 1825 1976 patris
1873 1908 2025 1959 nostri

122 1991 375 2043 Athanasii
399 2009 543 2042 manu
564 1991 762 2060 scripta.
840 1990 980 2042 Hanc
1003 2009 1092 2042 nos
1121 1991 1465 2043 subiiciendam
1490 1993 1579 2043 hoc
1603 1993 1709 2043 loco
1734 1992 2024 2061 putavimus.

124 2160 438 2202 EXEMPLUM
467 2159 852 2200 PROFESSIONIS
885 2161 1056 2209 FlDEI‚
1099 2162 1260 2210 QUAM
1290 2162 1569 2201 PAULINUS
1601 2162 1892 2203 EPISCOPUS
1924 2162 2029 2202 SUA

696 2231 862 2270 MANU
891 2230 1164 2272 SCRIPTAM
1196 2232 1452 2272 OBTULlT.

264 2328 372 2397 Ego
417 2326 650 2379 Paulinus
700 2329 770 2379 sic
809 2329 997 2393 sentio,
1054 2331 1449 2398 quemadmodum
1496 2349 1523 2381 a
1564 2330 1780 2400 patribus
1829 2330 2024 2399 accepi:

127 2413 252 2465 Esse
284 2422 334 2464 et
359 2412 625 2464 subsistere
648 2414 912 2481 perfectum
942 2423 1123 2482 patrem
1145 2453 1158 2477 ,
1201 2424 1249 2465 et
1273 2415 1539 2467 subsistere
1569 2418 1833 2484 perfectum
1862 2416 2028 2479 filium,

128 2508 176 2549 et
209 2498 474 2548 subsistere
510 2497 715 2564 denique
753 2499 1019 2566 perfectum
1053 2499 1271 2567 spiritum
1314 2509 1552 2550 sanctum.
1631 2498 1795 2567 Quare
1828 2510 1876 2551 et
1905 2502 2032 2552 illam

129 2582 272 2633 trium
304 2581 659 2651 hypostaseon,
716 2590 762 2632 et
791 2583 933 2633 unius
970 2583 1278 2653 hypostasiS,
1335 2584 1441 2636 sive
1469 2585 1767 2636 substantiae
1797 2587 2035 2654 interpre-

131 2666 360 2716 tationem
400 2683 506 2720 cum
538 2665 597 2715 iis
629 2664 708 2732 qui
737 2664 803 2716 ita
838 2667 1052 2716 sentiunt
1090 2668 1372 2736 amplector.
1451 2667 1544 2719 Est
1570 2670 1695 2720 enim
1726 2671 1890 2739 pietati
1920 2689 2035 2721 con—

131 2759 414 2801 sentaneum
452 2749 713 2800 trinitatem
746 2749 794 2799 in
822 2768 915 2801 una
955 2751 1205 2803 divinitate
1247 2769 1514 2820 agnoscere
1557 2771 1612 2804 ac
1644 2755 1881 2805 confiteri.
1957 2753 2034 2805 De

130 2835 464 2885 incarnatione
498 2851 670 2902 porro,
712 2851 851 2900 quam
886 2844 1082 2903 propter
1107 2854 1195 2887 nos
1230 2837 1429 2887 verbum
1469 2839 1616 2906 patris
1650 2840 1890 2908 suscepit,
1945 2840 2032 2902 ita,

131 2928 184 2970 ut
210 2928 321 2969 ante
349 2918 576 2986 scriptum
606 2926 707 2980 est,
748 2918 936 2981 sentio,
979 2919 1222 2983 nimirum,
1263 2930 1314 2971 ut
1342 2919 1550 2972 loannes
1575 2922 1795 2991 scripsit,
1840 2925 2035 2971 Verbum

132 3021 315 3052 carnem
356 3021 455 3052 esse
477 3005 672 3069 factum.
749 3000 924 3069 Neque
952 3003 1077 3053 enim
1107 3005 1263 3072 impiis
1298 3023 1353 3055 ac
1385 3006 1637 3057 sceleratis
1672 3008 1762 3056 illis
1796 3007 2038 3056 assentior

135 3087 214 3155 qui
241 3095 469 3138 mutatum
511 3086 641 3136 illum
681 3103 789 3136 esse
825 3086 1084 3151 definiunt,
1140 3089 1223 3138 sed
1255 3090 1411 3157 potius
1453 3090 1690 3140 hominem
1725 3108 1833 3141 esse
1871 3100 2038 3141 nostra

136 3189 306 3223 caussa
348 3173 550 3234 factum,
607 3179 747 3237 atque
780 3187 805 3220 e
839 3171 1143 3221 sanctissima
1186 3172 1375 3239 virgine
1418 3175 1473 3223 de
1504 3174 1674 3242 spiritu
1717 3183 1884 3224 sancto
1927 3192 2037 3225 esse

136 3257 369 3324 genitum.
443 3253 620 3322 Neque
653 3272 771 3304 vero
800 3263 880 3304 aut
910 3255 1198 3318 inanimum,
1253 3266 1334 3306 aut
1362 3274 1535 3308 sensus
1573 3276 1628 3308 ac
1657 3258 1827 3308 mentis
1860 3275 2038 3327 expers

137 3358 311 3410 corpus
349 3340 564 3391 salvator
601 3338 779 3389 habuit.

278 3422 396 3474 lllud
435 3441 622 3491 quoque
659 3423 916 3474 Athanasii
956 3422 1167 3491 episcopi
1208 3441 1350 3474 manu
1389 3425 1545 3475 fuerat
1583 3426 1839 3476 adiectum.

279 3505 414 3558 Fieri
468 3507 639 3576 quippe
693 3525 787 3558 non
839 3515 998 3575 potest
1039 3515 1089 3556 ut
1130 3507 1306 3557 domini
1361 3509 1541 3572 nostri,
1600 3509 1676 3576 qui
1718 3521 1914 3579 propter
1953 3529 2041 3563 nos

140 3593 283 3643 homo
317 3593 473 3642 sactus
511 3600 617 3653 est,
674 3591 847 3642 mentis
892 3607 1069 3658 expers
1115 3607 1289 3658 corpus
1330 3591 1410 3642 sit.
1488 3590 1627 3644 Unde
1672 3602 1717 3643 ct
1748 3612 1832 3645 eos
1873 3614 2042 3648 omncs

195 3689 234 3730 2.
285 3691 391 3729 Haec
426 3691 542 3728 verba
581 3691 740 3730 Petavio
776 3691 892 3739 plane
934 3691 1062 3728 aliena
1117 3691 1366 3740 interposita,
1410 3694 1451 3729 ut
1486 3702 1570 3729 eam
1611 3694 1857 3742 professionis
1894 3700 2044 3744 partem

140 3758 216 3785 esse
243 3746 496 3794 videbantur,
538 3757 611 3795 quo
646 3747 791 3795 sactum
816 3750 857 3784 ut
883 3758 926 3784 ea
955 3747 1063 3783 unci-
1117 3747 1350 3795 siynificaret
1378 3758 1476 3795 quae
1510 3749 1712 3787 Athanasii
1736 3761 1855 3789 manu
1881 3754 2045 3791 conscri-

140 3804 199 3841 nis
236 3805 392 3841 notaret.
452 3802 572 3851 Sunt,
612 3805 731 3851 puto,
772 3804 820 3840 ab
847 3802 1065 3851 Epiphanio
1117 3805 1187 3850 pla
1216 3806 1309 3843 erat.
1596 3858 1708 3911 21*

2114 2341 2211 2392 Cap.

2090 2397 2228 2437 XXlI.
