2508 4134
218 1324 303 1362 pag.
326 1315 400 1352 974.

429 245 531 296 296
1141 254 1344 296 SANGTI
1372 253 1658 296 EPIPHANII

425 373 524 406 των
554 349 809 424 ὀνομασίᾳ.
891 349 1017 404 Οὔτε
1049 349 1140 423 γάρ
1168 349 1419 423 ἐπάρσεως
1441 355 1595 406 δεῖται
1623 351 1656 421 ἦ
1678 351 1863 419 θεότης
1887 350 1958 416 ὥς
1981 352 2049 422 μὴ
2073 347 2218 419 οὖσα,
2247 351 2362 407 οὔτε

423 437 594 504 ’ὕψους
626 437 757 490 ἐστὶν
798 438 1088 505 ἔνδεομένη,
1139 435 1235 491 κόἱν
1270 460 1322 492 τε
1351 437 1487 509 παρά
1513 460 1659 493 τινων
1681 444 1780 492 τῶν
1814 441 1868 493 έν
1891 438 2069 513 ἀγνοίᾳ
2101 438 2258 493 ὅντων
2293 437 2363 507 μὴ

425 520 640 589 ὖψοῖτο,
696 519 809 575 οὔτε
839 520 922 574 διά
949 527 1037 590 τῆς
1069 545 1216 576 τινων
1252 530 1516 595 προφορᾶς
1545 522 1580 593 ἦ
1608 523 1847 593 θεότητος
1885 523 2030 580 οὐσία
2066 528 2360 580 συνίσταται.

433 605 559 661 Οὔτε
599 605 692 678 γάρ
730 606 1021 675 καυχήσεται
1045 606 1079 676 ἦ
1107 615 1205 663 τῶν
1241 606 1530 681 ἀνθρώπων
1552 608 1587 679 ἢ
1609 607 1765 665 ἄλλων
1796 610 2032 683 προφοροὶ
2062 608 2130 674 ὦς
2154 616 2263 684 θεῷ
2291 611 2365 664 ἐν·

429 697 534 747 δεεῖ
554 692 704 757 δόξαν
730 695 1145 764 περιποιουμένη,
1183 694 1217 764 ἢ
1244 700 1612 761 καλλωπίζουσα
1644 695 1770 750 θεὸν
1800 695 2204 769 παντοκράτορα,
2241 695 2366 752 θεὸν

427 779 792 849 προςκυνητόν·
847 779 971 835 θεὸν
1011 786 1037 817 ⁷
1056 783 1306 835 ἐπίσταται
1346 783 1429 834 καὶ
1479 785 1714 850 8κτίστην
1755 783 1840 836 καὶ
1879 780 2185 857 δημιουργόν
2222 785 2363 837 ἴδιον.

436 864 561 919 Οὔτε
582 865 675 937 γάρ
702 866 879 935 ἓαυτήν
904 864 1233 937 ὖπερένδοξον
1260 864 1463 937 ἡγεῖται,
1501 869 1584 920 καὶ
1611 866 1913 939 κοσμήτριαν
1937 873 2026 923 τοῦ
2055 870 2186 923 ἰδίου
2215 866 2369 938 αὐτῆς

430 954 758 1023 δημιουργοῦ·
798 954 905 1007 ἐπεὶ
943 951 1003 1006 ἂν
1040 951 1215 1021 ἑαυτὴν
1252 950 1597 1022 προςκυνητήν
1622 950 1886 1023 ἡγήσαιτο,
1925 954 1986 1008 οὗ
2020 952 2119 1023 μὴν
2155 975 2368 1024 προςκυ-

429 1043 586 1091 νοῦσα
622 1036 709 1092 τόν
744 1037 1190 1109 προςκυνούμενον.
1269 1039 1369 1091 Καὶ
1402 1036 1563 1105 μάτην
1599 1037 1724 1092 κατὰ
1762 1037 1965 1094 πάντων
1999 1038 2146 1111 λόγον
2180 1046 2310 1094 κινεῖ
2338 1037 2369 1094 ὅ

430 1121 517 1187 σός
549 1122 725 1195 λόγος,
757 1124 928 1177 Ἀέτιε.

577 1295 762 1362 Κεφάλ.
783 1295 975 1349 Ἀετίου
994 1293 1078 1360 κζ’.
1117 1297 1189 1347 Εἰ
1208 1296 1356 1348 παντὶ
1378 1301 1594 1369 γεννητῷ
1607 1297 1738 1349 αἰτία
1763 1294 2174 1366 συγκεκλήρωται,
2205 1293 2370 1350 ιάνοιί-

429 1402 535 1443 τιος
579 1381 634 1434 δὲ
662 1378 696 1449 ἦ
722 1376 983 1452 άγέννητος
1009 1379 1183 1448 φύσις,
1236 1378 1371 1434 Ξοῦκ
1401 1383 1563 1435 αἰτίαν
1596 1385 1741 1450 δηλοῖ
1770 1380 1825 1435 τὸ
1866 1379 2156 1453 ἀγέννητον,
2211 1386 2234 1420 ⁸
2252 1379 2371 1437 ἄλλά

430 1464 702 1521 ὑπόστασιν
737 1470 975 1536 σημαίνει.

563 1638 763 1709 Ἀνατρ.
840 1640 941 1691 Καὶ
975 1639 1132 1709 παντὶ,
1150 1643 1364 1711 γεννητῷ
1393 1639 1524 1692 αἰτία
1552 1637 1976 1710 συγκεκλήρωται,
2013 1640 2097 1693 καὶ
2133 1638 2225 1708 οὐχ
2252 1636 2373 1708 δμο-

429 1730 672 1795 λογοῦμεν
696 1730 860 1791 τοῦτο,
901 1722 968 1786 ὥς
995 1722 1094 1778 άπὸ
1123 1729 1216 1778 σοῦ
1245 1723 1600 1793 μεμαθηκότες.
1678 1729 1886 1798 Προορᾷ
1912 1723 2007 1796 γάρ
2036 1723 2069 1794 ἦ
2097 1728 2257 1788 πίστις
2286 1731 2376 1794 τῆς

427 1807 671 1878 ,άληθείας
695 1816 866 1877 τοῦτο,
905 1812 992 1863 καὶ
1018 1817 1368 1880 προομολογεῖ,
1406 1811 1492 1863 καὶ
1518 1807 1738 1864 διδάσκει
1771 1809 1846 1864 ὅτι
1874 1809 1996 1874 θεός
2024 1812 2153 1865 ἐστιν
2178 1808 2207 1864 ό
2234 1808 2370 1865 άναί-

432 1918 536 1959 τιος
576 1896 741 1964 πάσης
783 1898 966 1961 αἰτίας,
1015 1897 1100 1949 καὶ
1145 1893 1351 1966 άμιγής,
1399 1897 1485 1949 καὶ
1527 1894 1878 1960 ἀνυπεύθυνος
1920 1895 2083 1965 πάσης
2133 1895 2371 1965 ἰσότητος.

433 1981 535 2036 Λιά
575 1988 721 2036 τοῦτο
760 1980 852 2053 γάρ
896 1983 979 2036 καὶ
1016 1979 1158 2035 αὐτοὶ
1195 1980 1257 2036 οὗ
1294 1987 1670 2051 προςκυνοῦμεν
1713 1988 1813 2035 πᾶν
1846 1980 1898 2036 τό
1936 1980 2253 2051 ὗποβεβηκὸς
2282 1981 2375 2051 τὴν

434 2066 592 2122 αὐτοῦ
616 2074 703 2122 τοῦ
727 2073 853 2121 θεοῦ
880 2066 1069 2133 οὐσίαν,
1107 2065 1192 2122 διά
1219 2067 1272 2122 τό
1298 2068 1434 2140 μόνῳ
1464 2068 1668 2137 πρέπειν
1687 2073 1757 2140 τῷ
1782 2064 2122 2142 άνυπευθύνςο
2147 2066 2202 2122 τό
2226 2069 2375 2137 σέβας

432 2156 627 2222 νέμειν,
665 2156 814 2225 πατρὶ
836 2159 905 2227 τῷ
933 2152 1202 2227 άγεννήτῳ,
1241 2154 1324 2206 καὶ
1347 2156 1442 2226 υἱῷ
1467 2159 1536 2226 τῷ
1565 2155 1614 2216 ἐξ
1641 2153 1814 2219 αὐτοῦ,
1850 2155 1933 2207 καὶ
1964 2151 2087 2227 άγίῳ
2116 2152 2373 2223 πνεύματι,

433 2247 502 2314 τῷ
536 2238 618 2294 ἄπ’
647 2241 803 2294 αὐτοῦ
827 2242 911 2293 καὶ
942 2238 1024 2293 διά
1048 2245 1136 2292 τοῦ
1165 2244 1488 2308 μονογενοῦς,
1541 2237 1712 2307 ἐπειδὴ
1747 2237 1894 2293 οὐδὲν
1922 2241 1973 2293 ἒν
2000 2245 2060 2314 τῇ
2085 2238 2247 2309 τριάδι
2276 2262 2374 2293 κτι-

434 2326 575 2392 στὸν,
630 2327 715 2380 καὶ
743 2323 842 2379 ’ὑπὸ
871 2327 1029 2378 αἰτίαν
1067 2327 1310 2392 ἐμπίπτον
1339 2327 1482 2378 ἐστίν.
1562 2322 1636 2378 Οὐ
1665 2324 1757 2395 γάρ
1789 2327 1838 2388 ἐξ
1866 2324 1962 2378 οὐκ
1990 2323 2146 2379 ὄντων
2173 2346 2219 2379 τι
2247 2327 2376 2379 ἔστιν

435 2414 488 2466 ἐν
521 2418 581 2485 τῇ
605 2410 796 2483 τριάδι,
849 2408 917 2473 οἷς
947 2412 1028 2464 καὶ
1069 2409 1128 2463 τά
1155 2408 1272 2462 ἅλλα
1311 2408 1371 2463 τοὶ
1398 2407 1498 2464 ὖπὸ
1533 2412 1693 2464 αἰτίαν
1726 2409 2047 2476 πεπτωκότα,
2097 2412 2182 2464 καὶ
2215 2412 2377 2464 αἰτίαν

435 2498 793 2567 κεκληρωμένα.
871 2494 964 2550 Διό
1010 2494 1201 2549 οἷναιτία
1241 2489 1365 2549 οὖσα
1402 2501 1491 2564 τῆς
1530 2495 1760 2564 τοιαύτης
1797 2498 1957 2560 αἰτίας
1986 2494 2020 2565 ἡ
2051 2495 2189 2568 τριάς
2217 2494 2376 2565 μόνην

436 2580 615 2650 ἑαυτὴν
658 2580 888 2644 ἀπλανῶς
933 2585 1122 2645 ἐδίδαξε
1159 2588 1572 2651 προςκυνεῖσθαι,
1623 2581 1793 2651 ἐπειδὴ
1831 2581 1957 2650 μόνη
1995 2581 2121 2650 αὕτη
2157 2580 2376 2645 άναίτιός

438 2670 551 2722 ἐστι.
634 2666 706 2719 Τά
730 2668 782 2720 δὲ
807 2668 969 2721 πάντα
993 2666 1092 2721 ὖπὸ
1120 2670 1280 2721 αἰτίαν
1301 2668 1663 2736 περιπέπτωκε·
1700 2666 1763 2720 τά
1789 2669 1877 2735 μὲν
1899 2668 1989 2738 γάρ
2018 2670 2118 2722 ἐστι
2139 2666 2375 2738 γεγονότα

437 2756 522 2807 καὶ
549 2754 863 2822 κεκτισμένα,
901 2753 1062 2825 πατὴρ
1099 2755 1152 2807 δὲ
1186 2751 1427 2817 όῖκτιστος,
1464 2750 1578 2806 υἷὸν
1605 2756 1728 2821 ἔχων
1752 2755 1801 2817 ἐξ
1829 2751 1983 2807 αὐτοῦ
2011 2755 2374 2824 γεγεννημένον,

438 2838 534 2893 ἄλλ’
562 2839 623 2894 οὐ
654 2838 875 2904 κτιστόν,
928 2842 1012 2893 καὶ
1054 2838 1200 2910 ἅγιον
1235 2845 1430 2906 πνεῦμα
1461 2840 1510 2902 ἐξ
1539 2836 1693 2892 αὐτοῦ
1730 2838 2146 2910 ἐκπορευόμενον,
2196 2840 2282 2892 καὶ
2313 2835 2375 2892 οὗ

439 2926 935 2997 δεδημιουργημένον.
1019 2924 1220 2979 Τούτων
1245 2925 1296 2978 δὲ
1321 2923 1481 2986 οὕτως
1503 2922 1713 2992 ἐχόντων
1740 2923 1854 2978 οὔτε
1879 2924 2050 2987 πάθος
2075 2923 2376 2995 κεκλήρωται

439 3015 598 3066 αἰτίου
629 3009 658 3065 ὁ
680 3009 1110 3081 προςκυνούμενος
1140 3010 1272 3075 υἷὸς,
1310 3011 1396 3063 καὶ
1425 3007 1479 3063 τό
1511 3009 1652 3080 ἅγιον
1681 3016 1899 3078 πνεῦμα,
1936 3007 2031 3062 κᾶν
2057 3011 2244 3079 πατέρα
2272 3011 2374 3078 ἔχοι
2408 3007 2411 3011 ’

438 3097 526 3151 τὸν
555 3096 852 3168 γεννήτορα,
908 3094 1019 3149 οὔτε
1058 3095 1116 3150 τοὶ
1152 3095 1299 3150 λοιποὶ
1327 3098 1563 3162 κτίσματα
1602 3093 1720 3149 ἄνευ
1747 3095 1950 3157 πάθους
1980 3098 2054 3163 εἴη
2086 3094 2376 3166 πληρώσεως

440 3189 467 3220 4
485 3186 666 3249 αἰτίας,
705 3181 806 3235 ἆπό
835 3180 1022 3252 πατρὸς
1048 3184 1133 3236 καὶ
1159 3185 1274 3236 υἱοῦ
1303 3183 1384 3235 καὶ
1418 3179 1561 3252 άγίου
1589 3179 1866 3250 πνεύματος
1895 3182 2195 3249 κεκτισμένα.
2271 3187 2374 3233 Σα-

440 3275 550 3335 φῶς
579 3269 631 3322 δὲ
661 3266 777 3321 ἄνευ
804 3267 1008 3331 πάθους
1035 3271 1108 3336 εἴη
1136 3266 1165 3322 ό
1191 3267 1460 3338 μονογενὴς
1496 3266 1784 3337 κληρώσεως
1808 3268 1989 3330 αἰτίας,
2036 3269 2121 3320 καὶ
2154 3266 2208 3321 τὸ
2234 3265 2375 3337 ἅγιον

442 3354 597 3408 αὐτοῦ
623 3360 833 3422 πνεῦμα,
873 3352 940 3416 ὥς
966 3355 1050 3407 καὶ
1078 3351 1108 3407 ό
1133 3352 1312 3424 πατὴρ,
1351 3352 1428 3407 ὅτι
1451 3352 1564 3416 υἱός
1592 3355 1690 3406 ἐστι
1714 3353 1944 3422 γέννημα,
1982 3354 2065 3405 καὶ
2094 3350 2155 3406 οὐ
2173 3355 2372 3420 κτίσμα·

441 3442 522 3493 καὶ
554 3438 647 3494 οὐκ
678 3437 775 3493 άπὸ
799 3446 900 3493 ’τοῦ
944 3446 1268 3510 γεγεννῆσθαι
1310 3445 1333 3476 ⁵
1352 3441 1510 3492 αἰτίαν
1552 3437 1753 3499 πάθους
1785 3437 2156 3506 κληρωθήσεται
2193 3435 2222 3491 ὅ
2248 3435 2371 3504 υἱός,

497 3542 535 3583 7.
568 3539 794 3596 ἐπιστάτην
820 3545 978 3584 coniecit
1008 3545 1207 3584 Petavins.
1492 3540 1531 3582 3.
1564 3542 1696 3591 Supra
1724 3534 1813 3582 ἀλλ’
1844 3536 2088 3582 ὖπόστασιν.

496 3598 534 3638 8.
576 3598 749 3652 κτίστην
790 3601 903 3640 codd.
946 3612 1035 3641 mss.
1074 3604 1108 3640 et
1150 3602 1210 3640 ed.
1252 3601 1379 3651 princ.
1492 3596 1532 3637 4.
1564 3595 1699 3644 αἰτίας
1724 3601 1971 3637 correxerunt
2000 3599 2213 3638 Carnarius
2239 3600 2274 3637 et
2296 3596 2373 3638 Pe-

441 3653 611 3707 κτιστῆν
642 3658 730 3695 edic.
762 3658 895 3697 Petav.
1436 3657 1578 3696 tavius.
1637 3655 1681 3694 1η
1708 3655 1815 3694 libris
1843 3658 1897 3693 est
1922 3652 2046 3695 αἰτία.

500 3712 537 3750 1.
568 3713 701 3761 Supra
729 3712 860 3760 αἴτιος
875 3744 886 3760 ,
915 3714 1107 3754 mendose.
1493 3712 1530 3751 5.
1550 3708 1683 3752 αἰτίαν
1703 3715 1950 3751 correxerunt
1971 3712 2184 3751 Carnarius
2200 3711 2255 3760 (is
2270 3711 2372 3750 enim

498 3766 538 3806 2.
566 3769 756 3818 Νεςαίῐυα
793 3772 994 3819 particula
1031 3766 1108 3813 οὐκ
1150 3771 1292 3811 omissa
1328 3772 1382 3809 cst
1438 3769 1549 3808 vertit
1581 3775 1623 3805 et
1661 3780 1744 3805 non
1777 3780 1826 3806 ex
1855 3780 1904 3806 eo
1950 3765 2062 3821 quod
2091 3765 2253 3820 genitus
2292 3773 2368 3814 est,

441 3834 576 3878 supra.
