2508 4134
524 303 752 346 PANARn
781 303 883 344 Lm.
915 305 987 344 111.
1017 304 1151 345 ToM.
1180 306 1228 345 11.
1258 304 1422 344 HAER.
1448 305 1686 346 Lxxvm.
1947 293 2047 344 425

154 405 241 456 niss
261 402 734 470 adumbrationisque
759 401 914 468 gratia
945 401 1066 469 quod
1096 402 1230 469 regia
1260 403 1489 470 quaedam
1521 403 1636 454 insit
1657 404 1704 454 in
1730 402 1871 453 leone
1897 401 2051 469 digni-

150 497 252 552 tas,
309 488 464 555 sitque
500 486 773 537 animalium
820 485 1029 536 omnium
1071 486 1440 537 audacissimum
1483 505 1538 537 ac
1578 488 1888 539 fortissimum
1926 485 2052 537 etin

148 573 325 625 ceteris
356 571 576 622 omnibus
607 578 803 638 aspectu
843 567 1265 632 iucundissimum,
1324 588 1418 620 non
1458 571 1663 622 absurde
1696 579 1895 622 matrem
1924 569 2051 621 illius

145 657 362 708 leaenam
389 655 750 724 appellabimus.
829 651 928 721 Qui
953 654 1078 705 enim
1108 654 1183 704 leo
1207 654 1432 722 generari
1466 663 1622 722 potest
1649 656 1738 707 nisi
1766 664 1920 706 mater
1945 654 2050 705 eius

145 742 313 795 leaena
353 739 661 791 nominetur?
735 735 964 790 Ceterum
999 737 1064 788 uti
1095 738 1265 788 leaena
1302 740 1515 790 secundo
1547 757 1640 789 non
1680 740 1830 808 parit,
1882 739 1946 789 ita
1973 755 2051 789 sa-

147 833 398 878 crosancta
430 824 568 892 virgo
595 822 754 875 Maria
783 823 980 874 alterius
1008 831 1172 891 partus
1199 839 1377 891 expers
1406 823 1519 885 fuit,
1578 840 1634 873 ac
1673 824 1851 875 nullum
1881 841 2052 892 corpo-

147 911 215 962 ris
254 909 592 961 commercium
634 906 875 959 exercuit.

287 992 417 1062 Quin
467 1002 515 1044 et
564 993 688 1043 aliud
742 1001 996 1061 praeterea
1039 991 1435 1061 contemplemur.
1528 989 1639 1042 Fuit
1689 992 1767 1045 illa
1822 1002 2050 1062 perpetua
2067 1005 2166 1059 cap.
2186 1004 2305 1045 xm.

149 1077 333 1131 Christi
366 1095 560 1141 comes,
616 1095 705 1128 nec
734 1076 792 1127 ab
824 1077 926 1127 eius
953 1076 1199 1127 consortio
1229 1077 1434 1128 divulsa.
1514 1080 1711 1126 Vocatus
1737 1087 1807 1126 est
1831 1081 1960 1127 Iesus
1991 1080 2055 1127 ad
2074 1094 2248 1138 loann.2,
2272 1092 2303 1128 1.

146 1168 360 1229 nuptz'as5
418 1162 577 1213 statim
605 1162 701 1213 illic
730 1172 878 1212 mater·
901 1165 999 1211 eius
1023 1171 1069 1210 et
1085 1163 1267 1227 fratres
1293 1162 1577 1225 adfuerunt,
1631 1178 1718 1211 nec
1747 1179 1946 1230 usquam
1976 1160 2053 1213 lo-

147 1249 280 1318 sephi
325 1248 524 1298 mentio.
604 1250 725 1311 Quid
758 1249 874 1296 mila·
899 1256 945 1295 et
971 1247 1081 1306 tibi,
1137 1248 1338 1295 mulier?
1388 1249 1586 1296 nondum
1626 1250 1752 1295 venit
1785 1249 1900 1296 hora
1930 1265 2044 1296 mea.

145 1332 260 1385 Non
291 1333 440 1396 dixit,
494 1329 620 1399 Quid
654 1331 765 1382 mihi
801 1340 847 1381 et
876 1331 1013 1381 vobis
1043 1330 1279 1381 homines.
1361 1328 1479 1380 Item
1521 1331 1687 1381 aderat
1720 1328 1877 1382 Maria
1911 1329 2051 1399 Mag-

149 1419 346 1481 dalene,
389 1425 436 1467 et
464 1414 624 1467 Maria
655 1413 927 1484 Cleophae‚
969 1423 1016 1465 et
1049 1413 1208 1466 Maria
1233 1423 1386 1465 mater
1415 1414 1559 1479 Rufi,
1614 1423 1663 1465 et
1691 1415 1841 1466 altera
1870 1414 2047 1478 Maria,

147 1512 196 1554 et
228 1499 423 1554 Salomc
463 1519 568 1551 cum
609 1500 712 1550 aliis
754 1499 1053 1551 mulieribus.
1131 1498 1245 1551 Non
1287 1499 1409 1550 dixit
1445 1499 1542 1550 illic
1583 1497 1835 1568 Iosephum
1881 1499 2049 1564 fuisse,

148 1588 227 1639 vel
259 1585 482 1639 Iacobum
528 1587 722 1635 fratrem
761 1584 958 1634 domini.
1036 1581 1130 1651 Qui
1163 1584 1348 1652 quidem
1378 1584 1639 1652 nonaginta
1668 1601 1760 1635 sex
1787 1602 1938 1635 annos
1969 1601 2053 1635 na·-

146 1680 224 1723 tus
264 1688 328 1721 ex
373 1670 460 1720 hac
498 1670 595 1721 vita
636 1668 887 1732 discessit,
940 1686 1046 1719 cum
1095 1678 1370 1737 perpetuam
1411 1669 1734 1736 virginitatem
1782 1678 2049 1722 servasset.

148 1753 301 1808 Cuius
345 1763 487 1823 caput
529 1771 769 1821 nunquam
809 1754 939 1803 ferro
982 1754 1233 1803 detonsum
1277 1761 1380 1817 est3
1435 1771 1589 1822 neque
1630 1753 1672 1804 is
1710 1753 1895 1804 balneis
1935 1771 2051 1805 usus

149 1849 250 1903 est,
305 1856 459 1907 neque
499 1838 758 1889 animatum
797 1837 1046 1905 quicquam
1081 1838 1136 1888 ad
1168 1836 1322 1887 cibum
1359 1838 1598 1902 adhibuit,
1658 1856 1811 1907 neque
1845 1839 2053 1890 tunicam

149 1926 346 1976 alteram
378 1923 558 1988 induit,
600 1923 684 1974 sed
713 1923 841 1973 lineo
872 1923 1062 1991 palliolo
1091 1923 1323 1973 duntaxat
1353 1940 1467 1974 usus
1495 1932 1599 1986 est,
1656 1923 2052 1991 quemadmodum

145 2018 353 2061 testatur
380 2007 701 2076 evangelium.
776 2011 948 2071 Fugit,
990 2006 1170 2074 inquit,
1212 2010 1478 2057 adolescens
1506 2011 1671 2058 relicta
1696 2012 1913 2069 sindone,
1956 2028 2047 2075 qua

147 2105 253 2144 erat
274 2097 485 2143 amictus.
563 2090 689 2144 Nam
723 2089 930 2142 loannes
960 2100 1006 2142 et
1038 2090 1238 2144 lacobus
1268 2110 1359 2143 una
1389 2111 1493 2143 cum
1524 2091 1700 2143 Iacobo
1732 2102 1897 2145 nostro
1926 2094 2051 2144 idem

146 2179 259 2230 illud
304 2178 431 2228 vitae
465 2176 733 2229 institutum
776 2177 984 2245 amplexi
1031 2185 1173 2240 sunt.;
1229 2195 1429 2244 quorum
1464 2178 1556 2227 duo
1594 2178 1780 2246 priores
1811 2177 2055 2229 Zebedaei

149 2263 261 2326 filii,
301 2270 573 2331 postremus
603 2261 790 2330 losephi
820 2262 943 2312 filius
973 2261 1150 2311 domini
1177 2262 1329 2312 frater
1357 2262 1618 2330 appellatus
1655 2272 1758 2326 est,
1802 2263 1925 2331 quod
1962 2279 2054 2313 una

150 2364 256 2397 cum
287 2347 390 2414 ipso
421 2345 632 2397 nutritus
663 2357 804 2414 atque
836 2347 1093 2408 educatuS‚
1136 2346 1194 2396 ab
1226 2363 1378 2414 eoque
1417 2346 1577 2397 fratris
1608 2347 1713 2397 loco
1748 2348 1809 2398 sit
1842 2347 2051 2409 habituS,

150 2439 347 2499 propter
378 2430 505 2480 illam
535 2430 718 2480 scilicet
755 2448 892 2498 quam
935 2448 1041 2480 cum
1078 2428 1237 2481 Maria
1271 2430 1501 2500 Iosephus
1537 2432 1940 2483 necessitudinem
1974 2432 2056 2483 ha-

148 2515 278 2578 huit,
337 2532 538 2582 quocum
588 2523 691 2566 erat
733 2515 812 2566 illa
859 2515 1133 2565 coniuncta.
1228 2512 1457 2567 Ceterum
1508 2516 1599 2567 soli
1647 2517 1755 2567 huic
1795 2517 1967 2568 laccho
2011 2517 2055 2567 id

149 2599 347 2650 honoris
382 2599 659 2649 attributum
697 2610 799 2662 est,
854 2600 1004 2650 semel
1035 2608 1085 2649 ut
1111 2601 1367 2667 quotannis
1401 2601 1449 2650 in
1481 2589 1647 2652 sancta
1674 2611 1953 2652 sanctorum
1983 2602 2056 2651 in-

150 2684 465 2751 grederetur,
525 2683 647 2750 quod
696 2691 743 2733 et
783 2682 1073 2735 Nazarenus
1119 2693 1280 2748 esset,
1339 2694 1386 2735 et
1431 2703 1536 2735 cum
1579 2685 1867 2736 sacerdotali
1906 2686 2055 2754 stirpe

150 2768 456 2819 coniunctus.
534 2765 676 2818 Unde
716 2776 763 2817 et
801 2765 962 2818 Maria
997 2769 1168 2836 duplici
1204 2787 1309 2819 cum
1349 2768 1632 2820 Elizabetha
1676 2771 1963 2838 cognatione
2000 2787 2055 2820 ac

149 2852 505 2903 necessitudine
541 2851 797 2902 coniuncta
831 2852 943 2914 suit,
985 2861 1034 2903 et
1065 2853 1266 2903 lacobus
1294 2855 1552 2904 sacerdotii
1587 2854 1818 2922 dignitate
1851 2855 2054 2924 praesti-

149 2937 222 2987 tit.
301 2935 698 3005 Quandoquidem
734 2936 855 2986 duae
897 2936 1005 2986 illae
1042 2937 1192 2988 tribus
1225 2938 1356 2988 solae
1388 2938 1595 2989 invicem
1626 2940 1895 3008 nuptiarum
1926 2957 2055 2990 com-

150 3021 331 3071 mercio
367 3021 718 3088 iungebantur,
760 3019 923 3087 regia,
977 3020 1200 3088 inquam,
1252 3040 1357 3072 cum
1386 3023 1704 3088 sacerdotali,
1757 3033 1803 3074 et
1830 3025 2054 3074 sacerdo-

2098 2031 2220 2067 Marc.

2113 2075 2166 2119 14,
2188 2075 2244 2110 51.

150 3106 259 3157 talis
290 3124 394 3156 cum
437 3105 591 3173 regia.
671 3103 1080 3172 Quemadmodum
1115 3105 1223 3155 olim
1269 3107 1355 3157 sub
1390 3108 1685 3174 egressionis
1727 3125 1789 3158 ex
1820 3107 2046 3176 Aegypto
2070 3127 2303 3172 Exod.6,23.

147 3199 332 3259 tempus
376 3188 604 3241 Naasson
650 3190 803 3240 tribus
846 3190 989 3240 Iudae
1032 3189 1253 3258 princeps
1293 3189 1627 3242 Elizabetham
1672 3192 1796 3242 illam
1842 3191 2049 3259 priorem

147 3274 360 3326 Aaronis
396 3273 534 3324 filiam
573 3274 729 3324 duxit.
806 3272 887 3323 Ex
925 3290 1016 3340 quo
1059 3274 1232 3324 factum
1271 3283 1345 3324 est
1386 3284 1436 3325 ut
1469 3276 1739 3343 complures
1782 3276 2052 3325 haeretico-

147 3377 251 3410 rum
281 3367 444 3410 sectae
477 3355 658 3409 Christi
694 3357 871 3408 domini
904 3357 1173 3425 prosapiam
1210 3376 1265 3408 ac
1296 3359 1628 3427 genealogiam
1671 3360 1923 3427 ignorent,
1979 3369 2051 3410 at-

148 3459 238 3511 que
277 3443 336 3492 ob
365 3443 493 3493 illam
524 3460 657 3493 suam
694 3442 1058 3492 haesitationem
1106 3442 1243 3491 tidem
1281 3452 1538 3509 arrogent,
1592 3461 1647 3493 ac
1679 3443 1932 3493 veritatem
1969 3462 2052 3513 op-

146 3544 360 3594 pugnare
387 3544 440 3577 se
473 3535 664 3595 putent,
706 3545 811 3577 cum
840 3526 953 3577 illud
989 3524 1248 3576 obiiciunt:
1304 3524 1404 3592 Qui
1430 3527 1529 3576 fieri
1564 3536 1722 3594 potest
1749 3536 1801 3578 ut
1833 3546 1954 3595 quae
1985 3546 2048 3580 ex

148 3706 384 3745 quamquam
413 3699 447 3734 et
474 3697 579 3745 infra
608 3708 694 3745 cap.
727 3694 788 3736 16.
819 3698 952 3735 eadem
992 3706 1068 3734 vox
1124 3696 1191 3734 sed
1216 3696 1320 3734 haer.
1341 3693 1410 3746 69,
1428 3694 1494 3735 23.
1523 3697 1727 3736 habuimus
1752 3699 1840 3736 item
1866 3692 1941 3739 οὔκ
1962 3696 2050 3740 ἔστι

146 3755 362 3790 recurreret.
407 3752 639 3801 Le9ebumus
659 3754 773 3791 etiam
787 3764 907 3801 supra
928 3763 1011 3800 cap.
1030 3750 1066 3790 7.
1125 3746 1205 3791 ἀπὸ
1250 3750 1330 3791 τῶν
1374 3750 1530 3807 χρόνων
1573 3746 1738 3806 Ἰωσὴφ
1779 3754 1850 3796 τοῦ
1892 3750 2049 3808 ταύτης

149 3803 292 3859 Μαρία
319 3805 391 3861 μὲν
416 3804 494 3859 γὰρ
521 3804 783 3861 ἁρμοσθεῖσα
807 3809 865 3863 τῷ
886 3803 1066 3863 Ἰωσήφ,
1125 3803 1348 3863 ὁρμαστοῢ.
