2508 4134
461 277 564 327 442
1166 284 1372 326 SANCTI
1398 286 1686 327 EPIPHANH

457 381 512 436 τὸ
541 388 641 434 πᾶν
678 383 804 434 ἐστιν
831 380 1004 448 ἀσεβὲς
1035 382 1118 434 καὶ
1148 381 1408 448 ἀθέμιτον,
1463 380 1791 450 ἠλλοιωμένον
1823 380 1920 436 άπὸ
1949 389 2037 437 τοῦ
2069 382 2382 454 κηρύγματος

458 473 548 521 τοῦ
570 463 713 537 άγίου
733 464 1029 533 πνεύματος*
1069 465 1186 528 ὥςτε
1208 463 1335 520 εἶναι
1357 466 1411 520 vd
1436 473 1536 520 πᾶν
1560 466 1842 535 διαβολικὸν
1861 469 2101 539 ἐνέργημα
2126 470 2210 522 καὶ
2235 467 2384 522 πνεύ-

457 574 608 619 ματος
642 549 937 620 ἀκαθάρτου
977 552 1277 604 διδασκαλία.
1355 557 1642 622 Πληροῦται
1681 551 1773 622 γάρ
1814 554 1899 605 καὶ
1943 555 2025 606 ἐπὶ
2066 553 2272 616 τούτους
2306 551 2381 619 τὸ,

455 634 839 704 Ἀποστήσονταί
875 656 1002 698 τινες
1039 642 1128 704 τῆς
1151 634 1324 706 ύγιοῦς
1351 640 1690 700 διδασκαλίας,
1742 638 2055 706 προςέχοντες
2081 640 2267 706 μύθοις
2297 640 2383 692 καὶ

458 725 792 784 διδασκαλίαις
819 725 1113 789 δαιμονίων,
1157 719 1394 775 ’Έσονται
1418 721 1535 792 γάρ,
1575 723 1724 789 φησὶ,
1762 729 1954 791 νεκροῖς
1981 712 2290 792 λατρεύοντες
2316 721 2384 785 ὥς

457 809 540 861 καὶ
579 809 631 860 ἐν
666 813 735 880 τῷ
764 805 960 876 Ἰσραὴλ
996 805 1349 874 ἐσεβάσθησαν.
1425 808 1526 859 Καὶ
1562 804 1596 874 ἦ
1631 812 1730 858 τῶν
1766 803 1918 875 ἆγίων
1952 805 2078 860 κατά
2108 806 2283 878 καιρὸν
2314 810 2384 870 εἷς

457 891 580 946 θεόν
608 891 728 956 δόξα
755 890 915 954 ἄλλοις
940 893 1107 963 γέγονε
1132 899 1237 954 τοῖς
1266 891 1333 959 μὴ
1368 889 1519 962 ὁρῶσι
1545 889 1634 959 τὴν
1659 889 1898 958 ἀλήθειαν
1928 893 1996 954 εἰς
2019 890 2223 960 πλάνην.

231 1081 339 1136 Κεφ.
373 1078 453 1126 κδ’.
596 1062 679 1116 Ἐν
705 1061 796 1134 γάρ
825 1066 1080 1130 Σικίμοις,
1119 1062 1365 1115 τουτέστιν
1390 1063 1443 1114 ἐν
1467 1067 1525 1135 τῇ
1553 1062 1664 1114 νυνὶ
1692 1059 1951 1124 Νεαπόλει,
1990 1065 2173 1124 θυσίας
2205 1064 2258 1116 οἱ
2268 1064 2385 1117 -ἐπι-

219 2877 302 2916 pag.
331 2868 425 2904 1⁰55.

221 3635 333 3690 Κεφ.
351 3632 427 3678 κε’.

455 1147 624 1219 χώριοι
653 1155 871 1202 τελοῦσιν
897 1150 965 1210 εἷς
994 1147 1152 1215 ὄνομα
1181 1153 1267 1213 τῆς
1294 1147 1473 1215 κόρης,
1514 1150 1672 1214 δῆθεν
1702 1148 1756 1199 ἐκ
1788 1145 2086 1213 προφάσεως
2111 1154 2198 1216 τῆς
2225 1156 2385 1218 θυγα-

455 1233 570 1303 τρὸς
591 1232 805 1300 Ἰεφθάε,
844 1239 931 1301 τῆς
957 1254 1075 1286 ποτε
1102 1239 1121 1269 1
1139 1234 1542 1302 προςενεχθείσης
1566 1238 1634 1303 τῷ
1660 1237 1769 1305 θεῷ
1796 1235 1866 1294 εἰς
1893 1238 1920 1269 2
1936 1236 2136 1297 θυσίαν,
2173 1234 2257 1286 καὶ
2280 1240 2384 1297 τοῖς

455 1320 786 1387 ἠπατημένοις
811 1324 955 1371 τοῦτο
984 1319 1179 1388 γέγονεν
1203 1319 1271 1378 εἰς
1295 1315 1486 1384 βλάβην
1515 1319 1905 1387 εἰδωλολατρείας
1925 1319 2010 1370 καὶ
2033 1321 2382 1389 κενολατρείας.

454 1403 592 1457 'Ami
630 1406 713 1457 καὶ
745 1402 836 1471 τὴν
874 1405 1127 1473 θυγατέρα
1152 1407 1240 1455 τοῦ
1274 1400 1460 1471 Φαραώ
1497 1401 1770 1470 τιμήσασαν
1810 1401 1897 1456 τὸν
1927 1405 2105 1456 δοῦλον
2139 1409 2228 1457 τοῦ
2255 1409 2383 1457 θεοῦ

456 1491 698 1556 Μωῢσέα,
735 1487 1032 1556 ἀνελομένην
1058 1509 1107 1540 τε
1131 1489 1214 1540 καὶ
1245 1486 1625 1557 ἆναθρέψασαν,
1665 1486 1749 1541 διά
1773 1486 1828 1541 τὸ
1854 1492 2135 1558 περίφημον
2161 1487 2268 1543 τότε
2294 1495 2385 1542 τοῦ

454 1578 657 1629 παιδίου
697 1571 819 1643 ύπὲρ
855 1572 909 1626 τό
953 1575 1065 1626 δέον
1102 1571 1389 1640 τιμήσαντες
1417 1572 1684 1642 Αἰγύπτιοι
1726 1570 1836 1627 άντὶ
1864 1580 1988 1627 θεοῦ
2024 1575 2105 1626 καὶ
2137 1579 2281 1628 τοῦτο
2315 1576 2386 1637 εἰς

453 1659 612 1727 κακὴν
658 1660 933 1730 παράδοσιν
977 1666 1082 1721 τοῖς
1125 1657 1356 1726 ἀνοήτοις
1400 1660 1696 1728 παρέδωκαν
1752 1661 1862 1721 3εἰς
1907 1662 2193 1729 θρησκείαν.
2281 1661 2383 1713 Καὶ

452 1752 784 1815 προςκυνοῢσι
810 1743 901 1813 τὴν
930 1745 1202 1813 Θέρμουτιν
1229 1742 1318 1811 τὴν
1342 1746 1594 1813 θυγατέρα
1617 1750 1707 1798 τοῦ
1732 1742 1958 1811 Ἀμενώφ
1986 1746 2078 1806 ἕως
2101 1743 2210 1798 τότε
2239 1749 2383 1798 411)oe-

454 1829 582 1901 ραώ,
618 1829 811 1899 ἐπειδὴ,
863 1827 930 1893 ὥς
960 1837 1227 1899 προεῖπον,
1278 1826 1529 1899 οἷνέθρεψε
1555 1827 1641 1882 τὸν
1669 1831 1910 1883 Μωῦσέα.
1986 1831 2087 1882 Καὶ
2107 1827 2259 1883 πολλοὶ
2286 1852 2384 1884 τοι·

454 1922 576 1969 αὕτα
617 1915 764 1984 ’ὅμοια
803 1917 996 1986 γέγονεν
1036 1917 1089 1968 ἐν
1125 1913 1293 1987 κόσμῳ
1332 1917 1402 1977 εἰς
1437 1913 1624 1983 πλάνην
1655 1921 1755 1968 τῶν
1783 1913 2131 1983 ἠπατημένων,
2188 1913 2250 1969 ού
2287 1920 2383 1969 τῶν

452 2000 606 2073 άγίων
633 2004 800 2055 αἰτίων
829 2000 986 2055 ὄντων
1008 2002 1132 2054 τισὶν
1159 2002 1227 2062 εἰς
1255 1998 1575 2068 πρόςκομμα,
1614 2006 1701 2068 τῆς
1728 2003 1951 2062 διανοίας
1978 2006 2075 2054 τῶν
2101 1998 2384 2070 ἀνθρώπων

452 2086 519 2155 μὴ
549 2085 853 2156 ἠρεμούσης,
905 2083 1000 2139 ἄλλ’
1035 2087 1115 2139 ἐπὶ
1143 2085 1202 2140 τά
1241 2084 1435 2156 πονηρά
1468 2088 1837 2154 ἐκτρεπομένης.
1895 2084 2043 2139 ’Ήτοι
2071 2084 2162 2156 γάρ
2190 2083 2381 2141 άπέθα-

449 2194 532 2226 νεν
557 2170 591 2240 ἦ
627 2170 741 2243 άγία
769 2173 1048 2242 παρθένος,
1086 2173 1172 2224 καὶ
1198 2173 1468 2235 τέθαπται,
1510 2177 1534 2207 ⁶
1551 2173 1603 2224 ἐν
1634 2178 1749 2245 τιμῇ
1775 2169 1928 2238 αὐτῆς
1957 2168 1992 2238 ἦ
2016 2175 2257 2239 κοίμησις,
2295 2172 2382 2225 καὶ

451 2260 504 2312 ἐν
537 2255 706 2331 ἆγνεία
747 2255 781 2325 ἦ
809 2255 1027 2324 τελευτὴ,
1078 2258 1163 2309 καὶ
1197 2259 1250 2309 ἐν
1288 2260 1536 2328 παρθενίᾳ
1584 2254 1613 2309 ὅ
1646 2258 1900 2322 στέφανος.
1957 2254 2102 2309 ’Ήτοι
2138 2253 2382 2330 ἀνῃρέθη,
2457 2247 2460 2250 ”

452 2341 626 2407 καθώς
650 2345 928 2414 γέγραπται,
961 2343 1058 2394 Καὶ
1077 2340 1166 2409 τὴν
1191 2340 1359 2409 ψυχὴν
1381 2339 1533 2408 αὐτῆς
1556 2342 1846 2395 διελεύσεται
1871 2344 2114 2411 ῥομφαία·
2150 2344 2233 2395 ὓέν
2258 2341 2382 2413 μάρ-

452 2447 590 2482 τυσιν
629 2427 780 2495 αὐτῆς
810 2426 864 2480 vd
897 2428 1061 2491 κλέος,
1111 2428 1194 2479 καὶ
1225 2428 1277 2479 ἐν
1306 2434 1632 2495 μακαρισμοῖς
1659 2425 1712 2480 τὸ
1749 2426 1887 2496 ἅγιον
1913 2427 2067 2495 αὐτῆς
2102 2433 2268 2494 σῶμα,
2321 2426 2384 2482 δι’

450 2508 512 2582 ἧς
541 2520 652 2580 φῶς
689 2512 895 2566 ἀνέτειλε
930 2518 998 2586 τῷ
1034 2512 1219 2585 κόσμῳ.
1278 2511 1424 2565 ’Ήτοι
1454 2513 1507 2565 δὲ
1534 2514 1704 2580 ἔμεινε.
1782 2514 1880 2565 Καὶ
1915 2510 2008 2583 γάρ
2039 2510 2131 2566 οὐκ
2156 2511 2390 2566 ἀδυνατεῖ

451 2603 519 2671 τῷ
549 2605 653 2671 θεῷ
692 2597 850 2651 πάντα
893 2605 1054 2651 ποιεῖν
1084 2597 1270 2667 ὅσαπερ
1310 2597 1546 2666 βούλεται.
1630 2597 1694 2650 Τὸ
1738 2599 1872 2660 τέλος
1909 2597 2000 2668 γάρ
2034 2595 2187 2666 αὐτῆς
2218 2595 2384 2661 οὐδεὶς

453 2687 589 2754 ἔγνω.
668 2684 807 2751 Πέρα
846 2689 934 2736 τοῦ
973 2684 1169 2746 δέοντος
1199 2683 1259 2736 οὐ
1285 2683 1376 2754 χρὴ
1410 2689 1556 2750 τιμᾶν
1592 2680 1712 2746 τούς
1741 2681 1936 2754 ἁγίους,
1974 2681 2093 2736 ἄλλα
2119 2689 2264 2751 τιμᾶν
2295 2681 2408 2737 τᾶν.

454 2769 619 2822 αὐτῶν
666 2768 920 2836 δεσπότην.
1016 2768 1310 2822 Παυσάσθω
1358 2772 1526 2822 τοίνυν
1561 2766 1596 2835 ἦ
1631 2769 1791 2837 πλάνη
1839 2774 1936 2823 τῶν
1984 2770 2380 2836 πεπλανημένων.

461 2853 588 2908 Οὔτε
617 2852 708 2924 γάρ
733 2852 855 2915 θεὸς
890 2852 925 2920 ἦ
955 2858 1155 2922 Μαρία,
1213 2852 1324 2907 οὔτε
1351 2852 1438 2907 ἀπ’
1464 2852 1680 2924 ούρανοῦ
1709 2856 1884 2922 ἔχουσα
1907 2853 1961 2907 τὸ
1987 2859 2152 2921 σῶμα,
2203 2851 2299 2906 ἄλλ’
2328 2856 2382 2907 ἐκ

451 2939 736 3007 συλλήψεως
763 2937 947 3009 ἀνδρὸς
973 2942 1056 2992 καὶ
1084 2938 1345 3010 γυναικὸς,
1383 2938 1487 2992 κατ’
1514 2941 1802 3009 ἐπαγγελίαν
1831 2941 1908 3005 δὲ,
1957 2937 2116 3008 ὥςπερ
2147 2936 2176 2992 ὁ
2198 2936 2380 3005 Ἰσαάκ,

451 3029 850 3093 οἰκονομηθεῖσα.
929 3026 1028 3077 Καὶ
1071 3027 1240 3093 μηδεὶς
1283 3027 1352 3087 εἰς
1392 3023 1549 3092 ὄνομα
1591 3023 1773 3092 ταύτης
1811 3025 2148 3094 προςφερέτω,
2201 3025 2381 3078 ἑαυτοῦ

450 3109 543 3180 γάρ
570 3109 659 3178 τήν
681 3109 847 3177 ψυχὴν
877 3107 1120 3173 7ιῧπόλλει,
1161 3110 1279 3178 μήτε
1304 3109 1448 3164 πάλιν
1468 3113 1819 3179 ἐμπαροινείτω
1843 3112 2102 3178 ἐξυβρίζων
2123 3107 2213 3177 τήν
2238 3106 2382 3179 ἆγίαν

450 3198 728 3265 παρθένον·
768 3194 834 3263 μὴ
863 3195 955 3265 γάρ
983 3197 1171 3265 γένοιτο
1188 3240 1200 3260 ,
1240 3196 1300 3249 οὗ
1330 3195 1572 3264 συνήφθη
1599 3198 1743 3264 σαρκὶ
1771 3194 1890 3262 μετά
1919 3193 2009 3262 τὴν
2034 3193 2226 3262 κύησιν,
2265 3191 2381 3249 οὐδὲ

450 3280 546 3352 πρὸ
586 3288 673 3350 τῆς
708 3280 926 3349 κυήσεως
963 3287 1051 3334 τοῦ
1089 3287 1320 3352 σωτῆρος.

597 3622 693 3672 Καὶ
726 3627 878 3674 ταῦτα
921 3622 1007 3689 μὲν
1047 3620 1109 3673 τά
1151 3619 1287 3691 ὀλίγα
1316 3623 1384 3682 εἰς
1419 3618 1624 3680 ἑαυτούς
1656 3618 2069 3686 διασκοπήσαντες
2095 3617 2379 3690 ἐγράψαμεν

512 3749 609 3788 CAP.
642 3752 805 3791 XXIV.
838 3775 888 3781 ω
963 3751 996 3791 1.
1037 3750 1392 3807 προςανεχὲείσης
1450 3752 1554 3791 edili.

453 3806 564 3845 codd.
592 3818 681 3845 mss.
708 3811 741 3845 et
769 3810 857 3847 edit.
881 3811 1006 3857 princ.
1499 3805 1539 3845 3.
1568 3807 1744 3845 Fortasse
1771 3803 1843 3847 καὶ
1875 3804 1934 3853 εἰς
1964 3806 2029 3859 ἓρ.

507 3861 546 3904 2.
581 3861 727 3904 θυσίαν
751 3866 864 3903 codd.
892 3877 983 3907 mss.
1010 3869 1175 3915 uterque.
1236 3862 1385 3912 θυσίας
1498 3858 1535 3901 4·
1567 3861 1639 3903 τοῦ
1670 3859 1831 3917 Φαραώ
1860 3866 2078 3914 suspicatus
2100 3867 2154 3904 est
2178 3865 2376 3905 Petamus.
