2508 4134
529 291 754 333 PANARn
785 291 888 331 ΜΒ.
911 292 984 331 111.
1015 292 1149 332 ToM.
1176 294 1207 332 1.
1239 291 1403 332 HAER.
1431 292 1631 332 Lxxiv.
1931 280 2029 329 147

134 392 238 443 dem
279 391 459 440 habitat
494 393 541 440 in
578 391 725 440 nobis.
818 386 918 440 Sed
954 397 1170 439 mortuus
1219 390 1320 457 ipse
1369 389 1448 441 via
1490 389 1618 440 vitae
1656 368 1823 438 nostra
1862 403 2035 437 caussa

122 477 286 526 factus
310 482 417 525 est=
478 477 538 523 Ut
563 477 649 539 qui
670 477 852 532 vivunt,
902 490 993 522 non
1032 474 1127 522 sibi
1158 475 1270 536 ipsis
1296 476 1492 537 amplius
1516 477 1699 532 vivant,
1753 474 1837 520 sed
1875 474 1922 520 ei
1953 475 2039 535 qui
2053 482 2174 517 2.Cor.
2188 483 2221 524 5,
2236 481 2287 517 15.

126 578 216 625 pro
258 560 388 608 nobis
415 567 625 611 mortuus
655 567 726 606 est
757 566 805 605 et
837 560 1117 606 resur-remit.
1198 553 1423 622 Idemque
1450 557 1580 607 vitae
1609 554 1891 624 principium
1911 594 1924 617 ,
1979 571 2036 604 ac

132 646 468 702 iurisiurandi,
523 659 616 710 quo
657 658 711 692 se
751 648 861 692 ante
892 641 1052 708 plures
1080 656 1235 690 annos
1262 638 1620 702 obstrinxerat,
1676 648 1727 690 ut
1758 638 1825 689 ait
1858 637 2034 701 David,
2058 644 2288 687 Halm-8824·

133 730 406 777 recordatus
429 736 525 776 est.-
583 729 709 775 Deus
745 729 863 774 enim
905 734 1009 774 erat
1040 728 1086 774 in
1121 726 1305 772 Clzristo
1340 726 1555 772 mundum
1586 726 1892 773 reconcilians
1920 724 2027 782 sibi,
2042 731 2075 764 2-
2090 727 2288 772 eor.5,1²=.

132 829 219 861 sua
257 814 354 860 illis
393 813 561 860 delicta
602 828 693 859 non
734 813 992 874 imputans:
1048 811 1270 872 Quoniam
1306 810 1352 856 in
1379 811 1477 872 ipso
1500 810 1682 872 placuit
1708 825 1879 856 omnem
1906 808 2037 856 habi·
2061 813 2259 856 (301.1,19.

140 905 241 945 tare
271 897 599 960 plenitudinem
614 931 628 953 ,
677 903 727 943 et
755 911 846 958 per
868 896 998 942 illum
1023 895 1330 942 reconciliare
1355 895 1403 940 in
1428 895 1575 956 ipsum
1603 895 1780 951 omnia,
1835 910 1935 940 cum
1956 909 2042 956 pa-

135 998 231 1030 cem
258 983 412 1029 crucis
437 982 667 1043 sanguine
684 981 942 1027 sanxisset.
1021 976 1115 1028 Hic
1147 976 1292 1045 igitur
1322 976 1380 1026 ad
1413 985 1681 1044 temporum
1709 975 2044 1027 administran-

137 1066 242 1116 dam
277 1062 619 1132 plenitudinem
648 1062 871 1126 advenit,
928 1061 1323 1129 quemadmodum
1351 1060 1597 1110 Abraamo
1631 1059 1902 1127 ceterisque
1931 1078 2042 1111 sau·

136 1149 227 1199 ctis
270 1149 378 1199 data
417 1147 535 1198 fides
577 1155 710 1209 erat,
768 1149 830 1196 Ut
866 1149 913 1195 in
946 1149 1044 1211 ipso
1077 1149 1368 1195 instauraret
1391 1148 1570 1205 omnia,
1611 1162 1667 1193 ac
1694 1147 1889 1193 velutin
1918 1163 2041 1193 sum-
2063 1160 2157 1206 Eph.
2184 1161 2215 1204 1,
2244 1161 2295 1193 ιο.

136 1250 254 1283 mam
290 1235 551 1297 redigeret,
604 1248 722 1296 quae
756 1235 803 1280 in
842 1233 968 1279 coelo
1006 1240 1120 1279 sunt
1155 1247 1210 1278 ac
1238 1239 1383 1278 terra.
1462 1227 1657 1279 Etenim
1693 1246 1778 1297 per
1810 1228 1937 1278 illam
1968 1228 2044 1279 dei
2199 1215 2202 1219 ἢ

137 1315 413 1387 patientiam
443 1314 684 1367 dissensio
709 1315 939 1383 quaedam
966 1323 1015 1365 et
1043 1314 1292 1364 inimicitia
1327 1315 1512 1378 l'uerat3
1570 1311 1808 1364 Christus·
1832 1330 1950 1364 vero
1996 1313 2045 1363 in

139 1418 342 1470 corpore
374 1417 614 1468 carneque
657 1416 742 1450 sua
772 1399 820 1449 in
850 1398 1052 1466 gratiam
1101 1398 1504 1465 concordiamque
1530 1398 1768 1462 restituit,
1824 1415 1929 1448 cum
1962 1415 2048 1466 per

140 1503 250 1537 sese
281 1503 427 1536 unum
455 1485 595 1535 ambo
627 1484 840 1534 fecisset.
896 1487 1027 1533 Venit
1049 1487 1166 1533 enim
1194 1501 1295 1548 paoe
1322 1492 1511 1542 nostra,
1564 1491 1613 1531 et
1633 1486 1922 1532 interiectum
1951 1499 2046 1531 ma·
2068 1499 2163 1544 Eph.
2182 1499 2216 1543 2,
2245 1499 2296 1534 111.

140 1574 293 1620 ceriae
326 1579 502 1635 septum
517 1606 531 1629 ,
584 1570 862 1617 simultatem
904 1570 1119 1617 videlicet
1154 1586 1326 1617 omnem
1341 1605 1355 1628 ,
1411 1570 1459 1616 in
1495 1585 1582 1616 sua
1611 1585 1752 1616 carne
1776 1571 1949 1628 diruit,
1992 1584 2047 1616 ac

133 1663 486 1720 praeceptorum
513 1655 657 1718 legem
693 1656 792 1701 suis
820 1654 1112 1716 dogmatibus
1142 1654 1366 1711 abolevit,
1425 1661 1479 1700 ut
1502 1653 1659 1701 ambos
1689 1655 1736 1701 in
1763 1655 1912 1717 seipso
1938 1670 2048 1701 eun-

140 1743 239 1789 dem
285 1744 332 1788 in
373 1756 537 1787 novum
575 1740 798 1786 hominem
845 1747 1150 1801 componeret.
1229 1734 1414 1787 Gentes
1455 1752 1574 1787 vero
1614 1736 1662 1786 in
1702 1736 1828 1787 idem
1876 1753 2048 1805 corpus

142 1823 453 1885 coalescere,
516 1839 573 1873 ac
613 1821 960 1890 promissorum
1002 1839 1094 1871 una
1134 1820 1391 1889 participes
1433 1829 1481 1871 et
1525 1820 1728 1871 heredes
1761 1838 1870 1872 esse
1908 1821 2052 1872 iussit

142 1908 216 1959 his
245 1907 439 1960 verbis.
484 1910 642 1956 Venite
669 1909 818 1955 adme
843 1924 997 1955 omnes
1020 1909 1106 1971 qui
1127 1907 1368 1965 laboratis,
1410 1914 1457 1954 et
1481 1909 1666 1954 onerati
1691 1909 1818 1966 estis,
1860 1924 1946 1970 ego
1979 1924 2052 1954 re·-
2095 1908 2235 1994 llvllatltg

125 1995 294 2059 ficiam
334 2010 430 2042 vos.
512 1989 664 2058 Igitur
691 2008 794 2039 cum
837 2008 924 2054 ego
955 2008 1097 2039 carne
1125 1992 1381 2039 imbecillus
1422 2008 1589 2048 essem,
1641 1999 1854 2038 servator
1882 1993 1946 2039 ad
1982 2008 2051 2039 me
2073 1995 2181 2029 Rom
2198 1995 2230 2037 S
2247 1993 2280 2026 3-

139 2079 226 2127 sub
266 2080 423 2126 carnis
452 2079 643 2141 peccate
677 2078 828 2140 specie
859 2078 1028 2124 missus
1054 2084 1148 2135 est,
1204 2074 1282 2142 qui
1323 2082 1473 2124 totum
1507 2074 1597 2124 hoc
1628 2074 1873 2140 negotium
1904 2075 2051 2124 conli-

142 2171 304 2227 ceret,
356 2170 509 2212 utine
539 2178 565 2210 a
592 2160 854 2223 servitute,
910 2167 961 2210 ut
999 2177 1028 2209 a
1069 2158 1369 2226 corruptela,
1422 2167 1474 2208 ut
1516 2176 1541 2207 a
1575 2167 1729 2210 morte
1767 2158 2048 2223 redimeret,

143 2263 200 2297 ac
241 2245 356 2297 mihi
393 2244 474 2297 ille
511 2248 717 2304 iustitia,
770 2246 1082 2309 sanctificatio
1123 2262 1180 2292 ac
1213 2246 1461 2307 redemptio
1484 2245 1652 2309 factus
1692 2252 1778 2292 cst.
1858 2241 2049 2294 lustitia
2071 2246 2302 2293 1.cor.1‚3o.

144 2330 354 2398 quidem,
396 2330 520 2398 quod
547 2345 632 2397 per
657 2328 797 2378 fidem
827 2346 961 2379 suam
991 2336 1238 2395 peccatum
1269 2327 1508 2391 dissolvit,
1548 2326 1887 2392 sanctificatio,
1929 2328 2054 2396 quod

143 2431 231 2483 per
259 2431 429 2482 aquam
462 2421 511 2464 et
540 2413 756 2481 spiritum
797 2430 853 2463 ac
882 2412 1033 2464 verbo
1065 2430 1154 2463 suo
1192 2413 1239 2462 in
1273 2412 1544 2462 libertatem
1584 2412 1821 2477 asseruit,
1863 2413 2051 2463 redem-

143 2499 243 2568 ptio
270 2497 506 2565 denique,
560 2497 683 2564 quod
711 2497 922 2565 seipsum
956 2515 1011 2547 ac
1039 2497 1142 2548 veri
1170 2497 1280 2565 agni
1312 2495 1624 2564 sanguinem,
1668 2497 1758 2547 hoc
1789 2505 1862 2548 est
1890 2514 2048 2561 suum,

144 2582 196 2634 in
223 2581 393 2651 capitis
420 2580 514 2632 mei
541 2579 744 2649 pretium
772 2581 1019 2644 effuderit,
1073 2581 1340 2650 piaculum,
1383 2599 1476 2649 quo
1507 2591 1555 2632 et
1587 2582 1789 2632 mundus
1824 2599 2056 2650 repurga-

145 2676 249 2732 tus,
301 2676 351 2716 et
375 2669 526 2716 omnia
553 2668 678 2714 coelo
704 2675 921 2730 terraque
960 2669 1262 2715 reconciliata
1299 2676 1437 2727 sunt,·
1492 2669 1596 2715 dum
1638 2669 1904 2730 mysterium
1943 2676 2050 2715 ante
2073 2683 2154 2719 coi.
2176 2683 2209 2728 1,
2230 2685 2285 2728 20,

145 2754 333 2802 saecula
358 2769 414 2800 ac
435 2754 761 2815 generationes
786 2752 1014 2799 occultum
1039 2754 1304 2800 constitutis
1330 2752 1608 2815 temporibus
1634 2753 1851 2815 issmplevzt
1919 2748 2051 2800 Idem
2119 2732 2157 2761 et
2178 2711 2231 2760 ²¹³

147 2853 268 2888 vero
297 2836 650 2900 transformabit
680 2852 848 2898 corpus
873 2837 1147 2883 humilitatis
1171 2845 1388 2895 nostrae,
1443 2844 1496 2883 ut
1522 2837 1755 2901 conforme
1782 2839 1846 2884 sit
1865 2837 2051 2899 gloriae
2071 2853 2167 2888 Phil.
2178 2853 2211 2897 3,
2233 2853 2287 2888 21.

149 2924 320 2986 apsius,
372 2923 622 2969 secundum
663 2922 996 2983 operationem,
1050 2928 1104 2966 ut
1134 2923 1288 2983 possit
1316 2920 1544 2969 subiicere
1581 2922 1677 2969 sibi
1708 2923 1891 2969 omnia:
1944 2936 2055 2984 quo·
2082 2930 2164 2966 col.
2186 2930 2229 2975 2,
2253 2931 2285 2964 9.

149 3009 272 3055 niam
310 3009 358 3054 in
395 3009 493 3070 ipso
530 3005 714 3053 habitat
746 3006 892 3051 omnis
921 3004 1162 3066 plenitudo
1200 3007 1474 3053 divinitatis.

292 3087 535 3156 Quocirca
578 3086 841 3156 sapientiae
879 3085 990 3135 illud
1035 3102 1089 3135 ac
1133 3086 1397 3138 divinitatis
1437 3088 1794 3156 receptaculum
1833 3083 2056 3137 Christus
2101 3094 2282 3148 Cap.111.

151 3178 401 3234 mediator,
443 3184 492 3222 et
517 3176 668 3222 omnia
697 3175 743 3220 in
772 3189 871 3219 sese
901 3188 1002 3218 cum
1032 3173 1114 3218 deo
1141 3174 1475 3232 reconcilians,
1534 3191 1678 3237 neque
1700 3180 1939 3236 peccatum
1973 3174 2056 3219 im·
2071 3176 2237 3220 2.cor.5,
2256 3176 2307 3210 19-

143 3268 344 3324 putans,
399 3258 457 3308 ad
491 3257 672 3308 exitum
712 3272 890 3306 arcana
928 3254 1156 3323 mysteria
1191 3256 1485 3322 perducens,
1539 3254 1814 3306 testamenti
1842 3253 1916 3305 sui
1945 3255 2055 3319 fide,

154 3344 278 3411 quod
311 3360 339 3393 a
365 3342 471 3408 lege
501 3350 549 3392 et
574 3340 819 3409 prophetis
848 3348 1093 3390 ostensum
1126 3347 1268 3389 antea
1292 3340 1466 3402 fuerat,
1502 3338 1596 3402 dei,
1639 3339 1851 3406 inquam,
1893 3338 1972 3388 ille
2007 3339 2061 3388 fi-

152 3427 245 3478 lius
275 3426 608 3496 praedicatuS,
651 3443 706 3476 ac
735 3423 933 3475 Davidis
972 3421 1234 3490 appellatus
1260 3431 1335 3473 est
1358 3423 1500 3473 lilius.
1581 3421 1635 3473 Si
1665 3422 1851 3489 quidem
1879 3431 2059 3473 utrum-

154 3527 246 3578 que
280 3511 398 3561 deus
426 3518 475 3560 et
502 3511 674 3574 homo,
727 3513 872 3558 dez‘et
897 3509 1125 3555 hominum
1166 3510 1390 3555 mediator
1422 3509 1546 3572 [ταῖς
1601 3523 1768 3558 verum
1800 3508 1876 3558 dei
1909 3508 2058 3558 domi·
2075 3512 2105 3549 1·
2118 3512 2217 3547 Tim.
2232 3513 2266 3557 2,
2279 3513 2310 3546 3·

208 3621 276 3663 22.
310 3616 415 3691 πρός
445 3635 498 3676 με
525 3635 601 3663 non
635 3623 747 3662 habet
775 3601 910 3662 Ancor
1191 3617 1257 3659 26.
1291 3615 1534 3670 ὡρισμένοις
1563 3621 1700 3660 Ancor.

209 3677 277 3719 23.
309 3693 336 3720 α
372 3692 397 3720 α
401 3678 516 3746 ρτίας
551 3680 688 3719 Ancor.
1194 3673 1287 3712 ΟΑΡ.
1319 3675 1386 3713 111.
1417 3695 1471 3702 -—
1505 3677 1539 3715 1.
1570 3671 1797 3729 μεσιτεύων
1826 3673 2059 3718 καταλλάσ-

210 3731 279 3773 24.
310 3693 421 3776 δὲρ
387 3730 439 3801 δὲ’
470 3738 605 3775 Ancor.
663 3735 774 3774 Recte
802 3734 977 3784 fortasse.
1136 3742 1200 3771 σει
1229 3733 1365 3770 Ancor.

213 3788 279 3830 25.
310 3787 351 3832 ἐν
381 3785 554 3846 ουρανῷ.
586 3795 726 3830 Ancor.
1189 3787 1225 3826 2.
1257 3786 1317 3841 τῷ
1349 3786 1434 3842 θεῷ
1465 3790 1601 3827 Ancor.

1609 3858 1723 3912 10*
