2508 4134
586 289 811 332 PANARn
841 290 947 331 Lm.
971 290 1041 331 m.
1072 291 1206 333 ToM.
1226 291 1258 331 1.
1288 290 1452 332 HAER.
1471 291 1668 334 Lxxm.
1981 282 2077 332 101

175 387 358 439 vindex
389 388 607 440 veritatis
630 389 770 452 deus,
812 387 890 456 qui
918 390 1260 453 comprehendit
1281 393 1509 454 sapientes
1537 393 1584 439 in
1611 394 1785 439 astutia
1814 406 1900 440 sua
1930 389 1958 421 *
1988 388 2019 422 *
2050 388 2080 423 *
2103 399 2334 447 1.cor.3,1o.

175 472 252 540 qni
296 472 528 539 unigeniti
567 473 670 525 eius
713 472 799 524 filii
836 471 1202 538 cognationem,
1257 471 1458 523 similem
1500 491 1607 524 eum
1635 474 1682 524 in
1715 474 1934 525 omnibus
1969 490 2081 525 esse

173 555 323 625 patris
363 558 659 622 asserendo,
714 573 874 608 coram
915 555 1145 623 religioso
1181 555 1472 623 imperatore
1504 558 1752 624 professus
1783 566 1875 610 εει.
1950 556 2080 610 Nam

174 640 378 710 etipse,
431 650 598 711 utpote
629 643 762 711 ρὶιιε,
818 657 913 690 non
953 639 1094 689 aliter
1136 639 1192 689 de
1231 648 1434 708 patrono
1475 657 1563 691 suo
1601 658 1658 692 ac
1692 651 1964 710 protectore
1993 660 2081 694 suo

171 725 314 777 unico
354 726 430 778 dei
471 727 571 778 filio
602 725 868 787 sentiebat,
924 732 971 775 et
1003 723 1127 792 quod
1157 723 1397 775 sentiebat
1424 725 1502 791 pio
1527 724 1574 775 in
1604 726 1822 778 omnibus
1855 746 1942 780 ore
1970 746 2079 796 pro-

171 810 440 875 nuntiavit3
481 811 526 861 id
556 811 679 879 quod
708 827 796 861 nos
823 807 1047 860 catholici
1075 807 1333 871 credimuS,
1371 807 1571 858 similem
1599 826 1708 860 esse
1732 812 1880 878 patris
1906 812 2076 877 filium,

170 911 326 962 neque
367 912 453 963 per
493 896 648 964 ipsum
694 893 1050 945 haereticorum
1095 892 1374 942 insidiosam
1421 893 1656 944 adver-sus
1698 895 2079 948 ecclesiasticam

170 978 311 1029 fidem
358 979 663 1030 calliditatem
712 995 827 1030 suos
874 993 1163 1046 progressus
1206 975 1496 1027 habituram.
1595 975 1735 1043 Quae
1779 979 2079 1032 substantiae

169 1079 342 1113 nomen
380 1080 438 1113 eo
481 1064 684 1115 consilio
720 1071 923 1113 conatur
963 1061 1284 1129 extinguere,
1338 1069 1509 1111 utnon
1544 1063 1854 1130 pronuntiata
1878 1065 2078 1131 amplius

166 1163 287 1199 voce
330 1147 630 1199 substantiae
678 1147 866 1198 demum
905 1146 954 1196 in
1002 1145 1278 1214 pectoribus
1319 1144 1608 1196 delitescens
1640 1146 1857 1198 haeresis
1886 1147 2077 1217 impune

166 1240 434 1299 grassetur.
510 1230 696 1284 Verum
727 1230 807 1300 qui
831 1230 1034 1282 similem
1063 1246 1173 1280 esse
1204 1229 1480 1289 voluntate,
1521 1230 1791 1282 substantia
1830 1249 1950 1283 vero
1982 1234 2078 1283 dis-

166 1317 369 1369 similem
398 1316 547 1368 filium
581 1333 692 1368 esse
718 1315 1049 1384 scripserunt,
1101 1313 1278 1377 iidem,
1332 1315 1373 1364 si
1410 1314 1536 1365 bona
1573 1314 1670 1365 tide
1700 1332 1757 1367 ac
1793 1316 1985 1368 sincere
2012 1318 2078 1369 si-

167 1401 326 1452 milem
356 1401 559 1453 eundem
585 1401 634 1452 in
665 1399 888 1452 omnibus
915 1416 1024 1450 esse
1054 1398 1264 1449 confessi
1295 1407 1434 1462 sunt,
1477 1399 1766 1451 vanissimos
1797 1417 1964 1453 eorum
1996 1420 2078 1453 co-

165 1494 307 1536 natus
349 1502 458 1536 esse
500 1484 941 1553 deprehendemuS,
1003 1483 1112 1534 dum
1152 1483 1451 1535 substantiae
1495 1502 1668 1535 nomen
1714 1485 1903 1554 eripere
1947 1487 2077 1538 omni

166 1569 476 1621 contentione
522 1570 737 1621 student.
812 1567 1008 1619 Etenim
1045 1568 1087 1619 si
1118 1568 1166 1618 in
1203 1567 1451 1632 omnibus,
1507 1577 1560 1619 ut
1599 1579 1852 1634 asserunt,
1905 1571 2076 1623 similis

165 1654 255 1718 sit,
308 1662 360 1705 ut
385 1662 461 1704 est
489 1670 542 1705 re
571 1671 719 1718 vera,
774 1654 894 1723 patri
930 1653 1086 1716 filius,
1142 1670 1237 1702 non
1268 1653 1517 1704 voluntate
1550 1662 1599 1704 et
1626 1654 1817 1706 actione
1849 1655 1981 1719 sola,
2022 1664 2075 1707 ut

162 1739 256 1790 illis
291 1739 477 1808 placet,
528 1738 612 1789 sed
643 1738 905 1789 existentia
937 1755 992 1788 ac
1018 1737 1286 1788 substantia
1318 1738 1437 1787 etin
1466 1754 1524 1788 eo
1550 1738 1656 1807 ipso
1684 1741 1808 1807 quod
1844 1749 1943 1805 est,
2001 1749 2074 1791 nt-

162 1832 273 1893 pote
303 1823 451 1887 filius,
491 1822 661 1874 similis
691 1823 755 1874 sit
778 1839 980 1873 necesse
1011 1831 1103 1872 est.
1180 1820 1309 1873 Nam
1340 1822 1458 1872 haec
1485 1822 1711 1890 loquendi
1744 1825 1976 1888 formula,
2016 1829 2073 1875 In

162 1910 396 1971 omnibus,
460 1908 687 1959 universa
745 1907 1110 1976 complectitur,
1177 1924 1267 1956 nec
1322 1907 1467 1957 ullum
1531 1906 1788 1959 discrimen
1844 1908 2069 1975 admittit,

163 1983 545 2061 qnandoquidem
588 1993 635 2043 in
669 1993 893 2043 confesso
937 1992 1059 2060 apud
1093 2008 1260 2041 omnes
1293 1992 1419 2042 istud
1450 2000 1551 2055 est,
1604 2009 1693 2043 nec
1724 1992 1928 2044 similem
1960 2011 2070 2045 esse

159 2077 249 2128 sibi
280 2085 492 2146 patrem,
549 2094 706 2145 neque
735 2076 823 2128 sibi
853 2076 945 2145 ipsi
977 2074 1156 2140 filium,
1210 2076 1295 2126 sed
1336 2075 1484 2126 filium
1519 2093 1628 2127 esse
1662 2077 1810 2145 patris
1842 2078 2066 2143 similem,

161 2170 209 2213 et
234 2179 293 2213 eo
320 2162 454 2231 ipso,
511 2163 634 2230 quod
665 2161 712 2211 in
750 2161 969 2213 omnibus
999 2161 1122 2230 patri
1152 2161 1320 2212 similis
1350 2169 1453 2224 est,
1503 2161 1654 2212 filium
1684 2179 1794 2212 esse
1813 2202 1826 2226 ,
1868 2180 1963 2213 non
1989 2180 2069 2230 pa-

158 2254 300 2298 trem.
378 2244 474 2314 Qui
521 2246 709 2314 quidem
760 2247 975 2314 perfecte
1025 2263 1052 2295 a
1090 2247 1306 2314 perfecto
1354 2254 1489 2315 patre
1538 2255 1649 2296 ante
1698 2246 2066 2315 intelligentiam

159 2348 380 2395 omnem,
421 2347 709 2398 omnemque
737 2331 1002 2395 rationem,
1045 2348 1102 2381 ac
1132 2339 1378 2400 tempora,
1433 2331 1725 2400 saeculaque
1755 2348 1781 2381 e
1808 2332 1958 2399 patris
1993 2341 2068 2383 est

158 2415 467 2466 similitudine
496 2416 715 2483 genituS,
759 2433 816 2466 eo
849 2416 1020 2479 mod0,
1076 2433 1214 2483 quem
1244 2416 1376 2467 solus
1403 2415 1655 2484 cognoscit
1682 2424 1847 2483 pater,
1904 2416 1982 2484 qui
2010 2417 2066 2467 il'-

156 2500 254 2552 lum
281 2518 307 2551 e
340 2501 500 2570 seipso
537 2499 656 2550 citra
699 2499 973 2568 passionem
1016 2517 1206 2550 omnem
1252 2500 1436 2568 genuit.
1515 2497 1613 2551 Sed
1649 2509 1698 2550 et
1740 2500 1866 2551 filius
1908 2501 2061 2565 novit,

156 2584 236 2653 qni
278 2585 335 2636 ab
378 2602 436 2635 eo
473 2593 526 2635 ut
553 2593 682 2634 esset
719 2584 922 2652 accepit.
997 2583 1153 2636 Novit
1178 2593 1424 2653 postremo
1455 2593 1503 2635 et
1532 2585 1573 2635 is
1602 2585 1677 2635 cui
1706 2585 1785 2636 ille
1812 2585 2060 2649 revelarit,

155 2669 326 2738 cuique
367 2668 416 2720 iu
454 2667 527 2720 sui
571 2669 973 2738 contemplatione
1015 2670 1164 2738 patris
1194 2670 1296 2733 sui,
1350 2678 1403 2720 ut
1432 2687 1519 2738 par
1552 2678 1655 2733 est,
1695 2669 2062 2738 intelligentiam

156 2754 474 2805 concesserit.
624 2746 628 2751 ’

295 2836 478 2890 Verum
518 2856 578 2890 ne
608 2855 746 2906 quem
790 2838 1114 2906 hypostaseon
1147 2839 1400 2908 appellatio
1428 2840 1532 2909 ipsa
1565 2839 1830 2909 perturbet.
1909 2836 1985 2890 Ob
2014 2837 2060 2887 id
2085 2847 2312 2902 Cap.XV1.

155 2922 281 2973 enim
320 2922 608 2992 hypostases
651 2922 709 2973 ab
751 2918 1081 2973 Orientalibus
1124 2932 1444 2992 usurpantur,
1502 2933 1553 2975 ut
1592 2941 1906 2993 personarum
1950 2939 2060 2990 pro-

153 3007 385 3075 prietates
432 3008 754 3059 subsistentes
801 3008 1166 3076 existentesque
1212 3009 1476 3059 declarent.
1552 3007 1679 3060 Nam
1723 3006 1814 3058 etsi
1860 3006 2058 3074 spiritus

153 3100 291 3160 pater
317 3100 411 3156 est,
452 3101 502 3143 ει
530 3092 658 3143 filius
693 3091 907 3159 spirituS,
949 3099 997 3140 et
1025 3091 1221 3159 spiritus
1250 3102 1445 3144 sanctus
1474 3093 1575 3162 ipse
1608 3091 1825 3161 spiritus,
1858 3108 1952 3139 non
1988 3100 2058 3139 ta-

153 3192 260 3226 men
290 3184 471 3245 patrem
499 3194 608 3228 esse
636 3176 785 3227 filium
814 3175 1106 3242 concipimus
1137 3177 1326 3241 animo3
1367 3178 1478 3244 quin
1509 3186 1556 3227 et
1586 3175 1781 3245 spiritus
1807 3174 1911 3243 ipse
1945 3173 2057 3224 sub-

152 3258 306 3323 sistit,
347 3261 423 3328 qui
451 3278 749 3329 nequaquam
783 3259 910 3310 fitius
939 3258 1248 3327 intelligitur,
1290 3262 1555 3313 cuiusmodi
1588 3278 1682 3310 non
1713 3267 1813 3323 est,
1856 3259 1939 3309 sed
1971 3276 2058 3326 per

152 3343 362 3412 seipsum
407 3346 603 3414 spiritus
644 3353 841 3396 sanctus
884 3344 963 3394 ille
1008 3343 1244 3395 subsistit.
1323 3345 1414 3396 Hic
1444 3346 1570 3396 enim
1603 3360 1758 3411 neque
1793 3351 1931 3412 pater
1957 3350 2052 3407 est,

150 3460 252 3496 tatus
274 3457 425 3496 Verum
446 3456 557 3512 ipsos
583 3465 704 3498 antea
730 3455 1070 3511 deprehendimus
1125 3468 1201 3498 esse
1232 3460 1354 3499 video.

151 3511 359 3566 scripsisse
389 3518 470 3554 cett.
1183 3511 1222 3553 8.
1255 3512 1303 3555 ἐκ
1331 3515 1403 3556 τοῦ
1433 3515 1581 3554 volebat
1607 3515 1802 3553 Petavius.

205 3570 243 3608 5.
273 3570 380 3608 Libri
405 3572 520 3620 vulyo
548 3564 682 3622 ὥςπερ
714 3560 794 3611 οὖν.
1183 3567 1225 3608 9.
1254 3568 1598 3622 τέλειοςῄμιενραε
1627 3570 1736 3609 codd.
1768 3581 1858 3610 mss.
1885 3567 2053 3617 τελείως

205 3621 245 3665 6.
278 3622 406 3678 μόνην
439 3638 514 3665 om.
547 3628 629 3666 cod.
660 3628 819 3675 Rhediy.
1129 3625 1233 3665 editi.

205 3678 244 3720 7.
292 3682 411 3731 Vuzyo
450 3676 573 3724 αὐτὸν
614 3677 749 3723 αὐτὸν.
794 3683 871 3721 Sed
912 3683 1073 3720 alterum
1189 3680 1249 3721 10.
1282 3675 1406 3723 αὐτοῦ
1436 3683 1545 3722 codd.
1571 3694 1662 3722 mss.
1685 3686 1719 3722 et
1742 3683 1800 3722 ed.
1822 3684 1946 3732 princ.

152 3728 289 3783 αὐτὸν,
318 3738 421 3786 quod
437 3738 618 3777 Petavius
630 3749 775 3787 quoque
790 3740 939 3778 uncinis
963 3740 1071 3776 nota·
1187 3735 1251 3776 11.
1281 3736 1470 3792 παρέχων
1498 3739 1746 3778 emendarunt
1777 3740 1986 3779 Cornarius
2020 3742 2054 3779 et

150 3793 217 3839 vit,
235 3794 351 3832 etiam
362 3794 402 3833 in
413 3794 494 3835 cod.
510 3795 585 3834 len.
600 3796 715 3834 rubro
731 3795 853 3834 colore
874 3794 1073 3833 inductum
1129 3794 1323 3836 Petavius.
1382 3797 1487 3835 Libri
1515 3796 1652 3840 habent
1679 3792 1883 3850 παρέχειν.
