2508 4134
474 260 577 314 254

475 377 579 430 τοῖς
603 366 739 438 παρὰ
765 375 788 406 ⁹
805 366 948 431 ἀξίαν
972 365 1219 437 Ἑλλήνων
1265 376 1324 407 ¹⁰
1339 376 1528 427 πταίειν
1553 376 1847 444 προπετείας
1891 371 2138 441 προλήψει
2169 395 2407 445 κατεγνω-

357 468 377 499 i
419 467 421 469 ’
474 455 668 521 σμένοις
706 451 795 521 τὴν
839 459 1003 507 πᾶσαν
1041 459 1200 508 κτίσιν
1233 461 1600 527 11προςκννεῖν
1629 456 1721 527 τὴν
1758 455 2068 525 1Ἇαῖνόμοιον
2097 452 2255 513 οὖσαν
2278 457 2408 530 πρὰς

471 537 558 591 τόν
584 538 1021 609 προςκυνούμενον
1049 541 1235 610 πατέρα
1259 542 1311 594 ἐν
1335 545 1446 615 υἱῷ,
1485 542 1597 597 υἱόν
1624 545 1677 598 ἐν
1702 543 1850 614 πατρὶ
1878 542 1970 596 σύν
1998 539 2122 617 ἇγίῳ
2149 542 2407 613 πνεύματι,

475 616 516 696 ᾧ
552 622 587 692 ἦ
622 623 744 687 δόξα
781 626 850 686 εἰς
883 622 1000 686 τούς
1037 626 1234 688 αἰῶνας.

1186 273 1390 316 SANCTI
1419 277 1703 319 EPIPHANII

611 793 796 849 Ἀετίου
825 797 995 862 κεφάλ.
1018 793 1096 849 ια’.
1174 798 1246 849 Εἰ
1264 793 1531 866 ἆγεννήτου
1555 795 1754 862 φύσεως
1772 795 2006 869 ’ὑπάρχων
2033 795 2063 851 ό
2087 796 2210 861 θεὸς
2235 795 2266 853 ὅ
2283 820 2407 852 παν-

472 880 722 953 τοκράτωρ
756 886 992 951 γεννητῆς
1021 879 1219 947 φύσεως
1243 881 1339 935 οὐκ
1380 878 1513 935 οἶδεν
1541 881 1741 949 ἑαυτόν,
1780 882 1810 937 ὁ
1835 884 1889 937 δὲ
1917 883 2027 947 υἷὸς
2050 889 2285 954 γεννητῆς
2310 884 2405 951 φύ-

472 987 594 1030 σεως
633 965 870 1037 ὖποίρχων
909 972 1053 1020 τοῦτο
1092 966 1317 1038 γινώσκει
1356 964 1534 1020 ἑαυτὸν
1559 966 1681 1038 ὅπερ
1717 970 1842 1034 ἐστὶ,
1892 975 2000 1031 πῶς
2028 969 2123 1023 οὐκ
2153 967 2217 1023 ἄν
2248 972 2323 1038 εἴη
2350 967 2405 1023 τό

473 1052 742 1119 όμοούσιον
767 1055 972 1119 ψεῦδος,
1010 1059 1100 1106 τοῦ
1128 1053 1216 1121 μὲν
1243 1052 1569 1123 γινώσκοντος
1597 1053 1771 1107 ἑαυτὸν
1795 1051 2074 1124 ἀγέννητον,
2110 1060 2201 1108 τοῦ
2226 1055 2279 1108 δὲ
2306 1075 2407 1125 γεν-

470 1137 648 1208 νητόνς

612 1222 798 1294 Ἀνατρ.
816 1221 1039 1291 ’Έφησεν
1061 1221 1243 1286 Ἀέτιος
1265 1224 1350 1276 καὶ
1375 1221 1663 1291 ἀπεφήνατο
1692 1220 1722 1277 ό
1746 1223 2028 1286 διαστολεύς
2048 1226 2131 1278 καὶ
2164 1221 2409 1295 όροθέτης

473 1311 558 1365 ἐπὶ
588 1308 783 1377 φύσεως
813 1314 939 1363 θεοῦ
967 1306 1341 1376 διαλαμβάνων,
1381 1306 1655 1379 ἅνθρωπος
1681 1308 1751 1362 ῶν
1772 1314 1832 1382 τῇ
1865 1307 2039 1375 φύσει,
2078 1310 2163 1362 καὶ
2190 1307 2251 1363 τοὶ
2280 1307 2406 1381 ὑπὲρ

475 1394 630 1462 φύσιν
675 1394 977 1463 βουλόμενος
1017 1395 1215 1461 εἰδέναι,
1271 1395 1448 1447 εἰδέναι
1474 1394 1528 1447 δὲ
1558 1392 1620 1447 οὗ
1646 1391 1772 1447 κατὰ
1812 1400 1831 1431 ¹
1853 1391 2160 1449 ἀκολουθίαν
2195 1400 2408 1466 γραφῆς,

476 1479 573 1535 ἄλλ’
607 1483 662 1534 ἐκ
702 1485 1033 1550 συλλογισμῶν
1075 1482 1311 1550 βροτείων
1355 1478 1728 1547 διανοημάτων,
1781 1478 1859 1533 ὅτι
1905 1477 2174 1550 ἄγεννήτου
2212 1478 2410 1546 φύσεως

474 1565 712 1636 ὑπάρχων
748 1564 778 1619 ὁ
803 1565 925 1628 θεὸς
961 1563 991 1619 ὁ
1019 1566 1374 1635 παντοκράτωρ
1415 1561 1650 1635 γεννητῆς
1692 1563 1890 1631 φύσεως
1926 1562 2019 1619 οὐκ
2048 1562 2181 1619 οἶδεν
2210 1563 2401 1619 ἔαυτόν.

479 1652 701 1706 Πάντοτε
739 1653 791 1705 δὲ
829 1650 905 1704 ἀεὶ
938 1653 1022 1704 καὶ
1063 1649 1287 1721 ἄπαρχῆς
1331 1657 1420 1704 τοῦ
1460 1652 1611 1722 λόγου
1643 1650 1810 1704 οὐκέτι
1857 1648 1980 1704 κατοὶ
2013 1648 2409 1713 τοῦςπαλαιοῦς

467 1736 779 1810 Ἀρειανοῦς,
815 1735 910 1790 κᾶν
937 1737 1410 1807 ἀποκεκρυμμένως,
1465 1735 1578 1790 υἱόν
1601 1736 1825 1804 βούλεται
1853 1737 2009 1806 λέγειν
2035 1733 2123 1790 τόν
2150 1741 2407 1807 μονογενῆ.

469 1823 552 1877 Ἐν
590 1830 712 1878 πᾶσι
758 1823 811 1877 δὲ
850 1822 1137 1893 θεωρήσατε
1175 1824 1277 1876 υἱοὶ
1318 1828 1407 1891 τῆς
1449 1820 1684 1891 ἀληθείας
1694 1864 1708 1886 ,
1760 1819 1828 1884 ῶς
1866 1819 2147 1875 παντάπασι
2178 1820 2407 1890 βούλεται

475 1909 627 1964 αὐτόν
673 1909 924 1979 ἀλλότριον
960 1906 1085 1962 εἶναι
1124 1906 1456 1979 τοῦπατρὸς,
1508 1909 1594 1961 καὶ
1632 1904 1742 1960 οὐδ’
1778 1905 1903 1970 ὅλως
1939 1908 2195 1976 μετέχοντα
2231 1912 2411 1978 θεϊκῆς

478 1995 673 2061 οὐσίας,
727 1998 775 2059 ἐξ
814 1989 884 2048 ῶν
912 1992 1122 2049 πάντοτε
1152 1999 1408 2063 τολμηρῶς
1452 1990 1838 2063 ἀποφθέγγεται.
1919 1991 1985 2047 Τό
2024 1990 2116 2063 γᾶρ
2144 1994 2300 2064 λέγειν
2333 1992 2410 2047 ὅτι

270 2111 354 2150 pag.
379 2099 454 2136 95⁰.
479 2080 632 2136 αὖτὸν
658 2081 924 2152 ἀγέννητον
959 2079 1209 2152 γινώσκει,
1260 2081 1347 2132 καὶ
1377 2085 1665 2149 γεννητικῆς
1692 2077 1891 2144 φύσεως
1930 2076 2022 2132 οὐκ
2053 2075 2187 2132 οἶδεν
2213 2077 2408 2144 ἑαυτὸν,

476 2167 636 2238 μάτην
661 2165 775 2237 παρ’
800 2164 932 2240 αὐτῷ
957 2167 1041 2220 καὶ
1064 2164 1120 2219 τό
1145 2163 1242 2218 κᾶν
1267 2163 1350 2218 διὰ
1378 2170 1531 2232 ψιλῆς
1554 2165 1727 2227 λέξεως
1749 2162 1859 2217 υἱόν
1884 2162 1971 2217 τόν
1995 2163 2110 2217 viiiv
2139 2170 2407 2218 καλεῖσθαι.

471 2253 887 2325 Ἀνατραπήσεται
927 2252 980 2305 δὲ
1018 2250 1175 2304 αὐτοῦ
1218 2247 1247 2303 o‘
1275 2248 1433 2320 λόγος.
1510 2250 1613 2301 Καὶ
1661 2247 1753 2319 γὰρ
1784 2245 2048 2319 ἆγέννητός
2079 2251 2210 2302 ἐστιν
2247 2247 2278 2304 ό
2312 2270 2409 2303 πα-

476 2338 591 2409 τὴρ,
628 2341 712 2392 καὶ
742 2340 993 2408 ἐγέννησεν
1031 2337 1208 2398 ἆϊδίως
1232 2333 1316 2389 τόν
1350 2340 1622 2404 μονογενῆ,
1676 2332 1872 2400 φύσεως
1903 2333 1975 2388 ῶν
2010 2336 2161 2408 ἑαυτῇ
2188 2333 2407 2406 πρεπού-

474 2444 588 2492 σης,
625 2430 692 2496 τῷ
723 2425 807 2477 ἕνα
836 2423 991 2491 μόνον
1011 2420 1097 2475 τὸν
1119 2426 1359 2491 μονογενῆ
1382 2421 1735 2491 γεγεννηκέναι,
1774 2422 1855 2474 καὶ
1885 2427 2078 2490 πνεῦμα
2108 2420 2406 2489 ἐνηνοχέναι,

472 2508 559 2563 τόν
598 2509 753 2577 μόνον
790 2508 926 2582 μόνῳ
962 2509 1041 2562 ἐπὶ
1081 2513 1338 2577 μονογενεῖ
1370 2504 1664 2576 γεννήτορα,
1719 2504 1777 2568 ὃς
1814 2511 1883 2579 τῷ
1917 2503 2143 2578 οἶνοίρχως
2183 2526 2404 2577 γεγεννη-

474 2597 605 2668 μένῳ
633 2597 729 2667 υἱῷ
754 2591 1078 2663 συνυπάρχει,
1116 2598 1311 2660 πνεῦμα
1341 2589 1437 2657 ῶν,
1475 2597 1668 2660 πνεῦμα
1698 2590 2028 2662 γεγεννηκώς,
2063 2593 2150 2644 καὶ
2177 2589 2239 2646 οὔ
2266 2597 2409 2660 σῶμα

477 2679 548 2734 ῶν
597 2686 887 2748 σωματικῶς
934 2677 1354 2746 διαστελλόμενον,
1407 2676 1525 2731 οὐδὲ
1573 2684 1764 2744 φθῖνον
1799 2678 1884 2731 καὶ
1933 2671 2086 2741 αὗξον
2129 2678 2214 2730 καὶ
2250 2675 2406 2746 τομήν

474 2763 825 2834 ὑφιστάμενον.
900 2763 994 2819 Διὸ
1021 2762 1157 2833 παρα
1183 2772 1285 2826 τοῖς
1314 2761 1474 2826 ἄλλοις
1501 2769 1621 2817 πᾶσι
1649 2770 1752 2826 τοῖς
1783 2762 2093 2833 γεγεννηκόσι
2118 2763 2203 2816 καὶ
2230 2783 2405 2833 γεννω-

474 2853 640 2921 μένοις
672 2848 813 2906 2ἀλλ’
840 2852 918 2904 ἐπὶ
960 2856 1153 2904 πολλῶν
1182 2851 1451 2918 ἐπιδέχεται
1475 2847 1510 2917 ἦ
1536 2853 1682 2920 χρεία.
1754 2847 2003 2902 Ἐνταῦθα
2030 2849 2082 2902 δὲ
2113 2847 2205 2916 οὐχ
2232 2847 2406 2919 ὅμοιον

473 2945 578 3000 τοῖς
603 2931 712 2992 οὖσι
738 2942 889 2990 πᾶσιν
915 2933 948 3003 ἦ
973 2942 1061 2989 τοῦ
1090 2934 1201 2998 ἓνός
1227 2933 1354 3006 πρὸς
1389 2933 1475 2988 τόν
1505 2936 1593 2988 ἕνα
1630 2932 1755 2998 ἀξία.
1829 2932 1924 2987 And
1961 2934 2046 2986 καὶ
2074 2931 2225 2996 αὐτὸς
2250 2931 2279 2988 ό
2299 2954 2403 3004 γεν-

472 3025 649 3091 νηθεὶς
684 3023 937 3092 ἐξαιρέτως
975 3023 1028 3074 ἐκ
1060 3027 1148 3075 τοῦ
1181 3020 1462 3089 έκπλήκτως
1493 3019 1814 3091 γεννήσαντος
1841 3018 2001 3089 ὥςπερ
2027 3016 2124 3071 ἆπὸ
2153 3025 2244 3072 τοῦ
2270 3017 2406 3090 ἆγεν-

474 3108 628 3178 νήτου
675 3109 955 3179 γεγέννηται
994 3107 1298 3176 συμπρέπων
1334 3111 1403 3179 τῷ
1442 3102 1711 3176 γεννήτορι.
1796 3106 1899 3157 Καὶ
1945 3100 2094 3165 αὐτός
2144 3103 2205 3158 οὐ
2257 3109 2405 3179 γεννᾷ

531 3308 571 3352 9.
602 3305 732 3361 ἀξίοις
760 3311 846 3351 cod.
876 3311 1041 3361 Rhediy.

536 3368 599 3408 10.
633 3366 768 3410 παίειν
799 3368 883 3408 cod.
908 3368 1070 3418 Rhediy.

536 3424 597 3463 11.
630 3427 867 3476 προςκυνεῑν
907 3421 1155 3476 (προςκυνῆ
1196 3425 1280 3464 cod.
1311 3422 1411 3477 Ien.)

475 3481 588 3521 codd.
618 3493 709 3520 mss.
737 3478 1035 3533 προςκυνητέον
1063 3476 1166 3522 εἶναι
1189 3482 1281 3520 editi
1311 3482 1412 3520 libri.

538 3537 601 3577 1¹2.
633 3532 823 3591 ἀνόμοιον
856 3541 1102 3577 correxerunt
1134 3539 1350 3577 Carnarius
1380 3541 1414 3576 et

478 3594 676 3634 Petavins.
751 3595 859 3633 Libri
906 3596 1022 3644 vulyo
1070 3595 1210 3634 habent
1260 3586 1411 3636 ἄνοιαν.

479 3650 692 3689 Carnarius
715 3652 986 3700 interpretatus
1007 3654 1061 3690 est
1080 3651 1173 3690 haec
1193 3652 1311 3690 verba
1333 3652 1412 3690 ita.-

479 3704 603 3753 Quod
638 3704 762 3759 igitur
795 3705 1107 3760 impossibiliter
1134 3705 1244 3760 apud
1278 3706 1414 3760 ipsum

479 3760 645 3809 Aetium
685 3761 736 3800 ab
772 3761 893 3803 initio
930 3761 1108 3817 positum
1142 3770 1227 3812 est,
1275 3771 1317 3803 et
1359 3761 1413 3802 ad

481 3816 770 3857 contumeliam
798 3818 1077 3873 blasphemiae
1103 3817 1275 3874 figuram
1298 3817 1412 3860 obti-

1467 3321 1583 3355 nens,
1607 3313 1780 3361 propter
1803 3312 1964 3358 partem
1985 3319 2106 3360 quam
2131 3305 2236 3346 dixit
2257 3304 2301 3347 iu
2322 3304 2404 3347 deo

1468 3378 1584 3405 esse:
1616 3376 1699 3402 non
1728 3361 1989 3403 differentiae
2014 3377 2108 3417 pars
2140 3362 2299 3413 extitit,
2328 3361 2405 3417 sed

1469 3417 1726 3474 aequalitatis
1742 3449 1751 3467 ‚
1798 3426 1840 3458 et
1870 3432 1974 3473 quae
2001 3434 2053 3459 ne
2082 3419 2282 3460 dividitur
2308 3418 2404 3475 qui-

1470 3478 1564 3517 dem
1591 3474 1757 3515 deitatis
1772 3505 1784 3523 ,
1827 3475 1901 3515 sed
1927 3490 2090 3530 semper
2114 3484 2176 3516 est
2200 3475 2401 3530 perfecta,

1469 3533 1550 3575 tria
1594 3531 1813 3571 existentia
1860 3533 2046 3586 perfecta
2062 3565 2073 3586 ,
2134 3547 2213 3574 una
2255 3531 2402 3579 deitas·

1471 3593 1558 3631 Imo
1583 3587 1721 3643 potius
1746 3587 1798 3628 ad
1824 3588 2181 3630 confirmationem
2205 3603 2326 3629 verae
2349 3588 2403 3629 fi·-

1470 3646 1550 3694 dei,
1582 3643 1954 3685 dissimilitudinem
1978 3646 2095 3687 nobis
2119 3645 2401 3694 communivit,

1470 3702 1524 3743 ad
1550 3701 1657 3754 hoc,
1701 3709 1745 3741 ut
1785 3715 1837 3740 ne
1864 3710 2053 3755 putemus
2095 3716 2227 3757 neque
2253 3701 2401 3743 creda-

1470 3772 1557 3799 mus
1578 3766 1742 3812 praeter
1762 3756 2006 3812 dignitatem
2026 3760 2208 3800 Graecae
2229 3756 2402 3809 nationi,

1470 3815 1525 3857 ob
1553 3813 1799 3855 temeritatis
1828 3816 2202 3871 praesumptionem
2228 3815 2403 3857 damna—
