2508 4134
160 883 272 940 Κεφ.
295 881 373 928 κε’.

197 2106 283 2143 pag.
305 2096 381 2132 873.

397 249 497 302 118
1119 260 1327 303 smc‘rr
1352 261 1638 304 EPIPHANII

393 374 534 410 τουσι
557 362 733 423 σαφῶς
759 355 813 410 τὸ
845 355 1013 410 αὐτῶν
1036 358 1348 428 ἐπιχείρημα,
1386 358 1548 414 οὐκέτι
1579 358 1691 414 οὔτε
1721 362 1858 414 αἰδοῖ
1878 381 1973 413 τινι
2001 357 2333 429 κατεχόμενοι,

396 442 509 497 οὔτε
549 440 887 509 ἰνδαλλόμενοι
925 440 1026 499 etad
1060 465 1193 506 τινος
1229 444 1613 516 προςτάγματος.
1688 448 1784 509 Εἰς
1821 444 1876 498 τὸ
1906 444 1975 514 μή
2008 449 2336 499 ’τινι-δοκεῖν

397 550 523 581 κατα
568 532 753 580 3κενοῦ
784 528 1053 597 φέρεσθαι,
1101 531 1188 582 καὶ
1216 527 1304 598 τὴν
1340 532 1622 584 ἐκτεθεῖσαν
1648 533 1771 597 ἐκεῖ,
1819 532 1904 584 καὶ
1928 528 2012 585 ὑπ’
2044 528 2209 585 αὐτῶν
2236 535 2337 584 τῶν

397 614 509 683 περὶ
537 610 768 666 Ἀκάκιον
807 615 997 680 πίστιν,
1048 611 1181 683 μεθ’
1179 612 1492 687 ὑπογραφῆς
1531 622 1630 670 τῶν
1661 619 1715 670 ἐν
1740 615 1866 691 αὐτῇ
1896 622 1956 691 τῇ
1984 615 2180 691 συνόδῳ
2203 636 2343 687 yevoe

398 699 585 765 μένων,
624 699 845 751 ἐνταῦθα
880 698 1256 772 παραθήσομαι.
1331 703 1431 754 Καὶ
1470 703 1599 755 ἔστιν
1635 700 1738 771 ἥδε.

543 870 610 921 Οἵ
646 868 964 934 συνελθόντες
1004 873 1264 925 ἐπίσκοποι
1303 873 1358 926 ἐκ
1400 872 1659 943 διαφόρων
1699 875 1947 944 ἐπαρχιῶν
1988 875 2043 928 ἐν
2076 873 2339 946 Σελευκείᾳ

396 958 483 1022 τῆς
500 953 751 1025 Ἰσαυρίας
765 998 779 1021 ,
815 954 941 1009 κατοῖ
966 955 1256 1028 πρόςταγμα
1284 963 1374 1025 τῆς
1401 957 1652 1026 εὐσεβείας
1680 965 1769 1012 τοῦ
1794 958 2180 1028 θεοσεβεστάτου
2202 961 2347 1028 βασι·>

395 1041 516 1102 λέως
545 1037 687 1109 ἦμῶν
717 1046 1095 1109 Κωνσταντίου,
1145 1041 1262 1096 τάδε
1297 1042 1645 1111 διελαλήσαμεν
1682 1041 1822 1112 ἡμεῖς
1854 1048 1908 1099 οἷ
1931 1045 2256 1114 συναχθέντες
2286 1046 2340 1098 ἐν

398 1129 659 1200 Σελευκείᾳ
694 1133 783 1196 τῆς
814 1125 1058 1199 Ἰσαυρίας
1094 1126 1220 1182 κατα
1260 1126 1515 1196 βασιλικόν
1550 1127 1790 1198 βούλημα.

548 1218 621 1286 Τῇ
645 1213 764 1281 χθὲς
790 1212 977 1287 ἡμέρᾳ,
1014 1214 1123 1283 ἥτις
1147 1208 1211 1282 ἧν
1240 1213 1340 1283 πρὸ
1369 1215 1509 1268 πέντε
1534 1218 1809 1269 Καλανδῶν
1849 1215 2125 1285 1Ὀκτοοβ.,
2175 1218 2341 1269 πᾶσαν

398 1296 624 1366 σπουδὴν
655 1299 1043 1370 εἰςηνεγκάμεθα
1079 1297 1200 1368 μετὰ
1238 1298 1401 1368 πάσης
1428 1297 1650 1364 εὐταξίας
1676 1299 1766 1368 τήν
1795 1300 1996 1372 εἰρήνην
2021 1307 2082 1375 τῇ
2112 1303 2342 1375 ἐκκλησίᾳ

399 1382 724 1451 διαφυλάξαι,
778 1387 864 1438 καὶ
892 1392 1022 1454 2τῆς
1049 1388 1256 1448 πίστεως
1283 1385 1543 1448 εὐσταθῶς
1574 1389 1848 1454 διαλαβεῖν,
1899 1384 1967 1450 ὥς
1996 1388 2287 1458 προςέταξεν
2312 1385 2342 1440 ό

398 1470 783 1536 θεοφιλέστατος
808 1469 1036 1539 βασιλεῦς
1059 1469 1201 1540 ἡμῶν
1232 1470 1600 1538 Κωνστάντιος,
1632 1470 1758 1525 κατὰ
1781 1470 1868 1535 τοὶς
1894 1471 2208 1543 προφητικοὶς
2235 1493 2341 1539 φω-

400 1553 519 1620 vois,
568 1558 654 1608 καὶ
694 1556 848 1625 μηδὲν
889 1554 1027 1626 παρὰ
1063 1553 1152 1620 τὰς
1181 1561 1324 1620 θείας
1361 1555 1560 1627 γραφάς
1595 1560 1962 1629 παρειςενέγκαι
1998 1564 2059 1632 τῇ
2093 1560 2343 1627 ἐκκλησια-

401 1646 544 1715 στικῇ
569 1643 739 1694 πίστει.
810 1639 1010 1710 Ἐπειδὴ
1055 1643 1189 1696 δὲέν
1222 1649 1283 1717 τῇ
1306 1641 1503 1717 συνόδῳ
1530 1643 1657 1706 τινὲς
1680 1642 1798 1707 τούς
1827 1645 1916 1711 μὲν
1945 1641 2088 1712 ἡμῶν
2112 1643 2341 1713 ὕβρισαν,

399 1747 516 1788 τους
545 1726 598 1779 δὲ
621 1724 958 1795 ἐπεστόμισαν,
988 1750 1048 1782 ου
1071 1735 1439 1800 συγχωροῦντες
1461 1735 1636 1794 λαλεῖν,
1660 1751 1777 1792 τους
1799 1730 1852 1783 δὲ
1877 1727 2168 1783 ἀπέκλεισαν
2193 1726 2341 1784 ὅῖκον·

401 1833 511 1878 τας,
550 1814 635 1866 καὶ
661 1812 778 1875 τούς
805 1815 1194 1888 καθῃρημένους
1219 1815 1273 1868 δὲ
1299 1816 1353 1868 ἐκ
1381 1814 1690 1886 διαφόρων’
1668 1821 1914 1887 επαρχιῶν
1941 1812 2069 1885 εἶχον
2095 1813 2206 1883 μεθ’
2231 1817 2338 1869 §av-

399 1919 526 1964 των,
577 1900 662 1952 καὶ
699 1921 818 1962 τους
858 1921 996 1970 παρα
1035 1898 1222 1953 κανόνα
1261 1902 1659 1963 κατασταθέντας
1695 1904 1818 1972 ἠγον
1859 1899 1971 1970 μεθ’
2010 1902 2225 1967 ἑαυτῶν,
2277 1899 2345 1965 ὥς

407 1983 721 2054 πανταχόθεν
741 1983 974 2055 θορυβου
1001 1991 1182 2057 πλῆρες
1205 1987 1439 2057 γενέσθαι
1461 1985 1516 2040 τὸ
1546 1987 1828 2057 συνέδριον,
1865 1986 2042 2050 καθως
2066 1983 2203 2040 καῖ’
2173 2009 2197 2040 ο
2223 1993 2342 2055 λαμ-

406 2069 649 2143 πρότατος
669 2069 831 2140 κόμης
860 2077 1106 2138 Λεωνᾶς,
1144 2073 1226 2125 καὶ
1268 2070 1298 2125 ὅ
1319 2070 1660 2143 λαμπρότατος
1697 2069 1968 2143 ἡγούμενος
1997 2079 2084 2141 τῆς
2113 2074 2344 2144 ἐπαρχίας

402 2160 682 2229 Λαυρίκιος
705 2157 927 2231 αὐτοψίᾳ
953 2158 1225 2228 παρέλαβε,
1263 2156 1443 2211 τούτου
1470 2156 1633 2211 ἕνεκεν
1659 2161 2005 2227 διαλαλοῦμεν,
2044 2155 2113 2221 οἷς
2133 2159 2194 2212 οὗ
2221 2158 2342 2226 φεύ-

400 2264 550 2314 γομεν
573 2241 664 2311 τὴν
694 2241 998 2311 αὖθεντικήν
1039 2246 1204 2296 πίστιν
1233 2245 1286 2296 ἐν
1312 2250 1417 2305 τοῖς
1457 2245 1722 2314 ἐγκαινίοις
1758 2251 1861 2307 τοῖς
1898 2241 2023 2298 κατὰ
2051 2241 2345 2312 Ἀντιόχειαν

401 2332 814 2399 προκομίζοντες,
870 2334 893 2366 ³
915 2326 969 2382 οἷ
1002 2330 1087 2381 καὶ
1119 2326 1263 2382 αὐτοὶ
1298 2326 1505 2397 μάλιστα
1544 2331 1596 2382 οἷ
1632 2331 1838 2399 πατέρες
1875 2327 2019 2398 ἡμῶν
2053 2327 2159 2383 κατ’
2186 2331 2342 2384 ἐκεῖνο

402 2419 584 2485 καιροῦ
621 2413 750 2487 πρὸς
785 2412 841 2468 τό
875 2411 1204 2483 ὑποκείμενον
1239 2420 1328 2483 τῆς
1362 2413 1605 2484 ζητήσεως
1640 2417 1959 2487 συνέδραμον.

541 2666 742 2737 Ἐπειδὴ
782 2668 995 2733 πολλοῦς
1035 2669 1316 2741 ἐθορύβησε
1355 2669 1410 2725 ‘cd
1445 2669 1712 2741 ὁμοούσιον
1742 2673 1827 2726 καὶ
1855 2671 1909 2726 τὸ
1942 2669 2268 2741 4όμοιούσιον
2293 2674 2346 2727 ἐν

401 2762 506 2818 τοῖς
529 2761 835 2826 παρελθοῦσι
872 2755 1093 2826 χρόνοις,
1146 2758 1232 2810 καὶ
1262 2759 1400 2828 μέχρι
1439 2764 1556 2824 νῦν,
1608 2756 1728 2812 ἄλλα
1770 2759 1852 2827 καὶ
1896 2759 1990 2821 ἕως
2025 2755 2134 2827 ἄρτι
2160 2759 2346 2829 λέγεται

402 2849 810 2910 καινοτομεῖσθαι
834 2838 934 2895 ὖπό
963 2864 1111 2895 τινων
1134 2841 1188 2896 τό
1214 2842 1458 2912 ἀνόμοιον
1483 2847 1597 2897 υἷοῦ
1628 2842 1755 2915 πρὸς
1782 2844 1995 2913 πατέρα,
2049 2842 2231 2897 τούτου
2259 2842 2345 2912 χοὶ-

403 2949 482 2999 ριν
516 2926 572 2981 τό
603 2924 872 2996 ὅμοούσιον
913 2924 980 2989 ὥς
1016 2926 1271 2999 ἀλλότριον
1307 2936 1406 2983 τῶν
1446 2933 1653 3002 γραφῶν
1689 2928 2009 2997 ἐκβάλλομεν,
2041 2926 2114 2982 ,τὸ
2145 2929 2198 2982 δὲ
2226 2927 2344 2983 ἆνό-

405 3035 548 3082 μοιον
576 3013 1022 3081 ἀναθεματίζομεν,
1061 3014 1147 3066 καὶ
1173 3013 1389 3082 πάντας,
1428 3015 1537 3070 ὅσοι
1560 3021 1779 3070 τοιοῦτοι
1800 3012 2150 3085 τυγχάνουσιν,
2207 3014 2344 3068 ἄλλο·

404 3102 570 3170 τρίους
608 3096 873 3170 ἡγούμεθα
907 3104 996 3167 τῆς
1023 3100 1292 3167 ἐκκλησίας.
1375 3100 1440 3154 To
1470 3102 1522 3155 δὲ
1550 3101 1723 3169 ὅμοιον
1751 3105 1840 3153 τοῦ
1867 3101 1981 3152 υἱοῦ
2005 3097 2131 3168 πρὸς
2156 3101 2351 3170 πατέρα-

407 3191 582 3252 σαφῶς
607 3183 967 3256 ὁμολογοῦμεν,
1018 3183 1143 3237 κατοὶ
1171 3183 1258 3239 τὸν
1295 3185 1572 3241 ἀπόστολον
1601 3184 1686 3239 τόν
1718 3185 1919 3255 λέγοντα
1947 3185 2056 3253 περὶ
2096 3191 2186 3238 τοῦ
2212 3188 2342 3252 υἱοῦ,

392 3268 488 3333 “05-
522 3272 650 3324 ἐστιν
679 3269 823 3324 εἰκών
851 3275 940 3324 τοῦ
967 3276 1095 3323 θεοῦ
1125 3276 1215 3324 τοῦ
1251 3269 1481 3343 ἀοράτου.
1553 3270 1921 3340 ”Ομολογοῦμεν
1957 3269 2011 3322 δὲ
2040 3271 2124 3323 καὶ
2151 3270 2344 3325 πιστεύ-

458 3413 499 3454 2.
529 3429 607 3457 τινι
634 3417 726 3456 dedi
764 3418 811 3456 de
848 3419 1080 3457 coniectura.
1141 3418 1251 3457 Libri
1276 3419 1347 3457 ha·
1405 3417 1530 3458 etiam
1556 3415 1709 3457 editam
1738 3413 1825 3454 illic
1845 3413 1897 3454 ab
1923 3414 2076 3456 Acacio
2101 3415 2225 3458 fidem
2250 3431 2342 3460 cum

404 3473 489 3511 bent
517 3485 618 3513 τινα.
679 3475 891 3524 petavius,
935 3475 998 3514 cui
1028 3478 1117 3514 ante
1153 3471 1226 3515 καὶ
1266 3470 1345 3527 τήν
1406 3472 1709 3527 subscriptione
1738 3475 1820 3511 cett.

405 3524 648 3570 ἐκτεθεῖσαν
678 3532 796 3569 verba
837 3527 921 3582 ἐγώ
953 3526 1001 3573 δὲ
1039 3532 1225 3571 excidisse
1257 3534 1344 3571 visa
1458 3531 1497 3573 3.
1528 3530 1646 3573 κενοῦ
1674 3530 1812 3578 scripsi
1836 3540 1884 3568 ex
1904 3531 2166 3572 emendatione
2194 3533 2342 3572 Corna-

403 3588 518 3634 sunt,
546 3586 602 3623 ita
634 3587 812 3626 distinxit
837 3591 879 3626 ut
907 3584 967 3634 εἰς
991 3584 1038 3629 τὸ
1068 3602 1127 3641 μη
1156 3601 1247 3628 τινα
1277 3590 1345 3631 δο-
1401 3591 1465 3629 rii.
1523 3590 1567 3628 In
1593 3588 1700 3626 libris
1724 3589 1805 3624 tam
1828 3587 1983 3636 scriptis
2008 3599 2127 3638 quam
2155 3590 2267 3629 editis
2288 3591 2342 3628 le-

405 3643 492 3681 κεῖν
519 3637 627 3682 κατὰ
650 3642 791 3683 καινοῦ
820 3641 1028 3697 φέρεσθαι
1054 3646 1108 3683 ad
1139 3658 1239 3697 προς
1242 3640 1343 3698 τάγ-
1401 3648 1508 3697 gitur
1537 3641 1688 3685 καινοῦ

407 3709 536 3750 ματος
585 3699 880 3739 retraherentur.
957 3701 1170 3740 Carnarius
1209 3706 1344 3741 contra
1461 3701 1556 3740 CAP.
1582 3698 1721 3738 XXV
1756 3721 1800 3726 —
1865 3697 2056 3751 1.Vu190
2084 3696 2210 3744 ὄκτω.
2254 3703 2341 3741 lam

404 3754 517 3792 vertit
548 3766 681 3806 neque
722 3752 859 3807 aliquo
900 3765 1123 3811 praecepto
1161 3757 1341 3813 coerciti.
1405 3758 1616 3798 cornarius
1651 3757 1817 3795 correxit
1851 3760 2001 3797 vertens
2029 3765 2125 3798 ante
2154 3756 2339 3812 quintum

408 3809 501 3859 Quo
524 3822 624 3851 vero
647 3822 733 3849 non
762 3810 973 3852 videamur
1010 3827 1059 3852 ex
1084 3810 1201 3854 inani
1227 3812 1342 3865 ferri,
1402 3811 1601 3853 Calendas
1635 3810 1848 3853 Octobres.
