2508 4134
638 286 778 347 ΤοΜι
809 285 1019 326 Pmoms
1053 285 1186 326 PARS
1216 284 1530 326 Pos‘rssmoss.
1931 272 2024 322 651

138 386 278 430 Petav.
302 386 472 439 praebet
497 385 614 433 ἴσως.
643 409 694 424 ⁹-
752 381 861 424 1.20.
891 382 1060 436 Repone
1084 397 1132 422 ex
1156 384 1315 422 Veneto
1344 380 1403 430 εἷς
1427 381 1475 425 δὲ
1502 379 1602 430 θεὸς
1630 378 1780 436 πατὴρ.
1812 403 1861 411 -
1919 379 1947 420 1.
1965 380 2033 419 21.

139 452 392 509 συνάδελφος
418 456 503 498 Bas.
532 478 587 487 —
641 454 668 494 l.
684 452 750 495 26.
782 449 931 506 δόξης,
975 454 1140 506 πνεῦμα
1162 447 1299 506 ἅγιον,
1329 452 1491 506 πνεῦμα
1516 451 1715 505 Χριστοῦ,
1740 465 1783 493 π.
1807 447 1963 504 πατρὸς
1985 446 2033 493 τὸ

137 524 283 568 λαλοῦν
311 522 353 566 ἐν
382 522 477 578 ὑμῖν
509 525 580 578 (ita
607 532 652 564 ut
678 522 813 563 desint
843 521 967 562 verba
994 520 1057 564 Τό
1085 520 1164 576 γὰρ
1186 524 1348 575 πνεῦμα
1370 522 1440 564 τοῦ
1466 519 1641 574 πατρὸς)
1674 522 1777 560 Ven.
1808 543 1858 551 —
1916 519 1944 559 1.
1965 518 2032 560 29.

137 589 405 647 ἄλλοιωμένον
441 593 548 646 (εἰσ).
607 592 664 636 Τί
693 583 776 646 ἄρα
797 588 908 646 παραὶ
931 589 1090 645 πατέρα
1122 590 1194 632 καὶ
1223 589 1309 634 υἱὸν
1340 594 1450 634 συνδ.
1473 593 1553 644 τῆς
1579 605 1640 644 τρ.
1672 591 1776 630 Ven.
1808 613 1861 621 --
1917 588 1946 628 l.
1967 588 2032 631 31.

136 662 212 713 τὸ,
242 660 361 717 Ἐγώ
387 661 458 705 καὶ
482 661 557 716 τό,
598 660 650 705 ‘O
673 659 812 715 πατὴρ
841 662 941 700 Ven.
973 684 1027 691 —-
1085 660 1115 702 I.
1133 659 1170 700 6.
1201 669 1296 700 ante
1328 660 1395 700 fin.
1441 659 1530 709 τὸν,
1560 660 1670 699 iuter
1699 658 1969 702 ἐνυπόστατον
1994 666 2037 699 et

139 733 312 787 πατέρα,
345 747 424 773 om.
455 734 555 773 Ven.
574 756 627 764 -—
672 731 698 771 1.
719 730 758 773 4.
779 738 874 771 aute
894 730 959 770 fin.
993 729 1053 779 εἰς
1079 724 1208 784 ὄνομα
1232 728 1389 783 πατρὸς
1412 728 1484 772 καὶ
1507 729 1594 771 υἱοῦ
1620 728 1691 771 καὶ
1711 726 1827 783 οἱγίου
1854 744 1916 772 πν.
1937 730 2034 769 Ven.

136 827 190 835 —-
218 803 245 843 I.
264 802 304 843 3.
335 810 432 842 ante
464 802 533 842 fin.
561 802 642 844 τιὸ.
669 802 752 844 τῶν
779 799 1044 854 συνδέσμων,
1074 799 1282 842 τουτέστιν
1310 802 1388 852 τῆς
1414 799 1622 854 συλλαβῆς
1649 799 1719 841 τοῦ
1736 830 1748 847 ‚
1779 797 1850 841 καὶ
1879 797 2039 854 ἐλέγχει

135 870 205 918 τὸν
234 873 344 928 Σαβ.
372 872 559 926 ματαίως
587 869 663 926 τὴν
692 867 938 925 συναλειφῆν
964 870 1058 924 (sic)
1089 871 1189 910 Ven.
1224 893 1277 899 -
1335 868 1362 908 l.
1385 868 1455 909 ult.
1476 863 1613 910 ’Όπου
1642 865 1720 921 γὰρ
1749 876 1885 908 tuetur
1914 869 2037 909 etiam

135 945 238 983 ven.
297 941 565 983 Scribendum
595 941 772 981 fortasse
801 935 902 983 ὅπου
931 954 992 994 γε.

247 1013 380 1069 Peg.
403 1010 531 1055 214.
587 1011 613 1051 l.
632 1011 672 1052 3.
701 1009 841 1064 τριάς,
871 1018 967 1064 post
990 1004 1189 1064 ὄνὸματι,
1220 1023 1299 1049 om.
1326 1009 1429 1049 Ven.
1462 1033 1516 1039 —
1572 1008 1598 1049 1.
1620 1009 1682 1049 11.
1715 1007 1805 1061 ζωή
1832 1007 1939 1062 εἰμι,
1969 1005 2038 1052 ἀεὶ

135 1079 158 1130 ὅ
182 1079 347 1137 πατὴρ,
378 1077 446 1124 eisc
470 1080 567 1136 εἰμι,
595 1079 728 1124 πάντα
754 1082 854 1121 ven.
886 1103 936 1110 —
993 1079 1018 1120 l.
1040 1080 1100 1120 12.
1132 1073 1304 1133 ὄμματα
1326 1080 1407 1132 τῆς
1431 1077 1604 1132 καρδίας
1624 1080 1727 1119 Ven.
1789 1078 1897 1118 Idem
1922 1078 1948 1118 1.
1980 1078 2037 1119 13.

133 1148 360 1208 οἷβλέπτῃς.
418 1151 596 1193 Συνελὲῖ.
627 1173 679 1182 —-
735 1150 763 1190 I.
790 1153 849 1190 18.
880 1163 1009 1202 σκιρτ.
1034 1151 1087 1205 τῇ
1114 1146 1220 1203 πρὸς
1242 1145 1468 1204 Ἐλισάβετ
1499 1145 1647 1200 εἰςόδῳ
1670 1162 1706 1189 τ.
1730 1148 1787 1189 Μ.
1806 1179 1817 1201 ,
1848 1145 1908 1196 ὦς
1933 1147 2036 1202 ἔγνω

134 1224 239 1262 Ven.
296 1221 410 1261 Idem
436 1220 463 1261 1.
486 1221 554 1261 20.
587 1234 667 1261 om.
707 1220 778 1262 τοῦ
812 1228 907 1260 aute
933 1219 1087 1273 κυρίου.
1117 1244 1170 1250 --
1229 1219 1254 1258 l.
1273 1220 1312 1261 7.
1341 1219 1391 1258 ab
1419 1218 1491 1257 inf.
1522 1218 1634 1261 διατὶ
1663 1220 1791 1271 Vem,
1822 1219 1889 1272 qui
1916 1218 2037 1272 paulo

133 1301 230 1345 post
266 1306 346 1332 om.
384 1291 508 1331 verba
546 1289 593 1334 τὸ
634 1291 822 1344 πνεῦμα,
865 1298 961 1329 ante
1002 1287 1262 1343 κατῆλυὲτεν,
1307 1297 1349 1328 et
1380 1287 1474 1327 dein
1503 1285 1549 1330 τὸ
1581 1283 1692 1341 ἅγιον
1721 1297 1812 1341 post
1840 1288 1963 1327 verba
1988 1285 2035 1330 τό

132 1363 308 1416 πνεῦμα.
331 1385 385 1392 -
440 1361 468 1401 l.
487 1360 641 1415 penult.
674 1357 746 1402 καὶ
773 1360 813 1402 εἴ
831 1374 870 1402 τι
897 1358 1008 1402 ἐστὶν
1038 1361 1138 1399 Ven.
1165 1361 1282 1399 Bene.
1342 1358 1454 1398 Idem
1483 1358 1508 1398 l.
1534 1357 1605 1397 ult.
1627 1358 1681 1413 τῇ
1707 1352 1832 1399 αὐτοῦ
1856 1355 2037 1411 Βεότητι.

246 1433 376 1488 Pag.
397 1431 524 1474 216.
579 1430 606 1470 l.
629 1431 661 1471 1.
693 1426 732 1478 ὁ,
762 1438 859 1469 ante
887 1423 1019 1483 ἅγιος,
1049 1443 1127 1470 om.
1155 1431 1259 1469 ven.
1321 1428 1431 1469 Idem
1457 1428 1482 1467 1.
1500 1428 1539 1468 3.
1569 1424 1656 1470 ἀλλ’
1686 1421 1811 1475 ὅπως.
1840 1451 1894 1458 -
1942 1428 1970 1468 l.
1989 1424 2027 1468 4.

135 1499 265 1556 μηδὲν
313 1496 434 1554 ὄρὲῐόν
473 1498 761 1553 διανοούμενος
798 1501 902 1539 Ven.
934 1522 986 1530 .-
1043 1499 1070 1540 1.
1093 1501 1128 1539 5.
1176 1500 1344 1553 Repone
1382 1495 1607 1552 συναλιφήν
1636 1512 1685 1536 ex
1715 1499 1798 1537 Bas.
1858 1499 1903 1537 In
1935 1498 2034 1536 Ven.

135 1580 198 1612 est
230 1571 471 1625 συναλειφῇ.
503 1593 557 1600 -
613 1569 639 1609 l.
663 1568 702 1611 6.
747 1565 876 1612 αὐτοῦ
905 1570 977 1611 τοῦ
1006 1565 1124 1623 οἱγίου
1150 1564 1382 1622 πνεύματος
1410 1570 1509 1608 Ven.
1570 1567 1680 1607 Idem
1707 1567 1803 1608 ibid.
1836 1566 2039 1621 φορέσαν·

133 1656 223 1691 τος,
267 1638 339 1683 καὶ
378 1638 419 1682 ἐν
458 1640 573 1683 εἴδει.
601 1662 657 1670 -
713 1638 741 1679 I.
773 1640 833 1681 11.
874 1637 1030 1693 πατρὸς
1066 1634 1223 1682 ἅνωὲεν
1260 1639 1366 1693 (sine
1413 1637 1480 1689 δὲ)
1521 1637 1670 1692 legitur
1707 1637 1829 1677 etiam
1856 1639 1957 1678 Ven.
1990 1660 2039 1667 —

132 1711 161 1751 1.
182 1710 245 1752 18.
276 1707 332 1763 δή
349 1742 359 1758 ,
389 1717 485 1750 ante
510 1709 666 1759 ταῦτα,
698 1723 776 1749 om.
801 1710 905 1749 Ven.
922 1741 932 1759 ,
964 1709 1032 1763 qni
1058 1709 1192 1763 pergit
1217 1706 1371 1752 δυνατοὶ
1389 1740 1398 1756 ,
1432 1706 1491 1762 μή
1527 1707 1613 1764 ἔχει
1641 1707 1740 1762 ἔμφ.
1800 1707 1910 1747 Idem
1938 1707 2042 1747 liber

131 1780 231 1821 ibid.
261 1778 356 1833 περὶ
381 1778 538 1826 ἑαυτοῦ.
571 1802 624 1809 —-
681 1778 707 1818 1.
728 1780 793 1820 25.
824 1777 922 1827 τοὺς
952 1776 1148 1833 μαθητὰς
1174 1776 1270 1827 τούς
1295 1775 1484 1826 εἰπόντας
1507 1779 1608 1818 ven.
1670 1778 1782 1817 Idem
1814 1777 1842 1818 l.
1867 1776 1933 1819 26.
1966 1769 2042 1820 οὖ-

134 1866 203 1899 τος
229 1846 251 1894 0‘
277 1845 461 1903 Ἰησοῦς,
494 1857 536 1888 et
564 1848 590 1888 l.
609 1848 677 1890 27.
705 1844 829 1891 αὐτὸν
854 1849 977 1891 ἴδετε.
1003 1873 1051 1879 -
1111 1849 1138 1888 l.
1155 1850 1222 1890 25.
1255 1850 1358 1890 Ven.
1384 1862 1463 1888 om.
1491 1846 1575 1902 ἐγώ
1601 1856 1697 1887 ante
1723 1844 1824 1900 ὁρῶ.
1846 1870 1901 1880 —-·
1956 1847 1983 1887 1.
2002 1846 2040 1887 3.

137 1921 188 1960 ab
218 1919 291 1959 inf.
322 1915 429 1972 πλὴν
454 1917 571 1972 ἐμοῦ.
600 1941 653 1950 --
710 1919 736 1958 1.
755 1919 824 1958 ult.
856 1920 1029 1972 Repone
1056 1933 1103 1958 ex
1133 1920 1219 1958 Bas.
1246 1915 1464 1972 συναλιφῆ.
1527 1920 1570 1957 In
1597 1919 1697 1958 Ven.
1725 1925 1786 1957 est
1816 1916 2043 1971 συναλειφῆ

138 1982 246 2034 οὖσα
272 1986 401 2043 τριὰς.

246 2060 376 2116 Pag.
399 2058 525 2102 218.
580 2057 605 2097 1.
633 2059 666 2100 1.
697 2055 901 2112 γεννήσας
930 2055 1104 2111 οἰληΰῶς
1135 2059 1235 2098 ven.
1295 2058 1412 2100 Idem
1441 2059 1468 2098 I.
1495 2060 1532 2099 2.
1567 2057 1614 2101 ἐκ
1643 2072 1685 2100 π.
1716 2054 1739 2101 ὁ
1773 2053 2046 2105 ἐνυπόστατος

135 2132 238 2170 Ven.
295 2129 409 2169 Idem
436 2128 558 2182 paulo
580 2136 676 2183 post
703 2127 814 2167 delet
840 2127 912 2170 καὶ
933 2137 1029 2168 ante
1056 2124 1258 2184 οἷχρόνως.
1288 2153 1341 2160 -
1398 2129 1424 2169 l.
1441 2128 1483 2170 6.
1516 2128 1727 2169 Vocabula
1756 2126 1816 2178 δὲ,
1849 2136 1944 2167 ante.
1972 2122 2046 2169 αὗ·-

134 2199 234 2248 τοῧ,
266 2207 306 2240 et
334 2198 431 2248 τοῦ,
463 2206 557 2252 post
592 2193 744 2246 αὖτοῦ,
784 2212 863 2238 om.
895 2199 996 2237 Ven.
1061 2198 1161 2239 lbid.
1191 2198 1360 2238 restitue
1385 2197 1530 2247 πάλιν,
1574 2213 1622 2238 ex
1653 2199 1732 2238 fide
1761 2206 1862 2237 vett.
1890 2198 2046 2246 libror„

137 2269 261 2310 etium
291 2268 448 2308 Veneti.
481 2291 531 2298 —
590 2267 617 2308 l.
644 2269 683 2310 7.
727 2267 908 2323 πέφηνεν
947 2267 988 2310 ἐν
1015 2273 1102 2316 τοῖς
1128 2283 1251 2323 προφ.
1281 2270 1384 2308 Ven.
1419 2293 1470 2298 —
1528 2269 1553 2308 I.
1579 2268 1639 2310 13.
1683 2265 1912 2310 Ἀσαναίων
1943 2269 2044 2309 Ven.

136 2362 193 2369 —
220 2339 248 2380 l.
269 2335 330 2379 16.
360 2335 614 2394 Βααλζεβάὓ
638 2339 739 2378 Ven.
788 2338 899 2377 Idem
923 2336 949 2377 l.
975 2338 1036 2380 17.
1065 2337 1200 2392 ἔλεγεν
1226 2334 1368 2386 αὗτοῖς
1393 2334 1415 2380 ὁ
1440 2336 1592 2392 κύριος.
1623 2340 1741 2380 Bene.
1792 2338 1893 2378 Ibid.
1923 2337 2045 2392 paulo

136 2417 234 2464 post
257 2421 413 2462 repone
438 2404 522 2461 ἐγώ
551 2406 636 2461 εἰμι
661 2404 683 2450 ὁ
707 2408 881 2460 πρῶτος.
940 2408 1095 2447 Eodem
1122 2408 1223 2448 vitio
1252 2408 1413 2448 laborat
1438 2408 1501 2449 ed.
1528 2410 1665 2448 Petav.
1691 2408 1832 2448 Colon.
1892 2410 1936 2447 ln
1966 2409 2046 2447 Ve1

136 2486 235 2519 neto
261 2478 409 2518 desunt
437 2477 560 2517 verba
588 2491 691 2531 quae
730 2477 979 2531 praecedunt
1015 2473 1133 2532 Ἐγώ
1163 2478 1248 2532 εἰμι
1279 2474 1300 2521 ὁ
1327 2471 1395 2520 ὦν.
1456 2478 1569 2519 Idem
1596 2479 1699 2518 liber
1726 2479 1754 2519 l.
1780 2493 1890 2532 sequ.
1922 2491 2046 2532 prae-

137 2549 209 2589 bet
234 2544 377 2595 αὐτοῖς
405 2544 667 2603 ἀποστρέψῃ.
698 2570 751 2577 —-
808 2544 919 2587 L24.
949 2546 1006 2597 ἐν,
1035 2557 1130 2588 ante
1157 2545 1272 2604 αὐτῷ
1300 2548 1361 2603 τῷ
1388 2545 1566 2602 σώματι,
1599 2564 1679 2588 om.
1698 2551 1799 2588 Ven.
1835 2571 1875 2577 w
1935 2548 1961 2587 1.
1980 2548 2046 2588 25.

137 2618 234 2671 καὶ,
264 2626 360 2673 post
387 2617 728 2671 φαιδρυνῦέντος,
761 2631 843 2658 om.
872 2619 973 2657 Ven.
1032 2618 1146 2657 Idem
1172 2619 1200 2659 l.
1222 2619 1288 2660 26.
1317 2615 1493 2672 Ἀνέστη
1522 2616 1601 2673 γὰρ
1631 2617 1842 2673 Χριστὸς,
1874 2613 1934 2666 ὥς
1961 2632 2048 2672 φη-

140 2703 202 2731 σιν
231 2686 260 2741 τί
291 2702 382 2741 γρ.,
425 2683 447 2729 ὅ
483 2683 660 2734 θάνατος
696 2682 822 2728 αὐτοῦ
862 2683 911 2729 οὗ
950 2703 1016 2736 κ.,
1063 2682 1123 2735 ὥς
1152 2702 1194 2740 φ.
1228 2690 1326 2728 Ven.
1356 2712 1411 2718 —
1467 2688 1494 2728 l.
1513 2691 1579 2730 28.
1610 2689 1743 2729 Verba
1771 2685 1951 2742 κυριεύει
1976 2687 2047 2730 καὶ

140 2773 221 2799 om.
252 2759 353 2798 Ven.
413 2757 524 2796 Idem
551 2756 578 2796 l.
598 2755 668 2797 29.
699 2753 806 2801 κατὰ
832 2754 1016 2810 θάτερον.
1044 2781 1100 2787 —-
1157 2758 1183 2797 l.
1205 2758 1271 2799 29.
1303 2753 1394 2807 ἔτι,
1439 2754 1490 2800 Ὁ
1517 2757 1657 2812 κύριος
1690 2755 1712 2801 ὁ
1741 2760 1780 2800 5.
1810 2772 1881 2800 σου
1907 2756 2048 2811 κύριος

139 2826 199 2876 εἷς
226 2826 336 2870 ἐστιν
365 2828 471 2867 Ven.
532 2825 644 2865 Idem
672 2825 795 2878 paulo
827 2834 922 2879 post
946 2823 1121 2869 ἐλθόντα
1146 2827 1183 2869 οἱ
1209 2827 1289 2869 υἱοὶ
1314 2823 1418 2881 Ἰσρ.
1457 2853 1501 2859 «-
1562 2828 1587 2868 l.
1609 2829 1648 2870 6.
1675 2829 1724 2868 ab
1749 2828 1870 2868 infer.
1913 2828 2046 2868 Verba

138 2895 184 2940 τὸ
217 2892 331 2951 ἄλφα
352 2895 424 2938 καὶ
446 2893 492 2939 τὸ
519 2896 554 2938 ὦ
582 2910 662 2935 om.
693 2897 794 2935 Ven.
829 2918 875 2925 ——
937 2896 962 2934 l.
986 2897 1025 2936 ὁ.
1051 2896 1102 2936 ab
1131 2896 1206 2938 inf.
1239 2893 1368 2945 αιῖτός
1394 2896 1483 2940 ἐστι
1509 2897 1579 2940 καὶ
1607 2895 1629 2941 ὁ
1658 2895 1840 2954 ἀναβὰς,
1872 2893 1971 2951 ὑπὲρ
1997 2893 2046 2940 ἅ-

137 2981 196 3010 νω
228 2968 329 3007 Ven.

250 3037 380 3092 Pag.
400 3036 527 3079 220.
584 3035 610 3074 l.
638 3035 669 3074 l.
703 3030 938 3087 οἷρνῆσηται
962 3033 1030 3077 τὸν
1060 3034 1242 3089 Χριστὸν
1271 3037 1343 3080 καὶ
1370 3052 1405 3079 τ.
1437 3033 1549 3092 ἅγιον
1577 3039 1678 3078 Ven.
1739 3037 1850 3077 Idem
1880 3037 1905 3077 l.
1925 3038 1963 3077 2.
1997 3036 2044 3080 σὲ

138 3104 402 3162 γινώσκωσι,
445 3113 486 3145 et
510 3105 538 3145 l.
557 3102 595 3144 4.
626 3102 702 3158 τήν
736 3104 815 3157 τῆς
850 3102 1041 3157 τριάδος,
1084 3113 1125 3144 et
1153 3105 1179 3147 l.
1198 3105 1236 3147 6.
1267 3105 1444 3150 ἐκλείσει
1482 3109 1540 3160 (h.
1561 3122 1595 3148 e.
1623 3106 1863 3160 ἐκκλείσει).
1890 3130 1944 3137 -
2001 3110 2047 3147 In

139 3176 282 3217 adnot.
312 3183 372 3229 (p.
395 3175 513 3228 221.)
546 3174 648 3213 adl.
670 3176 708 3214 ὀ.
740 3174 790 3212 ab
820 3173 896 3212 inf.
928 3189 1004 3227 pro
1035 3171 1155 3217 πάντ-ι
1185 3177 1360 3216 rescribe
1397 3178 1531 3220 παντὶ.
1565 3201 1613 3208 -
1673 3178 1699 3216 l.
1721 3177 1758 3218 7.
1801 3177 1951 3232 νομίσῃ
1976 3177 2048 3220 καὶ

141 3243 164 3289 ὁ
183 3248 296 3289 πλαν.
322 3261 359 3288 τ.
386 3238 738 3296 διάνοιαν”Αρειος
759 3241 830 3286 τὸν
857 3243 926 3285 ἕνα
949 3245 1051 3284 Ven.
1085 3267 1138 3274 -—-
1203 3245 1229 3284 1.
1244 3245 1283 3287 8.
1313 3244 1379 3288 τὸν
1405 3246 1450 3290 δὲ
1479 3245 1565 3290 υἱόν
1594 3245 1690 3289 θεὸν
1720 3244 1792 3300 μὲν
1822 3242 1919 3289 ὄντα
1944 3250 2047 3287 Ven.

139 3316 288 3357 Probo.
346 3316 461 3355 Idem
488 3315 591 3354 liber
623 3314 650 3353 1.
670 3314 709 3354 9.
753 3313 932 3355 τοιοῦτον
956 3312 1183 3368 διελέγχει,
1216 3317 1249 3356 λ.
1283 3339 1330 3345 —
1392 3317 1418 3356 l.
1443 3317 1503 3357 11.
1538 3316 1670 3356 Verba
1697 3317 1801 3364 Φῶς
1830 3312 1954 3370 οἷληὲ.
1981 3317 2048 3359 ἵνα

140 3384 189 3428 ἐκ
213 3400 251 3427 τ.
279 3386 320 3427 ᾖ.
341 3380 403 3428 οἷλ.
431 3386 532 3424 Veu.
554 3398 636 3423 non
660 3383 799 3423 habet.
828 3406 882 3413 —
937 3383 965 3422 l.
991 3381 1052 3424 14.
1085 3383 1264 3426 ἐνταῦθα
1289 3381 1320 3438 ἦ
1345 3385 1443 3438 (εἰσ)
1470 3384 1665 3439 ἀληθινὸν
1695 3387 1797 3425 Ven.
1820 3411 1873 3417 —
1930 3387 1957 3428 l.
1985 3390 2044 3429 15.

141 3450 392 3509 ἀμφιλογίας
419 3455 521 3494 Ven.
583 3453 695 3493 Idem
722 3453 751 3493 I.
773 3451 833 3493 16.
863 3447 967 3495 Ἀπὸ
991 3451 1069 3506 γὰρ
1096 3453 1168 3495 τοῦ
1195 3454 1294 3496 θεοῦ
1321 3454 1393 3496 καὶ
1415 3457 1531 3508 φῶς.
1567 3465 1608 3495 et
1633 3456 1660 3495 l.
1687 3456 1747 3498 17.
1779 3453 1884 3509 πρὸς
1910 3471 1945 3498 τ.
1969 3472 2046 3500 πα-

140 3525 242 3578 τέρα
267 3523 313 3567 τὸ
344 3525 437 3579 φῶς
464 3521 712 3578 οἷπεφάνὲη,
745 3522 827 3565 καὶ.
862 3546 910 3552 —-
969 3523 996 3563 l.
1027 3524 1088 3564 18.
1121 3520 1143 3565 ὁ
1172 3523 1389 3573 articulus,
1432 3533 1528 3577 post
1542 3519 1673 3567 ’Έστι
1694 3523 1800 3579 γὰρ,
1832 3541 1911 3566 om.
1940 3529 2041 3567 Ven.

141 3594 256 3634 Idem
282 3593 431 3633 deinde
459 3596 593 3648 pergit
623 3592 730 3635 ἔστιν
756 3591 845 3640 υἱὸς
870 3592 976 3645 (sine
1005 3590 1048 3644 ὁ)
1077 3591 1178 3641 υἱὸς.
1212 3617 1259 3624 —-
1319 3594 1346 3632 l.
1372 3594 1433 3635 19.
1463 3593 1563 3648 τιμή
1597 3594 1669 3636 καὶ
1692 3594 1842 3647 κράτος
1868 3599 1965 3640 Ven.
1989 3622 2043 3628 —-

141 3664 167 3703 l.
184 3663 250 3704 22.
279 3660 460 3717 ὡσπερεὶ
483 3664 594 3720 λίβυν
623 3666 722 3703 Ven.
756 3663 878 3712 Quod
906 3663 1072 3702 omnino
1102 3663 1382 3717 reponendum
1402 3672 1476 3703 est.
1508 3666 1556 3705 V.
1574 3664 1768 3705 NIcandr.
1797 3667 1920 3709 Ther.
1946 3666 2040 3709 490.

144 3757 195 3764 -
225 3733 251 3773 I.
274 3733 340 3773 25.
387 3732 454 3775 ἐπὶ
487 3732 564 3782 τοὶς
606 3732 707 3786 ἑξῆς
731 3730 848 3774 πάλιν
879 3735 995 3787 προβ.
1030 3734 1131 3773 Ven.
1167 3757 1212 3763 —-
1273 3733 1301 3774 l.
1326 3734 1392 3776 27.
1433 3730 1527 3786 παρ’
1564 3732 1747 3789 ἑκάστης
1776 3738 1912 3791 λεγομ.
1940 3740 2041 3777 Ven.

143 3803 259 3844 Idem
297 3802 418 3858 paulo
450 3812 543 3858 post
582 3800 841 3857 ποιήσασὲται
879 3803 1113 3858 βοηὲῑῶμεν.
1146 3830 1197 3837 -
1256 3803 1283 3844 l.
1302 3803 1339 3846 7.
1369 3803 1420 3844 ab
1446 3804 1519 3844 inf.
1561 3802 1735 3860 πρώτων
1763 3805 1835 3850 καὶ
1859 3808 1940 3850 τῶν
1967 3807 2041 3852 Αἰ-
