2508 4134
215 2164 299 2199 pag.
321 2153 397 2189 813.

425 256 490 306 10
1131 263 1337 307 SANCTI
1364 265 1651 307 EPIPHANII

422 368 531 422 ταῖς
563 362 843 427 ἐκκλησίαις
872 357 1232 429 συναγόμενος,
1271 362 1364 423 ἕως
1390 362 1469 414 ὅτε
1499 364 1670 423 δεινῶς
1698 361 1980 432 ἐνέγκαντές
2010 384 2139 427 τινες
2169 366 2362 429 ἐξεοῦσι

423 443 510 498 τόν
539 442 697 512 ἄνδρα
733 442 815 497 διά
857 443 947 511 τήν
978 444 1211 512 τοιαύτην
1250 448 1424 499 αἰτίαν.
1496 443 1560 498 ‘0
1590 446 1643 498 δὲ
1674 445 1768 499 οὐκ
1793 446 2037 515 ἠνείχετο,
2087 446 2189 502 ἀλλ’
2226 447 2361 517 ἐβιά-

420 535 521 594 ζετο
552 535 734 597 μᾶλλον
759 526 1002 595 ἀλήθειαν
1027 529 1116 596 μὲν
1141 530 1321 599 λέγειν,
1373 529 1440 599 μὴ
1467 528 1738 599 άναχωρεῖν
1766 531 1820 583 δὲ
1847 537 1937 584 τοῦ
1962 533 2240 600 συνδέσμου
2269 539 2360 601 τῆς

422 620 539 682 μιᾶς
569 613 788 674 ἕνιόσεως
813 618 902 679 τῆς
930 609 1073 682 άγίας
1104 620 1378 682 καθολικῆς
1417 617 1686 681 ἐκκλησίας.
1757 612 1844 677 Ὡς
1871 615 1925 668 δὲ
1953 615 2181 670 ἐτύπτετο
2208 617 2363 680 αὐτός

421 719 470 751 τε
506 699 591 750 καὶ
632 699 683 749 οἷ
718 695 820 764 ἅμα
851 695 985 770 αὐτῷ
1024 695 1286 764 πολλάκις,
1334 697 1395 751 τά
1433 698 1571 752 δεινά
1608 703 1700 751 4ι·ε
1736 700 1937 767 ἔπασχε,
1989 700 2364 770 βαρυστονήσας

421 781 703 850 σύμβουλον
728 780 965 849 λαμβάνει
991 783 1171 836 ἑαυτοῦ
1208 781 1300 851 τὴν
1330 788 1354 819 ⁶
1373 782 1596 854 ἀνάγκην
1623 788 1721 836 τῶν
1748 782 1957 854 ῦβρεων.
2028 782 2236 839 Ἑαυτὸν
2268 785 2362 857 γάρ

419 867 644 934 ἀφορίζει
670 871 758 933 τῆς
788 868 1071 934 ἐκκλησίας,
1107 871 1277 921 πολλοί
1305 888 1356 920 τε
1383 867 1486 935 ἅμα
1517 867 1653 940 αὐτῷ
1680 866 2039 936 ,ἄφηνιάζουσν
2089 871 2176 923 καὶ
2204 868 2365 933 οὕτως

420 949 509 1018 τὴν
539 953 779 1020 διαίρεσιν
807 950 1094 1021 εἰργάσατο,
1134 950 1197 1005 οῦ
1225 975 1270 1006 τι
1302 954 1425 1020 ἔχων
1451 953 1853 1022 παρηλλαγμένον
1878 959 1966 1022 τῆς
1993 957 2225 1019 πίστεως,
2265 952 2364 1008 ἀλλ’

422 1034 677 1106 ὀρθότατα
715 1035 804 1103 μὲν
841 1034 1088 1090 πιστεύων
1126 1035 1277 1099 αὐτός
1316 1058 1367 1090 τε
1402 1038 1486 1091 καὶ
1529 1040 1582 1090 οἱ
1623 1035 1728 1105 ἅμα
1758 1037 1893 1111 αὐτῷ
1905 1080 1920 1103 ,
1976 1040 2023 1092 εἰ
2055 1040 2142 1102 καὶ
2182 1037 2276 1114 χρὴ
2302 1036 2366 1093 τά

420 1120 626 1187 μάλιστα
665 1122 819 1190 λέγειν
848 1121 901 1174 ἐν
932 1124 1092 1194 μικρῷ
1133 1142 1229 1175 τινι
1258 1119 1414 1175 αὐτόν
1451 1125 1744 1188 φιλονείκως
1777 1123 2022 1190 φέρεσθαί
2057 1143 2108 1177 τε
2134 1125 2221 1177 καὶ
2247 1122 2366 1187 τούς

419 1204 526 1275 ἅμα
562 1205 712 1278 αὐτῷ.

563 1288 712 1344 Meto}
754 1288 845 1360 γάρ
892 1296 980 1344 τοῦ
1009 1287 1267 1361 ὁμολογεῖν
1295 1291 1408 1360 περὶ
1437 1290 1627 1361 πατρός
1651 1292 1735 1344 καὶ
1770 1294 1885 1345 υἱοῦ
1921 1293 2004 1345 καὶ
2041 1289 2185 1363 άγίου
2220 1292 2368 1347 πνεύ-

423 1398 577 1444 ματος
619 1380 957 1444 θαυμαστῶς,
1010 1372 1079 1437 οἷς
1112 1377 1207 1443 ἔχει
1252 1372 1284 1444 ἦ
1309 1373 1558 1444 καθολική
1604 1377 1863 1443 ἐκκλησία,
1913 1374 2281 1444 ὄρθοδοξότατά
2315 1399 2368 1432 τε

422 1459 706 1527 φυλάττειν,
757 1460 817 1513 τά
845 1480 895 1513 τε
922 1457 1041 1516 ἄλλα
1082 1468 1100 1498 ¹
1120 1457 1284 1513 πάντα
1320 1466 1412 1513 τοῦ
1436 1463 1550 1527 βίου
1580 1458 1865 1527 θαυμαστά.
1947 1466 2067 1524 Ταῖς
2091 1459 2191 1533 γάρ
2219 1464 2369 1526 ἰδίαις

421 1547 580 1616 χερσὶν
621 1544 970 1616 ἐργαζόμενος,
1026 1543 1179 1607 αὐτός
1217 1565 1268 1597 τε
1293 1546 1377 1597 καὶ
1405 1546 1458 1597 οἱ
1477 1541 1563 1597 ὕπ’
1589 1541 1743 1598 αὐτόν
1780 1546 2047 1600 ἐπίσκοποί
2073 1567 2149 1610 τε,
2204 1548 2296 1600 καὶ
2319 1550 2372 1602 οἱ

424 1629 776 1701 πρεσβύτεροι,
822 1631 908 1684 καὶ
934 1632 986 1683 οἱ
1007 1631 1171 1683 λοιποὶ
1198 1627 1379 1691 πάντες
1406 1630 1766 1699 διατρέφονται.
1825 1628 2064 1700 ’Ὕστερον
2087 1631 2142 1685 δὲ
2165 1629 2286 1700 μετά
2310 1629 2366 1686 τό

423 1718 726 1784 ἐξεωσθῆναι
759 1721 848 1783 τῆς
878 1717 1138 1782 ἐκκλησίας
1162 1712 1264 1768 ἀπὸ
1295 1712 1444 1768 άλλου
1476 1713 1754 1768 ἐπισκόπου
1786 1712 1845 1767 τοὶ
1873 1714 2000 1768 αὐτοὶ
2026 1721 2368 1784 συζητοῦντος,

423 1802 511 1855 καὶ
561 1800 972 1871 ἀναχωρήσαντος
1018 1805 1106 1867 τῆς
1155 1800 1436 1867 ἐκκλησίας,
1491 1806 1837 1869 χειροτονεῖται
1884 1793 2032 1863 οὗτος
2083 1802 2368 1864 ἐπίσκοπος.

424 1887 596 1955 2Περὶ
639 1878 701 1938 οῦ
745 1884 1054 1952 ἐπελαβόμην
1089 1885 1274 1954 λέγειν,
1330 1882 1596 1955 ἐπειδήπερ
1648 1886 1702 1938 ἐν
1744 1883 2042 1955 παρεκβάσει
2093 1887 2368 1957 γεγένημαι,

421 1964 574 2033 αὖθις
603 1967 927 2037 ἐπαναλαβιόν
968 1970 1170 2037 διέξειμι
1198 1967 1288 2037 τὴν
1325 1966 1593 2040 ὑφήγησιν.
1671 1971 1812 2038 Φημὶ
1844 1970 1898 2024 δὲ
1928 1971 2041 2040 περὶ
2071 1975 2159 2039 τῆς
2186 1967 2254 2034 οἷς
2284 1972 2371 2026 ἐπὶ

418 2054 474 2110 τὸ
503 2053 835 2124 σκληρότατον
861 2055 944 2107 καὶ
977 2051 1226 2108 ἰδιωτικόν
1258 2055 1343 2108 καὶ
1369 2052 1652 2119 φιλόνεικον
1681 2060 1771 2123 τῆς
1797 2054 1907 2125 παρ’
1944 2056 2081 2129 αὐτῷ
2112 2054 2370 2130 ᾇδομένης

421 2143 595 2205 λέξεως
621 2139 725 2195 άπὸ
750 2145 838 2206 τῆς
869 2142 1014 2201 θείας
1039 2144 1250 2208 γραφῆς.
1332 2136 1398 2192 Τὸ
1425 2136 1520 2209 γάρ
1554 2136 1676 2192 Κατ’
1706 2138 1877 2194 εἰκόνα
1909 2133 2058 2203 οὗτος
2082 2143 2168 2194 καὶ
2195 2143 2247 2195 οἰ
2270 2139 2370 2209 μετ’

420 2224 602 2290 αὐτοῦ,
640 2224 763 2295 ὅπερ
791 2221 821 2277 ό
844 2221 968 2285 θεὸς
993 2221 1268 2293 δεδώρηται
1296 2229 1364 2296 τῷ
1382 2222 1572 2292 Ἀδάμ,
1610 2223 1905 2294 ἄποκρότως
1930 2224 2158 2293 βούλεται
2186 2223 2368 2296 ὁρίζειν

422 2307 548 2364 εἶναι
571 2316 717 2363 τοῦτο
743 2308 1089 2378 πληρούμενον
1115 2306 1241 2361 κατὰ
1267 2307 1323 2362 τὸ
1352 2314 1517 2375 σῶμα·
1557 2307 1660 2362 ἀπό
1689 2315 1780 2363 τοῦ
1810 2312 1970 2378 δῆθεν
1990 2311 2256 2381 λεγομένου
2281 2313 2370 2381 ρη-

421 2401 512 2449 τοῦ
537 2400 653 2460 τοῦ,
697 2393 997 2461 Ποιήσωμεν
1024 2392 1302 2463 ἄνθρωπον
1328 2391 1434 2448 κατ’
1465 2395 1634 2447 εἰκόνα
1661 2391 1926 2464 ἡμετέραν,
1974 2397 2058 2449 καὶ
2085 2393 2204 2449 καθ’
2232 2393 2371 2464 ὅμοί-

426 2497 567 2533 ωσιν·
607 2482 692 2533 καὶ
722 2476 823 2532 εἶτα
850 2479 1072 2548 ἐπιφέρει
1099 2480 1253 2549 λέγων
1281 2476 1311 2532 ὅ
1336 2486 1477 2541 θεῖος
1503 2478 1648 2550 λόγος
1675 2477 1770 2544 ὅτι,
1810 2480 1911 2533 Καὶ
1942 2482 2170 2549 ἐποίησεν
2193 2477 2223 2535 ἆ
2246 2479 2372 2543 θεὸς

423 2563 511 2618 τόν
538 2562 837 2633 ἄνθρωπον,
875 2570 995 2632 χοῦν
1023 2562 1191 2632 λαβών
1218 2562 1318 2617 ἆπὸ
1350 2570 1438 2632 τῆς
1466 2569 1569 2634 γῆς.
1641 2561 1878 2632 Ἐπειδὴ,
1916 2567 2068 2637 φησὶ,
2122 2562 2257 2620 εἶπεν
2284 2563 2371 2620 ἄν·

421 2657 633 2719 θρωπον
662 2647 762 2702 ἇπὸ
793 2655 882 2717 τῆς
923 2655 1038 2720 γῆς,
1095 2648 1189 2718 ὅρα
1225 2647 1301 2702 ὅτι
1335 2649 1644 2717 ἀληθέστατα
1680 2647 1797 2702 ὅλον
1826 2648 1880 2703 τό
1909 2649 2084 2719 χοϊκὸν
2114 2647 2251 2704 εἶπεν
2287 2648 2372 2704 ‘'iv-

422 2743 660 2805 θρωπον,
716 2732 812 2804 ὅρα
852 2755 903 2787 τε
934 2732 1057 2788 αὐτό
1088 2732 1143 2787 τό
1171 2732 1344 2801 χοϊκὸν
1380 2734 1637 2803 προέλεγεν
1667 2735 1870 2787 ἔσεσθαι
1899 2732 2004 2789 κατ’
2032 2733 2202 2789 εἰκόνα
2225 2741 2370 2789 θεοῦ.

427 2821 529 2872 Καὶ
557 2821 657 2873 ἔστι
679 2825 823 2873 τοῦτο
854 2818 1163 2889 ἀπόκροτον,
1218 2816 1286 2880 ὥς
1314 2820 1471 2886 ἔφην,
1522 2819 1605 2871 καὶ
1637 2817 1892 2873 ἰδιωτικόν
1919 2818 1973 2874 τό
2005 2817 2255 2886 ὁρίζεσθαι
2286 2818 2371 2873 ὅίν-

424 2912 637 2973 θρωπον
663 2906 715 2958 ἐν
736 2908 867 2977 ποίῳ
897 2905 1030 2974 μέρει
1063 2904 1287 2957 τέτακται
1315 2909 1405 2956 τοῦ
1433 2901 1716 2973 ἀνθρώπου
1744 2902 1800 2958 τό
1829 2902 1937 2957 κατ’.
1971 2903 2160 2958 εἰκόνα·
2213 2905 2259 2956 εἰ
2277 2903 2370 2974 χρὴ

423 2988 549 3052 ὅλως
586 2991 737 3060 μέρος
776 2991 954 3059 λέγειν,
1007 2986 1091 3041 διά
1122 2985 1182 3041 τά
1210 2986 1364 3041 πολλοὶ
1397 2987 1458 3041 τοὶ
1485 2988 1840 3042 ἀντιπίπτοντα
1868 2994 1929 3062 τῇ
1955 2994 2055 3042 τῶν
2079 2988 2372 3059 ἀνθρώπων

425 3076 591 3146 ἐννοίᾳ
633 3072 757 3127 κατά
797 3072 853 3127 τό
890 3076 1025 3143 ῤ’ἧμα
1054 3078 1199 3126 τοῦτο
1240 3074 1324 3126 καὶ
1363 3074 1534 3141 ἔχοντα
1575 3070 1862 3142 ζητημάτων
1903 3071 2119 3142 πληθύν.
2181 3071 2257 3130 ''Ii
2275 3072 2370 3145 γάρ

426 3160 712 3227 ποιήσωμεν
756 3156 844 3212 τόν
874 3157 1000 3212 θεὸν
1030 3154 1210 3227 ὁρατόν
1236 3179 1286 3211 τε
1315 3159 1399 3211 καὶ
1431 3157 1736 3226 σωματικόν,
1792 3160 1928 3227 εἴπερ
1960 3160 2014 3211 ἐν
2043 3163 2150 3230 ε’τῷ
2180 3156 2373 3226 σώματι.

425 3242 480 3296 τὸ
511 3242 615 3297 κατ’
646 3242 815 3297 εἰκόνα
841 3249 1113 3313 πληροῦται
1143 3248 1435 3310 σωματικῶς
1465 3250 1492 3281 4
1511 3245 1593 3296 καὶ
1628 3243 2068 3312 ἐσχηματισμένως,
2104 3241 2139 3310 ἢ
2171 3240 2369 3313 ἅνθρωψ

426 3348 522 3380 πον
549 3334 616 3399 τῷ
647 3334 753 3401 θεῷ
793 3327 1106 3396 ἐξισούμενον
1147 3333 1296 3381 τοῦτο
1340 3327 1628 3393 φάσκοντες.
1702 3326 1797 3381 Διό
1828 3327 1890 3380 οὗ
1920 3325 2013 3396 χρὴ
2041 3325 2240 3390 πάντως
2265 3325 2368 3396 ὁρί-

428 3417 523 3475 ζειν
555 3410 589 3479 ἢ
614 3416 999 3484 διισχυρίζεσθαι
1041 3415 1094 3467 ἐν
1130 3416 1258 3486 ποίῳ
1300 3413 1435 3483 μέρει
1478 3412 1533 3467 τό
1562 3410 1667 3466 κατ’
1707 3411 1876 3466 εἰκόνα
1915 3417 2217 3481 πληροῦται,
2269 3402 2370 3466 ἀλλ’

482 3607 522 3653 4.
556 3624 604 3653 τε
633 3624 708 3651 om.
737 3615 780 3653 in
809 3616 897 3654 cod.
930 3616 1094 3665 Rhediy.
1423 3614 1588 3663 Rheaiq.
1636 3614 1684 3654 Ut
1714 3614 1976 3654 anacoluthon
2011 3613 2247 3653 discutiatur
2275 3606 2367 3653 ora}

483 3668 521 3708 5.
558 3670 701 3708 citavit
739 3670 840 3709 hunc
877 3673 1004 3711 locum
1048 3673 1105 3711 Cl.
1146 3671 1370 3711 Salmasius
1425 3672 1478 3710 tio
1511 3671 1650 3709 suadet
1695 3672 1797 3710 hanc
1835 3673 2041 3711 verborum
2082 3670 2368 3710 distinctionem

428 3725 600 3764 Exercm
642 3726 685 3763 in
715 3726 835 3764 Solin.
866 3738 905 3774 p.
929 3725 1024 3766 764.
1424 3723 1666 3779 φυλάττειν,
1719 3721 1772 3768 τά
1811 3739 1859 3768 τε
1899 3720 2032 3778 ἄλλα,
2082 3722 2218 3767 πάντα
2256 3739 2293 3766 τ.
2327 3726 2365 3780 β.

488 3779 587 3835 Cap.
618 3780 673 3823 11.
705 3801 758 3811 -
801 3780 837 3821 1.
877 3780 949 3823 τοῦ
986 3781 1075 3839 βίου
1111 3778 1246 3825 πάντα
1279 3783 1365 3823 cod.
1425 3778 1664 3839 θαυμαστοί·
