2508 4134
522 322 745 362 PANARII
772 321 876 361 Lm.
900 321 971 360 ιιι.
1004 321 1137 361 ΤοΜ.
1162 322 1209 360 11.
1239 321 1404 360 HAER.
1423 320 1604 360 LXXX.
1908 311 2010 361 467

112 427 390 484 verterunt3
442 436 534 487 qua
565 436 629 470 ex
656 418 914 469 occasione
943 435 1069 470 nova
1112 419 1236 468 facta
1262 427 1337 468 est
1363 418 1547 469 erroris
1573 417 1810 469 accessio,
1889 414 2011 484 Qui-

112 505 220 556 dam
243 505 368 555 enim
402 519 567 554 eorum
596 502 674 570 qui
703 501 762 552 ob
791 502 1018 570 gentilem
1056 502 1196 551 istam
1227 502 1517 569 impietatem
1550 502 1789 552 interfecti
1822 502 2012 552 fuerant

114 605 317 658 corpora
356 586 502 638 certis
528 587 576 637 in
609 586 728 637 locis
765 585 1055 653 sepelientes
1092 586 1187 636 illic
1219 587 1413 636 easdem
1449 586 1554 636 illas
1582 586 1745 636 laudes
1786 585 2013 653 hymnos-

113 689 206 741 que
234 673 517 733 decantant,
559 679 606 721 et
629 668 960 739 Martyrianos
993 669 1219 738 appellari
1251 686 1305 719 se
1334 669 1529 730 volunt,
1583 678 1778 737 propter
1810 669 1915 720 illos
1943 670 2015 721 vi-

111 757 286 808 delicet
322 756 399 823 qui
439 754 498 805 ob
536 754 772 805 idolorum
811 754 989 804 cultum
1029 753 1310 821 martyrium
1350 754 1583 803 fecerant.

251 838 350 892 Sed
385 856 549 890 eorum
581 855 750 889 rursus
789 837 868 888 alii
900 837 1040 888 altius
1080 837 1300 904 quiddam
1341 854 1426 905 pro
1456 836 1689 888 stultitiae
1717 855 1834 888 suae
1867 848 2007 906 captu
2039 842 2139 895 Cap·
2166 842 2235 881 111.

114 923 440 991 concipientes
468 923 627 973 auimo
646 961 659 984 ‚
713 940 769 973 ac
798 921 912 972 nihil
940 931 1132 990 praeter
1167 930 1374 971 mentem
1404 938 1537 971 suam
1568 921 1614 970 in
1643 921 1895 972 consilium
1935 922 2017 974 ad-

114 1008 363 1071 hibentes,
403 1007 583 1057 iactare
613 1006 739 1056 istud
767 1005 871 1056 ausi
900 1015 1039 1057 sunt:
1094 1004 1332 1068 Satanas,
1387 1004 1635 1071 inquiunt,
1690 1023 1890 1073 magnus
1917 1007 2019 1074 qui-

115 1093 219 1142 dam
255 1100 358 1154 est,
401 1108 455 1141 ac
485 1089 626 1158 longe
659 1089 976 1152 fortissimuS,
1032 1098 1081 1140 et
1113 1090 1235 1140 mala
1268 1089 1614 1157 quamplurima
1645 1090 1917 1141 hominibus
1946 1091 2019 1140 in-

114 1175 250 1243 fligit.
329 1172 432 1227 Cur
474 1174 619 1240 igitur
662 1191 755 1224 nou
798 1175 855 1224 ad
892 1174 1016 1224 hunc
1046 1175 1202 1242 potius
1242 1173 1573 1241 confugimus,
1627 1183 1674 1223 et
1711 1191 1816 1224 eum
1849 1176 2021 1224 adora-

115 1277 221 1311 mus
260 1268 402 1328 atque
450 1259 631 1309 honore
682 1258 1130 1326 praedicationeque
1178 1275 1493 1320 veneramur,
1548 1267 1599 1308 ut
1632 1258 1898 1309 adulatorio
1939 1259 2021 1309 illo

116 1345 246 1396 cultu
273 1343 558 1395 conciliatus
600 1359 776 1393 nocere
821 1341 1038 1405 desinat,
1092 1342 1189 1392 imo
1223 1359 1338 1392 vero
1375 1352 1623 1407 nostrum,
1676 1343 1927 1411 inquiunt,
1980 1343 2021 1393 si

118 1438 343 1497 tanquam
376 1444 629 1479 servorum
665 1444 861 1477 suorum
897 1426 1133 1477 rationem
1175 1426 1351 1477 habeat
1385 1436 1431 1476 et
1463 1426 1719 1495 ignoscat?
1791 1426 1925 1494 Ergo
1956 1426 2050 1477 illi·

120 1511 412 1565 Satanianos
450 1511 734 1579 semetipsos
780 1510 1037 1579 appellant.
1113 1509 1332 1578 Quorum
1369 1510 1594 1561 haeresin
1622 1529 1728 1562 cum
1762 1510 2025 1579 superiori-

118 1597 205 1648 bus
235 1597 330 1647 illis
359 1597 415 1646 de
445 1595 616 1663 quibus
658 1595 882 1663 deinceps
921 1594 1072 1645 acturi
1106 1612 1269 1645 sumus
1303 1594 1685 1663 coniungendam
1729 1595 2020 1663 putavimus,

120 1676 360 1745 Quoniam
403 1679 593 1747 utrique
632 1696 657 1729 a
691 1681 897 1730 veritate
931 1679 1257 1729 desciscentes
1303 1680 1426 1729 idem
1469 1683 1598 1730 foras
1631 1679 1925 1748 prodeundi,
1978 1688 2027 1730 et

119 1764 207 1814 sub
236 1764 313 1813 dio
342 1763 565 1832 precandi
594 1781 649 1813 ac
673 1762 875 1813 canendi
897 1763 1165 1814 institutum
1196 1771 1380 1813 tenent.
1458 1760 1690 1814 Ceterum
1720 1763 1837 1814 haec
1866 1764 2026 1814 omnia

121 1847 311 1899 ludibrii
354 1856 402 1898 et
440 1847 728 1915 ineptiarum
775 1847 1056 1915 plurimum,
1115 1847 1274 1897 damni
1317 1847 1432 1897 nihil
1476 1848 1728 1898 admodum
1767 1848 2022 1910 habebant,

120 1949 275 2000 neque
315 1949 343 1982 a
372 1931 576 1981 veritate
616 1939 824 1981 mentem
874 1930 1112 1982 abducere
1150 1940 1399 1999 poterant,
1458 1950 1551 1982 non
1607 1932 1734 1982 enim
1787 1928 2025 1983 Christia-

124 2018 201 2080 ni,
255 2016 341 2067 sed
373 2015 491 2066 meri
524 2016 729 2083 gentiles
764 2015 1078 2066 habebantur.
1155 2016 1303 2082 Atqui
1348 2015 1487 2066 hodie
1518 2014 1806 2066 Massaliani
1849 2034 2029 2067 vocan-

125 2111 232 2165 tur,
272 2100 441 2151 iisdem
471 2100 684 2150 moribus
715 2117 770 2150 ac
801 2099 971 2149 ritibus
999 2099 1206 2163 addicti,
1249 2117 1403 2167 neque
1432 2100 1637 2163 initium,
1681 2117 1837 2167 neque
1863 2101 2024 2164 linem,

124 2202 278 2254 neque
317 2193 487 2253 caput,
543 2191 624 2235 aut
667 2184 875 2234 radicem
926 2184 1102 2234 habent
1148 2184 1319 2247 ullam,
1378 2185 1462 2234 sed
1494 2185 1598 2235 sine
1637 2185 1946 2235 fundamento
1974 2202 2030 2235 ac

127 2269 362 2340 principio
390 2286 589 2338 prorsus
619 2267 849 2319 inconditi
880 2277 1023 2332 sunt,
1078 2277 1125 2319 et
1155 2268 1445 2336 gravissimo
1476 2269 1523 2319 iu
1554 2286 1722 2319 errore
1749 2277 2028 2333 versantur,

128 2363 290 2423 utpote
320 2353 399 2421 qui
426 2353 555 2404 nullo
588 2370 741 2421 neque
777 2351 1015 2416 nominis,
1069 2370 1225 2420 neque
1256 2353 1551 2416 sanctionis,
1607 2371 1762 2421 neque
1792 2352 2029 2420 regionis,

130 2455 284 2506 neque
313 2438 468 2505 legum
513 2437 814 2487 firmamento
853 2437 1147 2488 continetur.
1227 2435 1297 2487 llli
1329 2436 1477 2504 igitur
1503 2438 1549 2487 in
1580 2456 1724 2488 unum
1754 2437 1909 2489 coacti
1939 2446 2033 2488 tam

128 2523 221 2574 viri
251 2539 387 2590 quam
420 2521 646 2571 mulieres
675 2522 876 2571 credere
917 2522 962 2571 in
1000 2518 1246 2573 Christum
1280 2522 1533 2584 videntur,
1594 2539 1648 2571 ac
1675 2539 1727 2572 se
1756 2522 1930 2572 mundo
1956 2539 2035 2571 re-

131 2606 380 2658 nuntiasse
423 2614 472 2655 et
500 2622 585 2654 sua
628 2604 788 2655 omnia
831 2605 1106 2657 deseruisse
1148 2606 1450 2674 profitentur.
1530 2605 1655 2656 Tum
1693 2623 1810 2657 vero
1856 2605 2033 2673 promi-

131 2709 247 2742 scue
275 2706 426 2740 sexus
457 2688 705 2755 utriusque
728 2689 1021 2740 dormientes
1052 2707 1218 2741 omnes
1241 2690 1287 2739 in
1310 2690 1675 2758 spatiosissimis
1697 2690 1818 2740 vicis
1839 2707 1926 2758 per
1951 2707 2033 2740 ae-

132 2784 306 2827 statem
332 2774 523 2834 iacent,
565 2772 688 2839 quod
719 2789 772 2822 se
802 2773 1051 2840 quicquam
1087 2773 1135 2824 in
1165 2782 1294 2824 terra
1323 2774 1573 2842 possidere
1604 2783 1800 2841 negent.
1877 2772 2034 2826 Soluti

133 2877 278 2929 porro
301 2876 356 2908 ac
384 2857 493 2924 vagi
524 2865 664 2919 sunt,
707 2865 754 2907 et
780 2874 948 2907 manus
978 2858 1034 2908 ad
1066 2858 1235 2925 stipem
1267 2859 1546 2925 porrigunt,
1602 2859 1797 2927 perinde
1823 2876 1879 2909 ac
1907 2858 2037 2908 victu

119 2953 184 2995 ,et
216 2941 527 3012 possessione
565 2950 806 2990 carenteS.
883 2938 981 2991 Sed
1011 2958 1176 2991 eorum
1217 2959 1469 2992 sermones
1499 2943 1807 2993 stoliditatem
1849 2958 2037 2992 omnem

135 3036 382 3097 superant.
474 3025 838 3092 Quemcumque
894 3025 1018 3074 enim
1071 3041 1136 3076 ex
1184 3026 1277 3075 illis
1327 3026 1739 3093 interrogaveriS,
1798 3026 1938 3075 talem
1984 3041 2037 3075 se

137 3112 321 3181 qualem
352 3109 566 3162 volueris
608 3126 719 3160 esse
750 3108 994 3158 fatebitur.
1073 3106 1191 3159 Sive
1224 3110 1499 3178 prophetam
1529 3111 1741 3173 dixeris,
1783 3108 2039 3177 prophetas

138 3213 191 3247 se
233 3212 342 3246 esse
375 3194 565 3256 dicent,
624 3194 729 3244 sive
765 3189 1010 3243 Christum
1044 3194 1293 3255 nomines,
1337 3191 1581 3244 Christum
1611 3210 1665 3243 se
1698 3209 1805 3243 esse
1841 3191 2040 3258 quilibet

139 3278 476 3347 respondebit3
529 3277 634 3329 sive
677 3276 1029 3346 patriarcham,
1086 3276 1174 3326 hoc
1216 3277 1369 3344 ipsum
1409 3277 1497 3327 sibi
1536 3294 1709 3327 nomen
1737 3276 2042 3343 impudenter

141 3363 396 3424 attribuet3
454 3362 558 3413 sive
600 3361 820 3429 angelum
866 3360 1100 3427 denique,
1154 3360 1294 3411 talem
1324 3377 1376 3410 se
1405 3378 1501 3410 non
1530 3359 1762 3410 dubitabit
1795 3375 2039 3410 asserere.

143 3444 188 3499 Ο
224 3446 514 3514 singularem
559 3445 802 3496 hominum
842 3443 1145 3495 vecordiam!
1224 3442 1365 3511 Quod
1407 3445 1464 3494 ad
1504 3443 1733 3494 ieiunium
1775 3460 1894 3493 vero
1933 3459 2042 3510 spe-

144 3540 265 3592 ctat,
322 3531 411 3580 hoc
451 3530 572 3598 apud
614 3530 721 3580 illos
769 3529 945 3579 nullum
986 3537 1059 3577 est
1100 3528 1314 3578 omnin0.
1393 3526 1574 3579 Verum
1614 3528 1699 3576 toti
1739 3527 1965 3577 videlicet
1992 3527 2042 3576 iu

145 3614 389 3665 orationes
416 3613 585 3663 intenti
616 3631 642 3664 a
670 3613 881 3663 secunda
910 3610 1112 3662 tertiave
1145 3611 1290 3674 hora,
1350 3611 1428 3660 vel
1456 3611 1598 3661 etiam
1630 3618 1804 3674 noctu,
1859 3611 1899 3661 si
1935 3628 2045 3661 esu-

147 3698 302 3760 riant,
356 3696 472 3747 nihil
499 3715 594 3747 non
623 3715 707 3765 pro
735 3714 819 3748 sua
857 3696 1050 3746 libidine
1084 3695 1290 3757 faciunt,
1346 3712 1400 3744 ac
1428 3694 1533 3744 cibo
1563 3703 1769 3763 potuque
1801 3712 1854 3744 se
1880 3695 2045 3762 ingur-

149 3782 318 3848 gitant.
397 3779 471 3831 De
498 3781 685 3831 illorum
712 3780 1002 3849 turpitudine
1036 3797 1091 3829 ae
1117 3779 1309 3847 flagitiis
1337 3778 1450 3829 nihil
1477 3788 1611 3829 certo
1638 3778 1868 3846 comperi.
1949 3777 2046 3829 Sed

1586 3877 1712 3931 30*
