2508 4134
197 1864 309 1920 Κεφ.
334 1861 416 1909 κδ’.

234 2985 320 3023 pag.
340 2975 416 3012 8⁷2.

450 284 550 338 116
1163 294 1367 337 smum
1396 295 1679 337 EPIPHANn

1130 388 1204 410 ,Ἃ

449 392 533 445 δὲν
564 389 677 445 ἄλλο
712 396 1014 461 φρονοῦντες
1044 390 1129 443 ἄλλ
1169 414 1202 460 η
1229 397 1405 459 τοῦτο,
1458 391 1542 447 διά
1578 390 1696 454 τοῦς
1728 391 1819 446 σῦν
1855 391 2026 455 αὐτοῖς
2063 396 2388 466 μεμιγμένους

450 475 598 544 φύσει
642 474 975 546 ὀρθοδόξους,
1000 492 1002 494 ’
1031 473 1301 547 ’ὑποκριτάς
1348 479 1401 532 δὲ
1437 476 1774 549 ὑπάρχοντας,
1829 480 1915 531 καὶ
1962 476 2388 550 ὑποκρινομένους

456 559 582 629 θτήν
633 562 870 629 βασιλέως
922 559 1086 625 δεξιάν
1097 604 1111 627 ,
1165 564 1252 616 καὶ
1299 563 1547 629 δεδιότας,
1604 566 1687 618 καὶ
1730 566 1926 632 ἔχοντας
1970 562 2098 635 πρὸς
2150 564 2388 634 ἀλλήλους

449 649 679 716 ἐχθρίαν,
732 644 1023 715 βουλόμενοι
1062 651 1249 715 στῆναι.
1323 646 1566 717 Εὕτῦχιος
1605 650 1693 717 μὲν
1725 648 1816 720 γάρ
1849 647 1880 702 ὅ
1899 649 2385 720 Ἐλευθεροπολίτης,

446 729 530 785 οἷα
562 730 626 799 δὴ
660 730 762 785 ἀπὸ
801 738 890 786 τοῦ
934 736 1178 804 μακαρίου
1215 738 1503 802 Μαξιμωνᾶ
1540 741 1629 788 τοῦ
1663 732 2048 806 Ἱεροσολυμίτου
2084 732 2387 806 ὅμολογητοῦ

448 815 727 871 ἐπισκόπου
757 815 848 886 τὴν
889 822 1052 872 πίστιν
1088 820 1210 887 ἔχων
1241 826 1380 888 σαφῆ
1414 826 1502 888 τῆς
1533 820 1856 891 ὀρθοδοξίας,
1912 819 1995 874 διά
2023 818 2276 890 τῆν’πρὸς
2300 819 2388 876 τᾶν

448 901 694 974 Κύριλλον
723 905 929 973 ἐχθρίαν
957 902 1050 958 οῦκ
1083 906 1224 975 ἐμίγη
1252 912 1355 967 τοῖς
1381 907 1494 974 περὶ
1518 903 1777 970 Ἀκάκιον,
1827 904 2118 976 ὀρθοδόξως
2149 907 2236 975 μὲν
2264 908 2387 975 ἔχων

447 986 559 1058 άχρι
583 995 780 1060 καιροῦ,
819 986 1212 1060 ’ὑποκρινόμενος
1234 991 1287 1043 δὲ
1311 988 1394 1044 διά
1418 989 1504 1044 τὸν
1525 993 1656 1044 ἴδιον
1680 989 1888 1060 θρόνον,
1926 994 2012 1045 καὶ
2035 991 2170 1045 ἄλλοι
2189 995 2388 1055 πλείους

443 1081 533 1143 τῆς
568 1078 900 1143 Παλαιστίνης
925 1073 1006 1139 (δι’
1034 1074 1126 1138 οῦς
1150 1062 1407 1142 Ἀκάκιος,
1457 1077 1544 1129 καὶ
1573 1079 1625 1130 οἱ
1647 1074 1747 1144 μετ’
1772 1076 1930 1130 αὐτοῦ
1956 1075 2046 1145 τήν
2071 1075 2230 1146 αὐτὴν
2253 1079 2382 1146 ἔχον-

444 1181 522 1223 τες
549 1159 734 1213 λύσσαν
755 1163 841 1214 καὶ
868 1160 1094 1230 μανιώδη
1119 1165 1459 1226 κακοπιστίαν)
1476 1203 1490 1227 ,
1526 1163 1646 1225 τέως
1671 1160 1799 1232 πρός
1819 1160 1905 1215 τόν
1930 1161 2107 1231 καιρόν
2136 1164 2251 1232 περὶ
2273 1161 2386 1217 τού-

444 1267 544 1299 των
575 1245 725 1299 οὗδὲν
759 1249 981 1312 ἐκίνουν,
1021 1245 1132 1300 οὔτε
1162 1252 1187 1283 ⁷
1207 1245 1306 1315 μὴν
1336 1243 1618 1317 ὁμολογεῖν,
1658 1245 1771 1301 οὔτε
1799 1246 2084 1318 ἀρνεῖσθαι·
2123 1247 2242 1300 ἀλλὰ
2270 1265 2385 1301 συν-

445 1331 680 1395 ελθόντας
706 1334 758 1386 ἐν
783 1338 843 1405 τῇ
870 1335 1158 1405 Σελευκείᾳ,
1211 1338 1271 1405 τῇ
1307 1336 1514 1405 Τραχείᾳ
1543 1333 1820 1406 καλουμένῃ
1847 1331 1973 1386 κατά
2008 1331 2098 1402 τὴν
2124 1332 2383 1404 Ἰσαυρίαν,

446 1419 500 1471 ἐκ
528 1416 897 1489 προςτάγματος
927 1421 1275 1471 Κωνσταντίου
1301 1423 1390 1471 τοῦ
1418 1419 1679 1485 βασιλέως,
1732 1421 1893 1472 πίστιν
1925 1419 2093 1489 ἑτέραν
2121 1422 2278 1488 δῆθεν
2308 1422 2384 1474 ἐκ·

445 1506 694 1569 τίθενται,
748 1501 810 1557 οὕ
840 1503 964 1557 κατά
992 1501 1084 1571 τήν
1116 1500 1218 1556 ’ὗπὸ
1252 1509 1352 1556 τῶν
1391 1504 1617 1573 πατέρων
1642 1511 1908 1572 ταχθεῖσαν
1939 1505 1991 1558 ἐν
2018 1509 2081 1576 τῇ
2110 1507 2298 1577 Νικαίᾳ
2323 1510 2384 1577 τῇ

442 1587 610 1654 πόλει,
647 1588 736 1656 τὴν
763 1589 1061 1658 ὀρθόδοξον,
1101 1590 1185 1642 καὶ
1213 1594 1375 1651 καλῶς
1397 1589 1718 1659 τεταγμένην,
1757 1587 1878 1643 ἄλλά
1908 1594 2254 1662 προςποιητῶς
2278 1589 2383 1658 μὲν,

444 1671 512 1737 οἷς
547 1672 672 1728 κατὰ
709 1673 988 1743 ἆφελότητα
1025 1673 1255 1737 εἰπόντες.

593 1846 899 1914 Πιστεύομεν
934 1848 1003 1909 εἰς
1040 1847 1126 1900 ἕνα
1155 1843 1305 1911 θεὸν,
1358 1847 1546 1916 πατέρα
1585 1844 1987 1916 παντοκράτορα,
2036 1846 2120 1899 καὶ
2148 1849 2380 1915 καθεξῆς,

440 1932 524 1986 καὶ
558 1935 627 1994 εἰς
653 1930 740 1985 τὸν
767 1930 880 1985 υἷόν
909 1937 999 1985 τοῦ
1026 1937 1180 1997 θεοῦ,
1217 1937 1387 1997 λιτῶς,
1424 1931 1576 2000 μηδὲν
1606 1930 1806 2001 ἰσχυρὸν
1833 1930 2138 2000 λαλήσαντες.
2197 1929 2379 1985 ‘'Tate-

441 2040 531 2089 ρον
556 2020 639 2072 ἵνα
664 2015 956 2081 ὖποδείξωσι
986 2016 1076 2085 τὴν
1107 2017 1271 2070 αὐτῶν
1308 2021 1729 2088 δραματουργίαν,
1783 2019 1976 2085 ἔφησαν
2002 2016 2104 2083 ὅτι,
2149 2015 2380 2085 Ἐβάλλο-

442 2125 532 2173 μεν
562 2103 617 2158 τὸ
647 2101 944 2172 ὅμοούσιον,
1001 2100 1070 2165 οἷς
1108 2101 1363 2173 ἀλλότριον
1398 2108 1485 2171 τῆς
1522 2107 1667 2165 θείας
1707 2109 1927 2173 γραφῆς,
1979 2103 2034 2157 τὸ
2065 2103 2118 2157 δὲ
2146 2099 2381 2170 άνόμοιον

439 2192 554 2244 υἱοῦ
585 2188 713 2261 πρός
752 2191 939 2257 πατέρα
981 2188 1414 2256 ἆναθεματίζομεν.
1490 2189 1591 2241 Καὶ
1630 2181 1692 2256 ἦν
1735 2194 1878 2242 τοῦτο
1914 2192 2092 2243 δολίων
2122 2193 2381 2257 θηρευτῶν

440 2277 623 2344 δέλεαρ.
700 2276 803 2328 Καὶ
843 2274 936 2345 γάρ
974 2276 1219 2339 ἔφασκον,
1274 2273 1355 2326 ὅτε
1387 2275 1439 2327 ἐν
1477 2273 1648 2336 αὐτοῖς
1689 2276 1936 2344 ἐγίνοντο,
1993 2275 2077 2327 καὶ
2105 2275 2382 2338 ἐδίδασκον,

441 2359 547 2426 ὅτι,
594 2364 798 2429 ’Κτίσμα
841 2361 928 2428 μὲν
963 2361 1091 2412 ἔστιν
1119 2356 1150 2416 ὅ
1174 2356 1285 2420 υἷός
1315 2365 1406 2412 τοῦ
1440 2365 1594 2424 θεοῦ,
1647 2357 1745 2411 ἄλλ’
1778 2358 1952 2427 ὅμοιός
1989 2361 2087 2413 ἐστι
2115 2364 2185 2431 τῷ
2213 2359 2380 2428 πατρὶ,

441 2442 509 2507 οἷς
545 2444 670 2499 κατά
722 2445 946 2500 διάνοιαν
992 2444 1175 2512 ταύτην
1224 2441 1314 2512 τήν
1365 2446 1418 2498 ἐν
1463 2453 1568 2507 τοῖς
1616 2442 1906 2515 ἀνθρώποις
1951 2444 2380 2513 νομιστευομένην.

437 2527 737 2584 Ἐκτυποῦσι
782 2529 876 2602 γάρ
918 2532 1004 2584 καὶ
1043 2533 1095 2583 οἱ
1127 2531 1456 2601 πλαστουργοὶ
1496 2528 1815 2601 ἀνδριάντας,
1870 2532 1952 2584 καὶ
1990 2528 2384 2598 ἄφομοιάζουσιν

440 2615 661 2682 εἰκόνας,
717 2614 827 2684 ἤτοι
853 2618 909 2670 ἐκ
942 2621 1153 2685 χρυσοῦ,
1190 2616 1275 2668 καὶ
1310 2612 1562 2686 α’ργύρου,
1613 2618 1697 2670 καὶ
1732 2615 1877 2684 ἄλλης
1903 2615 2049 2684 ῦλης,
2085 2614 2120 2684 ἢ
2147 2613 2230 2670 διὰ
2257 2637 2380 2685 χρω-

439 2700 608 2771 μάτων
633 2703 715 2756 ἐπὶ
747 2701 919 2767 ξύλου,
972 2702 1056 2754 καὶ
1086 2699 1140 2754 τὸ
1169 2700 1346 2769 ὅμοιον
1387 2703 1603 2770 ἔχουσιν,
1657 2702 1804 2755 οὐδὲν
1834 2702 1888 2755 δὲ
1923 2699 2026 2755 κατ’
2055 2699 2252 2770 ἰσότητα
2280 2706 2381 2754 τῶν

437 2788 829 2856 ἐκτυπουμένων.
912 2785 1085 2849 Οὕτως
1126 2785 1240 2857 παρ’
1280 2784 1449 2849 αὐτοῖς
1488 2786 1542 2841 τό
1584 2785 1749 2841 δόλιον
1780 2781 1870 2856 ἦν,
1925 2784 2181 2856 ὁμολογεῖν
2208 2788 2297 2855 μὲν
2325 2786 2378 2842 3-

438 2895 582 2941 μοιον
611 2880 680 2946 τῷ
707 2874 885 2942 πατρὶ,
924 2870 1067 2926 οὐδὲν
1098 2872 1150 2925 δὲ
1175 2875 1300 2940 ἔχειν
1326 2878 1413 2941 τῆς
1442 2880 1534 2926 τοῦ
1560 2872 1746 2943 πατρὸς
1771 2873 2009 2941 θεότητος
2037 2870 2089 2926 τὸ
2119 2871 2373 2942 παράπαν.

439 2957 578 3012 Ἀλλά
605 2980 733 3021 τινες
757 2963 854 3011 τῶν
881 2956 977 3026 μετ’
1015 2955 1193 3024 αὐτῶν,
1234 2956 1338 3025 ἅμα
1363 2959 1415 3012 δὲ
1442 2958 1524 3012 διά
1547 2958 1641 3027 τὴν
1667 2958 1799 3013 οὕτω
1831 2961 2089 3026 συμβᾶσαν
2114 2955 2377 3028 συμφοράν

437 3050 528 3099 τοῦ
553 3050 759 3114 καιροῦ,
797 3045 1131 3111 κατεδέχοντο,
1169 3045 1251 3097 καὶ
1282 3042 1408 3112 ὁμοῦ
1436 3038 1565 3112 ἦσαν
1592 3043 1865 3106 συνειδότες
1892 3045 1944 3096 οἷ
1966 3046 2163 3106 πλείους
2187 3049 2374 3097 αυτ-ὤν·

436 3130 560 3192 τινὲς
597 3130 651 3183 δὲ
688 3131 772 3183 καὶ
802 3128 1124 3200 ἀγνοοῦντες,
1176 3127 1243 3192 ὦς
1272 3128 1478 3200 ὕστερον
1517 3132 1727 3198 ἐδείχθη.
1790 3123 1883 3181 Ἦν
1914 3126 2007 3198 γάρ
2037 3126 2141 3196 ἅμα
2179 3128 2376 3192 τούτοις

441 3214 761 3290 Πατρόφιλκος
796 3213 825 3269 ὅ
853 3218 1259 3281 Σκυθοπολίτης,
1315 3217 1400 3268 καὶ
1430 3214 1548 3283 μετά
1581 3221 1600 3253 ·¹
1620 3221 1796 3268 τοῦτον
1831 3218 2079 3277 Φίλιππος
2107 3210 2136 3267 ὅ
2164 3215 2269 3268 ἐκεῖ
2287 3235 2370 3267 κα-

436 3303 700 3364 τασταθεὶς
740 3301 967 3370 διάδοχος
1005 3306 1095 3353 τοῦ
1134 3302 1516 3370 προειρημένου,
1571 3301 1654 3353 καὶ
1693 3296 1829 3353 ἄλλοι
1862 3302 2082 3365 πλείους,
2137 3301 2190 3353 οἰ
2227 3297 2374 3366 φύσει

436 3387 619 3454 ταύτην
659 3386 751 3456 τήν
794 3390 981 3457 αἵρεσιν
1022 3386 1316 3453 κατέχοντες.
1395 3392 1511 3439 Νῦν
1543 3385 1596 3438 δὲ
1621 3382 1738 3453 μετά
1769 3382 1859 3451 τὴν
1897 3386 2095 3438 ἐκείνων
2127 3383 2370 3453 τελευτὴν,

439 3468 517 3522 ὅτε
546 3475 615 3534 είς
640 3472 824 3535 πλάτος
849 3471 1077 3540 ἐλήλακεν
1109 3467 1143 3538 ἦ
1170 3470 1335 3524 αὐτῶν
1365 3474 1656 3535 κακοδοξία,
1694 3470 1780 3523 καὶ
1812 3468 1931 3537 μετά
1959 3472 2234 3540 παρῤησίας
2257 3463 2373 3540 τυγὲ

437 3554 638 3622 χάνουσι
666 3556 747 3611 διά
773 3556 864 3626 τὴν
894 3564 982 3626 τῆς
1006 3554 1189 3628 σαρκὸς
1212 3554 1402 3623 δεξιάν,
1440 3558 1524 3610 καὶ
1550 3556 1718 3624 μηκέτι
1746 3554 2143 3624 ἐμποδιζόμενοι,
2191 3552 2370 3626 κηρύτ-

494 3723 534 3767 6.
565 3728 668 3767 Male
693 3731 875 3770 Petavius
904 3733 1046 3782 corrigi
1063 3733 1184 3772 voluit
1207 3729 1280 3773 καὶ
1298 3727 1374 3783 τήν
1431 3732 1517 3771 bent
1544 3729 1647 3770 editi.

440 3782 646 3839 βασιλέως
676 3782 812 3833 δεξιὰν
843 3785 1050 3835 δεδιότας.
1486 3786 1583 3825 Cu.
1613 3784 1777 3824 XXIV.
1802 3806 1856 3815 —
1899 3786 1934 3826 1.
1966 3786 2129 3826 Restitui
2152 3785 2293 3827 τοῦτον
2318 3795 2367 3824 ex

494 3839 532 3882 7.
565 3836 647 3894 μὴν
677 3845 824 3881 restitui
852 3854 899 3882 ex
928 3845 1040 3883 codd.
1071 3856 1162 3885 mss.
1195 3841 1269 3897 μὲν
1297 3845 1369 3884 ha·
1428 3844 1538 3884 codd.
1555 3853 1644 3883 mss.
1702 3843 1746 3882 ln
1771 3843 1884 3882 edilis
1910 3846 1965 3883 est
1987 3839 2156 3885 τούτων.
2217 3842 2366 3892 Quam-
