<?xml version="1.0" encoding="UTF-8"?>
<!DOCTYPE html PUBLIC "-//W3C//DTD XHTML 1.0 Transitional//EN"
    "http://www.w3.org/TR/xhtml1/DTD/xhtml1-transitional.dtd">
<html xmlns="http://www.w3.org/1999/xhtml" xml:lang="en" lang="en">
 <head>
  <title>
</title>
<meta http-equiv="Content-Type" content="text/html;charset=utf-8" />
  <meta name='ocr-system' content='tesseract 3.04.00' />
  <meta name='ocr-capabilities' content='ocr_page ocr_carea ocr_par ocr_line ocrx_word'/>
</head>
<body>
  <div class='ocr_page' id='page_1' title='image "./pt3corporishaere02epipuoft_0227.png"; bbox 0 0 2508 4134; ppageno 0'>
   <div class='ocr_carea' id='block_1_1' title="bbox 538 269 2024 323">
    <p class='ocr_par' dir='ltr' id='par_1_1' title="bbox 538 269 2024 323">
     <span class='ocr_line' id='line_1_1' title="bbox 538 269 2024 323; baseline -0.001 -2"><span class='ocrx_word' id='word_1_1' title='bbox 538 279 759 321; x_wconf 80' lang='lat' dir='ltr'>PANAnu</span> <span class='ocrx_word' id='word_1_2' title='bbox 786 280 889 319; x_wconf 77' lang='lat' dir='ltr'>me.</span> <span class='ocrx_word' id='word_1_3' title='bbox 915 281 987 319; x_wconf 83' lang='lat'>111.</span> <span class='ocrx_word' id='word_1_4' title='bbox 1018 281 1152 322; x_wconf 85' lang='lat' dir='ltr'>ToM.</span> <span class='ocrx_word' id='word_1_5' title='bbox 1176 283 1206 322; x_wconf 92' lang='lat'>1.</span> <span class='ocrx_word' id='word_1_6' title='bbox 1237 282 1397 321; x_wconf 79' lang='lat' dir='ltr'>HAER.</span> <span class='ocrx_word' id='word_1_7' title='bbox 1423 282 1614 323; x_wconf 69' lang='lat' dir='ltr'>nxxvt.</span> <span class='ocrx_word' id='word_1_8' title='bbox 1923 269 2024 320; x_wconf 86' lang='lat'>217</span> 
     </span>
    </p>
   </div>
   <div class='ocr_carea' id='block_1_2' title="bbox 59 375 2029 3311">
    <p class='ocr_par' dir='ltr' id='par_1_2' title="bbox 127 375 2025 599">
     <span class='ocr_line' id='line_1_2' title="bbox 127 375 2023 450; baseline -0.002 -19"><span class='ocrx_word' id='word_1_9' title='bbox 127 381 289 450; x_wconf 87' lang='lat' dir='ltr'>genita</span> <span class='ocrx_word' id='word_1_10' title='bbox 330 378 394 430; x_wconf 89' lang='lat' dir='ltr'>sit</span> <span class='ocrx_word' id='word_1_11' title='bbox 432 375 727 438; x_wconf 87' lang='lat' dir='ltr'>substantia,</span> <span class='ocrx_word' id='word_1_12' title='bbox 786 375 961 426; x_wconf 88' lang='lat' dir='ltr'>rationi</span> <span class='ocrx_word' id='word_1_13' title='bbox 1009 377 1122 426; x_wconf 90' lang='lat' dir='ltr'>nulli</span> <span class='ocrx_word' id='word_1_14' title='bbox 1165 379 1396 446; x_wconf 88' lang='lat' dir='ltr'>permittit</span> <span class='ocrx_word' id='word_1_15' title='bbox 1431 380 1522 430; x_wconf 88' lang='lat' dir='ltr'>sibi</span> <span class='ocrx_word' id='word_1_16' title='bbox 1566 387 1617 431; x_wconf 92' lang='lat' dir='ltr'>ut</span> <span class='ocrx_word' id='word_1_17' title='bbox 1662 378 2023 447; x_wconf 72' lang='lat' dir='ltr'><strong>generationem</strong></span> 
     </span>
     <span class='ocr_line' id='line_1_3' title="bbox 128 458 2025 531; baseline -0.002 -16"><span class='ocrx_word' id='word_1_18' title='bbox 128 465 347 531; x_wconf 87' lang='lat' dir='ltr'>affingat,</span> <span class='ocrx_word' id='word_1_19' title='bbox 389 462 472 513; x_wconf 90' lang='lat' dir='ltr'>sed</span> <span class='ocrx_word' id='word_1_20' title='bbox 499 458 857 528; x_wconf 81' lang='lat' dir='ltr'>inquisitionem</span> <span class='ocrx_word' id='word_1_21' title='bbox 886 477 1074 511; x_wconf 89' lang='lat' dir='ltr'>omnem</span> <span class='ocrx_word' id='word_1_22' title='bbox 1103 478 1159 511; x_wconf 90' lang='lat' dir='ltr'>ac</span> <span class='ocrx_word' id='word_1_23' title='bbox 1189 462 1606 514; x_wconf 75' lang='lat' dir='ltr'>ratiocinationem</span> <span class='ocrx_word' id='word_1_24' title='bbox 1637 464 1694 514; x_wconf 90' lang='lat' dir='ltr'>ad</span> <span class='ocrx_word' id='word_1_25' title='bbox 1726 480 1805 514; x_wconf 87' lang='lat' dir='ltr'>res</span> <span class='ocrx_word' id='word_1_26' title='bbox 1838 462 2025 531; x_wconf 86' lang='lat' dir='ltr'>genitas</span> 
     </span>
     <span class='ocr_line' id='line_1_4' title="bbox 127 544 653 599; baseline -0.011 1"><span class='ocrx_word' id='word_1_27' title='bbox 127 548 348 599; x_wconf 89' lang='lat' dir='ltr'>amandat</span> <span class='ocrx_word' id='word_1_28' title='bbox 383 563 438 596; x_wconf 87' lang='lat' dir='ltr'>ac</span> <span class='ocrx_word' id='word_1_29' title='bbox 476 544 653 596; x_wconf 85' lang='lat' dir='ltr'>reiicit.</span> 
     </span>
    </p>

    <p class='ocr_par' dir='ltr' id='par_1_3' title="bbox 127 627 2027 952">
     <span class='ocr_line' id='line_1_5' title="bbox 263 627 2019 699; baseline 0.001 -18"><span class='ocrx_word' id='word_1_30' title='bbox 263 632 413 681; x_wconf 92' lang='lat' dir='ltr'>XXII.</span> <span class='ocrx_word' id='word_1_31' title='bbox 466 627 522 680; x_wconf 90' lang='lat' dir='ltr'>Si</span> <span class='ocrx_word' id='word_1_32' title='bbox 561 628 761 696; x_wconf 89' lang='lat' dir='ltr'>ingeniti</span> <span class='ocrx_word' id='word_1_33' title='bbox 797 646 896 678; x_wconf 86' lang='lat' dir='ltr'>vox</span> <span class='ocrx_word' id='word_1_34' title='bbox 944 628 1262 696; x_wconf 79' lang='lat' dir='ltr'>privationem</span> <span class='ocrx_word' id='word_1_35' title='bbox 1304 630 1352 679; x_wconf 91' lang='lat' dir='ltr'>in</span> <span class='ocrx_word' id='word_1_36' title='bbox 1399 631 1488 680; x_wconf 91' lang='lat' dir='ltr'>deo</span> <span class='ocrx_word' id='word_1_37' title='bbox 1541 631 1808 699; x_wconf 88' lang='lat' dir='ltr'>significat,</span> <span class='ocrx_word' id='word_1_38' title='bbox 1864 647 2019 699; x_wconf 88' lang='lat' dir='ltr'>neque</span> 
     </span>
     <span class='ocr_line' id='line_1_6' title="bbox 127 711 2027 784; baseline 0 -18"><span class='ocrx_word' id='word_1_39' title='bbox 127 715 378 784; x_wconf 89' lang='lat' dir='ltr'>quicquam</span> <span class='ocrx_word' id='word_1_40' title='bbox 407 713 601 765; x_wconf 92' lang='lat' dir='ltr'>omnino</span> <span class='ocrx_word' id='word_1_41' title='bbox 629 711 691 763; x_wconf 91' lang='lat' dir='ltr'>sit</span> <span class='ocrx_word' id='word_1_42' title='bbox 725 711 1018 780; x_wconf 87' lang='lat' dir='ltr'>ingenitum,</span> <span class='ocrx_word' id='word_1_43' title='bbox 1074 730 1306 780; x_wconf 80' lang='lat' dir='ltr'>quaenam</span> <span class='ocrx_word' id='word_1_44' title='bbox 1337 715 1462 764; x_wconf 89' lang='lat' dir='ltr'>ratio</span> <span class='ocrx_word' id='word_1_45' title='bbox 1495 715 1552 765; x_wconf 94' lang='lat' dir='ltr'>ab</span> <span class='ocrx_word' id='word_1_46' title='bbox 1589 733 1646 766; x_wconf 87' lang='lat' dir='ltr'>eo</span> <span class='ocrx_word' id='word_1_47' title='bbox 1675 716 1798 783; x_wconf 91' lang='lat' dir='ltr'>quod</span> <span class='ocrx_word' id='word_1_48' title='bbox 1829 733 1922 765; x_wconf 92' lang='lat' dir='ltr'>non</span> <span class='ocrx_word' id='word_1_49' title='bbox 1952 723 2027 766; x_wconf 87' lang='lat' dir='ltr'>est</span> 
     </span>
     <span class='ocr_line' id='line_1_7' title="bbox 128 793 2023 868; baseline -0.001 -17"><span class='ocrx_word' id='word_1_50' title='bbox 128 800 243 851; x_wconf 87' lang='lat' dir='ltr'>nibil</span> <span class='ocrx_word' id='word_1_51' title='bbox 280 799 434 868; x_wconf 83' lang='lat' dir='ltr'>possit</span> <span class='ocrx_word' id='word_1_52' title='bbox 474 797 699 848; x_wconf 81' lang='lat' dir='ltr'>auferre?</span> <span class='ocrx_word' id='word_1_53' title='bbox 796 793 885 847; x_wconf 90' lang='lat' dir='ltr'>Sin</span> <span class='ocrx_word' id='word_1_54' title='bbox 933 796 1151 847; x_wconf 79' lang='lat' dir='ltr'>existens</span> <span class='ocrx_word' id='word_1_55' title='bbox 1199 797 1434 865; x_wconf 83' lang='lat' dir='ltr'>quippiam</span> <span class='ocrx_word' id='word_1_56' title='bbox 1488 808 1656 862; x_wconf 90' lang='lat' dir='ltr'>sonat,</span> <span class='ocrx_word' id='word_1_57' title='bbox 1711 799 1816 867; x_wconf 89' lang='lat' dir='ltr'>quis</span> <span class='ocrx_word' id='word_1_58' title='bbox 1855 799 1913 849; x_wconf 89' lang='lat' dir='ltr'>ab</span> <span class='ocrx_word' id='word_1_59' title='bbox 1966 815 2023 849; x_wconf 92' lang='lat' dir='ltr'>eo</span> 
     </span>
     <span class='ocr_line' id='line_1_8' title="bbox 127 880 1991 952; baseline -0.001 -17"><span class='ocrx_word' id='word_1_60' title='bbox 127 884 249 952; x_wconf 89' lang='lat' dir='ltr'>quod</span> <span class='ocrx_word' id='word_1_61' title='bbox 284 892 359 934; x_wconf 89' lang='lat' dir='ltr'>est</span> <span class='ocrx_word' id='word_1_62' title='bbox 386 882 589 950; x_wconf 89' lang='lat' dir='ltr'>idipsum</span> <span class='ocrx_word' id='word_1_63' title='bbox 627 881 750 948; x_wconf 85' lang='lat' dir='ltr'>quod</span> <span class='ocrx_word' id='word_1_64' title='bbox 790 889 896 943; x_wconf 90' lang='lat' dir='ltr'>est,</span> <span class='ocrx_word' id='word_1_65' title='bbox 939 880 1027 930; x_wconf 89' lang='lat' dir='ltr'>hoc</span> <span class='ocrx_word' id='word_1_66' title='bbox 1067 890 1142 931; x_wconf 88' lang='lat' dir='ltr'>est</span> <span class='ocrx_word' id='word_1_67' title='bbox 1177 881 1329 949; x_wconf 90' lang='lat' dir='ltr'>ipsum</span> <span class='ocrx_word' id='word_1_68' title='bbox 1369 899 1396 932; x_wconf 90' lang='lat' dir='ltr'>a</span> <span class='ocrx_word' id='word_1_69' title='bbox 1433 883 1693 950; x_wconf 91' lang='lat' dir='ltr'>semetipso</span> <span class='ocrx_word' id='word_1_70' title='bbox 1732 884 1991 933; x_wconf 82' lang='lat' dir='ltr'>secernat?</span> 
     </span>
    </p>

    <p class='ocr_par' dir='ltr' id='par_1_4' title="bbox 59 962 2024 1285">
     <span class='ocr_line' id='line_1_9' title="bbox 262 962 2023 1034; baseline -0.001 -16"><span class='ocrx_word' id='word_1_71' title='bbox 262 968 434 1018; x_wconf 91' lang='lat' dir='ltr'>XXIII.</span> <span class='ocrx_word' id='word_1_72' title='bbox 484 962 607 1016; x_wconf 92' lang='lat' dir='ltr'>Cum</span> <span class='ocrx_word' id='word_1_73' title='bbox 645 963 939 1033; x_wconf 84' lang='lat' dir='ltr'>privationes</span> <span class='ocrx_word' id='word_1_74' title='bbox 981 964 1247 1017; x_wconf 90' lang='lat' dir='ltr'>ablationes</span> <span class='ocrx_word' id='word_1_75' title='bbox 1286 968 1383 1016; x_wconf 89' lang='lat' dir='ltr'>sint</span> <span class='ocrx_word' id='word_1_76' title='bbox 1419 966 1754 1030; x_wconf 89' lang='lat' dir='ltr'>affectionum,</span> <span class='ocrx_word' id='word_1_77' title='bbox 1810 968 1934 1034; x_wconf 92' lang='lat' dir='ltr'>quod</span> <span class='ocrx_word' id='word_1_78' title='bbox 1976 967 2023 1017; x_wconf 93' lang='lat' dir='ltr'>in</span> 
     </span>
     <span class='ocr_line' id='line_1_10' title="bbox 59 1047 2024 1119; baseline -0.001 -16"><span class='ocrx_word' id='word_1_79' title='bbox 59 1057 63 1060; x_wconf 83' lang='grc'><strong>’</strong></span> <span class='ocrx_word' id='word_1_80' title='bbox 126 1054 215 1103; x_wconf 88' lang='lat' dir='ltr'>deo</span> <span class='ocrx_word' id='word_1_81' title='bbox 248 1061 322 1103; x_wconf 92' lang='lat' dir='ltr'>est</span> <span class='ocrx_word' id='word_1_82' title='bbox 350 1050 613 1118; x_wconf 87' lang='lat' dir='ltr'>ingenitum</span> <span class='ocrx_word' id='word_1_83' title='bbox 651 1048 729 1100; x_wconf 91' lang='lat' dir='ltr'>vel</span> <span class='ocrx_word' id='word_1_84' title='bbox 753 1047 1022 1099; x_wconf 89' lang='lat' dir='ltr'>affectionis</span> <span class='ocrx_word' id='word_1_85' title='bbox 1049 1048 1255 1118; x_wconf 88' lang='lat' dir='ltr'>privatio</span> <span class='ocrx_word' id='word_1_86' title='bbox 1284 1061 1385 1114; x_wconf 90' lang='lat' dir='ltr'>est,</span> <span class='ocrx_word' id='word_1_87' title='bbox 1441 1051 1517 1101; x_wconf 93' lang='lat' dir='ltr'>vel</span> <span class='ocrx_word' id='word_1_88' title='bbox 1546 1051 1738 1101; x_wconf 86' lang='lat' dir='ltr'>affectio</span> <span class='ocrx_word' id='word_1_89' title='bbox 1772 1051 2024 1119; x_wconf 83' lang='lat' dir='ltr'>privationi</span> 
     </span>
     <span class='ocr_line' id='line_1_11' title="bbox 125 1131 2023 1203; baseline -0.001 -16"><span class='ocrx_word' id='word_1_90' title='bbox 125 1135 387 1188; x_wconf 87' lang='lat' dir='ltr'>contraria.</span> <span class='ocrx_word' id='word_1_91' title='bbox 464 1131 618 1202; x_wconf 86' lang='lat' dir='ltr'>Igitur</span> <span class='ocrx_word' id='word_1_92' title='bbox 658 1132 698 1183; x_wconf 91' lang='lat' dir='ltr'>si</span> <span class='ocrx_word' id='word_1_93' title='bbox 740 1131 1009 1183; x_wconf 87' lang='lat' dir='ltr'>affectionis</span> <span class='ocrx_word' id='word_1_94' title='bbox 1039 1133 1243 1200; x_wconf 88' lang='lat' dir='ltr'>privatio</span> <span class='ocrx_word' id='word_1_95' title='bbox 1272 1143 1374 1197; x_wconf 91' lang='grc' dir='ltr'><strong>εει,</strong></span> <span class='ocrx_word' id='word_1_96' title='bbox 1427 1136 1663 1202; x_wconf 88' lang='lat' dir='ltr'>quomodo</span> <span class='ocrx_word' id='word_1_97' title='bbox 1700 1135 1745 1185; x_wconf 92' lang='lat' dir='ltr'>id</span> <span class='ocrx_word' id='word_1_98' title='bbox 1776 1137 1897 1203; x_wconf 90' lang='lat' dir='ltr'>quod</span> <span class='ocrx_word' id='word_1_99' title='bbox 1929 1154 2023 1187; x_wconf 90' lang='lat' dir='ltr'>non</span> 
     </span>
     <span class='ocr_line' id='line_1_12' title="bbox 125 1216 1085 1285; baseline -0.005 -13"><span class='ocrx_word' id='word_1_100' title='bbox 125 1221 253 1272; x_wconf 89' lang='lat' dir='ltr'>inest</span> <span class='ocrx_word' id='word_1_101' title='bbox 289 1221 378 1271; x_wconf 90' lang='lat' dir='ltr'>deo</span> <span class='ocrx_word' id='word_1_102' title='bbox 417 1227 638 1285; x_wconf 88' lang='lat' dir='ltr'>tanquam</span> <span class='ocrx_word' id='word_1_103' title='bbox 676 1216 791 1266; x_wconf 90' lang='lat' dir='ltr'>insit</span> <span class='ocrx_word' id='word_1_104' title='bbox 829 1216 1085 1267; x_wconf 86' lang='lat' dir='ltr'>tribuitur?</span> 
     </span>
    </p>

    <p class='ocr_par' dir='ltr' id='par_1_5' title="bbox 125 1300 2029 1536">
     <span class='ocr_line' id='line_1_13' title="bbox 269 1300 2029 1372; baseline -0.001 -17"><span class='ocrx_word' id='word_1_105' title='bbox 269 1306 441 1355; x_wconf 89' lang='lat' dir='ltr'>XXIV.</span> <span class='ocrx_word' id='word_1_106' title='bbox 481 1300 550 1352; x_wconf 86' lang='lat' dir='ltr'>At</span> <span class='ocrx_word' id='word_1_107' title='bbox 578 1301 619 1351; x_wconf 90' lang='lat' dir='ltr'>si</span> <span class='ocrx_word' id='word_1_108' title='bbox 653 1300 845 1351; x_wconf 87' lang='lat' dir='ltr'>affectio</span> <span class='ocrx_word' id='word_1_109' title='bbox 877 1301 1104 1368; x_wconf 84' lang='lat' dir='ltr'>quaedam</span> <span class='ocrx_word' id='word_1_110' title='bbox 1136 1311 1208 1353; x_wconf 83' lang='lat' dir='ltr'>est</span> <span class='ocrx_word' id='word_1_111' title='bbox 1235 1303 1525 1370; x_wconf 87' lang='lat' dir='ltr'>ingenitum,</span> <span class='ocrx_word' id='word_1_112' title='bbox 1567 1305 1775 1372; x_wconf 83' lang='lat' dir='ltr'>genitam</span> <span class='ocrx_word' id='word_1_113' title='bbox 1807 1304 2029 1355; x_wconf 89' lang='lat' dir='ltr'>substan—</span> 
     </span>
     <span class='ocr_line' id='line_1_14' title="bbox 127 1384 2026 1453; baseline -0.002 -11"><span class='ocrx_word' id='word_1_114' title='bbox 127 1391 241 1442; x_wconf 91' lang='lat' dir='ltr'>tiam</span> <span class='ocrx_word' id='word_1_115' title='bbox 275 1389 491 1439; x_wconf 81' lang='lat' dir='ltr'>existere</span> <span class='ocrx_word' id='word_1_116' title='bbox 518 1393 659 1449; x_wconf 90' lang='lat' dir='ltr'>ante‚</span> <span class='ocrx_word' id='word_1_117' title='bbox 699 1402 755 1435; x_wconf 90' lang='lat' dir='ltr'>ac</span> <span class='ocrx_word' id='word_1_118' title='bbox 786 1384 914 1436; x_wconf 87' lang='lat' dir='ltr'>velut</span> <span class='ocrx_word' id='word_1_119' title='bbox 942 1385 1184 1438; x_wconf 89' lang='lat' dir='ltr'>substerni</span> <span class='ocrx_word' id='word_1_120' title='bbox 1211 1405 1414 1439; x_wconf 88' lang='lat' dir='ltr'>necesse</span> <span class='ocrx_word' id='word_1_121' title='bbox 1446 1397 1538 1453; x_wconf 91' lang='grc' dir='ltr'><strong>εει,</strong></span> <span class='ocrx_word' id='word_1_122' title='bbox 1580 1397 1632 1439; x_wconf 91' lang='lat' dir='ltr'>ut</span> <span class='ocrx_word' id='word_1_123' title='bbox 1659 1388 1915 1439; x_wconf 87' lang='lat' dir='ltr'>affectione</span> <span class='ocrx_word' id='word_1_124' title='bbox 1946 1388 2026 1439; x_wconf 90' lang='lat' dir='ltr'>illa</span> 
     </span>
     <span class='ocr_line' id='line_1_15' title="bbox 125 1467 1244 1536; baseline -0.004 -10"><span class='ocrx_word' id='word_1_125' title='bbox 125 1476 183 1526; x_wconf 87' lang='lat' dir='ltr'>ad</span> <span class='ocrx_word' id='word_1_126' title='bbox 224 1492 326 1525; x_wconf 90' lang='lat' dir='ltr'>eam</span> <span class='ocrx_word' id='word_1_127' title='bbox 367 1471 660 1532; x_wconf 85' lang='lat' dir='ltr'>accedente,</span> <span class='ocrx_word' id='word_1_128' title='bbox 700 1467 915 1536; x_wconf 88' lang='lat' dir='ltr'>ingenita</span> <span class='ocrx_word' id='word_1_129' title='bbox 953 1470 1244 1522; x_wconf 88' lang='lat' dir='ltr'>nominetur.</span> 
     </span>
    </p>

    <p class='ocr_par' dir='ltr' id='par_1_6' title="bbox 124 1552 2029 1797">
     <span class='ocr_line' id='line_1_16' title="bbox 263 1552 2028 1626; baseline -0.001 -18"><span class='ocrx_word' id='word_1_130' title='bbox 263 1560 411 1608; x_wconf 91' lang='lat' dir='ltr'>XXV.</span> <span class='ocrx_word' id='word_1_131' title='bbox 453 1553 508 1607; x_wconf 86' lang='lat' dir='ltr'>Si</span> <span class='ocrx_word' id='word_1_132' title='bbox 536 1571 654 1605; x_wconf 88' lang='lat' dir='ltr'>vero</span> <span class='ocrx_word' id='word_1_133' title='bbox 689 1552 853 1620; x_wconf 88' lang='lat' dir='ltr'>genita</span> <span class='ocrx_word' id='word_1_134' title='bbox 884 1553 1150 1605; x_wconf 85' lang='lat' dir='ltr'>substantia</span> <span class='ocrx_word' id='word_1_135' title='bbox 1180 1556 1424 1625; x_wconf 87' lang='lat' dir='ltr'>ingenitae</span> <span class='ocrx_word' id='word_1_136' title='bbox 1467 1561 1703 1626; x_wconf 85' lang='lat' dir='ltr'>particeps</span> <span class='ocrx_word' id='word_1_137' title='bbox 1734 1557 1850 1621; x_wconf 88' lang='lat' dir='ltr'>fuit,</span> <span class='ocrx_word' id='word_1_138' title='bbox 1910 1558 2028 1608; x_wconf 87' lang='lat' dir='ltr'>affe-</span> 
     </span>
     <span class='ocr_line' id='line_1_17' title="bbox 125 1635 2029 1711; baseline -0.001 -16"><span class='ocrx_word' id='word_1_139' title='bbox 125 1643 298 1695; x_wconf 88' lang='lat' dir='ltr'>ctionis</span> <span class='ocrx_word' id='word_1_140' title='bbox 335 1642 518 1692; x_wconf 88' lang='lat' dir='ltr'>iactura</span> <span class='ocrx_word' id='word_1_141' title='bbox 548 1640 674 1689; x_wconf 87' lang='lat' dir='ltr'>facta</span> <span class='ocrx_word' id='word_1_142' title='bbox 703 1635 1023 1688; x_wconf 90' lang='lat' dir='ltr'>conditionem</span> <span class='ocrx_word' id='word_1_143' title='bbox 1068 1640 1227 1691; x_wconf 88' lang='lat' dir='ltr'>amisit</span> <span class='ocrx_word' id='word_1_144' title='bbox 1258 1642 1476 1711; x_wconf 81' lang='lat' dir='ltr'>ingeniti.</span> <span class='ocrx_word' id='word_1_145' title='bbox 1556 1639 1718 1709; x_wconf 79' lang='lat' dir='ltr'>Quare</span> <span class='ocrx_word' id='word_1_146' title='bbox 1758 1642 2029 1693; x_wconf 88' lang='lat' dir='ltr'>substantia</span> 
     </span>
     <span class='ocr_line' id='line_1_18' title="bbox 124 1720 1482 1797; baseline -0.001 -18"><span class='ocrx_word' id='word_1_147' title='bbox 124 1729 311 1797; x_wconf 88' lang='lat' dir='ltr'>quidem</span> <span class='ocrx_word' id='word_1_148' title='bbox 349 1725 511 1794; x_wconf 85' lang='lat' dir='ltr'>genita</span> <span class='ocrx_word' id='word_1_149' title='bbox 551 1722 725 1785; x_wconf 86' lang='lat' dir='ltr'>fuerit,</span> <span class='ocrx_word' id='word_1_150' title='bbox 766 1720 1031 1789; x_wconf 87' lang='lat' dir='ltr'>ingenitum</span> <span class='ocrx_word' id='word_1_151' title='bbox 1071 1734 1231 1776; x_wconf 91' lang='lat' dir='ltr'>autem</span> <span class='ocrx_word' id='word_1_152' title='bbox 1270 1727 1482 1777; x_wconf 88' lang='lat' dir='ltr'>affecti0.</span> 
     </span>
    </p>

    <p class='ocr_par' dir='ltr' id='par_1_7' title="bbox 123 1804 2027 2136">
     <span class='ocr_line' id='line_1_19' title="bbox 262 1804 2023 1880; baseline 0 -19"><span class='ocrx_word' id='word_1_153' title='bbox 262 1812 433 1861; x_wconf 92' lang='lat' dir='ltr'>XXVI.</span> <span class='ocrx_word' id='word_1_154' title='bbox 474 1807 615 1876; x_wconf 85' lang='lat' dir='ltr'>Quod</span> <span class='ocrx_word' id='word_1_155' title='bbox 661 1804 702 1856; x_wconf 86' lang='lat' dir='ltr'>si</span> <span class='ocrx_word' id='word_1_156' title='bbox 750 1804 913 1872; x_wconf 84' lang='lat' dir='ltr'>genita</span> <span class='ocrx_word' id='word_1_157' title='bbox 948 1808 1141 1861; x_wconf 83' lang='lat' dir='ltr'>soboles</span> <span class='ocrx_word' id='word_1_158' title='bbox 1188 1812 1441 1862; x_wconf 85' lang='lat' dir='ltr'>transitum</span> <span class='ocrx_word' id='word_1_159' title='bbox 1484 1812 1718 1880; x_wconf 86' lang='lat' dir='ltr'>quendam</span> <span class='ocrx_word' id='word_1_160' title='bbox 1766 1811 2023 1879; x_wconf 83' lang='lat' dir='ltr'>significat,</span> 
     </span>
     <span class='ocr_line' id='line_1_20' title="bbox 123 1889 2027 1964; baseline -0.002 -15"><span class='ocrx_word' id='word_1_161' title='bbox 123 1916 218 1949; x_wconf 90' lang='lat' dir='ltr'>non</span> <span class='ocrx_word' id='word_1_162' title='bbox 253 1895 444 1946; x_wconf 90' lang='lat' dir='ltr'>dubium</span> <span class='ocrx_word' id='word_1_163' title='bbox 472 1902 546 1944; x_wconf 90' lang='lat' dir='ltr'>est</span> <span class='ocrx_word' id='word_1_164' title='bbox 572 1889 874 1942; x_wconf 88' lang='lat' dir='ltr'>affectionem</span> <span class='ocrx_word' id='word_1_165' title='bbox 906 1891 1120 1945; x_wconf 86' lang='lat' dir='ltr'>indicare</span> <span class='ocrx_word' id='word_1_166' title='bbox 1150 1905 1351 1959; x_wconf 87' lang='lat' dir='ltr'>certam,</span> <span class='ocrx_word' id='word_1_167' title='bbox 1392 1896 1497 1947; x_wconf 90' lang='lat' dir='ltr'>sive</span> <span class='ocrx_word' id='word_1_168' title='bbox 1529 1897 1728 1964; x_wconf 91' lang='lat' dir='ltr'>quadam</span> <span class='ocrx_word' id='word_1_169' title='bbox 1751 1913 1776 1946; x_wconf 94' lang='lat' dir='ltr'>e</span> <span class='ocrx_word' id='word_1_170' title='bbox 1803 1896 2027 1946; x_wconf 86' lang='lat' dir='ltr'>substan-</span> 
     </span>
     <span class='ocr_line' id='line_1_21' title="bbox 123 1976 2024 2050; baseline 0.001 -21"><span class='ocrx_word' id='word_1_171' title='bbox 123 1983 188 2034; x_wconf 83' lang='lat' dir='ltr'>tia</span> <span class='ocrx_word' id='word_1_172' title='bbox 219 1982 481 2033; x_wconf 77' lang='lat' dir='ltr'>mutatione</span> <span class='ocrx_word' id='word_1_173' title='bbox 526 1976 821 2029; x_wconf 80' lang='lat' dir='ltr'>conformata</span> <span class='ocrx_word' id='word_1_174' title='bbox 862 1977 956 2047; x_wconf 80' lang='lat' dir='ltr'>sit,</span> <span class='ocrx_word' id='word_1_175' title='bbox 1011 1980 1115 2031; x_wconf 90' lang='lat' dir='ltr'>sive</span> <span class='ocrx_word' id='word_1_176' title='bbox 1160 1980 1248 2031; x_wconf 86' lang='lat' dir='ltr'>hoc</span> <span class='ocrx_word' id='word_1_177' title='bbox 1287 1981 1440 2050; x_wconf 89' lang='lat' dir='ltr'>ipsum</span> <span class='ocrx_word' id='word_1_178' title='bbox 1484 1989 1558 2032; x_wconf 91' lang='lat' dir='ltr'>est</span> <span class='ocrx_word' id='word_1_179' title='bbox 1601 1981 1763 2049; x_wconf 89' lang='lat' dir='ltr'>genita</span> <span class='ocrx_word' id='word_1_180' title='bbox 1812 1981 2024 2045; x_wconf 86' lang='lat' dir='ltr'>soboleS,</span> 
     </span>
     <span class='ocr_line' id='line_1_22' title="bbox 124 2067 476 2136; baseline -0.003 -17"><span class='ocrx_word' id='word_1_181' title='bbox 124 2068 245 2136; x_wconf 92' lang='lat' dir='ltr'>quod</span> <span class='ocrx_word' id='word_1_182' title='bbox 286 2067 476 2118; x_wconf 84' lang='lat' dir='ltr'>dicitur.</span> 
     </span>
    </p>

    <p class='ocr_par' dir='ltr' id='par_1_8' title="bbox 122 2143 2029 2389">
     <span class='ocr_line' id='line_1_23' title="bbox 259 2143 2029 2219; baseline -0.001 -18"><span class='ocrx_word' id='word_1_183' title='bbox 259 2154 453 2202; x_wconf 89' lang='lat' dir='ltr'>XXVII.</span> <span class='ocrx_word' id='word_1_184' title='bbox 495 2150 550 2204; x_wconf 88' lang='lat' dir='ltr'>Si</span> <span class='ocrx_word' id='word_1_185' title='bbox 578 2143 670 2203; x_wconf 86' lang='lat' dir='ltr'>tam</span> <span class='ocrx_word' id='word_1_186' title='bbox 697 2151 962 2219; x_wconf 87' lang='lat' dir='ltr'>ingenitum</span> <span class='ocrx_word' id='word_1_187' title='bbox 994 2151 1368 2219; x_wconf 64' lang='lat' dir='ltr'>quam&#39;geuitum</span> <span class='ocrx_word' id='word_1_188' title='bbox 1394 2150 1582 2201; x_wconf 88' lang='lat' dir='ltr'>affectio</span> <span class='ocrx_word' id='word_1_189' title='bbox 1609 2151 1690 2214; x_wconf 91' lang='lat' dir='ltr'>sit,</span> <span class='ocrx_word' id='word_1_190' title='bbox 1732 2150 2029 2201; x_wconf 90' lang='lat' dir='ltr'>substantiae</span> 
     </span>
     <span class='ocr_line' id='line_1_24' title="bbox 123 2235 2026 2305; baseline -0.001 -18"><span class='ocrx_word' id='word_1_191' title='bbox 123 2236 310 2304; x_wconf 88' lang='lat' dir='ltr'>quidem</span> <span class='ocrx_word' id='word_1_192' title='bbox 338 2236 670 2287; x_wconf 88' lang='lat' dir='ltr'>affectionibus</span> <span class='ocrx_word' id='word_1_193' title='bbox 697 2237 905 2305; x_wconf 84' lang='lat' dir='ltr'>prioreS,</span> <span class='ocrx_word' id='word_1_194' title='bbox 937 2236 1219 2287; x_wconf 88' lang='lat' dir='ltr'>affectiones</span> <span class='ocrx_word' id='word_1_195' title='bbox 1237 2253 1381 2303; x_wconf 90' lang='lat' dir='ltr'>porro</span> <span class='ocrx_word' id='word_1_196' title='bbox 1407 2245 1456 2286; x_wconf 93' lang='lat' dir='ltr'>ut</span> <span class='ocrx_word' id='word_1_197' title='bbox 1481 2235 1762 2286; x_wconf 85' lang='lat' dir='ltr'>substantiis</span> <span class='ocrx_word' id='word_1_198' title='bbox 1790 2235 2026 2303; x_wconf 86' lang='lat' dir='ltr'>posterio-</span> 
     </span>
     <span class='ocr_line' id='line_1_25' title="bbox 122 2321 1186 2389; baseline -0.002 -16"><span class='ocrx_word' id='word_1_199' title='bbox 122 2339 230 2386; x_wconf 84' lang='lat' dir='ltr'>reS,</span> <span class='ocrx_word' id='word_1_200' title='bbox 272 2323 341 2372; x_wconf 90' lang='lat' dir='ltr'>sic</span> <span class='ocrx_word' id='word_1_201' title='bbox 379 2321 548 2372; x_wconf 89' lang='lat' dir='ltr'>iisdem</span> <span class='ocrx_word' id='word_1_202' title='bbox 586 2322 949 2389; x_wconf 88' lang='lat' dir='ltr'>anteponendae</span> <span class='ocrx_word' id='word_1_203' title='bbox 989 2321 1186 2371; x_wconf 87' lang='lat' dir='ltr'>fuerint.</span> 
     </span>
    </p>

    <p class='ocr_par' dir='ltr' id='par_1_9' title="bbox 119 2403 2027 2811">
     <span class='ocr_line' id='line_1_26' title="bbox 257 2403 2022 2474; baseline -0.002 -18"><span class='ocrx_word' id='word_1_204' title='bbox 257 2407 472 2456; x_wconf 88' lang='lat' dir='ltr'>XXVIII.</span> <span class='ocrx_word' id='word_1_205' title='bbox 498 2404 552 2457; x_wconf 87' lang='lat' dir='ltr'>Si</span> <span class='ocrx_word' id='word_1_206' title='bbox 577 2406 842 2474; x_wconf 87' lang='lat' dir='ltr'>ingenitum</span> <span class='ocrx_word' id='word_1_207' title='bbox 863 2404 1012 2473; x_wconf 88' lang='lat' dir='ltr'>geniti</span> <span class='ocrx_word' id='word_1_208' title='bbox 1036 2423 1209 2456; x_wconf 89' lang='lat' dir='ltr'>caussa</span> <span class='ocrx_word' id='word_1_209' title='bbox 1237 2413 1329 2469; x_wconf 87' lang='lat' dir='ltr'>est,</span> <span class='ocrx_word' id='word_1_210' title='bbox 1364 2405 1503 2472; x_wconf 88' lang='lat' dir='ltr'>eique</span> <span class='ocrx_word' id='word_1_211' title='bbox 1535 2405 1723 2455; x_wconf 82' lang='lat' dir='ltr'>confert</span> <span class='ocrx_word' id='word_1_212' title='bbox 1749 2413 1799 2454; x_wconf 92' lang='lat' dir='ltr'>ut</span> <span class='ocrx_word' id='word_1_213' title='bbox 1822 2403 2022 2467; x_wconf 90' lang='lat' dir='ltr'>existat,</span> 
     </span>
     <span class='ocr_line' id='line_1_27' title="bbox 119 2488 2027 2559; baseline -0.002 -18"><span class='ocrx_word' id='word_1_214' title='bbox 119 2491 332 2559; x_wconf 87' lang='lat' dir='ltr'>genitum</span> <span class='ocrx_word' id='word_1_215' title='bbox 375 2507 492 2540; x_wconf 89' lang='lat' dir='ltr'>vero</span> <span class='ocrx_word' id='word_1_216' title='bbox 533 2507 749 2541; x_wconf 88' lang='lat' dir='ltr'>caussam</span> <span class='ocrx_word' id='word_1_217' title='bbox 794 2490 942 2558; x_wconf 87' lang='lat' dir='ltr'>ipsam</span> <span class='ocrx_word' id='word_1_218' title='bbox 987 2490 1285 2540; x_wconf 86' lang='lat' dir='ltr'>substantiae</span> <span class='ocrx_word' id='word_1_219' title='bbox 1315 2507 1432 2540; x_wconf 89' lang='lat' dir='ltr'>suae</span> <span class='ocrx_word' id='word_1_220' title='bbox 1477 2488 1672 2540; x_wconf 89' lang='lat' dir='ltr'>notione</span> <span class='ocrx_word' id='word_1_221' title='bbox 1712 2488 2027 2556; x_wconf 88' lang='lat' dir='ltr'>comprehen-</span> 
     </span>
     <span class='ocr_line' id='line_1_28' title="bbox 119 2573 2027 2643; baseline -0.002 -18"><span class='ocrx_word' id='word_1_222' title='bbox 119 2577 237 2625; x_wconf 90' lang='lat' dir='ltr'>dens</span> <span class='ocrx_word' id='word_1_223' title='bbox 276 2574 591 2625; x_wconf 85' lang='lat' dir='ltr'>&#39;substantiam</span> <span class='ocrx_word' id='word_1_224' title='bbox 624 2573 804 2642; x_wconf 87' lang='lat' dir='ltr'>ipsam,</span> <span class='ocrx_word' id='word_1_225' title='bbox 862 2591 956 2624; x_wconf 91' lang='lat' dir='ltr'>non</span> <span class='ocrx_word' id='word_1_226' title='bbox 993 2574 1298 2624; x_wconf 87' lang='lat' dir='ltr'>affectionem</span> <span class='ocrx_word' id='word_1_227' title='bbox 1342 2574 1609 2643; x_wconf 86' lang='lat' dir='ltr'>exprimat,</span> <span class='ocrx_word' id='word_1_228' title='bbox 1664 2592 1770 2624; x_wconf 88' lang='lat' dir='ltr'>cum</span> <span class='ocrx_word' id='word_1_229' title='bbox 1811 2573 2027 2641; x_wconf 87' lang='lat' dir='ltr'>ingenita</span> 
     </span>
     <span class='ocr_line' id='line_1_29' title="bbox 120 2658 2024 2727; baseline -0.001 -18"><span class='ocrx_word' id='word_1_230' title='bbox 120 2669 289 2710; x_wconf 85' lang='lat' dir='ltr'>natura</span> <span class='ocrx_word' id='word_1_231' title='bbox 344 2658 460 2709; x_wconf 90' lang='lat' dir='ltr'>nihil</span> <span class='ocrx_word' id='word_1_232' title='bbox 490 2658 604 2726; x_wconf 82' lang='lat' dir='ltr'>‘ipsa</span> <span class='ocrx_word' id='word_1_233' title='bbox 651 2675 814 2707; x_wconf 89' lang='lat' dir='ltr'>secum</span> <span class='ocrx_word' id='word_1_234' title='bbox 858 2658 1098 2722; x_wconf 88' lang='lat' dir='ltr'>includat,</span> <span class='ocrx_word' id='word_1_235' title='bbox 1165 2676 1325 2709; x_wconf 89' lang='lat' dir='ltr'>nonne</span> <span class='ocrx_word' id='word_1_236' title='bbox 1377 2658 1644 2709; x_wconf 89' lang='lat' dir='ltr'>substantia</span> <span class='ocrx_word' id='word_1_237' title='bbox 1690 2659 1847 2727; x_wconf 89' lang='lat' dir='ltr'>potius</span> <span class='ocrx_word' id='word_1_238' title='bbox 1887 2676 2024 2725; x_wconf 91' lang='lat' dir='ltr'>quam</span> 
     </span>
     <span class='ocr_line' id='line_1_30' title="bbox 119 2741 983 2811; baseline -0.006 -16"><span class='ocrx_word' id='word_1_239' title='bbox 119 2744 308 2795; x_wconf 86' lang='lat' dir='ltr'>affectio</span> <span class='ocrx_word' id='word_1_240' title='bbox 347 2743 578 2811; x_wconf 88' lang='lat' dir='ltr'>quaedam</span> <span class='ocrx_word' id='word_1_241' title='bbox 618 2742 760 2792; x_wconf 90' lang='lat' dir='ltr'>debet</span> <span class='ocrx_word' id='word_1_242' title='bbox 797 2741 983 2791; x_wconf 88' lang='lat' dir='ltr'>videri?</span> 
     </span>
    </p>

    <p class='ocr_par' dir='ltr' id='par_1_10' title="bbox 117 2825 2027 3311">
     <span class='ocr_line' id='line_1_31' title="bbox 254 2825 2026 2895; baseline -0.001 -17"><span class='ocrx_word' id='word_1_243' title='bbox 254 2830 428 2878; x_wconf 93' lang='lat' dir='ltr'>XXIX.</span> <span class='ocrx_word' id='word_1_244' title='bbox 469 2825 524 2878; x_wconf 85' lang='lat' dir='ltr'>Si</span> <span class='ocrx_word' id='word_1_245' title='bbox 557 2825 823 2877; x_wconf 90' lang='lat' dir='ltr'>substantia</span> <span class='ocrx_word' id='word_1_246' title='bbox 857 2825 1010 2875; x_wconf 90' lang='lat' dir='ltr'>omnis</span> <span class='ocrx_word' id='word_1_247' title='bbox 1037 2826 1251 2893; x_wconf 89' lang='lat' dir='ltr'>ingenita</span> <span class='ocrx_word' id='word_1_248' title='bbox 1283 2827 1376 2891; x_wconf 91' lang='lat' dir='ltr'>sit,</span> <span class='ocrx_word' id='word_1_249' title='bbox 1418 2828 1682 2879; x_wconf 89' lang='lat' dir='ltr'>cuiusmodi</span> <span class='ocrx_word' id='word_1_250' title='bbox 1709 2837 1780 2879; x_wconf 89' lang='lat' dir='ltr'>est</span> <span class='ocrx_word' id='word_1_251' title='bbox 1812 2827 2026 2895; x_wconf 90' lang='lat' dir='ltr'>omnipo-</span> 
     </span>
     <span class='ocr_line' id='line_1_32' title="bbox 118 2909 2025 2979; baseline -0.002 -16"><span class='ocrx_word' id='word_1_252' title='bbox 118 2912 264 2964; x_wconf 84' lang='lat' dir='ltr'>tentis</span> <span class='ocrx_word' id='word_1_253' title='bbox 299 2913 402 2975; x_wconf 90' lang='lat' dir='ltr'>dei,</span> <span class='ocrx_word' id='word_1_254' title='bbox 457 2912 565 2979; x_wconf 90' lang='lat' dir='ltr'>quid</span> <span class='ocrx_word' id='word_1_255' title='bbox 614 2911 785 2961; x_wconf 89' lang='lat' dir='ltr'>attinet</span> <span class='ocrx_word' id='word_1_256' title='bbox 816 2909 935 2959; x_wconf 86' lang='lat' dir='ltr'>hanc</span> <span class='ocrx_word' id='word_1_257' title='bbox 977 2910 1164 2976; x_wconf 89' lang='lat' dir='ltr'>quidem</span> <span class='ocrx_word' id='word_1_258' title='bbox 1206 2912 1511 2979; x_wconf 88' lang='lat' dir='ltr'>passionibus</span> <span class='ocrx_word' id='word_1_259' title='bbox 1555 2912 1842 2974; x_wconf 83' lang='lat' dir='ltr'>obnoxiam,</span> <span class='ocrx_word' id='word_1_260' title='bbox 1899 2911 2025 2960; x_wconf 89' lang='lat' dir='ltr'>illam</span> 
     </span>
     <span class='ocr_line' id='line_1_33' title="bbox 120 2992 2025 3064; baseline -0.002 -17"><span class='ocrx_word' id='word_1_261' title='bbox 120 3015 238 3047; x_wconf 92' lang='lat' dir='ltr'>vero</span> <span class='ocrx_word' id='word_1_262' title='bbox 277 2997 551 3047; x_wconf 89' lang='lat' dir='ltr'>earumdem</span> <span class='ocrx_word' id='word_1_263' title='bbox 583 3003 834 3063; x_wconf 90' lang='lat' dir='ltr'>expertem</span> <span class='ocrx_word' id='word_1_264' title='bbox 866 2993 1059 3043; x_wconf 83' lang='lat' dir='ltr'>dicere?</span> <span class='ocrx_word' id='word_1_265' title='bbox 1132 2992 1271 3061; x_wconf 82' lang='lat' dir='ltr'>Quod</span> <span class='ocrx_word' id='word_1_266' title='bbox 1306 2997 1346 3046; x_wconf 90' lang='lat' dir='ltr'>si</span> <span class='ocrx_word' id='word_1_267' title='bbox 1378 2997 1579 3063; x_wconf 87' lang='lat' dir='ltr'>quadam</span> <span class='ocrx_word' id='word_1_268' title='bbox 1613 2996 1855 3064; x_wconf 87' lang='lat' dir='ltr'>ingenitae</span> <span class='ocrx_word' id='word_1_269' title='bbox 1888 3004 2025 3044; x_wconf 90' lang='lat' dir='ltr'>natu-</span> 
     </span>
     <span class='ocr_line' id='line_1_34' title="bbox 117 3077 2023 3147; baseline -0.003 -15"><span class='ocrx_word' id='word_1_270' title='bbox 117 3099 201 3132; x_wconf 88' lang='lat' dir='ltr'>rae</span> <span class='ocrx_word' id='word_1_271' title='bbox 229 3090 362 3132; x_wconf 88' lang='lat' dir='ltr'>sorte</span> <span class='ocrx_word' id='word_1_272' title='bbox 392 3098 447 3131; x_wconf 87' lang='lat' dir='ltr'>ac</span> <span class='ocrx_word' id='word_1_273' title='bbox 477 3079 784 3141; x_wconf 89' lang='lat' dir='ltr'>conditione,</span> <span class='ocrx_word' id='word_1_274' title='bbox 838 3077 1117 3145; x_wconf 88' lang='lat' dir='ltr'>quantitatis</span> <span class='ocrx_word' id='word_1_275' title='bbox 1149 3089 1196 3128; x_wconf 91' lang='lat' dir='ltr'>et</span> <span class='ocrx_word' id='word_1_276' title='bbox 1226 3080 1497 3147; x_wconf 85' lang='lat' dir='ltr'>qualitatis,</span> <span class='ocrx_word' id='word_1_277' title='bbox 1552 3090 1626 3144; x_wconf 87' lang='lat' dir='ltr'>et,</span> <span class='ocrx_word' id='word_1_278' title='bbox 1669 3089 1719 3130; x_wconf 90' lang='lat' dir='ltr'>ut</span> <span class='ocrx_word' id='word_1_279' title='bbox 1752 3098 1846 3129; x_wconf 91' lang='lat' dir='ltr'>uno</span> <span class='ocrx_word' id='word_1_280' title='bbox 1875 3079 2023 3129; x_wconf 86' lang='lat' dir='ltr'>verbo</span> 
     </span>
     <span class='ocr_line' id='line_1_35' title="bbox 119 3162 2025 3231; baseline -0.002 -16"><span class='ocrx_word' id='word_1_281' title='bbox 119 3165 291 3228; x_wconf 89' lang='lat' dir='ltr'>dicam,</span> <span class='ocrx_word' id='word_1_282' title='bbox 333 3164 611 3215; x_wconf 89' lang='lat' dir='ltr'>mutationis</span> <span class='ocrx_word' id='word_1_283' title='bbox 638 3163 792 3213; x_wconf 91' lang='lat' dir='ltr'>omnis</span> <span class='ocrx_word' id='word_1_284' title='bbox 823 3179 997 3229; x_wconf 85' lang='lat' dir='ltr'>expers</span> <span class='ocrx_word' id='word_1_285' title='bbox 1024 3162 1177 3213; x_wconf 89' lang='lat' dir='ltr'>altera</span> <span class='ocrx_word' id='word_1_286' title='bbox 1205 3172 1296 3226; x_wconf 87' lang='lat' dir='ltr'>est,</span> <span class='ocrx_word' id='word_1_287' title='bbox 1340 3165 1491 3214; x_wconf 87' lang='lat' dir='ltr'>altera</span> <span class='ocrx_word' id='word_1_288' title='bbox 1521 3182 1638 3215; x_wconf 88' lang='lat' dir='ltr'>vero</span> <span class='ocrx_word' id='word_1_289' title='bbox 1667 3164 1918 3231; x_wconf 88' lang='lat' dir='ltr'>passiones</span> <span class='ocrx_word' id='word_1_290' title='bbox 1945 3164 2025 3212; x_wconf 90' lang='lat' dir='ltr'>ad-</span> 
     </span>
     <span class='ocr_line' id='line_1_36' title="bbox 117 3245 2027 3311; baseline -0.002 -12"><span class='ocrx_word' id='word_1_291' title='bbox 117 3250 287 3311; x_wconf 90' lang='lat' dir='ltr'>mittit,</span> <span class='ocrx_word' id='word_1_292' title='bbox 329 3258 376 3300; x_wconf 93' lang='lat' dir='ltr'>et</span> <span class='ocrx_word' id='word_1_293' title='bbox 403 3249 711 3299; x_wconf 89' lang='lat' dir='ltr'>nihilominus</span> <span class='ocrx_word' id='word_1_294' title='bbox 741 3247 894 3297; x_wconf 91' lang='lat' dir='ltr'>eidem</span> <span class='ocrx_word' id='word_1_295' title='bbox 926 3245 1281 3298; x_wconf 86' lang='lat' dir='ltr'>immutabilitas</span> <span class='ocrx_word' id='word_1_296' title='bbox 1310 3257 1383 3298; x_wconf 90' lang='lat' dir='ltr'>est</span> <span class='ocrx_word' id='word_1_297' title='bbox 1414 3265 1674 3310; x_wconf 86' lang='lat' dir='ltr'>concessa,</span> <span class='ocrx_word' id='word_1_298' title='bbox 1718 3264 1919 3297; x_wconf 87' lang='lat' dir='ltr'>necesse</span> <span class='ocrx_word' id='word_1_299' title='bbox 1952 3256 2027 3297; x_wconf 88' lang='lat' dir='ltr'>est</span> 
     </span>
    </p>
   </div>
   <div class='ocr_carea' id='block_1_3' title="bbox 116 3413 2026 3634">
    <p class='ocr_par' dir='ltr' id='par_1_11' title="bbox 116 3413 1603 3470">
     <span class='ocr_line' id='line_1_37' title="bbox 116 3413 1603 3470; baseline -0.003 -12"><span class='ocrx_word' id='word_1_300' title='bbox 116 3420 175 3458; x_wconf 84' lang='lat' dir='ltr'>hic</span> <span class='ocrx_word' id='word_1_301' title='bbox 203 3417 315 3467; x_wconf 80' lang='grc' dir='ltr'><strong>ἐστι,</strong></span> <span class='ocrx_word' id='word_1_302' title='bbox 345 3417 417 3459; x_wconf 78' lang='grc' dir='ltr'>τοῦ</span> <span class='ocrx_word' id='word_1_303' title='bbox 449 3413 550 3459; x_wconf 76' lang='grc' dir='ltr'><strong>εἶναι</strong></span> <span class='ocrx_word' id='word_1_304' title='bbox 579 3415 814 3470; x_wconf 78' lang='grc' dir='ltr'><strong>σημαίνων,</strong></span> <span class='ocrx_word' id='word_1_305' title='bbox 860 3413 1042 3468; x_wconf 81' lang='grc' dir='ltr'>γέννημα</span> <span class='ocrx_word' id='word_1_306' title='bbox 1155 3415 1221 3456; x_wconf 81' lang='grc'>56.</span> <span class='ocrx_word' id='word_1_307' title='bbox 1253 3416 1324 3456; x_wconf 80' lang='grc' dir='ltr'>τοῦ</span> <span class='ocrx_word' id='word_1_308' title='bbox 1355 3418 1458 3456; x_wconf 77' lang='lat' dir='ltr'>abest</span> <span class='ocrx_word' id='word_1_309' title='bbox 1487 3417 1603 3465; x_wconf 79' lang='lat' dir='ltr'>infra.</span> 
     </span>
    </p>

    <p class='ocr_par' dir='ltr' id='par_1_12' title="bbox 117 3472 2026 3582">
     <span class='ocr_line' id='line_1_38' title="bbox 117 3472 2026 3522; baseline 0.004 -17"><span class='ocrx_word' id='word_1_310' title='bbox 117 3479 199 3515; x_wconf 45' lang='lat'>0232·</span> <span class='ocrx_word' id='word_1_311' title='bbox 1154 3472 1219 3513; x_wconf 74' lang='lat'>57.</span> <span class='ocrx_word' id='word_1_312' title='bbox 1250 3473 1356 3511; x_wconf 81' lang='lat' dir='ltr'>Libri</span> <span class='ocrx_word' id='word_1_313' title='bbox 1387 3474 1518 3521; x_wconf 82' lang='lat' dir='ltr'>scripti</span> <span class='ocrx_word' id='word_1_314' title='bbox 1556 3476 1590 3511; x_wconf 80' lang='lat' dir='ltr'>et</span> <span class='ocrx_word' id='word_1_315' title='bbox 1620 3474 1708 3511; x_wconf 76' lang='lat' dir='ltr'>edit.</span> <span class='ocrx_word' id='word_1_316' title='bbox 1735 3474 1858 3522; x_wconf 80' lang='lat' dir='ltr'>princ.</span> <span class='ocrx_word' id='word_1_317' title='bbox 1889 3475 2026 3514; x_wconf 85' lang='lat' dir='ltr'>habent</span> 
     </span>
     <span class='ocr_line' id='line_1_39' title="bbox 173 3522 1314 3582; baseline -0.004 -12"><span class='ocrx_word' id='word_1_318' title='bbox 173 3527 238 3570; x_wconf 72' lang='lat'>54.</span> <span class='ocrx_word' id='word_1_319' title='bbox 270 3533 445 3570; x_wconf 80' lang='lat' dir='ltr'>Fortasse</span> <span class='ocrx_word' id='word_1_320' title='bbox 479 3531 745 3580; x_wconf 66' lang='lat' dir='ltr'>corrigendum</span> <span class='ocrx_word' id='word_1_321' title='bbox 785 3524 843 3574; x_wconf 75' lang='grc' dir='ltr'>ὠς</span> <span class='ocrx_word' id='word_1_322' title='bbox 882 3522 1039 3578; x_wconf 68' lang='grc' dir='ltr'><strong>οὐσίας,</strong></span> <span class='ocrx_word' id='word_1_323' title='bbox 1099 3527 1314 3582; x_wconf 81' lang='grc' dir='ltr'><strong>διαβολῆς.</strong></span> 
     </span>
    </p>

    <p class='ocr_par' dir='ltr' id='par_1_13' title="bbox 117 3578 2023 3634">
     <span class='ocr_line' id='line_1_40' title="bbox 117 3578 2023 3634; baseline 0.005 -17"><span class='ocrx_word' id='word_1_324' title='bbox 117 3589 176 3625; x_wconf 77' lang='lat' dir='ltr'>vel</span> <span class='ocrx_word' id='word_1_325' title='bbox 207 3585 243 3628; x_wconf 66' lang='grc' dir='ltr'>εἰ</span> <span class='ocrx_word' id='word_1_326' title='bbox 273 3582 430 3633; x_wconf 64' lang='grc' dir='ltr'>Οὐσίας,</span> <span class='ocrx_word' id='word_1_327' title='bbox 1153 3586 1219 3623; x_wconf 64' lang='grc' dir='ltr'>ὀὸ.</span> <span class='ocrx_word' id='word_1_328' title='bbox 1251 3585 1359 3632; x_wconf 81' lang='lat' dir='ltr'>Infra</span> <span class='ocrx_word' id='word_1_329' title='bbox 1389 3578 1619 3631; x_wconf 67' lang='grc' dir='ltr'><strong>ὑπεύὲιυνός</strong></span> <span class='ocrx_word' id='word_1_330' title='bbox 1647 3582 1772 3634; x_wconf 78' lang='grc' dir='ltr'><strong>ἐστιν,</strong></span> <span class='ocrx_word' id='word_1_331' title='bbox 1803 3587 1935 3626; x_wconf 83' lang='lat' dir='ltr'>ordine</span> <span class='ocrx_word' id='word_1_332' title='bbox 1964 3588 2023 3626; x_wconf 85' lang='lat' dir='ltr'>in-</span> 
     </span>
    </p>
   </div>
   <div class='ocr_carea' id='block_1_4' title="bbox 117 3640 1542 3751">
    <p class='ocr_par' dir='ltr' id='par_1_14' title="bbox 117 3640 1542 3751">
     <span class='ocr_line' id='line_1_41' title="bbox 173 3640 1216 3693; baseline -0.003 -13"><span class='ocrx_word' id='word_1_333' title='bbox 173 3643 238 3682; x_wconf 78' lang='lat'>55.</span> <span class='ocrx_word' id='word_1_334' title='bbox 268 3640 365 3693; x_wconf 78' lang='grc' dir='ltr'>ἕξης</span> <span class='ocrx_word' id='word_1_335' title='bbox 387 3645 524 3681; x_wconf 74' lang='lat' dir='ltr'>vitium</span> <span class='ocrx_word' id='word_1_336' title='bbox 546 3644 735 3681; x_wconf 79' lang='lat' dir='ltr'>editorum</span> <span class='ocrx_word' id='word_1_337' title='bbox 757 3653 953 3680; x_wconf 77' lang='lat' dir='ltr'>commune</span> <span class='ocrx_word' id='word_1_338' title='bbox 975 3644 1038 3680; x_wconf 75' lang='lat' dir='ltr'>est.</span> <span class='ocrx_word' id='word_1_339' title='bbox 1097 3651 1216 3678; x_wconf 84' lang='lat' dir='ltr'>verso.</span> 
     </span>
     <span class='ocr_line' id='line_1_42' title="bbox 117 3692 1542 3751; baseline -0.003 -12"><span class='ocrx_word' id='word_1_340' title='bbox 117 3699 223 3748; x_wconf 76' lang='lat' dir='ltr'>Infra</span> <span class='ocrx_word' id='word_1_341' title='bbox 252 3702 356 3738; x_wconf 78' lang='lat' dir='ltr'>extat</span> <span class='ocrx_word' id='word_1_342' title='bbox 393 3696 475 3747; x_wconf 75' lang='grc' dir='ltr'><strong>ἕξις</strong></span> <span class='ocrx_word' id='word_1_343' title='bbox 505 3696 577 3739; x_wconf 72' lang='grc' dir='ltr'>καὶ</span> <span class='ocrx_word' id='word_1_344' title='bbox 604 3695 634 3750; x_wconf 65' lang='grc' dir='ltr'>ἦ</span> <span class='ocrx_word' id='word_1_345' title='bbox 664 3692 732 3751; x_wconf 83' lang='grc' dir='ltr'><strong>α’γ.</strong></span> <span class='ocrx_word' id='word_1_346' title='bbox 764 3695 913 3751; x_wconf 77' lang='grc' dir='ltr'><strong>φύσιςς</strong></span> <span class='ocrx_word' id='word_1_347' title='bbox 1152 3693 1217 3735; x_wconf 78' lang='grc'>59.</span> <span class='ocrx_word' id='word_1_348' title='bbox 1250 3692 1317 3736; x_wconf 81' lang='grc' dir='ltr'><strong>’διὰ</strong></span> <span class='ocrx_word' id='word_1_349' title='bbox 1347 3692 1392 3736; x_wconf 82' lang='grc' dir='ltr'>τὸ</span> <span class='ocrx_word' id='word_1_350' title='bbox 1422 3696 1542 3745; x_wconf 71' lang='lat' dir='ltr'>infra.</span> 
     </span>
    </p>
   </div>
  </div>
 </body>
</html>
