2508 4134
451 292 554 343 416
1155 302 1259 343 SAN
1269 302 1357 345 cTr
1386 302 1670 346 EPIPHANII

451 399 539 465 μὲν
569 398 724 468 γέρων
752 395 876 468 ὑπὲρ
906 395 1210 468 ὁγδοήκοντα
1238 401 1321 468 ἔτη
1349 400 1563 471 γεγονώς
1594 400 1684 455 οὐκ
1715 403 1855 470 ἔλαβε
1883 402 2139 473 παρθένον
2166 401 2235 463 εἰς
2261 405 2376 471 χρῆ-

451 501 553 548 σιν,
604 480 722 535 άλλοὶ
763 488 946 550 μᾶλλον
991 480 1298 555 ᾤκουομήθη
1342 484 1474 559 αύτῷ
1517 486 1675 549 εἰς’τὸ
1720 486 2001 553 φυλάττειν·
2057 486 2286 556 δεύτερον
2325 485 2379 538 δὲ

451 566 651 630 πάντως
677 589 776 621 που
814 569 899 621 καὶ
935 565 1073 621 αύτοὶ
1104 566 1322 639 ὖπῆρχον
1362 574 1559 625 δίκαιοι.
1638 574 1739 624 Καὶ
1767 570 1859 625 ούκ
1890 571 2066 640 ἐτόλμα
2105 570 2133 626 ὁ
2163 569 2379 633 οἰκούσας
2423 575 2425 577 ’

449 652 526 707 ὅτι
558 652 916 721 ἐκπνεύματος
945 650 1092 724 άγίου
1130 656 1228 708 ἐστὶ
1261 654 1315 709 τὸ
1347 658 1400 709 ἐν
1432 653 1556 729 αὐτῇ
1573 699 1587 722 ,
1644 659 1715 710 ἔτι
1744 656 2089 724 ἐπιβάλλεσθαι
2127 655 2246 724 μετά
2281 677 2379 709 τοι·

451 738 604 807 αύτην
631 741 920 807 οἰκονομίαν
955 745 1172 808 χρῆσθαι
1199 746 1268 813 τῷ
1299 740 1459 794 σκεύει
1490 748 1560 813 τῷ
1588 743 1942 804 καταξιωθέντι
1969 748 2183 813 χωρῆσαι
2207 741 2268 796 ὃν
2294 741 2376 795 οὐ-

451 823 600 893 ρανός
626 826 707 877 καὶ
738 830 802 894 γῆ
837 823 932 877 οὐκ
968 825 1157 896 ἔχω’ρει,
1198 824 1259 878 δι’
1285 824 1565 896 ὑπερβολὴν
1590 832 1675 893 τῆς
1703 824 1856 880 αὐτοῦ
1883 826 2056 895 δόξης,
2104 829 2148 879 εἰ
2173 825 2265 897 γάρ
2294 827 2378 880 καὶ

448 910 542 962 νῦν
571 911 639 971 εἰς
676 906 832 981 ὄνομα
872 908 1025 963 αὐτοῦ
1070 912 1314 981 παρθένοι
1357 914 1589 963 διατελεῖν
1630 910 1973 981 ἀγωνίζονται,
2025 914 2110 964 καὶ
2140 909 2378 982 άγνεύειν,

449 996 534 1048 καὶ
563 994 970 1064 έγκρατεύεσθαι,
1024 1002 1132 1058 πῶς
1169 1002 1350 1064 μᾶλλον
1388 996 1483 1049 οὐκ
1519 989 1583 1063 ἦν
1617 996 1901 1067 πιστότερος
1927 995 2107 1065 Ἰωσὴφ
2141 998 2226 1050 καὶ
2253 993 2378 1064 αὑτὴ

450 1078 485 1147 ἦ
525 1084 730 1150 Μαρία,
788 1080 948 1134 πάντα
991 1081 1336 1149 συμβάλλουσα
1378 1083 1447 1142 εἰς
1486 1084 1696 1150 καρδίαν
1738 1080 1916 1150 αὐτῆς,
1974 1080 2042 1144 οἷς
2086 1083 2377 1153 γέγραπταις

443 1164 589 1218 Ἀλλά
621 1163 740 1234 μετά
784 1165 1024 1234 τοσαύτην
1061 1167 1144 1219 καὶ
1181 1165 1413 1233 τοιαύτην
1450 1167 1535 1218 καὶ
1575 1167 1869 1235 τηλικαύτην
1907 1170 2198 1236 οἰκονομίαν
2233 1185 2380 1221 συνα-

452 1258 649 1319 φθῆναι
672 1252 819 1305 πάλιν
855 1253 1057 1322 γέροντα
1089 1252 1325 1323 παρθένῳ
1355 1249 1480 1325 άγνῇ
1512 1254 1597 1304 καὶ
1624 1254 1941 1327 τετιμημένη,
1991 1255 2075 1306 καὶ
2103 1251 2265 1307 σκεύει
2288 1275 2380 1322 χω-

454 1336 660 1406 ρήσαντι
685 1336 771 1390 τόν
799 1334 1083 1406 άχῶρητον,
1137 1338 1222 1390 καὶ
1252 1334 1600 1410 ὑποδεξαμένῳ
1627 1344 1852 1392 τοιοῦτον
1880 1338 2148 1410 μυστήριον
2175 1341 2379 1407 σημείου

455 1426 751 1493 ἐπουρανίου
789 1424 870 1476 καὶ
910 1427 1038 1490 ζωῆς
1075 1420 1388 1491 ἀνθρώπω-νς

224 1698 335 1754 Κεφ.
361 1690 415 1740 Εἰ.
601 1679 778 1734 Πόθεν
809 1678 900 1749 γάρ
930 1677 990 1732 οὐ
1022 1683 1253 1748 δείξωμεν
1281 1679 1355 1733 ὅτι
1382 1677 1507 1751 άγνη
1533 1682 1794 1735 διετέλεσεν
1817 1679 1850 1749 ἦ
1874 1682 2151 1752 παρθένος,
2208 1678 2378 1744 Δειξά-

451 1785 612 1820 τωσαν
639 1763 760 1834 ’ἡμῖν
788 1763 944 1828 εύθῦς
972 1764 1047 1819 ὅτι
1080 1764 1198 1833 μετοὶ
1223 1765 1313 1834 τὴν
1339 1773 1430 1820 τοῦ
1466 1773 1687 1838 σωτῆρος
1718 1765 1860 1836 ἡμῶν
1887 1766 2064 1835 κύησίν
2090 1788 2225 1829 τινας
2251 1767 2378 1836 ἐγέν-

218 1867 426 1915 pag.1o41.
453 1871 600 1922 νησεν
627 1850 661 1920 ἦ
691 1855 885 1923 Μαρία.
959 1854 1158 1905 Εἴπωσι
1185 1849 1244 1904 τά
1274 1851 1495 1921 ὀνόματα
1521 1853 1831 1919 πλάττοντες,
1871 1855 1922 1906 οἱ
1944 1852 2266 1923 πλαστουργοὶ
2294 1852 2379 1904 καὶ

456 1939 687 2012 ῥαψῳδοὶ
716 1943 803 2006 τῆς
830 1936 1025 2006 ἀπάτης
1054 1938 1139 1990 καὶ
1168 1942 1558 2007 κακομηχανίας,
1608 1940 1691 1992 καὶ
1728 1939 1823 2005 οὐκ
1863 1940 2028 2007 ἔχουσι
2058 1940 2223 2001 δεῖξαι.
2304 1933 2379 1989 Ού

454 2024 546 2096 γοὶρ
600 2023 875 2092 ισυνηφθη
913 2025 981 2076 ἔτι
1019 2024 1298 2093 παρθένος,
1352 2023 1421 2093 μὴ
1447 2026 1651 2095 γένοιτο.
1742 2027 1813 2076 Εἰ
1832 2022 1925 2094 γάρ
1972 2025 2250 2094 ἐγέννησεν,
2301 2019 2382 2077 οἷεί

455 2131 573 2164 ποτε
600 2108 691 2162 σύν
718 2107 852 2182 αύτῷ
879 2107 1168 2179 ὑπάρχουσα
1196 2116 1264 2182 τῷ
1294 2116 1502 2180 σωτῆρι,
1541 2110 1643 2177 ἅμα
1673 2111 1837 2180 ἔλεγον
1862 2111 1945 2162 καὶ
1973 2107 2032 2161 τά
2059 2110 2202 2162 τέκνα
2227 2106 2381 2176 αὐτῆς

456 2204 685 2250 συνεῖναι.
765 2200 942 2267 Πλανᾷ
980 2196 1032 2248 δὲ
1062 2192 1246 2257 αύτούς
1283 2194 1335 2248 ‘cd
1364 2197 1663 2266 εἰρημένον,
1712 2193 1850 2249 Ἰδού
1881 2192 1914 2263 ἡ
1943 2193 2100 2263 μήτηρ
2128 2212 2246 2259 σου,
2294 2194 2379 2247 καὶ

457 2285 508 2336 οἱ
523 2281 728 2349 ἀδελφοί
752 2299 843 2334 σου
867 2283 958 2344 ἔξω
984 2282 1190 2348 ἕστηκαν
1211 2282 1466 2348 ζητοῦντές
1493 2299 1557 2334 σε.
1634 2282 1735 2333 Καὶ
1761 2279 1852 2334 οὐκ
1878 2283 2071 2334 οἴδασιν
2095 2278 2123 2333 ὃ
2147 2277 2244 2350 πρὸ
2267 2277 2380 2333 τού-

454 2390 543 2422 του
585 2361 647 2435 ἧν
687 2368 1019 2437 γεγραμμένον
1062 2365 1162 2431 ὅτι,
1229 2369 1293 2418 Οἱ
1329 2366 1534 2432 ἀδελφοὶ
1571 2366 1726 2420 αὐτοῦ
1776 2368 2068 2420 2ἐπίστευον
2111 2367 2179 2427 εἰς
2215 2363 2379 2419 αὐτόν.

464 2456 829 2523 Προβαίνοντες
864 2450 956 2522 γάρ
983 2453 1067 2504 καὶ
1095 2449 1234 2519 ἡμεῖς
1269 2456 1338 2524 τῷ
1363 2450 1548 2526 χρόνῳ,
1603 2453 1684 2505 καὶ
1716 2450 2051 2520 θαυμάζοντες
2077 2452 2157 2504 ἐπὶ
2194 2458 2297 2514 τοῖς
2329 2451 2382 2504 ἐν

457 2545 566 2600 ταῖς
591 2541 756 2600 θείαις
796 2544 1012 2608 γραφαῖς
1042 2535 1107 2600 ὦς
1138 2534 1340 2599 εύτελῶς
1378 2539 1751 2607 γεγραμμένοις,
1804 2536 1916 2591 ίδού
1944 2533 2068 2590 κατά
2095 2539 2198 2590 πᾶν
2229 2538 2280 2590 ἒν
2309 2537 2384 2589 αἰ-

459 2622 636 2691 σθήσει
663 2623 910 2694 γινόμενοι
936 2622 1310 2694 εὐχαριστοῦμεν
1333 2629 1438 2695 θεῷ
1461 2630 1530 2696 τῷ
1552 2625 2030 2697 προασφαλισαμένῳ
2060 2621 2143 2676 διά
2172 2627 2270 2675 τῶν
2300 2624 2383 2675 δο-
2462 2616 2466 2619 ’

457 2707 682 2763 κούντων
707 2710 927 2780 βραχέων
954 2707 1185 2778 ῥημάτων
1215 2711 1267 2762 ἐν
1292 2715 1350 2782 τῇ
1380 2713 1496 2781 θείᾳ
1524 2715 1692 2784 γραφῇ
1723 2715 1965 2779 παριστᾶν
1994 2706 2158 2775 πάσης
2185 2711 2384 2778 γραφῆς

457 2794 547 2863 τὴν
577 2794 829 2863 ἀλήθειαν.
895 2794 1000 2847 Ἀεὶ
1026 2792 1117 2865 γάρ
1144 2793 1410 2857 ἀκούοντες
1436 2794 1846 2865 περὶἸακῶβου,
1884 2794 1961 2848 ὅτι
1992 2788 2138 2855 οὗτος
2168 2791 2383 2859 ἀδελφός

459 2884 672 2935 ἐκαλεῖτο
712 2886 801 2934 τοῦ
842 2884 1046 2949 κυρίου,
1102 2879 1439 2948 θαυμάζοντες
1479 2882 1729 2951 ἐλέγομεν,
1791 2884 1875 2942 Τίς
1912 2878 1947 2948 ἦ
1980 2882 2140 2948 χρείας
2197 2884 2286 2931 νῦν
2330 2878 2384 2931 δὲ

457 2970 672 3038 ἔγνωμεν
700 2964 761 3019 δι’
783 2965 846 3034 ἣν
874 2968 1058 3030 αἰτίαν,
1100 2964 1166 3029 ῶς
1198 2974 1433 3037 προεῖπεν
1462 2964 1496 3033 ἡ
1523 2969 1638 3018 θεία
1665 2964 1858 3036 γραφη,
1909 2963 2028 3018 άλλοὶ
2060 2963 2257 3025 πάντως
2282 2966 2381 3029 ἵνα,

459 3053 579 3106 ὅταν
603 3051 863 3120 άκούωμεν
890 3051 988 3117 ὅτι,
1026 3049 1163 3105 Ἰδού
1190 3050 1223 3120 ἦ
1251 3051 1409 3120 μήτηρ
1438 3069 1557 3116 σου,
1596 3054 1680 3105 καὶ
1707 3054 1758 3105 οἷ
1780 3049 1983 3116 άδέλφοί
2005 3068 2096 3103 σου
2127 3051 2217 3112 ἔξω
2249 3047 2384 3118 ἑστή-

458 3156 575 3192 κασι
601 3140 854 3206 ζητοῦντές
883 3156 962 3203 σε,
1016 3137 1257 3206 μάθωμεν
1295 3136 1369 3191 ὅτι
1410 3139 1520 3206 περὶ
1550 3137 1804 3205 Ἰακώβου
1830 3137 1952 3206 λέγει
1980 3137 2064 3188 καὶ
2099 3141 2197 3189 τῶν
2227 3133 2385 3188 ἄλλων

459 3227 584 3277 υἱῶν
607 3222 833 3290 Ἰωσὴφ,
885 3225 970 3276 καὶ
1002 3222 1062 3276 οὗ
1095 3225 1204 3293 περὶ
1246 3226 1368 3294 υἱῶν
1398 3227 1602 3292 Μαρίας
1641 3228 1737 3276 τῶν
1768 3219 1834 3290 μὴ
1862 3222 2142 3291 γινομένων.
2219 3227 2385 3288 Δῆλον

459 3308 551 3380 γάρ
601 3303 702 3377 3ἧν
738 3309 812 3363 ὅτι
858 3313 1029 3376 μείζων
1068 3303 1131 3376 ἦν
1167 3306 1196 3363 o‘
1221 3307 1468 3376 Ἰάκωβος
1510 3315 1569 3382 τῇ
1610 3306 1798 3380 ἡλικίᾳ,
1852 3304 1975 3359 κατοὶ
2013 3304 2102 3373 τήν
2145 3307 2385 3376 ἕνσαρκον

457 3400 548 3448 τοῦ
578 3396 605 3431 4
625 3398 802 3465 κυρίου
838 3398 1130 3463 παρουσίαν.
1202 3392 1469 3460 Ἀδελφούς
1509 3394 1561 3446 δὲ
1593 3391 1773 3453 αὐτούς
1808 3392 1927 3461 λέγει
1974 3397 1996 3427 5
2016 3392 2325 3461 διελέγχουσα
2348 3389 2383 3460 η’

458 3479 656 3550 γραφή,
694 3481 777 3532 καὶ
810 3479 1042 3547 ὀνομαστὶ
1071 3485 1286 3533 καλοῦσα
1315 3477 1583 3547 Ἰάκωβον,
1620 3480 1704 3531 καὶ
1734 3475 1909 3543 Ἰωσῆ,
1962 3478 2046 3529 καὶ
2078 3482 2099 3513 ⁶
2119 3483 2381 3545 Συμεῶνα,

461 3567 546 3618 καὶ
577 3563 804 3630 Ἰούδαν,
861 3568 944 3618 καὶ
985 3566 1258 3633 Σαλώμην,
1310 3566 1394 3618 καὶ
1430 3567 1656 3634 Μαρίαν·
1708 3565 1790 3614 ἵνα
1834 3560 2035 3629 μάθωσι
2062 3566 2227 3615 τοίνυν
2251 3565 2384 3625 τίνος

520 3680 618 3720 CAP.
647 3682 721 3722 IX.
756 3705 806 3712 ——
869 3684 902 3722 1.
949 3681 1161 3735 συνῆφθαι
1200 3683 1284 3721 cod.
1312 3683 1394 3721 Pa·
1505 3676 1542 3720 4.
1574 3676 1758 3731 Χριστοῦ
1789 3678 1872 3717 cod.
1902 3679 2064 3729 Rhediy.

457 3738 541 3787 ris„
571 3742 660 3778 teste
684 3741 856 3779 Petavio.
890 3737 1103 3792 συνήφὲαι
1129 3739 1388 3788 cod.Rhed2·9.
1503 3736 1541 3775 5.
1573 3732 1801 3789 ἐλέγχουσα
1829 3735 1913 3774 cod.
1942 3736 2103 3786 Rhedigy.

517 3794 556 3833 2.
586 3795 746 3848 *Deest
775 3790 896 3836 0132<ss
925 3798 1121 3835 Petamus.
1502 3789 1540 3833 6.
1574 3792 1759 3844 σιμεῶνα
1789 3789 1860 3832 καὶ
1894 3788 2012 3834 ἰούδα
2041 3793 2122 3832 cod.
2157 3790 2315 3843 Rhediy.

519 3848 557 3891 3.
589 3849 640 3903 ἠν
669 3863 744 3891 non
773 3853 884 3890 habet
913 3853 995 3891 cod.
1028 3851 1188 3901 Rhedi9.
