2508 4134
727 280 866 322 '1'0M1
895 280 1103 321 Pmoms
1134 281 1271 323 PARS
1301 281 1475 323 Paron.
1940 272 2040 322 607

147 378 250 416 Ven.
280 400 332 408 -—-
390 377 418 416 l.
441 377 506 418 22.
552 375 681 432 μήπω
720 376 837 431 ἐγηγ.
870 379 970 418 Ven.
1003 402 1056 411 —
1112 379 1138 419 l.
1165 376 1229 420 24.
1276 381 1355 420 Pro
1397 376 1515 434 ὑμῶν
1543 380 1586 420 in
1614 381 1703 421 Bas.
1734 387 1797 420 est
1821 374 1959 432 ἡμῶν.
1987 400 2043 409 -

145 445 171 486 l.
201 446 267 487 28.
296 442 441 491 Ἀσίαν
470 449 574 487 Ven.
604 471 657 480 --
713 446 740 487 l.
769 446 835 489 32.
866 442 1100 490 ἀναστάντα
1129 450 1229 488 ven.

257 517 389 573 rag.
415 511 540 562 224.
595 516 679 558 l.1.
723 512 785 558 ἐπ’
816 510 866 558 ἄν
897 508 978 559 ῶσι
1012 519 1111 556 Ven.
1146 541 1197 549 —
1255 518 1365 559 1.13.
1411 514 1650 573 ἀμφοτέρας
1685 519 1818 559 firmat
1856 520 1959 558 Ven.
1990 540 2042 549 -

145 584 173 626 l.
205 584 255 626 16
281 594 322 624 et
354 585 412 627 17.
446 587 483 628 οἱ
510 583 615 641 ἄμφ’
641 581 763 629 αὐτὸν
789 582 1022 640 ἀπατηθεὶς
1048 584 1070 629 ὁ
1096 584 1237 637 τάλας,
1267 603 1306 629 κ.
1335 582 1471 636 ἄλλοις
1498 590 1625 636 αἴτιος
1651 586 1832 642 γεγονώς
1859 589 1960 627 Ven·
1990 610 2044 619 -—

143 654 172 694 l.
200 654 261 696 18.
304 653 466 700 πάντων
507 654 805 710 εἰςηγουμένων
846 658 950 696 Ven.
980 680 1031 687 -
1091 656 1116 696 1.
1143 656 1208 696 25.
1240 657 1347 704 Πῶς
1376 655 1424 700 δὲ
1456 656 1514 699 ἔτι
1540 657 1656 699 πάλιν
1685 660 1787 699 Ven.
1820 681 1870 688 —
1928 658 1957 699 1.
1977 658 2045 699 27.

145 718 231 774 ὅτι,
276 723 382 778 Πρὶν
428 726 634 769 συνελθεῖν
661 720 812 773 αὐτοὺς
839 721 992 779 εὖρέθη
1018 723 1060 769 ἐν
1083 724 1233 779 γαστρὶ
1257 724 1410 781 ἔχουσα
1441 725 1489 768 ἐκ
1514 724 1746 781 πνεύματος
1773 724 1913 781 οἱγίου·
1958 726 2047 770 ἔστι

144 794 250 834 Ven.
285 817 340 827 --
397 794 424 834 l.
443 795 509 839 31.
541 792 682 844 αὐτοῖς
706 794 940 849 συγγένεσιν
975 797 1063 836 Bas.
1093 819 1147 826 —
1202 795 1228 834 l.
1246 795 1312 837 33.
1342 794 1522 849 Συμεών
1547 798 1648 836 Ven.
1680 821 1726 828 -—
1788 797 1813 836 1.
1835 795 1901 838 34.
1928 792 2046 851 ,Οὐδὲ

144 861 231 918 γὰρ
265 863 466 919 κέχρηται
495 866 598 904 Ven.
628 889 682 897 -—
742 865 842 905 lbid.
874 860 1006 916 ὅλως,
1041 862 1100 919 μή
1134 864 1308 918 γένοιτο·
1341 861 1576 918 εὑρίσκεται
1603 864 1683 919 γὰρ
1715 864 1818 919 μετὰ
1847 868 1947 907 Ven.

256 934 530 990 ragam&
586 934 613 975 1.
630 935 668 977 8.
713 930 760 977 οὗ
797 933 919 977 παντὶ
955 935 1105 989 σαφῶς
1142 936 1242 974 Ven.
1278 959 1325 965 —
1384 935 1408 974 1.
1438 937 1497 976 10.
1540 932 1723 989 άνθέστη
1762 938 1863 976 Ven.
1918 936 2044 977 Paulo

141 1010 238 1057 post
262 1017 418 1058 repone
442 1003 629 1057 spiritum
655 1004 695 1044 in
722 1018 824 1045 voce
851 999 1106 1052 ἀποστόλοις.
1138 1028 1191 1035 —-—
1249 1004 1275 1044 1.
1301 1003 1360 1046 16.
1393 1002 1529 1047 αὐτῶν
1556 1014 1651 1059 post
1675 1005 1907 1061 μοχθηρίας
1932 1006 2046 1046 abest

142 1087 165 1113 a
190 1074 291 1113 Van.
322 1097 374 1103 —
434 1073 460 1113 l.
482 1073 545 1114 21.
592 1072 890 1129 καθυφῆγησιν
934 1076 1022 1115 Bas.
1054 1098 1103 1104 —
1163 1074 1188 1114 l.
1215 1074 1280 1114 25.
1328 1075 1517 1118 σιπιδῶνι
1545 1074 1645 1115 Ven.
1678 1100 1727 1106 —-
1787 1076 1911 1116 Paulo
1950 1084 2045 1130 post

139 1157 218 1200 pro
243 1139 421 1198 κομώσῃ
450 1143 491 1183 iu
520 1144 608 1183 Bas.
634 1152 697 1183 est
725 1143 944 1199 κοσμώσῃ.
973 1168 1023 1176 -—
1081 1144 1107 1184 1.
1127 1143 1192 1186 26.
1225 1142 1433 1198 ἑρυθραῖς,
1464 1144 1604 1200 ἔχουσι
1626 1144 1673 1188 δὲ
1699 1141 1775 1187 οὐκ
1801 1143 1918 1199 αἰγὸς
1943 1147 2043 1186 ven.

142 1237 194 1243 —
224 1212 250 1252 l.
268 1212 335 1254 30.
365 1209 603 1266 διαθήκης,
633 1211 825 1267 κατάγων
852 1209 932 1257 άπὸ
963 1216 1064 1255 ven.
1096 1238 1145 1244 —
1204 1214 1230 1253 l.
1257 1214 1511 1267 antepenult.
1539 1213 1641 1256 σιτὶν
1664 1229 1739 1268 pro
1768 1215 1896 1271 σῆψιν
1920 1216 2045 1256 habet

123 1285 244 1323 .Ven.
275 1308 328 1314 -
385 1282 412 1322 l.
443 1283 516 1323 ult.
562 1284 643 1323 Pro
681 1284 878 1338 χωρῆσαι
913 1283 954 1324 in
997 1286 1099 1325 Ven.
1142 1292 1203 1324 est
1244 1283 1447 1334 διεξιέναι.
1487 1307 1535 1316 -
1591 1283 1694 1325 lbid.
1724 1285 1894 1339 Repone
1919 1284 1960 1327 ἐν
1989 1284 2044 1341 τῇ

139 1354 211 1395 τοῦ
242 1353 355 1396 θεοῦ.
415 1352 619 1398 Articulus
645 1353 717 1395 τοῦ
746 1353 1000 1394 desideratur
1027 1355 1148 1394 etiam
1174 1354 1215 1394 in
1247 1364 1416 1409 utraque
1446 1354 1543 1394 edit.
1574 1356 1710 1395 Petav.

251 1423 383 1479 Pag.
408 1423 533 1466 228.
589 1422 615 1462 l.
635 1424 675 1463 5.
717 1421 922 1477 Καθάπερ
947 1422 1025 1478 γὰρ
1056 1426 1158 1465 Ven.
1188 1449 1237 1455 -—
1298 1424 1323 1464 l.
1347 1423 1385 1466 6.
1429 1419 1552 1478 ὅμοια
1578 1421 1773 1478 ἀλλήλοις
1798 1439 1911 1467 κεκτ.
1943 1427 2042 1465 ven.

139 1516 192 1523 -
223 1492 251 1532 l.
278 1493 317 1535 7.
350 1486 446 1534 οὔτε
474 1487 588 1547 αὐτῷ
616 1489 661 1535 τὸ
691 1494 791 1533 ven.
822 1518 873 1524 —-
932 1494 959 1535 1.
983 1493 1042 1535 16.
1073 1492 1149 1548 τήν
1173 1492 1370 1537 ὑπόθεσιν
1394 1494 1586 1548 ποιοῦμαι
1611 1496 1714 1535 Ven.
1740 1518 1794 1526 --
1850 1495 1878 1535 1.
1901 1496 1961 1537 10.
1993 1495 2043 1536 ab

138 1561 214 1601 inf.
244 1558 369 1615 τῖμῶν
399 1561 471 1604 καὶ
501 1559 644 1615 σωτὴρ
684 1557 854 1616 ’Ἰησοῦς
891 1563 970 1617 Χρ.
1002 1565 1104 1604 Ven.
1136 1589 1186 1596 --
1245 1565 1272 1605 l.
1302 1564 1553 1619 antepenult.
1582 1561 1710 1619 ἡμεῖς
1748 1580 1826 1607 om.
1858 1567 1960 1606 Ven.
1990 1590 2043 1597 -—

141 1631 244 1672 lbid.
277 1628 542 1685 ἤρωτημένοι
570 1633 671 1672 ven.

249 1702 381 1758 Pag.
409 1702 534 1745 230.
588 1701 614 1740 l.
636 1701 674 1743 7.
716 1697 897 1755 ἤρκεσεν
934 1701 1080 1757 θρόνος
1119 1706 1219 1745 Ven.
1249 1729 1301 1736 -
1357 1706 1385 1746 l.
1416 1707 1466 1754 10
1492 1714 1535 1746 et
1566 1706 1629 1748 11.
1672 1705 1753 1754 ἕως
1790 1701 1919 1749 αὐτοῦ
1959 1703 2044 1762 ἔχει

138 1764 362 1825 ἡγούμενοι
389 1772 491 1810 Ven.
521 1794 575 1808 —2
631 1770 657 1810 l.
681 1771 741 1813 13.
773 1769 1059 1827 α’ρχιερατικοῦ
1092 1777 1189 1814 Ven.
1221 1799 1275 1806 —
1331 1776 1358 1816 Ι.
1383 1774 1446 1817 14.
1479 1773 1634 1831 χρόνων
1658 1776 1841 1825 Σαλίνας
1865 1778 1967 1817 Ven.
1990 1800 2041 1808 -

139 1841 165 1880 1.
193 1840 253 1883 16.
299 1840 465 1895 Corn'ge
497 1836 598 1894 Αὔγ.
629 1842 701 1883 τοῦ
741 1838 975 1896 Ῥωμαίων.
1007 1868 1058 1875 —-
1116 1844 1222 1886 l.‘.¹0.
1267 1845 1415 1898 Λευῒν,
1461 1848 1645 1902 βασιλεῖς
1686 1848 1786 1887 Ven.
1818 1871 1865 1878 —
1927 1847 1953 1886 l.
1975 1847 2041 1889 21.

135 1913 218 1957 τῶν
243 1907 323 1954 άπὸ
355 1924 422 1951 om
449 1911 553 1950 Ven.
584 1918 625 1950 et
652 1924 728 1964 pro
755 1911 1006 1966 αἰνιγμάτων
1036 1914 1209 1969 praebet
1239 1915 1437 1966 αἰνίξεως.
1469 1941 1523 1948 —-
1579 1917 1603 1957 1.
1635 1917 1887 1971 antepenult.
1915 1913 2043 1964 εὐθὺς

138 1982 255 2022 abest
283 1996 307 2021 a
336 1983 440 2022 ven.

249 2052 382 2108 Pas.
405 2052 531 2095 232.
586 2050 614 2091 l.
637 2051 672 2091 1.
718 2052 852 2092 Verba
883 2052 930 2095 ἐκ
956 2052 1150 2108 γυναικὸς
1188 2056 1259 2098 τοῦ
1291 2058 1397 2110 (Bas.
1428 2057 1530 2111 τῶν)
1557 2053 1724 2112 Ἰωσήφ
1753 2071 1830 2097 om.
1858 2058 1960 2097 Ven.
1991 2079 2040 2088 ——

136 2122 165 2162 1.
188 2119 229 2164 4.
259 2121 482 2173 Ναζιραῖον
509 2134 664 2175 repone
691 2136 741 2161 ex
771 2124 859 2163 Bas.
889 2132 930 2163 et
961 2126 1061 2164 Ven.
1120 2124 1365 2180 Ναζωραῖον
1393 2127 1585 2167 mendum
1612 2135 1672 2167 est
1702 2127 1765 2167 ed.
1794 2128 1931 2167 Petav.
1965 2128 2040 2168 Co-

136 2191 218 2232 lon.
259 2198 390 2245 repet.
419 2214 473 2224 -ι-
541 2191 568 2231 l.
589 2190 628 2234 6.
672 2187 853 2246 ηὕρομεν
885 2195 987 2233 Ven.
1019 2218 1071 2225 --
1129 2195 1156 2236 1.
1186 2197 1244 2236 10.
1288 2197 1361 2239 καὶ
1401 2192 1517 2239 ἄλλοι
1551 2193 1669 2241 ἄλλα.
1728 2196 1816 2239 Καὶ
1854 2199 1956 2238 Ven.
1988 2220 2041 2228 -

136 2261 163 2302 l.
189 2262 250 2303 11.
279 2260 319 2304 ἐν
346 2265 432 2309 τοῖς
457 2257 598 2309 αὐτοῖς
623 2257 833 2316 ιῖπομνημ.
864 2265 965 2303 Ven.
996 2287 1050 2295 —
1107 2264 1136 2305 l.
1157 2267 1218 2307 15.
1263 2266 1532 2323 καθεζομένῳ
1561 2268 1661 2306 Ven.
1694 2291 1746 2298 -
1803 2267 1830 2306 l.
1857 2267 1918 2311 17.
1954 2268 2039 2307 Re-

138 2344 247 2385 pone
279 2345 328 2370 ex
354 2330 435 2370 fide
470 2339 512 2372 et
540 2331 785 2373 auctoritate
816 2333 965 2373 Veneti
992 2334 1064 2376 τοῦ
1093 2333 1189 2378 τότε
1227 2335 1448 2391 βασιλείου.
1482 2360 1530 2367 -—
1589 2336 1617 2376 1.
1637 2336 1704 2378 28.
1751 2335 1900 2389 εἰπεῖν,
1947 2345 2040 2377 ante

138 2395 192 2443 δι’
218 2393 286 2454 ἣν,
317 2414 397 2440 om.
424 2401 527 2440 Ven.
553 2424 608 2432 —-
663 2401 688 2442 l.
709 2402 776 2443 31.
809 2402 881 2445 καὶ
905 2397 999 2458 ἤτοι
1025 2403 1070 2454 ἐξ
1095 2403 1336 2454 ὑποθέσεως
1359 2403 1502 2449 τούτου
1530 2403 1729 2448 Ἰεσσαῖοι
1756 2408 1856 2447 Ven.
1918 2408 2040 2457 Quod

140 2469 424 2524 reponendum
450 2477 525 2510 est.
554 2493 606 2500 —
664 2470 690 2512 l.
720 2471 774 2514 33
800 2481 841 2512 et
872 2470 938 2522 34,
984 2474 1118 2515 Verba
1146 2476 1219 2517 τοῦ
1250 2472 1454 2530 ὀνόματος
1477 2477 1549 2519 τοῦ
1581 2476 1720 2530 κυρίου
1750 2491 1828 2517 om.
1856 2478 1959 2518 Ven.
1985 2502 2040 2510 -

140 2539 167 2579 l.
197 2539 449 2593 antepenult.
496 2540 666 2594 Repone
703 2540 775 2583 καὶ
809 2538 868 2591 ῶς
908 2541 993 2598 ἔχει
1030 2558 1105 2599 pro
1144 2542 1203 2593 ὦς
1234 2544 1332 2602 ἔχει.
1394 2547 1519 2589 Abest
1554 2561 1601 2588 ea
1625 2547 1823 2602 particula
1849 2547 1970 2589 etiam
1996 2549 2038 2588 in

139 2617 311 2663 utraque
340 2609 438 2649 edit.
466 2611 604 2651 Petav.

253 2680 384 2736 Pag.
404 2680 529 2728 234.
583 2679 610 2719 1.
632 2682 666 2722 1.
695 2679 768 2723 καὶ
792 2680 868 2735 τήν
891 2680 1103 2738 ὑπόθεσιν,
1134 2685 1284 2727 omisso
1309 2686 1476 2738 τούτου,
1509 2690 1609 2730 Ven.
1641 2712 1689 2719 -
1750 2689 1776 2728 1.
1798 2688 1837 2731 7.
1883 2688 2040 2736 τούτοις

141 2749 429 2803 μοναστηρίοις
457 2751 558 2789 Ven.
590 2773 646 2781 —
702 2750 811 2791 1.10.
853 2752 934 2795 τῶν
972 2751 1132 2811 Πάσχα
1170 2758 1273 2797 ven.
1306 2781 1356 2788 -—-
1414 2758 1442 2798 l.
1464 2759 1521 2801 17.
1565 2758 1828 2814 προςέχοντες
1854 2760 1954 2799 Ven.
1984 2782 2037 2790 —

139 2819 250 2861 1.18.
285 2819 437 2862 σκοποῦ
461 2833 566 2867 τινος
591 2821 693 2861 Ven·
722 2843 778 2852 -
834 2821 861 2861 l·
888 2821 950 2864 19.
981 2818 1013 2877 τῖ
1043 2824 1102 2873 εἰς
1129 2823 1423 2881 χρησιμότητα
1462 2830 1562 2869 Ven.
1593 2853 1644 2859 —
1704 2829 1729 2870 l.
1747 2827 1815 2869 22.
1844 2829 1925 2871 τῶν
1953 2826 2035 2872 ἀπὸ

140 2887 272 2944 πυρὰς
313 2889 410 2944 (sic)
454 2891 558 2930 Ven.
590 2913 644 2922 -
699 2890 815 2933 1.16.
858 2891 1124 2948 πιστεύουσι,
1163 2893 1323 2945 εἰδότες
1360 2895 1408 2941 δὲ
1445 2894 1569 2941 αὐτὸν
1599 2896 1640 2942 ἐν
1668 2898 1710 2940 Ν
1749 2898 1789 2941 ἐν
1813 2913 1851 2953 γ.
1882 2901 2035 2952 συλλη-

141 2958 325 3013 φθέντα,
356 2958 428 3001 καὶ
457 2958 497 3002 ἐν
523 2961 624 3002 Ven.

251 3031 383 3086 Peg.
402 3031 527 3073 236.
585 3029 612 3069 l.
633 3031 671 3071 5.
700 3026 879 3085 ηὕρομεν
909 3035 1013 3074 Ven.
1042 3058 1095 3065 —
1151 3035 1178 3075 1.
1197 3034 1234 3077 9.
1267 3031 1462 3091 άσμένως
1486 3038 1649 3079 abesta
1676 3041 1775 3080 Ven.
1807 3063 1856 3070 -
1915 3039 2035 3082 1.2;’).

140 3099 277 3139 verba
307 3094 442 3152 ὥςπερ
473 3114 542 3142 ουν
571 3098 642 3141 καὶ
680 3114 790 3153 ησαν
830 3116 911 3142 non
941 3104 1125 3156 agnoscit
1163 3107 1263 3147 Ven.
1293 3131 1348 3138 ——
1404 3108 1430 3148 l.
1456 3108 1521 3150 26.
1566 3104 1660 3162 παρ’
1697 3105 1886 3162 άλληλων
1924 3110 2034 3160 Ναζ

140 3183 217 3212 ουκ
255 3165 533 3212 άπαιναίνοντο
571 3171 669 3210 ven.
701 3194 754 3201 —
809 3170 836 3210 l.
855 3172 921 3212 28.
966 3170 1106 3226 κύριος
1141 3170 1264 3228 ημῶν
1303 3172 1474 3230 Ἰησοῦς
1512 3179 1613 3218 Ven
1644 3202 1696 3209 —-
1753 3179 1867 3222 1.30.
1909 3176 2034 3223 αυτόν

140 3247 237 3280 ante
266 3236 393 3295 κώμῃ
424 3239 540 3280 abest
569 3254 590 3279 a
622 3241 726 3280 Ven.
753 3263 808 3270 —
865 3240 890 3281 l.
920 3242 959 3281 ἶ).
991 3242 1041 3281 ab
1070 3242 1189 3284 infer.
1220 3258 1435 3299 υφηγησιν
1464 3249 1566 3287 Ven.

251 3310 382 3366 pag.
403 3311 529 3354 238.
584 3310 610 3349 l.
633 3310 671 3350 2.
715 3310 868 3366 παλαιᾷ
904 3309 1118 3367 διαθήκῃ,
1161 3311 1350 3368 καθάπερ
1380 3318 1482 3356 Ven.
1510 3341 1558 3348 -—-
1616 3314 1696 3359 1.4.
1739 3319 1885 3373 καίπερ
1923 3320 2035 3375 παρὰ

141 3380 244 3419 Ven.
278 3402 326 3409 —
387 3379 487 3419 lbid.
519 3375 637 3422 οὐδέν
665 3394 704 3421 τι
734 3381 836 3419 Ven.
865 3403 919 3410 —-
975 3380 1002 3420 l.
1020 3380 1058 3423 9.
1105 3377 1308 3426 διάλεκτω
1339 3385 1439 3440 (sic)
1467 3388 1570 3429 Ven.
1603 3411 1654 3419 —-
1711 3388 1736 3427 1.
1763 3389 1822 3430 11.
1855 3391 2033 3447 στιχῆρα

141 3449 244 3489 Ven.
269 3471 325 3479 —
353 3449 380 3488 l.
402 3450 466 3490 21.
498 3449 658 3502 Συρίας
687 3451 787 3490 Ven.
819 3473 869 3480 —
928 3450 955 3489 l.
976 3451 1041 3492 22.
1084 3450 1248 3508 Κωκάβ
1277 3447 1308 3506 ff
1337 3454 1501 3511 Χωχάβ
1536 3453 1567 3510 ἡ
1595 3455 1642 3500 δὲ
1672 3459 1776 3499 Ven.
1805 3483 1859 3491 —
1916 3461 1944 3502 l.
1963 3461 2029 3505 24.

143 3519 221 3558 Pro
251 3519 452 3571 μαθητῶν
482 3519 563 3561 τῶν
594 3518 634 3561 έν
663 3519 704 3559 in
736 3521 838 3561 Ven.
867 3528 927 3559 est
950 3516 1189 3565 οἰποστόλων
1220 3521 1274 3565 ἐν.
1304 3547 1358 3556 -
1417 3524 1442 3564 l.
1465 3524 1531 3567 26.
1573 3527 1649 3567 Pro
1687 3526 1830 3582 ἐπειδὴ
1857 3530 1899 3571 in
1926 3534 2028 3573 Ven.

142 3586 292 3640 legitur
322 3583 374 3630 δι’
398 3582 465 3641 ἣν.
494 3612 546 3621 ·-
603 3589 630 3629 l.
652 3585 690 3630 4.
720 3589 770 3629 ab
801 3590 921 3630 infer.
952 3588 1167 3634 καταλύων
1196 3594 1298 3634 ven.

254 3657 383 3713 Pag-
404 3659 529 3702 240.
583 3659 678 3711 πᾶς,
708 3667 803 3699 ante
828 3674 891 3713 ος,
921 3674 1000 3701 om.
1027 3662 1128 3701 V.en
1161 3686 1213 3694 —
1270 3664 1296 3703 l.
1320 3664 1358 3707 7.
1392 3664 1533 3720 σχέσει
1556 3674 1652 3707 ante
1673 3668 1868 3720 πολλάκις
1890 3672 2031 3715 inserit

144 3726 246 3766 Ven.
304 3726 424 3775 Quod
451 3729 731 3782 reponendum
760 3738 833 3769 est.
864 3753 918 3761 —·
972 3730 1000 3770 l.
1019 3730 1058 3772 8.
1089 3732 1195 3781 Πῶς
1223 3731 1271 3776 δὲ
1298 3734 1335 3775 οἱ
1363 3736 1464 3775 Veu.
1498 3759 1547 3767 -
1605 3737 1633 3778 l.
1655 3738 1718 3780 12.
1745 3741 1816 3783 τοῦ
1845 3742 2027 3797 Χριστοῦ

143 3792 306 3850 χάριτος
331 3797 432 3838 Ven.
461 3821 515 3830 —
570 3798 682 3841 1.13.
726 3796 844 3855 ἁγίου
871 3814 949 3841 om.
982 3802 1081 3843 Ven.
1113 3825 1158 3835 —
1216 3802 1242 3844 l.
1270 3803 1333 3846 19.
1375 3800 1588 3853 Ἰουδαίων
1622 3806 1771 3859 πάντες
1795 3812 1898 3867 πρὸς
1925 3816 2026 3858 Ven.
