2508 4134
591 302 730 345 TOMI
757 301 966 342 PRIORIS
995 302 1129 342 PARS
1159 301 1473 344 POSTERIOR.
1870 289 1971 340 669

86 403 138 446 ab
163 403 237 446 inf.
280 401 350 448 διὰ
375 400 446 447 τὸν
483 400 644 446 ἐκεῖθεν
669 398 811 454 παροξ.
843 401 945 441 Ven.
975 400 1097 440 Bene.
1127 424 1179 431 —
1236 399 1265 442 l.
1289 397 1329 441 4.
1357 399 1409 440 ab
1435 398 1511 439 inf.
1540 396 1653 454 φημὶ
1683 392 1737 442 δι’
1762 394 1972 453 Ἑλλήνων

85 475 229 517 Venet.

195 544 326 600 Pag.
356 542 480 586 356.
533 540 562 582 l.
590 539 625 583 1.
656 538 860 594 ἐγένοντο,
903 536 1074 582 πιθανὸν
1103 532 1151 582 ἂν
1175 529 1230 593 τῖν
1269 552 1341 581 σου
1370 536 1416 582 τὸ
1445 540 1619 592 ψεῦσμα
1642 539 1746 579 ven.
1777 562 1827 570 ——
1885 537 1913 579 l.
1933 538 1972 579 2.

85 613 195 653 Bene
227 614 373 654 Venet.
418 608 523 664 μετὰ
560 608 607 654 τὸ
648 607 725 664 τήν
751 603 868 652 Εὕαν
942 609 1051 649 Idem
1076 608 1179 649 liber
1210 608 1332 662 paulo
1364 617 1459 662 post
1485 607 1614 652 πόθεν
1641 606 1688 651 δὲ
1712 603 1796 662 ἄρα
1817 604 1974 651 ἐπλάσ-

87 695 193 725 σετο.
227 704 276 712 -
333 680 361 721 1.
391 677 430 721 4.
460 679 554 734 μίαν
590 677 641 722 ἐκ
672 679 754 722 τῶν
789 680 854 721 πλ.
886 679 991 720 Ven.
1050 678 1160 718 Idem
1188 677 1216 719 1.
1236 679 1276 719 5.
1317 673 1611 731 Ὠικοδόμησε
1640 676 1718 732 γὰρ
1744 675 1891 731 σάρκα.
1924 700 1974 709 -

83 751 112 792 l.
145 751 207 794 11.
236 751 332 800 νῦν,
361 758 457 791 ante
485 744 656 803 σ’στοῦν,
686 762 765 789 om.
792 749 895 788 Ven.
926 772 981 779 —
1035 747 1063 787 1.
1097 747 1158 788 12.
1191 747 1250 800 οἱ,
1281 755 1377 787 ante
1401 744 1659 800 δερμάτινοι,
1689 747 1805 787 deest
1826 747 1869 787 in
1895 748 1974 789 ve-

84 829 168 862 net.
200 844 252 853 -
307 820 334 861 1.
363 818 425 862 14.
469 815 658 873 δηλονότι
694 814 889 872 σώματος
926 817 1025 872 (sic)
1063 818 1193 866 Ven.,
1223 817 1357 857 verbis
1389 814 1565 871 σώματα
1591 808 1700 870 ’ἦσαν
1730 815 1800 858 καὶ
1826 812 1901 859 οῦκ
1923 808 1975 871 ἦν

85 887 114 934 ἀ
139 915 195 923 -
221 889 393 932 omissis.
424 912 473 920 —
531 888 557 929 l.
583 879 646 930 16.
675 887 817 943 γέγονε
847 887 1042 943 παρακοῇ
1080 885 1142 939 (ἐν
1178 886 1312 934 deest)
1344 888 1445 926 Ven.
1480 910 1528 918 -
1591 886 1700 926 Idem
1727 886 1829 926 liber
1856 886 1882 926 1.
1913 886 1974 930 17.

85 960 198 1002 delet
222 960 345 1001 verba
370 958 410 1002 ἐν
435 960 495 1015 τῷ
521 957 794 1013 Παραδείσῳ.
821 981 877 988 -
930 956 958 997 l.
989 955 1052 998 18.
1081 950 1179 998 Εὕα
1206 954 1247 998 ἐν
1274 954 1396 1006 τῶξω
1427 955 1526 1011 (sic)
1554 957 1656 996 Ven.
1717 955 1830 995 Idem
1854 955 1976 1010 paulo

84 1038 180 1086 post
201 1029 315 1084 ,φησὶ
343 1027 384 1071 ἐν
408 1030 468 1086 τῷ
496 1024 647 1081 Ἀδάμ.
679 1051 726 1059 -
785 1027 813 1069 l.
841 1027 908 1069 20.
936 1023 1100 1081 Γυμνόν
1127 1040 1175 1068 τε
1196 1020 1279 1080 ἄρα
1308 1028 1407 1067 Ven.
1437 1050 1487 1057 -
1545 1025 1572 1067 l.
1592 1023 1659 1067 24.
1688 1019 1881 1074 δέδωκάς
1910 1041 1978 1080 μοι

86 1099 239 1144 ἔδωκέν
267 1114 336 1153 μοι
359 1100 462 1140 Ven.
518 1097 631 1138 Idem
657 1097 684 1138 I.
701 1096 766 1139 25.
796 1093 901 1140 ἀλλὰ
926 1093 1023 1140 ἀπὸ.
1052 1118 1108 1128 --
1163 1095 1266 1138 1.27.
1299 1095 1355 1138 Τί
1380 1090 1444 1138 ὅτι
1465 1096 1585 1139 τοῦτο
1608 1094 1828 1150 ἐποίησαςς
1870 1093 1978 1140 “Ηδὲ

86 1168 202 1220 εἶπε,
243 1166 294 1211 Ὁ
322 1163 418 1224 ὄφις
449 1170 549 1209 ven.
607 1167 718 1207 Idem
746 1167 870 1221 paulo
896 1174 990 1221 post
1018 1164 1090 1208 καὶ
1118 1165 1180 1221 τῷ
1206 1159 1324 1218 ἀνδρί
1355 1180 1445 1219 μου.
1503 1162 1554 1206 Ὁ
1591 1163 1639 1209 δὲ
1672 1164 1769 1214 θεὸς
1792 1166 1853 1221 τῷ
1884 1161 1979 1221 ὕφει

84 1240 208 1294 (haec
235 1239 316 1280 duo
342 1239 465 1280 verba
491 1237 656 1279 omnino
679 1237 933 1278 restituenda
957 1236 1070 1291 sunt)
1097 1233 1282 1289 ἐπιφέρει
1305 1232 1381 1289 την
1411 1232 1591 1289 κατάραν
1621 1237 1723 1276 Ven.
1757 1259 1809 1267 --
1864 1236 1892 1278 l.
1908 1236 1974 1278 31.

83 1312 155 1354 τοῦ
184 1308 303 1360 ξύλου
331 1309 411 1361 τῆς
438 1309 551 1362 ζωῆς
575 1305 646 1350 καὶ
672 1303 791 1362 φάγῃ
827 1308 930 1348 Ven.
964 1330 1015 1337 ——
1072 1306 1099 1346 1.
1123 1304 1161 1347 9.
1193 1305 1243 1345 ab
1266 1305 1340 1345 inf.
1374 1306 1473 1346 Post
1505 1305 1628 1346 verba
1663 1304 1723 1353 εἰς
1748 1302 1817 1347 τὸν
1849 1305 1979 1349 αἰῶνα

84 1380 126 1420 in
151 1379 240 1420 cod.
273 1380 433 1419 Veneto
457 1378 610 1419 inserta
637 1376 826 1430 leguntur
847 1376 969 1417 haec:
1000 1374 1088 1418 Καὶ
1117 1373 1175 1429 μή
1208 1373 1422 1431 ὑπολάβῃς
1450 1374 1510 1425 δὲ,
1541 1370 1750 1428 ἀκροατά,
1782 1369 1846 1418 ὅτι
1873 1371 1979 1418 ἀπο-

85 1449 293 1505 φαντικῶς
317 1446 425 1491 εἶπεν
451 1443 477 1491 o‘
500 1444 640 1501 κύριος
664 1442 746 1496 ὅτι,
774 1443 901 1498 Ἰδοὺ,
928 1442 1068 1499 Ἀδὰμ
1090 1445 1252 1500 γέγονεν
1277 1442 1336 1493 ώς
1361 1442 1421 1493 εἷς
1441 1443 1484 1495 ἐξ
1503 1441 1641 1498 ἡμῶν.
1694 1441 1980 1498 Ἐλεγκτικῶς

83 1517 164 1574 γὰρ
187 1516 262 1574 την
287 1519 418 1572 οἴησιν
442 1517 515 1560 τοῦ
543 1514 682 1572 Ἀδὰμ
705 1516 943 1564 πεισθέντος
968 1515 1023 1571 τῇ
1049 1513 1183 1571 πλάνῃ
1207 1516 1279 1558 τοῦ
1306 1510 1447 1570 ὄφεως
1468 1512 1734 1569 μεμφόμενος
1761 1515 1887 1570 λέγει,
1918 1514 1976 1571 μη

84 1582 108 1633 3
139 1587 305 1642 ἐνόμισε
327 1587 522 1643 γενέσθαι
545 1585 719 1642 ἐγένετο,
745 1585 976 1639 τουτέστιν,
1005 1581 1116 1629 Ἰδοὺ
1142 1581 1281 1640 Ἀδὰμ
1306 1584 1467 1640 γέγονεν
1494 1582 1553 1633 ώς
1579 1581 1639 1632 εἷς
1663 1584 1776 1637 (cod.
1807 1594 1978 1641 utroque

83 1658 178 1699 loco
207 1657 287 1708 εἰς)
317 1656 362 1708 ἐξ
379 1653 516 1712 ημῶν.
570 1651 870 1712 Ἐπιθυμησας
903 1654 982 1710 γάρ
1010 1651 1151 1709 Ἀδὰμ
1180 1652 1436 1709 ύψηλότερος
1471 1654 1667 1709 γενέσθαι
1696 1654 1757 1703 εἰς
1780 1653 1826 1698 τὸ
1857 1648 1979 1710 ἦττον

4 1750 14 1760 1
85 1727 268 1779 ἐξέπεσε.
327 1724 389 1770 Τὸ
428 1725 476 1770 δὲ
509 1722 812 1783 Ἐκβάλλωμεν
851 1722 998 1777 αὐτὸν,
1048 1722 1210 1778 μήποτε
1254 1723 1413 1780 ἐκτείνῃ
1443 1723 1518 1778 τὴν
1548 1729 1667 1780 χεῖρα
1696 1724 1756 1774 εἰς
1783 1723 1829 1768 τό
1866 1722 1980 1775 ξύλον

84 1797 161 1853 τῆς
193 1799 320 1852 ζωῆς,
350 1796 421 1840 καὶ
446 1793 582 1852 φάγῃ,
612 1795 684 1839 καὶ
715 1794 885 1849 ζήσεται
914 1794 974 1844 εἰς
1000 1793 1069 1838 τὸν
1099 1794 1243 1849 αἰῶνα,
1275 1791 1321 1837 ού
1347 1794 1509 1850 φθονῶν
1537 1791 1558 1837 0‘
1588 1791 1685 1842 θεὸς
1713 1793 1846 1849 λέγει·
1875 1791 1980 1838 ἀλλὰ

85 1867 305 1921 ἐπεμέλετο
330 1868 401 1909 τοῦ
429 1865 729 1915 ἐλαττωθέντος
757 1864 933 1914 σκεύους
959 1861 1012 1909 δι’
1040 1864 1211 1918 ἑαυτοῦ,
1254 1864 1321 1907 ἵνα
1362 1861 1420 1919 μη
1461 1863 1580 1920 μείνῃ
1613 1864 1894 1919 ἐλαττωμένος
1921 1864 1982 1914 εἰς

85 1935 132 1981 τὸ
159 1935 370 1991 διηνεκὲς,
401 1931 488 1979 ἀλλ’
519 1932 578 1984 ῶς
607 1931 772 1989 ἄριστος
800 1933 1009 1990 κεραμεὺς
1036 1933 1082 1978 τό
1116 1932 1263 1991 βλαβὲν
1288 1930 1343 1978 δι’
1371 1933 1516 1976 ἑαυτοῦ
1541 1930 1706 1990 ἀγγεῖον
1730 1934 1982 1989 ἐπιστρέψας

87 2006 148 2055 εἰς
173 2003 220 2049 τὸ
248 2006 348 2050 ἴδιον
377 2002 552 2060 φύραμα
579 2004 655 2060 την
684 2006 786 2061 γῆν,
830 2005 871 2048 ἐν
899 2007 952 2063 τῇ
983 2001 1210 2048 ἀναστάσει
1238 2001 1466 2048 ἀναπλάσει
1505 2003 1546 2046 ἐν
1588 2004 1736 2059 μηδενὶ
1764 2001 1982 2060 ηλλαττω·

87 2075 229 2131 μένον,
270 2073 339 2119 τὸν
368 2075 523 2119 δίκαιον
564 2074 604 2118 ἐν
634 2073 738 2132 δόξῃ
770 2072 972 2119 ἀθάνατον
1013 2074 1086 2118 καὶ
1114 2073 1333 2129 δυνάμενον
1377 2070 1594 2117 ἀπολαύειν
1634 2075 1714 2129 τῆς
1755 2075 1980 2131 βασιλείας,

85 2145 157 2191 καὶ
181 2143 251 2189 τὸν
277 2140 416 2190 ἄδικον
446 2144 488 2190 ἐν
516 2145 571 2202 τῇ
599 2145 738 2201 τελείᾳ
767 2142 992 2190 ἀναστάσει
1018 2143 1238 2200 δυνάμενον
1265 2142 1481 2199 ὑποφέρειν
1509 2144 1588 2198 τῆς
1616 2145 1795 2198 κρίσεως
1820 2144 1895 2200 τὴν
1923 2160 1983 2189 τι-

89 2215 259 2271 μωρίαν.
319 2211 383 2257 Ού
412 2213 491 2270 γὰρ
526 2214 699 2270 πονηρόν
728 2230 768 2258 τι
796 2213 1020 2271 ἐφύτευσεν
1052 2212 1075 2258 ὁ
1105 2214 1228 2269 θεὸς,
1259 2212 1318 2268 μη
1350 2214 1528 2270 γένοιτο,
1570 2210 1672 2257 ἀλλά
1705 2215 1777 2258 καὶ
1806 2212 1904 2261 αύτό
1934 2213 1981 2259 τὸ

88 2283 202 2337 ξύλον
244 2282 472 2340 ἐφύτευσε,
514 2287 646 2341 καιρῷ
689 2286 824 2342 δεκτῷ
869 2285 1000 2329 δέοντι
1039 2283 1109 2330 διά
1149 2286 1221 2328 τοῦ
1262 2284 1364 2329 ἰδίου
1405 2280 1716 2340 προςτάγματος
1758 2285 1983 2340 ἐπιτρέπων

89 2352 204 2412 αύτῷ
235 2358 374 2411 λαβεῖν
402 2351 472 2398 ἀπ’
503 2350 644 2399 αὐτοῦ.
699 2351 810 2398 Ἀλλ’
840 2354 948 2410 ἐρεῖς
978 2352 1030 2399 δι’
1060 2355 1269 2410 ἐναντίας,
1309 2356 1416 2403 Πῶς
1446 2346 1513 2398 ούν
1540 2356 1767 2410 πληροῦται
1805 2354 1880 2406 τὸ,
1908 2353 1984 2399 Ἐν

86 2417 121 2482 ᾗ
152 2421 189 2469 δ’
219 2419 267 2468 ἂν
294 2425 408 2477 (cod.
438 2424 478 2468 ἐν
508 2419 539 2479 η’
567 2421 605 2469 δ’
633 2419 704 2481 ἄν)
749 2422 890 2482 ημέρᾳ
931 2423 1132 2481 φάγησθε
1172 2421 1241 2469 ἀπ’
1287 2422 1440 2475 αύτοῦ,
1484 2423 1650 2481 θανάτῳ
1692 2422 1983 2478 ἀποθανεῖσθε,

89 2496 201 2550 εἴπερ
232 2499 405 2551 παρεῖχε
433 2499 579 2550 φαγεῖν
606 2493 651 2546 ἐξ
679 2492 833 2547 αύτοῦ;
890 2495 1071 2544 Πάντως
1099 2493 1177 2551 γὰρ
1208 2487 1354 2550 φαγών
1383 2494 1615 2552 οἱῳδήποτε
1645 2498 1777 2555 καιρῷ
1807 2496 1984 2553 ἐπλήρου

88 2563 134 2609 τό
165 2563 342 2620 Θανάτῳ
387 2559 696 2608 ἀποθανεῖσθαι.
753 2563 875 2620 Πρὸς
912 2564 959 2610 δὲ
1000 2564 1069 2610 τὸν
1109 2567 1226 2609 τοῦτο
1265 2566 1434 2621 λέγοντα
1475 2563 1593 2610 πάλιν
1619 2567 1755 2622 φημὶ,
1796 2566 1848 2611 Ὁ
1887 2567 1986 2618 θεὸς

90 2634 215 2683 εἰδώς
243 2632 296 2678 τοὶ
326 2633 523 2689 μέλλοντα
550 2633 640 2689 πρὶν
669 2635 863 2690 γενέσθαι
891 2634 1105 2690 γινώσκων
1145 2632 1207 2679 ὅτι
1236 2633 1469 2691 ἀπατηθεὶς
1494 2634 1570 2691 πρὸ
1600 2637 1672 2680 τοῦ
1704 2635 1829 2682 αύτοῦ
1859 2654 1986 2694 προς-·

87 2703 300 2761 τάγματος
326 2699 475 2758 ἤσθιεν
515 2700 586 2748 ἀπ’
626 2701 777 2757 αύτοῦ,
824 2700 953 2760 ώρισε
991 2704 1060 2750 τὸν
1104 2704 1276 2751 θάνατον
1305 2705 1375 2751 διὰ
1402 2705 1477 2761 την
1508 2706 1732 2762 μέλλουσαν
1762 2703 1830 2751 ὕπ’
1860 2705 1984 2752 αύτοῦ

89 2772 323 2831 παράβασιν
352 2774 556 2829 γενέσθαι.
612 2771 687 2817 Ἐν
715 2772 849 2830 τούτῳ
879 2774 956 2830 γὰρ
986 2774 1249 2831 πλανώμεναι
1287 2778 1330 2820 αἱ
1369 2776 1549 2830 αἱρέσεις
1588 2779 1885 2833 βλασφημοῦσι
1915 2778 1985 2823 τὸν

91 2844 214 2896 θεὸν,
245 2844 463 2899 λέγουσαι,
493 2842 635 2893 Καλὸς
663 2841 686 2887 0‘
718 2843 815 2893 θεὸς
843 2847 914 2887 τοῦ
944 2842 1096 2900 νόμου,
1127 2842 1192 2890 ὅτι
1221 2845 1433 2902 ἐφθόνησε
1461 2848 1522 2903 τῷ
1550 2844 1713 2902 Ἀδὰμ,
1744 2848 1816 2891 καὶ
1843 2848 1995 2905 ἐξέβα-ι

91 2917 157 2958 λεν
186 2911 310 2958 αὐτὸν
337 2914 489 2969 λέγων,
531 2911 806 2971 Ἐκβάλωμεν
836 2911 990 2965 αὐτὸν,
1042 2913 1204 2970 μήποτε
1231 2916 1393 2973 ἐκτείνῃ
1422 2915 1498 2971 τὴν
1528 2922 1648 2972 χεῖρα
1676 2918 1747 2960 καὶ
1776 2917 1884 2974 λάβῃ
1914 2919 1985 2962 τοῦ

94 2983 214 3036 ξύλου
242 2985 322 3039 τῆς
351 2985 488 3038 ζωῆς,
519 2984 590 3027 καὶ
622 2984 795 3038 ζήσεται
824 2985 882 3033 εἰς
910 2983 980 3029 τὸν
1011 2985 1153 3028 αἰῶνα.
1209 2982 1456 3042 Ἐλέγχεται
1479 2985 1527 3030 δὲ
1554 2982 1688 3029 αὐτῶν
1711 2985 1742 3042 η
1772 2982 1887 3031 ἄνοια
1918 3003 1987 3031 συ-

93 3057 366 3110 κοφαντοῦσα.
424 3054 511 3098 Καὶ
545 3052 624 3109 γὰρ
666 3052 714 3097 ού
758 3052 878 3109 μόνον
909 3053 984 3098 ούκ
1013 3054 1201 3098 ἐκώλυσε
1229 3061 1376 3111 φαγεῖν
1405 3053 1486 3099 ἀπὸ
1517 3056 1588 3098 τοῦ
1619 3055 1736 3107 ξύλου
1765 3059 1844 3112 τῆς
1876 3059 1989 3111 ζωῆς

93 3121 164 3169 ἀπ’
195 3121 344 3180 ἀρχῆς,
373 3121 477 3167 ἀλλὰ
506 3124 578 3167 καὶ
606 3124 911 3178 προςετρέῴατο
940 3122 1098 3179 φήσας,
1126 3123 1229 3169 Ἀπὸ
1253 3125 1404 3174 παντὸς
1430 3124 1549 3176 ξύλου
1578 3127 1650 3168 τοῦ
1680 3126 1720 3170 ἐν
1744 3129 1806 3181 τῷ
1835 3128 1988 3182 Παρα-

96 3195 225 3251 δείσῳ
258 3193 414 3251 βρώσει
441 3197 571 3250 φαγῇ.
638 3186 720 3238 Ἠν
753 3195 865 3249 (cod.
894 3189 967 3250 ἣν)
998 3195 1045 3238 δὲ
1073 3195 1142 3237 καὶ
1172 3194 1219 3238 τὸ
1252 3194 1366 3245 ξύλον
1393 3196 1472 3251 τῆς
1503 3197 1615 3249 ζωῆς
1641 3194 1684 3239 ἓν
1714 3193 1794 3240 ἀπὸ
1826 3195 1987 3241 πάντων

92 3266 174 3309 τῶν
218 3262 347 3316 ξύλων
387 3265 458 3307 τοῦ
488 3264 753 3319 Παραδείσου
782 3263 859 3318 πρὸ
893 3262 1121 3319 ὀφθαλμῶν
1149 3265 1222 3307 τοῦ
1250 3261 1412 3319 Ἀδὰμ·
1444 3264 1563 3320 μόνον
1591 3265 1639 3309 δὲ
1666 3268 1738 3309 τοῦ
1768 3266 1887 3316 ξύλου
1916 3268 1988 3311 τοῦ

97 3334 248 3379 εἰδέναι
282 3333 465 3390 γνωστόν
501 3331 661 3390 ἀγαθοῦ
689 3350 734 3378 τε
762 3335 834 3377 καὶ
861 3335 990 3377 κακοῦ
1020 3332 1110 3392 εἷπε
1140 3332 1198 3388 μη
1226 3339 1384 3389 φαγεῖν.
1440 3334 1498 3378 ‘H
1522 3334 1568 3379 δὲ
1592 3336 1663 3378 τοῦ
1691 3331 1831 3390 Ἀδὰμ
1855 3331 1988 3391 ἄπλη-

99 3417 194 3454 στος
215 3403 372 3449 διάνοια
388 3401 579 3460 ἀκέραιος
603 3397 707 3448 οὖσα
733 3404 804 3447 καὶ
827 3405 906 3459 τῆς
933 3402 1126 3458 γυναικὸς
1155 3400 1280 3446 αύτοῦ
1309 3400 1429 3453 Εὔας
1458 3401 1538 3448 ἀπὸ
1565 3406 1637 3447 τοῦ
1667 3403 1859 3462 διαβόλου
1884 3404 1988 3450 ἀπα-

96 3475 301 3530 τηθείσης
329 3476 479 3530 μᾶλλον
522 3475 693 3518 ἐναντίον
734 3476 814 3528 τῆς
857 3473 1021 3529 ἐντολῆς
1063 3471 1294 3528 εἰργάσατο.
1349 3471 1527 3527 Ἐπειδῆ
1559 3466 1626 3517 ούν
1658 3474 1699 3518 ἐν
1726 3474 1990 3531 ἐλαττώμασι

98 3544 261 3600 γέγονεν
289 3543 343 3589 δι’
372 3545 518 3589 ἑαυτοῦ
549 3543 571 3589 ο“
599 3542 764 3599 Ἀδάμ,
803 3541 878 3587 οῦκ
920 3543 1117 3598 ἐθέλησεν
1147 3540 1280 3592 ..αύτὲν
1310 3540 1333 3587 0‘
1371 3542 1469 3593 θεὸς
1500 3544 1574 3597 ζῆν
1603 3544 1662 3593 εἰς
1689 3542 1758 3587 τὸν
1789 3545 1918 3589 αἰῶνα
1947 3546 1988 3591 ἐν

100 3612 370 3669 ἐλαττώματι,
401 3612 487 3659 ἀλλ’
517 3613 576 3665 ῶς
599 3611 767 3670 ἄριστος
791 3612 999 3668 κεραμεὺς
1021 3614 1080 3663 εἰς
1103 3612 1150 3657 τὸ
1179 3615 1277 3658 ἴδιον
1306 3611 1481 3668 φύραμα
1508 3613 1554 3657 τὸ
1585 3610 1811 3669 ἀφανισθὲν
1843 3617 1990 3666 σκεῦος

102 3682 154 3729 δι’
183 3685 330 3728 ἑαυτοῦ
358 3683 577 3740 ηύδόκησε
607 3687 875 3742 μεταβαλεῖν,
915 3684 982 3727 ἵνα
1011 3683 1052 3726 ἐν
1079 3685 1134 3740 τῇ
1161 3683 1451 3740 παλιγγενεσία
1482 3682 1529 3727 ἐκ
1556 3686 1628 3727 τοῦ
1659 3684 1762 3729 ἰδίου
1791 3684 1989 3741 φυράμα-

101 3770 170 3804 τος
209 3753 326 3799 πάλιν
371 3754 429 3804 ώς
466 3755 533 3798 ἐπὶ
572 3753 640 3799 τὸν
679 3753 823 3811 τροχὸν
869 3751 1141 3811 μεταβάλλοι,
1197 3750 1485 3803 ἀνασκευάσας
1523 3754 1595 3797 καὶ
1632 3751 1897 3805 ἀνακαινίσας
1940 3755 1986 3800 τὰ

105 3826 254 3875 σκεῦος
279 3820 375 3870 ἄνευ
399 3823 687 3880 ἐλαττώματος
717 3825 775 3874 εἰς
798 3823 844 3869 τὸ
875 3821 1079 3869 δύνασθαι
1103 3826 1306 3879 διηνεκῶς
1337 3825 1422 3879 ζῆν.
1467 3819 1625 3870 ’Ένθεν
1652 3823 1699 3870 τὸ
1729 3826 1886 3881 πρῶτον
1917 3825 1989 3881 μὲν
