2508 4134
485 252 551 304 64
1191 258 1394 302 SANCTI
1423 259 1707 301 EPIPHANII

486 362 639 432 βουλῇ
670 358 754 410 καὶ
779 353 923 429 δόξῃ,
975 355 1070 408 οὐκ
1101 342 1324 425 ἄψυχος,
1378 355 1493 411 οὐδὲ
1524 357 1784 425 ἀκίνητος,
1837 358 1887 434 έν
1919 358 2065 430 ἑτέρῳ
2092 357 2180 423 μὲν
2205 355 2258 411 τὸ
2286 352 2412 410 εἶναι

486 444 688 511 ἔχουσα,
739 443 821 495 καὶ
853 442 1139 512 γραφομένη
1156 485 1169 507 ,
1222 440 1348 509 αὕτη
1378 443 1465 509 μὲν
1493 445 1545 496 ἒν
1569 444 1717 516 ἑαυτῇ
1743 444 1826 495 καὶ
1855 439 1918 495 δι’
1946 444 2144 510 ἑαυτῆς,
2198 445 2249 497 ἐν
2275 440 2411 510 κινή-

487 544 554 580 σει
582 525 649 595 μή
678 520 814 579 οὖσα.
891 528 993 579 Καὶ
1039 528 1183 581 εἰκῶν
1225 529 1354 581 ἔστιν
1394 527 1793 598 ἀπαράλλακτος,
1845 525 1906 582 οὗ
1933 534 2021 597 τῆς
2052 527 2413 600 ἆπαραλλαξίας

485 614 671 682 πατέρα
708 610 976 680 ποιούσης,
1016 611 1114 665 ἀλλ’
1150 611 1264 667 υἷὸν
1302 610 1733 684 ἀπηκριβωμένον.

625 702 652 732 4
681 696 1038 770 Πεπλήρωνται
1072 697 1132 752 τά
1170 697 1355 754 ἐνθάδε
1383 699 1634 753 Ἀκακίου.

627 959 741 1007 Νῦν
767 956 821 1008 δέ
851 973 1004 1021 φασιν
1033 958 1085 1009 οἵ
1109 956 1381 1026 ὀρθόδοξοι
1407 958 1492 1009 καὶ
1523 955 1727 1021 ἀδελφοὶ
1750 952 1976 1025 ἡμέτεροι
2001 957 2087 1009 καὶ
2116 953 2413 1027 ομολογηταὶ

481 1037 618 1111 παρά
645 1062 791 1094 τινων
824 1038 922 1095 find
954 1044 1255 1107 Μαρκέλλου
1298 1043 1727 1108 καταλειφθέντων
1770 1048 2010 1109 μαθητῶν
2044 1044 2245 1095 ἔκθεσιν
2289 1044 2412 1110 εἰλη-

484 1126 631 1191 φέναι
657 1123 920 1198 ομολογίας
959 1129 1071 1194 περὶ
1111 1131 1317 1190 πίστεως
1359 1127 1787 1198 ἀπολογουμένης·
1839 1150 1900 1196 ης
1930 1150 1990 1181 τα
2017 1127 2413 1198 λεπτολογήματα

483 1209 635 1274 αὐτός
671 1211 739 1280 μὴ
774 1210 1081 1281 κατειληφως
1117 1212 1271 1283 αὐτην
1310 1216 1530 1267 ἐνταῦθα
1573 1214 1872 1284 παρεθέμην.
1951 1215 2048 1266 Καὶ
2076 1215 2176 1267 ἔστι
2199 1211 2253 1267 τό
2284 1211 2411 1267 ἄντί-

484 1318 679 1368 γραφον
714 1295 841 1351 τόδε.

795 1515 842 1559 Η
871 1514 1192 1559 ΕΠΙΓΡΑΦΗ
1219 1514 1540 1559 *ΠΙΣΤΕΩΣ
1571 1514 1692 1558 ΤΟΥ
1720 1514 2102 1559 ΜΑΡΚΕΑΑΟΥ.

256 1627 367 1681 Κεφ.
395 1623 463 1669 ια’.
634 1618 749 1675 Τοῖς
780 1611 1180 1681 αἰδεσιμωτάτοις
1205 1615 1288 1666 καὶ
1317 1611 1606 1683 ἁγιωτάτοις
1635 1613 1946 1678 ἐπισκόποις,
1999 1620 2102 1675 τοῖς
2130 1615 2183 1667 έν
2211 1619 2412 1667 Διοκαι-

484 1702 651 1771 σαρεία
678 1696 1079 1770 ’ὖπερορισθεῖσιν
1110 1697 1233 1769 ὑπὲρ
1262 1705 1350 1767 τῆς
1378 1701 1446 1761 εἰς
1475 1698 1561 1752 τὸν
1588 1705 1782 1770 σωτῆρα
1816 1696 1954 1767 ἡμῶν
1969 1698 2168 1766 Ἰησοῦν
2199 1697 2415 1768 Χριστόν

484 1784 767 1855 ὀρθοδόξου
816 1788 1046 1849 πίστεως,
1113 1783 1367 1858 Εὕλογίῳ,
1424 1783 1696 1856 Ἀδελφίῳ,
1758 1783 2083 1858 Ἀλεξάνδρῳ,
2137 1781 2413 1858 Ἀμμωνίῳ,

480 1868 893 1941 Ἀρποκρατίωνι,
929 1867 1119 1935 Ἰσαάκ,
1154 1869 1405 1942 Ἰσιδώρῳ,
1435 1870 1778 1938 Ἀννουβίωνι,
1820 1875 2034 1943 Πιτίμῳ,
2083 1869 2412 1942 1Εὗφρατίῳ,

474 1954 733 2030 Ἀαρώνη,
781 1959 833 2009 οἱ
872 1953 973 2009 ἆπὸ
1010 1954 1249 2026 Ἀγκύρας
1284 1962 1372 2024 τῆς
1418 1959 1704 2018 2Γαλατίας
1742 1956 2089 2026 πρεσβύτεροι,
2147 1953 2413 2020 Φωτεινὸς,

477 2039 790 2106 Εὕστάθιος,
838 2043 1002 2112 ἕτερος
1039 2040 1314 2107 Φωτεινὸς,
1367 2043 1618 2112 Σιγέριος,
1673 2043 1759 2095 καὶ
1802 2031 2034 2103 διάκονος
2066 2038 2282 2111 Ὗγῖνος,
2331 2041 2416 2095 καὶ

482 2124 821 2189 ὖποδιάκονος
846 2124 1184 2197 Ἡρακλείδης,
1235 2128 1319 2180 καὶ
1362 2124 1675 2197 άναγνιόστης
1702 2124 1973 2191 Ἑλπίδιος,
2023 2128 2108 2180 καὶ
2140 2125 2418 2197 προστάτης

486 2211 769 2284 Κυριακδς,
810 2214 862 2266 έν
898 2217 1053 2285 κυρίῳ
1088 2216 1283 2282 χαίρειν.

187 2306 189 2309 ’
270 2340 354 2376 pag.
373 2328 447 2365 843.
621 2296 1055 2366 Ἐνδεδημηκότων
1098 2295 1240 2365 ήμῶν
1281 2296 1407 2367 πρὸς
1446 2296 1535 2365 τὴν
1576 2295 1815 2368 ὖμετέραν
1857 2298 2144 2366 θεοσέβειαν
2185 2295 2286 2352 ‹in-d
2329 2302 2417 2366 τῆς

482 2384 838 2454 προειρημένης
881 2381 1117 2452 ἡμετέρας
1143 2385 1403 2453 πατρίδος,
1453 2381 1543 2450 τὴν
1575 2382 1926 2453 προςήκουσαν
1956 2385 2218 2451 ἐπίσκεψιν
2244 2382 2415 2437 ποιού-

484 2491 646 2538 μενοι,
702 2470 787 2522 καὶ
826 2470 1215 2538 έπερωτωμένων
1255 2466 1394 2536 ἡμῶν
1429 2466 1562 2538 παρά
1604 2475 1692 2537 τῆς
1730 2466 1967 2540 ὑμετέρας
2008 2467 2262 2537 ὁσιότητος
2303 2470 2416 2539 περὶ

483 2562 569 2623 τῆς
596 2557 646 2608 ἐν
673 2552 792 2622 ἡμῖν
823 2557 1030 2616 πίστεως
1060 2553 1196 2616 ὅπως
1225 2555 1420 2622 ἔχομεν,
1470 2555 1554 2607 καὶ
1593 2552 1948 2623 ἀποδεξάμενοι
1976 2551 2115 2622 ὑμῶν
2138 2553 2228 2623 τὴν
2253 2552 2417 2608 τοιαύ-

484 2663 572 2709 την
593 2639 923 2709 κηδεμονικὴν
950 2645 1147 2705 πεῦσιν,
1195 2638 1350 2709 ἤνπερ
1389 2638 1717 2708 ἐποιήσασθε,
1775 2646 1796 2677 ³
1813 2638 1895 2693 διά
1921 2639 2125 2708 μάλιστα
2152 2637 2271 2702 τούς
2297 2642 2416 2708 βου-

482 2727 717 2794 λομένους
757 2730 975 2794 ματαίως
1010 2731 1239 2795 θρυλλεῖν
1275 2727 1388 2794 περὶ
1427 2723 1570 2793 ἡμῶν
1599 2747 1707 2779 τινα
1746 2729 1939 2793 ψευδῆ,
1991 2726 2262 2796 ἀναγκαῖον
2297 2723 2413 2796 ἦγη·

484 2810 682 2880 σάμεθα
705 2817 1082 2881 πληροφορῆσαι
1103 2807 1232 2878 ὑμᾶς
1258 2812 1371 2880 περὶ
1392 2811 1596 2876 τοῦτου,
1636 2810 1697 2865 οὐ
1720 2811 1874 2879 μόνον
1897 2814 1951 2866 ἐκ
1981 2817 2078 2865 τῶν
2101 2809 2419 2881 ὖποδειχθέν-

483 2920 581 2951 των
608 2904 669 2971 τῇ
691 2895 901 2969 ὑμετέρα
926 2893 1143 2963 ὁσιότητι
1174 2894 1286 2967 παρ’
1311 2894 1452 2964 ἡμῶν
1479 2896 1781 2967 γραμμάτων
1805 2903 2111 2951 κοινωνικῶν
2139 2895 2265 2967 πρδς
2287 2894 2420 2965 ἡμᾶς

487 2985 775 3054 γραφέντων
805 2989 894 3036 τοῦ
923 2985 1275 3052 τριςμακαρίου
1318 2980 1462 3034 πάπα
1497 2981 1834 3047 Ἀθανασίου,
1891 2981 2007 3035 άλλοὶ
2044 2984 2129 3036 καὶ
2159 2985 2212 3036 ἔκ
2241 2982 2421 3050 ταύτης

484 3067 626 3137 ἡμῶν
649 3075 736 3136 τῆς
763 3066 1015 3140 ἐγγράφου
1049 3064 1338 3137 ὁμολογίας,
1391 3064 1458 3129 ῶς
1484 3066 1561 3121 ὅτι
1590 3066 1702 3122 οὕτε
1730 3074 2037 3138 φρονοῦμεν,
2087 3065 2200 3122 οὔτε
2233 3089 2419 3138 πεφρο-

486 3155 703 3222 νήκαμέν
734 3157 781 3207 τί
810 3174 926 3207 ποτε
952 3150 1092 3215 ἐκτὸς
1123 3158 1210 3220 τῆς
1239 3151 1362 3205 κατὰ
1399 3156 1618 3206 Νίκαιαν
1655 3151 1938 3223 ὁρισθείσης
1967 3156 2312 3222 οἰκουμενικῆς
2334 3155 2420 3208 καὶ

488 3241 885 3308 έκκλησιαστικῆς
913 3242 1142 3300 πίστεως·
1194 3236 1350 3307 ’ἥνπερ
1383 3235 1716 3309 ὁμολογοῦμεν
1755 3237 1962 3306 δυνάμει
1989 3238 2172 3306 ταύτην
2200 3244 2418 3309 φρονεῖν,

488 3323 926 3393 άναθεματίζοντες
963 3321 1079 3385 τούς
1118 3328 1396 3390 τολμῶντας
1434 3327 1609 3390 κτίσμα
1646 3324 1798 3394 λέγειν
1838 3322 1893 3377 τὸ
1933 3330 2127 3392 πνεῦμα
2162 3322 2215 3377 τό
2255 3321 2418 3394 ἅγιον,

486 3413 571 3463 καὶ
599 3410 687 3478 τήν
719 3407 969 3481 Ἀρειανήν
999 3411 1212 3479 αἵρεσιν,
1249 3410 1331 3461 καὶ
1361 3412 1659 3476 Σαβελλίου,
1708 3410 1791 3461 καὶ
1833 3413 2110 3474 Φωτεινοῦ,
2162 3409 2247 3462 καὶ
2280 3406 2419 3461 Παύ-

486 3502 574 3549 λου
599 3501 686 3549 τοῦ
706 3496 1050 3563 Σαμοσατέως,
1078 3494 1162 3547 καὶ
1186 3491 1301 3556 τούς
1326 3492 1392 3562 μή
1411 3496 1634 3565 λέγοντας
1659 3492 1748 3561 τὴν
1774 3491 1918 3564 άγίαν
1942 3493 2119 3565 τριάδα
2137 3497 2245 3563 τρία
2270 3515 2420 3565 προς-

491 3601 605 3646 ωπα
633 3578 973 3651 άπερίγραφα,
1010 3580 1094 3632 καὶ
1124 3577 1457 3645 ένυπόστατα,
1495 3580 1577 3633 καὶ
1608 3576 1877 3647 ὅμοούσια,
1916 3581 2001 3633 καὶ
2030 3581 2285 3643 συναΐδια,
2337 3579 2422 3632 καὶ

545 3733 586 3778 4.
648 3740 768 3778 Verba
812 3738 1121 3792 Πεπλήρωνται
1176 3736 1230 3782 τοὶ
1274 3737 1426 3783 ἐνθάδε
1479 3743 1561 3790 pta.
1617 3741 1694 3779 Pro
1735 3736 2027 3792 πεπλῆρωνται
2064 3739 2105 3778 in
2145 3739 2228 3778 cod.
2258 3739 2420 3790 Rhediy.

487 3792 688 3839 Ἀκακίου
723 3796 766 3835 in
793 3796 903 3835 codd.
936 3808 1027 3836 mss.
1061 3798 1180 3838 rubro
1214 3800 1304 3838 sunt
1330 3798 1427 3838 scri·
1481 3800 1517 3836 et
1545 3796 1657 3835 editis
1685 3799 1740 3836 est
1769 3792 2061 3850 πεπλήρωται.
