2508 4134
626 275 845 316 PANARn
878 275 977 314 Lm.
997 275 1068 314 ΠΙ.
1100 273 1300 314 ΤοΜ.ῐῐ.
1333 273 1694 313 naamam.
1999 260 2095 309 471

206 389 357 440 paene
389 372 672 441 scripturam
714 389 798 423 ore
843 372 1181 440 pronuntiant,
1239 371 1440 438 impigre
1481 387 1537 420 ac
1570 378 1767 419 strenue
1799 378 1881 418 aut
1918 367 2100 419 orando

204 464 287 506 aut
316 456 524 524 psalmos
571 456 886 507 emodulaudo
926 454 1242 523 pervigilant,
1296 454 1523 504 solennes
1555 454 1610 503 de
1645 471 1777 503 more
1808 461 2098 516 conventus,

204 555 259 588 ac
300 539 556 606 quotannis
594 538 882 590 constitutos
925 539 1130 601 obeunt,
1186 545 1337 588 statas
1378 538 1546 598 horas,
1607 546 1651 586 et
1694 537 1893 587 alternis
1932 535 2100 604 spatiis

203 622 430 672 continuo
469 623 734 692 descriptas
771 622 1011 692 perpetuis
1051 622 1106 671 ad
1139 621 1276 671 deum
1320 621 1570 671 fundendis
1614 620 1862 688 precibus,
1917 635 2101 669 summa

202 723 307 755 cum
333 706 600 762 abiectione
627 707 768 758 animi
799 724 854 757 ac
879 705 1133 756 laboriosis
1161 704 1417 771 gemitibus
1448 704 1740 769 transigunt,
1782 721 1888 753 cum
1914 703 2102 753 interca

200 789 436 858 propriis,
479 791 543 840 uti
576 791 704 854 dixi,
759 789 1007 852 manibuS,
1062 789 1283 839 adiuncta
1312 788 1511 856 spiritali
1543 789 1922 850 exercitatione,
1981 803 2101 854 opus

199 866 478 937 instituant,
534 892 592 924 ne
619 885 699 925 aut
731 874 886 943 inopia
914 873 1163 935 laborent,
1218 881 1295 922 aut
1327 872 1373 921 iu
1406 873 1637 921 humanas
1664 872 1994 921 simulationes
2026 871 2100 920 in·

199 958 386 1019 eidam,
443 958 542 1022 sic,
598 968 647 1008 ut
682 959 837 1027 impiis
869 957 1018 1007 libere
1063 956 1314 1006 veritatem
1347 956 1502 1023 eloqui
1537 973 1630 1006 non
1658 956 1889 1018 audeant,
1943 971 2098 1022 neque

196 1041 253 1091 ab
281 1058 445 1091 eorum
488 1042 727 1092 hominum
773 1041 848 1110 qni
894 1058 978 1110 per
1017 1041 1148 1090 net'as
1177 1057 1232 1091 ac
1269 1056 1527 1108 pauperum
1560 1039 1781 1089 iniuriam
1826 1037 2100 1107 locupletati

195 1134 305 1175 suut
336 1127 622 1192 contagione
656 1145 710 1177 ac
743 1126 940 1176 maculis
981 1123 1224 1175 vindicare
1264 1141 1375 1174 sese
1409 1123 1625 1192 possint,
1680 1140 1769 1173 nec
1799 1122 1988 1172 illorum
2018 1123 2099 1171 de-

197 1209 337 1277 nique
369 1210 563 1260 cibariis
598 1227 791 1272 carere,
842 1210 964 1276 quod
996 1208 1133 1258 iustis
1174 1208 1415 1258 laboribus
1447 1208 1769 1275 quotidianum
1800 1206 1887 1256 sibi
1920 1207 2097 1256 victum

194 1310 474 1362 comparare
513 1302 784 1361 nequeant,
840 1294 922 1343 scd
967 1292 1026 1342 oh
1061 1292 1264 1360 inopiam
1306 1310 1369 1343 ex
1409 1293 1506 1342 otio
1537 1301 1584 1341 et
1618 1291 1793 1341 inertia
1833 1292 2099 1342 derivatam

193 1377 249 1427 ad
291 1377 536 1428 beatorum
578 1394 767 1427 mensas
806 1378 1070 1443 confugere
1110 1384 1363 1443 cogantur.

335 1459 489 1527 Quam
517 1462 578 1512 ob
606 1477 704 1510 rem
736 1461 945 1511 divinum
980 1478 1066 1510 nos
1094 1461 1336 1511 oraculum
1378 1461 1544 1522 docet,
1600 1463 1673 1509 Ne
1704 1463 2002 1525 concupiscas
2030 1463 2096 1508 ciu
2138 1468 2233 1521 Cap.
2265 1468 2313 1531 §⁷-

192 1547 270 1594 bos
296 1549 516 1606 dim’tum5
570 1548 624 1594 ln·
646 1549 764 1595 enim
791 1563 892 1594 cam
928 1548 1138 1594 mendaci
1164 1549 1256 1594 vita
1289 1548 1528 1594 coniuncti
1561 1554 1686 1593 sunt.
1767 1543 1893 1593 Tum
1925 1543 2017 1593 alio
2047 1542 2094 1592 in
2118 1522 2349 1593 ?‘⁹V‘²³'3‘

191 1629 298 1679 loco
330 1629 562 1679 eiusmodi
590 1630 754 1697 quales
787 1629 988 1697 appositi
1021 1628 1195 1678 suerint
1226 1628 1436 1679 vicissim
1466 1629 1820 1696 praeparandos
1849 1629 2093 1690 admouet,

193 1716 327 1777 Quod
350 1717 397 1762 si
418 1715 697 1763 insatiabilis
730 1732 804 1773 es,
862 1715 990 1762 illias
1017 1714 1142 1762 cibos
1172 1731 1230 1762 nc
1262 1716 1576 1777 concupiscas.
1657 1710 1762 1779 Qua
1792 1713 1838 1762 in
1871 1730 1923 1762 re
1953 1729 2094 1780 prae-
2147 1733 2239 1767 Dan.
2265 1733 2295 1767 1.

190 1797 368 1847 claram
404 1798 536 1866 pueri
577 1797 642 1847 illi
679 1795 925 1863 Babylone
965 1797 1166 1864 gloriam
1211 1796 1369 1865 adepti
1408 1806 1521 1846 sunt
1557 1797 1634 1864 qui
1678 1797 1923 1865 repudiata
1967 1797 2097 1863 regis

191 1898 355 1931 mensa
388 1881 647 1948 exquisitis
675 1881 812 1932 huius
837 1881 988 1949 epulis
1016 1880 1252 1947 legumina
1283 1881 1610 1948 praetulerunt
1640 1899 1695 1931 ac
1722 1882 1911 1931 divitias
1938 1881 2098 1948 splen-

187 1964 446 2032 doremque
482 1974 892 2034 contempserunt.
969 1964 1076 2015 Nec
1104 1966 1244 2015 aliter
1272 1962 1506 2033 Moyses,
1546 1965 1623 2032 qui
1654 1965 1825 2015 vexari
1853 1964 2089 2032 affligique
2136 1978 2249 2013 Exod.
2272 1980 2309 2013 2.

185 2066 290 2098 cum
321 2049 492 2117 populo
521 2048 595 2099 dei
622 2067 758 2117 quam
792 2048 1107 2117 Aegyptiacis
1140 2050 1378 2099 thesauris
1406 2050 1585 2118 perfrui
1624 2049 1809 2098 maluit.
1865 2047 1959 2116 Qui
1988 2020 2346 2114 qni-Hebr'u’n‘

186 2133 291 2182 dem
325 2133 432 2183 dum
459 2132 560 2183 suis
590 2134 693 2202 ipse
725 2134 941 2184 manibus
973 2151 1090 2200 opus
1119 2142 1350 2197 exercet,
1391 2133 1619 2201 propheta
1651 2135 1802 2183 factus
1837 2142 1929 2183 est.
2007 2131 2093 2183 llle

187 2216 312 2267 enim
347 2217 450 2285 ipse
494 2217 667 2267 nobilis
705 2227 752 2268 et
781 2236 803 2267 a
843 2217 931 2267 lilia
973 2218 1100 2284 regis
1127 2218 1409 2286 adoptatus,
1468 2228 1603 2267 utne
1632 2219 1816 2268 otiosus
1856 2234 1978 2285 pane
2010 2234 2094 2268 ve-

186 2309 430 2360 sceretur,
490 2301 634 2369 opilio
676 2302 967 2353 constitutus
1010 2311 1102 2351 est.
1180 2300 1309 2351 Idem
1353 2311 1400 2351 et
1438 2311 1574 2371 pater
1613 2310 1779 2352 noster
1819 2300 1962 2351 Iacob
2003 2318 2093 2351 nos

191 2385 381 2445 docuit,
436 2403 540 2434 cum
572 2383 823 2436 Labanum
856 2386 1135 2453 alloquens,
1188 2389 1259 2434 Da
1285 2390 1421 2446 milei,
1475 2386 1657 2454 inquit,
1710 2390 1861 2451 operis
1892 2389 2087 2451 aliquid,
2137 2401 2303 2436 Gamzo.

183 2473 427 2534 propriam
459 2479 512 2518 at
536 2473 703 2519 victam
745 2488 957 2519 meream.
1036 2467 1174 2521 Unde
1206 2478 1252 2519 et
1285 2488 1311 2519 a
1343 2488 1516 2521 socero
1551 2471 1708 2521 ovium
1742 2471 1903 2520 itidem
1932 2471 2093 2538 gregi-

189 2552 274 2602 bus
320 2553 611 2620 praeficitur.
690 2551 826 2620 Quae
859 2553 1038 2604 idcirco
1074 2555 1196 2604 facta
1231 2563 1342 2604 sunt
1370 2554 1525 2605 onmia
1547 2594 1560 2619 ,
1603 2573 1662 2604 ne
1688 2556 1840 2605 sancti
1875 2554 2092 2605 homines

187 2653 356 2705 panem
402 2636 542 2687 otiosi
591 2639 914 2687 comederent.
1003 2638 1253 2706 Apostolis
1298 2657 1416 2688 vero
1469 2657 1496 2689 a
1546 2639 1737 2689 domino
1788 2647 2093 2707 praeceptum

187 2722 311 2772 istud
345 2730 420 2771 est
460 2730 510 2771 ut
545 2720 691 2771 divini
731 2722 863 2771 verbi
908 2723 1264 2790 praedicatione
1309 2724 1522 2773 contenti
1557 2732 1749 2787 essent,
1805 2741 1864 2773 ne
1895 2740 1959 2773 ex
1989 2723 2094 2773 aliis

186 2804 302 2855 alias
339 2804 387 2855 in
418 2805 562 2877 urbes
591 2823 647 2855 ac
678 2805 781 2855 loca
820 2806 1125 2873 praedicandi
1155 2824 1324 2857 caussa
1351 2808 1614 2876 migrantes
1646 2809 1791 2859 variis
1822 2808 1965 2858 rebus
1998 2808 2092 2858 dis-

191 2889 520 2939 traherentur.
596 2893 780 2953 Dignus
823 2901 894 2938 est
929 2895 1045 2939 enim
1084 2896 1325 2955 operarias
1365 2896 1569 2942 mercede
1596 2911 1714 2952 saa,·
1774 2902 1850 2955 et,
1905 2893 2090 2956 Safficil
2152 2904 2291 2940 Matth.

187 2978 399 3040 operario
441 2977 704 3023 alimentum
753 2991 900 3022 saum.
996 2971 1151 3039 Quam
1201 2976 1399 3025 eandem
1445 2977 1504 3026 ob
1548 2994 1765 3026 caussam
1814 2976 2085 3043 pastoribus
2108 2949 2318 3043 [aglgfflltiifi.

190 3077 273 3127 pro
313 3058 578 3108 incredibili
625 3058 834 3125 ipsorum
882 3059 927 3106 in
968 3058 1292 3124 gubernandis
1343 3060 1529 3128 populis
1582 3059 1894 3128 occupatione
1945 3068 2087 3127 atque
2108 3032 2341 3076 1.11m.t‚‚e.

187 3142 515 3193 ecclesiastica
548 3142 885 3210 procuratione
922 3142 1379 3210 administrandique
1416 3145 1578 3194 labore
1611 3153 1841 3212 perpetuo
1877 3144 2088 3194 divinum

188 3228 277 3276 hoc
304 3227 546 3277 oraculum
578 3226 748 3275 edicit:
810 3228 921 3287 Quis
953 3244 1145 3289 gregem
1169 3231 1352 3290 pascit,
1407 3238 1453 3276 et
1484 3232 1612 3277 illias
1645 3232 1764 3277 lacte
1791 3247 1881 3277 non
1907 3232 2224 3278 alz'tar?1.00r.
2239 3244 2272 3287 9,
2286 3244 2318 3277 τ.

191 3314 302 3374 Quis
325 3314 516 3375 plantat
539 3314 711 3359 vineam
730 3348 742 3369 ‚
785 3321 833 3358 ct
855 3313 953 3357 cias
977 3311 1141 3374 fracta
1171 3328 1261 3359 non
1291 3315 1527 3360 vescitur?
1601 3310 1787 3362 Deinde
1805 3351 1817 3375 ,
1872 3316 2083 3376 Operam,

187 3394 369 3462 inquit,
422 3404 661 3443 novantem
691 3396 946 3458 agricolam
978 3403 1084 3441 ante
1120 3412 1271 3442 omnes
1297 3413 1389 3459 par
1418 3405 1489 3443 est
1509 3399 1697 3461 fractas
1727 3400 1889 3456 edere,·
1945 3406 1998 3447 ut
2027 3414 2087 3447 ne

188 3479 553 3546 presbyterum,
613 3479 688 3528 vel
730 3480 1003 3546 episcopum
1038 3477 1313 3543 quotidiano
1348 3479 1455 3529 cibo
1483 3480 1773 3546 indigentem
1803 3479 2083 3532 constituat.

190 3558 266 3612 Ob
295 3561 339 3610 id
369 3562 564 3629 populos
595 3563 897 3623 adhortatur,
943 3570 991 3609 ut
1019 3578 1140 3627 quae
1176 3562 1231 3610 ad
1263 3562 1460 3612 alendos
1490 3564 1767 3614 sacerdotes
1807 3565 2087 3616 necessaria

188 3653 298 3695 sunt
330 3645 604 3695 iustissimis
637 3646 736 3695 suis
778 3646 1019 3696 laboribus
1056 3644 1270 3711 quaesita
1305 3647 1635 3714 suppeditent,
1697 3648 1957 3701 offerendis
1990 3649 2086 3718 pri-

242 3756 335 3795 CAP.
370 3756 416 3795 V.
465 3780 515 3787 —-
591 3757 620 3797 1.
669 3753 786 3810 λόγον
825 3758 1107 3798 rescribendum
1134 3769 1211 3798 esse
1239 3760 1336 3799 vidit
1366 3761 1562 3801 Petavz‘as.
