<?xml version="1.0" encoding="UTF-8"?>
<!DOCTYPE html PUBLIC "-//W3C//DTD XHTML 1.0 Transitional//EN"
    "http://www.w3.org/TR/xhtml1/DTD/xhtml1-transitional.dtd">
<html xmlns="http://www.w3.org/1999/xhtml" xml:lang="en" lang="en">
 <head>
  <title>
</title>
<meta http-equiv="Content-Type" content="text/html;charset=utf-8" />
  <meta name='ocr-system' content='tesseract 3.04.00' />
  <meta name='ocr-capabilities' content='ocr_page ocr_carea ocr_par ocr_line ocrx_word'/>
</head>
<body>
  <div class='ocr_page' id='page_1' title='image "./pt3corporishaere02epipuoft_0754.png"; bbox 0 0 2508 4134; ppageno 0'>
   <div class='ocr_carea' id='block_1_1' title="bbox 1364 673 1476 737">
    <p class='ocr_par' dir='ltr' id='par_1_1' title="bbox 1364 673 1476 737">
     <span class='ocr_line' id='line_1_1' title="bbox 1364 673 1476 737; baseline -0.009 0"><span class='ocrx_word' id='word_1_1' title='bbox 1364 673 1476 737; x_wconf 85' lang='lat'><strong>111.</strong></span> 
     </span>
    </p>
   </div>
   <div class='ocr_carea' id='block_1_2' title="bbox 910 871 1937 944">
    <p class='ocr_par' dir='ltr' id='par_1_2' title="bbox 910 871 1937 944">
     <span class='ocr_line' id='line_1_2' title="bbox 910 871 1937 944; baseline 0.001 -3"><span class='ocrx_word' id='word_1_2' title='bbox 910 872 1352 944; x_wconf 89' lang='lat' dir='ltr'>INDEX</span> <span class='ocrx_word' id='word_1_3' title='bbox 1438 871 1937 944; x_wconf 84' lang='lat' dir='ltr'>RERUM.</span> 
     </span>
    </p>
   </div>
   <div class='ocr_carea' id='block_1_3' title="bbox 802 1026 2053 1082">
    <p class='ocr_par' dir='ltr' id='par_1_3' title="bbox 802 1026 2053 1082">
     <span class='ocr_line' id='line_1_3' title="bbox 802 1026 2053 1082; baseline -0.004 -10"><span class='ocrx_word' id='word_1_4' title='bbox 802 1033 982 1082; x_wconf 59' lang='lat' dir='ltr'>(sunem</span> <span class='ocrx_word' id='word_1_5' title='bbox 1011 1039 1200 1071; x_wconf 59' lang='lat' dir='ltr'>apposni</span> <span class='ocrx_word' id='word_1_6' title='bbox 1232 1041 1499 1071; x_wconf 61' lang='lat' dir='ltr'>Slcmrlcsnr</span> <span class='ocrx_word' id='word_1_7' title='bbox 1527 1039 1706 1070; x_wconf 70' lang='lat' dir='ltr'>PAGINAS</span> <span class='ocrx_word' id='word_1_8' title='bbox 1737 1040 1848 1070; x_wconf 78' lang='lat' dir='ltr'><strong>EDIT.</strong></span> <span class='ocrx_word' id='word_1_9' title='bbox 1879 1026 2053 1081; x_wconf 72' lang='lat' dir='ltr'><strong>PETAv.)</strong></span> 
     </span>
    </p>
   </div>
   <div class='ocr_carea' id='block_1_4' title="bbox 463 1273 1403 3594">
    <p class='ocr_par' dir='ltr' id='par_1_4' title="bbox 912 1273 957 1314">
     <span class='ocr_line' id='line_1_4' title="bbox 912 1273 957 1314; baseline 0.067 -3"><span class='ocrx_word' id='word_1_10' title='bbox 912 1273 957 1314; x_wconf 76' lang='lat' dir='ltr'>A.</span> 
     </span>
    </p>

    <p class='ocr_par' dir='ltr' id='par_1_5' title="bbox 463 1339 1313 1397">
     <span class='ocr_line' id='line_1_5' title="bbox 463 1339 1313 1397; baseline -0.002 -12"><span class='ocrx_word' id='word_1_11' title='bbox 463 1342 656 1385; x_wconf 80' lang='lat' dir='ltr'>Abraami</span> <span class='ocrx_word' id='word_1_12' title='bbox 687 1341 870 1384; x_wconf 80' lang='lat' dir='ltr'>excelsus</span> <span class='ocrx_word' id='word_1_13' title='bbox 900 1340 1031 1397; x_wconf 88' lang='lat' dir='ltr'>qualis</span> <span class='ocrx_word' id='word_1_14' title='bbox 1061 1339 1188 1382; x_wconf 83' lang='lat' dir='ltr'>suerit</span> <span class='ocrx_word' id='word_1_15' title='bbox 1216 1344 1313 1383; x_wconf 87' lang='lat'><strong>409.</strong></span> 
     </span>
    </p>

    <p class='ocr_par' dir='ltr' id='par_1_6' title="bbox 463 1411 1399 1468">
     <span class='ocr_line' id='line_1_6' title="bbox 463 1411 1399 1468; baseline -0.002 -13"><span class='ocrx_word' id='word_1_16' title='bbox 463 1413 639 1455; x_wconf 81' lang='lat' dir='ltr'>Abraam</span> <span class='ocrx_word' id='word_1_17' title='bbox 662 1412 842 1468; x_wconf 84' lang='lat' dir='ltr'>aequalis</span> <span class='ocrx_word' id='word_1_18' title='bbox 869 1411 979 1453; x_wconf 89' lang='lat' dir='ltr'>Nino</span> <span class='ocrx_word' id='word_1_19' title='bbox 1010 1427 1059 1454; x_wconf 89' lang='lat' dir='ltr'>ac</span> <span class='ocrx_word' id='word_1_20' title='bbox 1085 1411 1341 1454; x_wconf 85' lang='lat' dir='ltr'>Semiramidi</span> <span class='ocrx_word' id='word_1_21' title='bbox 1362 1415 1399 1453; x_wconf 88' lang='lat'>8.</span> 
     </span>
    </p>

    <p class='ocr_par' dir='ltr' id='par_1_7' title="bbox 466 1483 919 1526">
     <span class='ocr_line' id='line_1_7' title="bbox 466 1483 919 1526; baseline -0.007 0"><span class='ocrx_word' id='word_1_22' title='bbox 466 1483 656 1526; x_wconf 77' lang='lat' dir='ltr'>Abraami</span> <span class='ocrx_word' id='word_1_23' title='bbox 689 1483 852 1525; x_wconf 79' lang='lat' dir='ltr'>vocatio</span> <span class='ocrx_word' id='word_1_24' title='bbox 880 1485 919 1523; x_wconf 87' lang='grc'>9.</span> 
     </span>
    </p>

    <p class='ocr_par' dir='ltr' id='par_1_8' title="bbox 463 1553 1242 1609">
     <span class='ocr_line' id='line_1_8' title="bbox 463 1553 1242 1609; baseline -0.003 -12"><span class='ocrx_word' id='word_1_25' title='bbox 463 1555 691 1597; x_wconf 77' lang='lat' dir='ltr'>Abraamus</span> <span class='ocrx_word' id='word_1_26' title='bbox 724 1553 964 1595; x_wconf 83' lang='lat' dir='ltr'>ludaeorum</span> <span class='ocrx_word' id='word_1_27' title='bbox 996 1567 1145 1609; x_wconf 82' lang='lat' dir='ltr'>parens</span> <span class='ocrx_word' id='word_1_28' title='bbox 1176 1557 1242 1595; x_wconf 89' lang='lat'>17.</span> 
     </span>
    </p>

    <p class='ocr_par' dir='ltr' id='par_1_9' title="bbox 465 1624 1003 1668">
     <span class='ocr_line' id='line_1_9' title="bbox 465 1624 1003 1668; baseline 0 -1"><span class='ocrx_word' id='word_1_29' title='bbox 465 1625 658 1668; x_wconf 83' lang='lat' dir='ltr'>Abraami</span> <span class='ocrx_word' id='word_1_30' title='bbox 689 1633 787 1667; x_wconf 92' lang='lat' dir='ltr'>octo</span> <span class='ocrx_word' id='word_1_31' title='bbox 817 1624 935 1666; x_wconf 87' lang='lat' dir='ltr'>liberi</span> <span class='ocrx_word' id='word_1_32' title='bbox 966 1627 1003 1667; x_wconf 89' lang='lat'>9.</span> 
     </span>
    </p>

    <p class='ocr_par' dir='ltr' id='par_1_10' title="bbox 464 1695 1401 1809">
     <span class='ocr_line' id='line_1_10' title="bbox 464 1695 1401 1738; baseline 0 0"><span class='ocrx_word' id='word_1_33' title='bbox 464 1696 727 1738; x_wconf 70' lang='lat' dir='ltr'>Abi-aamitae</span> <span class='ocrx_word' id='word_1_34' title='bbox 756 1711 780 1737; x_wconf 82' lang='lat' dir='ltr'>a</span> <span class='ocrx_word' id='word_1_35' title='bbox 810 1695 1046 1737; x_wconf 73' lang='lat' dir='ltr'>patriarcha</span> <span class='ocrx_word' id='word_1_36' title='bbox 1086 1695 1265 1737; x_wconf 85' lang='lat' dir='ltr'>Abraam</span> <span class='ocrx_word' id='word_1_37' title='bbox 1300 1695 1401 1738; x_wconf 85' lang='lat' dir='ltr'>dicti</span> 
     </span>
     <span class='ocr_line' id='line_1_11' title="bbox 521 1767 823 1809; baseline -0.007 0"><span class='ocrx_word' id='word_1_38' title='bbox 521 1767 749 1809; x_wconf 82' lang='lat' dir='ltr'>circumcisi</span> <span class='ocrx_word' id='word_1_39' title='bbox 786 1770 823 1807; x_wconf 89' lang='grc'>9.</span> 
     </span>
    </p>

    <p class='ocr_par' dir='ltr' id='par_1_11' title="bbox 465 1836 1400 1961">
     <span class='ocr_line' id='line_1_12' title="bbox 465 1836 1400 1881; baseline -0.002 0"><span class='ocrx_word' id='word_1_40' title='bbox 465 1838 727 1881; x_wconf 75' lang='lat' dir='ltr'>Abraamitae</span> <span class='ocrx_word' id='word_1_41' title='bbox 757 1846 801 1879; x_wconf 87' lang='lat' dir='ltr'>et</span> <span class='ocrx_word' id='word_1_42' title='bbox 835 1836 1019 1880; x_wconf 82' lang='lat' dir='ltr'>lsacidae</span> <span class='ocrx_word' id='word_1_43' title='bbox 1059 1836 1161 1880; x_wconf 85' lang='lat' dir='ltr'>dicti</span> <span class='ocrx_word' id='word_1_44' title='bbox 1204 1837 1292 1879; x_wconf 82' lang='lat' dir='ltr'>veri</span> <span class='ocrx_word' id='word_1_45' title='bbox 1334 1837 1400 1879; x_wconf 87' lang='lat' dir='ltr'>dei</span> 
     </span>
     <span class='ocr_line' id='line_1_13' title="bbox 522 1910 1049 1961; baseline -0.008 -10"><span class='ocrx_word' id='word_1_46' title='bbox 522 1910 700 1951; x_wconf 91' lang='lat' dir='ltr'>cultores</span> <span class='ocrx_word' id='word_1_47' title='bbox 732 1912 769 1949; x_wconf 90' lang='lat'>9.</span> <span class='ocrx_word' id='word_1_48' title='bbox 1047 1959 1049 1961; x_wconf 17' lang='grc' dir='ltr'><strong><em>ι</em></strong></span> 
     </span>
    </p>

    <p class='ocr_par' dir='ltr' id='par_1_12' title="bbox 464 1978 1402 2163">
     <span class='ocr_line' id='line_1_14' title="bbox 464 1978 1401 2035; baseline -0.001 -13"><span class='ocrx_word' id='word_1_49' title='bbox 464 1980 690 2022; x_wconf 82' lang='lat' dir='ltr'>Abraamus</span> <span class='ocrx_word' id='word_1_50' title='bbox 717 1978 985 2035; x_wconf 78' lang='lat' dir='ltr'>nonagesimo</span> <span class='ocrx_word' id='word_1_51' title='bbox 1009 1994 1118 2021; x_wconf 87' lang='lat' dir='ltr'>anno</span> <span class='ocrx_word' id='word_1_52' title='bbox 1146 1980 1294 2021; x_wconf 84' lang='lat' dir='ltr'>aetatis</span> <span class='ocrx_word' id='word_1_53' title='bbox 1325 1980 1401 2022; x_wconf 88' lang='lat' dir='ltr'>cir·</span> 
     </span>
     <span class='ocr_line' id='line_1_15' title="bbox 522 2050 1402 2102; baseline 0.001 -10"><span class='ocrx_word' id='word_1_54' title='bbox 522 2051 749 2102; x_wconf 80' lang='lat' dir='ltr'>cumeisus,</span> <span class='ocrx_word' id='word_1_55' title='bbox 795 2053 958 2092; x_wconf 70' lang='lat' dir='ltr'>isaacus</span> <span class='ocrx_word' id='word_1_56' title='bbox 1002 2050 1087 2092; x_wconf 89' lang='lat' dir='ltr'>eius</span> <span class='ocrx_word' id='word_1_57' title='bbox 1116 2050 1221 2092; x_wconf 87' lang='lat' dir='ltr'>filius</span> <span class='ocrx_word' id='word_1_58' title='bbox 1252 2059 1402 2093; x_wconf 86' lang='lat' dir='ltr'>octavo</span> 
     </span>
     <span class='ocr_line' id='line_1_16' title="bbox 520 2122 950 2163; baseline 0 0"><span class='ocrx_word' id='word_1_59' title='bbox 520 2122 749 2163; x_wconf 80' lang='lat' dir='ltr'>nativitatis</span> <span class='ocrx_word' id='word_1_60' title='bbox 782 2122 849 2163; x_wconf 81' lang='lat' dir='ltr'>die</span> <span class='ocrx_word' id='word_1_61' title='bbox 882 2125 950 2163; x_wconf 79' lang='grc'><strong>17.</strong></span> 
     </span>
    </p>

    <p class='ocr_par' dir='ltr' id='par_1_13' title="bbox 464 2192 1403 2305">
     <span class='ocr_line' id='line_1_17' title="bbox 464 2192 1403 2249; baseline 0 -14"><span class='ocrx_word' id='word_1_62' title='bbox 464 2192 728 2236; x_wconf 80' lang='lat' dir='ltr'><strong>Abrotonum</strong></span> <span class='ocrx_word' id='word_1_63' title='bbox 786 2193 904 2248; x_wconf 84' lang='lat' dir='ltr'>fugat</span> <span class='ocrx_word' id='word_1_64' title='bbox 951 2208 1111 2235; x_wconf 88' lang='lat' dir='ltr'>venena</span> <span class='ocrx_word' id='word_1_65' title='bbox 1164 2202 1403 2249; x_wconf 83' lang='lat' dir='ltr'><strong>serpentum</strong></span> 
     </span>
     <span class='ocr_line' id='line_1_18' title="bbox 519 2266 617 2305; baseline 0 0"><span class='ocrx_word' id='word_1_66' title='bbox 519 2266 617 2305; x_wconf 86' lang='grc'><strong>423.</strong></span> 
     </span>
    </p>

    <p class='ocr_par' dir='ltr' id='par_1_14' title="bbox 466 2334 1403 2449">
     <span class='ocr_line' id='line_1_19' title="bbox 466 2334 1403 2392; baseline -0.001 -14"><span class='ocrx_word' id='word_1_67' title='bbox 466 2335 639 2378; x_wconf 81' lang='lat' dir='ltr'>Aeacius</span> <span class='ocrx_word' id='word_1_68' title='bbox 680 2342 724 2377; x_wconf 86' lang='lat' dir='ltr'>et</span> <span class='ocrx_word' id='word_1_69' title='bbox 764 2334 913 2377; x_wconf 88' lang='lat' dir='ltr'>Paulus</span> <span class='ocrx_word' id='word_1_70' title='bbox 955 2335 1141 2391; x_wconf 74' lang='lat' dir='ltr'>collegae</span> <span class='ocrx_word' id='word_1_71' title='bbox 1183 2335 1403 2392; x_wconf 87' lang='lat' dir='ltr'>Epiphanii</span> 
     </span>
     <span class='ocr_line' id='line_1_20' title="bbox 519 2405 1078 2449; baseline 0.004 -2"><span class='ocrx_word' id='word_1_72' title='bbox 519 2406 561 2447; x_wconf 90' lang='lat' dir='ltr'>in</span> <span class='ocrx_word' id='word_1_73' title='bbox 593 2406 736 2448; x_wconf 81' lang='lat' dir='ltr'>officio</span> <span class='ocrx_word' id='word_1_74' title='bbox 767 2405 1014 2448; x_wconf 79' lang='lat' dir='ltr'>sacerdotali</span> <span class='ocrx_word' id='word_1_75' title='bbox 1039 2411 1078 2449; x_wconf 85' lang='lat'><strong>3.</strong></span> 
     </span>
    </p>

    <p class='ocr_par' dir='ltr' id='par_1_15' title="bbox 465 2477 1403 3156">
     <span class='ocr_line' id='line_1_21' title="bbox 465 2477 1402 2533; baseline -0.001 -14"><span class='ocrx_word' id='word_1_76' title='bbox 465 2477 605 2519; x_wconf 86' lang='lat' dir='ltr'>Aeacii</span> <span class='ocrx_word' id='word_1_77' title='bbox 635 2486 678 2518; x_wconf 81' lang='lat' dir='ltr'>et</span> <span class='ocrx_word' id='word_1_78' title='bbox 707 2485 961 2518; x_wconf 82' lang='lat' dir='ltr'>sectatorum</span> <span class='ocrx_word' id='word_1_79' title='bbox 992 2478 1075 2518; x_wconf 87' lang='lat' dir='ltr'>eius</span> <span class='ocrx_word' id='word_1_80' title='bbox 1107 2477 1200 2518; x_wconf 84' lang='lat' dir='ltr'>fidei</span> <span class='ocrx_word' id='word_1_81' title='bbox 1233 2477 1402 2533; x_wconf 82' lang='lat' dir='ltr'>profes—</span> 
     </span>
     <span class='ocr_line' id='line_1_22' title="bbox 521 2547 1403 2591; baseline -0.001 -2"><span class='ocrx_word' id='word_1_82' title='bbox 521 2548 583 2589; x_wconf 89' lang='lat' dir='ltr'>sio</span> <span class='ocrx_word' id='word_1_83' title='bbox 610 2547 801 2588; x_wconf 88' lang='lat' dir='ltr'>simulata</span> <span class='ocrx_word' id='word_1_84' title='bbox 827 2552 923 2591; x_wconf 90' lang='lat'><strong>871.</strong></span> <span class='ocrx_word' id='word_1_85' title='bbox 954 2572 1007 2578; x_wconf 93' lang='lat'>——</span> <span class='ocrx_word' id='word_1_86' title='bbox 1063 2548 1165 2588; x_wconf 86' lang='lat' dir='ltr'>item</span> <span class='ocrx_word' id='word_1_87' title='bbox 1191 2547 1272 2588; x_wconf 84' lang='lat' dir='ltr'>alia</span> <span class='ocrx_word' id='word_1_88' title='bbox 1307 2547 1403 2588; x_wconf 89' lang='lat' dir='ltr'>fidei</span> 
     </span>
     <span class='ocr_line' id='line_1_23' title="bbox 524 2618 1403 2675; baseline 0 -16"><span class='ocrx_word' id='word_1_89' title='bbox 524 2618 732 2675; x_wconf 79' lang='lat' dir='ltr'><strong>professio</strong></span> <span class='ocrx_word' id='word_1_90' title='bbox 780 2618 821 2658; x_wconf 91' lang='lat' dir='ltr'>in</span> <span class='ocrx_word' id='word_1_91' title='bbox 852 2618 1125 2660; x_wconf 86' lang='lat' dir='ltr'>conciliabulo</span> <span class='ocrx_word' id='word_1_92' title='bbox 1157 2618 1403 2659; x_wconf 86' lang='lat' dir='ltr'>Seleuciensi</span> 
     </span>
     <span class='ocr_line' id='line_1_24' title="bbox 519 2689 1401 2744; baseline -0.002 -13"><span class='ocrx_word' id='word_1_93' title='bbox 519 2690 662 2732; x_wconf 84' lang='lat' dir='ltr'>habita</span> <span class='ocrx_word' id='word_1_94' title='bbox 690 2691 785 2730; x_wconf 89' lang='grc'><strong>872.</strong></span> <span class='ocrx_word' id='word_1_95' title='bbox 805 2712 860 2721; x_wconf 90' lang='lat'>—-</span> <span class='ocrx_word' id='word_1_96' title='bbox 887 2689 931 2729; x_wconf 88' lang='lat' dir='ltr'>in</span> <span class='ocrx_word' id='word_1_97' title='bbox 956 2703 1038 2744; x_wconf 90' lang='lat' dir='ltr'>quo</span> <span class='ocrx_word' id='word_1_98' title='bbox 1066 2704 1148 2730; x_wconf 87' lang='lat' dir='ltr'>vox</span> <span class='ocrx_word' id='word_1_99' title='bbox 1180 2689 1401 2740; x_wconf 75' lang='lat' dir='ltr'>homousii,</span> 
     </span>
     <span class='ocr_line' id='line_1_25' title="bbox 520 2759 1402 2802; baseline -0.001 -1"><span class='ocrx_word' id='word_1_100' title='bbox 520 2760 565 2802; x_wconf 89' lang='lat' dir='ltr'>id</span> <span class='ocrx_word' id='word_1_101' title='bbox 589 2768 652 2801; x_wconf 85' lang='lat' dir='ltr'>est</span> <span class='ocrx_word' id='word_1_102' title='bbox 677 2759 1036 2801; x_wconf 85' lang='lat' dir='ltr'>consubstantialis</span> <span class='ocrx_word' id='word_1_103' title='bbox 1058 2760 1218 2801; x_wconf 86' lang='lat' dir='ltr'>sublata</span> <span class='ocrx_word' id='word_1_104' title='bbox 1236 2764 1330 2802; x_wconf 88' lang='lat'><strong>873.</strong></span> <span class='ocrx_word' id='word_1_105' title='bbox 1347 2785 1402 2792; x_wconf 89' lang='lat'><strong>—</strong></span> 
     </span>
     <span class='ocr_line' id='line_1_26' title="bbox 523 2829 1400 2888; baseline 0.002 -16"><span class='ocrx_word' id='word_1_106' title='bbox 523 2839 623 2888; x_wconf 87' lang='lat' dir='ltr'>quot</span> <span class='ocrx_word' id='word_1_107' title='bbox 664 2838 707 2871; x_wconf 88' lang='lat' dir='ltr'>et</span> <span class='ocrx_word' id='word_1_108' title='bbox 751 2830 821 2886; x_wconf 87' lang='lat' dir='ltr'>qui</span> <span class='ocrx_word' id='word_1_109' title='bbox 861 2829 1047 2886; x_wconf 88' lang='lat' dir='ltr'>episcopi</span> <span class='ocrx_word' id='word_1_110' title='bbox 1084 2831 1180 2872; x_wconf 90' lang='lat' dir='ltr'>huic</span> <span class='ocrx_word' id='word_1_111' title='bbox 1224 2832 1400 2874; x_wconf 90' lang='lat' dir='ltr'>concilio</span> 
     </span>
     <span class='ocr_line' id='line_1_27' title="bbox 520 2901 1400 2957; baseline 0 -13"><span class='ocrx_word' id='word_1_112' title='bbox 520 2901 837 2957; x_wconf 75' lang='lat' dir='ltr'>subscripserint</span> <span class='ocrx_word' id='word_1_113' title='bbox 878 2904 970 2942; x_wconf 87' lang='grc'><strong>874.</strong></span> <span class='ocrx_word' id='word_1_114' title='bbox 1003 2925 1053 2932; x_wconf 92' lang='grc'>-</span> <span class='ocrx_word' id='word_1_115' title='bbox 1133 2903 1400 2957; x_wconf 75' lang='lat' dir='ltr'>expositionis</span> 
     </span>
     <span class='ocr_line' id='line_1_28' title="bbox 522 2971 1400 3028; baseline 0.002 -14"><span class='ocrx_word' id='word_1_116' title='bbox 522 2982 565 3014; x_wconf 91' lang='lat' dir='ltr'>et</span> <span class='ocrx_word' id='word_1_117' title='bbox 612 2971 885 3028; x_wconf 76' lang='lat' dir='ltr'>professionis</span> <span class='ocrx_word' id='word_1_118' title='bbox 937 2971 1050 3013; x_wconf 89' lang='lat' dir='ltr'>istius</span> <span class='ocrx_word' id='word_1_119' title='bbox 1093 2972 1240 3015; x_wconf 87' lang='lat' dir='ltr'>callida</span> <span class='ocrx_word' id='word_1_120' title='bbox 1294 2975 1400 3016; x_wconf 83' lang='lat' dir='ltr'>ratio</span> 
     </span>
     <span class='ocr_line' id='line_1_29' title="bbox 522 3041 1399 3088; baseline 0.002 -2"><span class='ocrx_word' id='word_1_121' title='bbox 522 3047 616 3086; x_wconf 88' lang='lat'><strong>875.</strong></span> <span class='ocrx_word' id='word_1_122' title='bbox 647 3067 702 3075; x_wconf 91' lang='lat'>—</span> <span class='ocrx_word' id='word_1_123' title='bbox 760 3041 908 3085; x_wconf 87' lang='lat' dir='ltr'>divisio</span> <span class='ocrx_word' id='word_1_124' title='bbox 932 3042 1095 3086; x_wconf 80' lang='lat' dir='ltr'>trifaria</span> <span class='ocrx_word' id='word_1_125' title='bbox 1118 3053 1256 3087; x_wconf 88' lang='lat' dir='ltr'>sectae</span> <span class='ocrx_word' id='word_1_126' title='bbox 1278 3046 1399 3088; x_wconf 81' lang='lat' dir='ltr'>Aria-</span> 
     </span>
     <span class='ocr_line' id='line_1_30' title="bbox 519 3113 792 3156; baseline -0.015 1"><span class='ocrx_word' id='word_1_127' title='bbox 519 3129 665 3156; x_wconf 85' lang='lat' dir='ltr'>norum</span> <span class='ocrx_word' id='word_1_128' title='bbox 690 3113 792 3154; x_wconf 92' lang='lat' dir='ltr'>ibid.</span> 
     </span>
    </p>

    <p class='ocr_par' dir='ltr' id='par_1_16' title="bbox 465 3183 848 3230">
     <span class='ocr_line' id='line_1_31' title="bbox 465 3183 848 3230; baseline -0.008 -1"><span class='ocrx_word' id='word_1_129' title='bbox 465 3187 570 3230; x_wconf 80' lang='lat' dir='ltr'>Acta</span> <span class='ocrx_word' id='word_1_130' title='bbox 603 3183 720 3226; x_wconf 78' lang='lat' dir='ltr'>Pilati</span> <span class='ocrx_word' id='word_1_131' title='bbox 749 3187 848 3226; x_wconf 84' lang='lat'><strong>420.</strong></span> 
     </span>
    </p>

    <p class='ocr_par' dir='ltr' id='par_1_17' title="bbox 466 3254 1202 3311">
     <span class='ocr_line' id='line_1_32' title="bbox 466 3254 1202 3311; baseline 0 -12"><span class='ocrx_word' id='word_1_132' title='bbox 466 3255 613 3299; x_wconf 81' lang='lat' dir='ltr'>Adami</span> <span class='ocrx_word' id='word_1_133' title='bbox 642 3264 746 3311; x_wconf 84' lang='lat' dir='ltr'>quot</span> <span class='ocrx_word' id='word_1_134' title='bbox 776 3254 932 3297; x_wconf 85' lang='lat' dir='ltr'>suerint</span> <span class='ocrx_word' id='word_1_135' title='bbox 959 3255 1077 3297; x_wconf 85' lang='lat' dir='ltr'>liberi</span> <span class='ocrx_word' id='word_1_136' title='bbox 1110 3261 1202 3299; x_wconf 89' lang='lat'><strong>787.</strong></span> 
     </span>
    </p>

    <p class='ocr_par' dir='ltr' id='par_1_18' title="bbox 467 3326 1285 3382">
     <span class='ocr_line' id='line_1_33' title="bbox 467 3326 1285 3382; baseline 0.002 -13"><span class='ocrx_word' id='word_1_137' title='bbox 467 3326 611 3369; x_wconf 79' lang='lat' dir='ltr'>Adami</span> <span class='ocrx_word' id='word_1_138' title='bbox 640 3335 754 3367; x_wconf 87' lang='lat' dir='ltr'>aetas</span> <span class='ocrx_word' id='word_1_139' title='bbox 785 3334 888 3382; x_wconf 89' lang='lat' dir='ltr'>quot</span> <span class='ocrx_word' id='word_1_140' title='bbox 917 3340 1114 3368; x_wconf 87' lang='lat' dir='ltr'>annorum</span> <span class='ocrx_word' id='word_1_141' title='bbox 1145 3329 1225 3381; x_wconf 77' lang='lat' dir='ltr'>suit</span> <span class='ocrx_word' id='word_1_142' title='bbox 1244 3333 1285 3372; x_wconf 91' lang='lat'>4.</span> 
     </span>
    </p>

    <p class='ocr_par' dir='ltr' id='par_1_19' title="bbox 465 3396 1398 3508">
     <span class='ocr_line' id='line_1_34' title="bbox 465 3396 1398 3454; baseline 0.004 -15"><span class='ocrx_word' id='word_1_143' title='bbox 465 3397 612 3439; x_wconf 85' lang='lat' dir='ltr'>Adami</span> <span class='ocrx_word' id='word_1_144' title='bbox 640 3396 759 3438; x_wconf 88' lang='lat' dir='ltr'>liberi</span> <span class='ocrx_word' id='word_1_145' title='bbox 788 3405 831 3438; x_wconf 86' lang='lat' dir='ltr'>et</span> <span class='ocrx_word' id='word_1_146' title='bbox 871 3406 1045 3454; x_wconf 83' lang='lat' dir='ltr'>nepotes</span> <span class='ocrx_word' id='word_1_147' title='bbox 1076 3399 1160 3440; x_wconf 84' lang='lat' dir='ltr'>eius</span> <span class='ocrx_word' id='word_1_148' title='bbox 1190 3415 1239 3442; x_wconf 82' lang='lat' dir='ltr'>ex</span> <span class='ocrx_word' id='word_1_149' title='bbox 1268 3401 1398 3443; x_wconf 83' lang='lat' dir='ltr'>Setho</span> 
     </span>
     <span class='ocr_line' id='line_1_35' title="bbox 519 3467 620 3508; baseline 0 0"><span class='ocrx_word' id='word_1_150' title='bbox 519 3467 620 3508; x_wconf 84' lang='lat' dir='ltr'><strong>ibid.</strong></span> 
     </span>
    </p>

    <p class='ocr_par' dir='ltr' id='par_1_20' title="bbox 466 3537 1397 3594">
     <span class='ocr_line' id='line_1_36' title="bbox 466 3537 1397 3594; baseline 0.003 -14"><span class='ocrx_word' id='word_1_151' title='bbox 466 3538 644 3581; x_wconf 73' lang='lat' dir='ltr'>Adamas</span> <span class='ocrx_word' id='word_1_152' title='bbox 684 3537 919 3594; x_wconf 87' lang='lat' dir='ltr'>designatus</span> <span class='ocrx_word' id='word_1_153' title='bbox 964 3554 1041 3594; x_wconf 88' lang='lat' dir='ltr'>per</span> <span class='ocrx_word' id='word_1_154' title='bbox 1078 3539 1286 3582; x_wconf 87' lang='lat' dir='ltr'>hominem</span> <span class='ocrx_word' id='word_1_155' title='bbox 1317 3541 1397 3583; x_wconf 89' lang='lat' dir='ltr'>de-</span> 
     </span>
    </p>
   </div>
   <div class='ocr_carea' id='block_1_5' title="bbox 521 3609 1395 3720">
    <p class='ocr_par' dir='ltr' id='par_1_21' title="bbox 521 3609 1395 3720">
     <span class='ocr_line' id='line_1_37' title="bbox 521 3609 1395 3654; baseline 0.005 -4"><span class='ocrx_word' id='word_1_156' title='bbox 521 3609 786 3651; x_wconf 82' lang='lat' dir='ltr'>scendentem</span> <span class='ocrx_word' id='word_1_157' title='bbox 815 3610 866 3651; x_wconf 87' lang='lat' dir='ltr'>ab</span> <span class='ocrx_word' id='word_1_158' title='bbox 889 3609 1146 3652; x_wconf 73' lang='lat' dir='ltr'>Hierusalem</span> <span class='ocrx_word' id='word_1_159' title='bbox 1174 3611 1216 3653; x_wconf 90' lang='lat' dir='ltr'>iu</span> <span class='ocrx_word' id='word_1_160' title='bbox 1237 3612 1395 3654; x_wconf 85' lang='lat' dir='ltr'>Iericho</span> 
     </span>
     <span class='ocr_line' id='line_1_38' title="bbox 525 3683 618 3720; baseline 0.011 -1"><span class='ocrx_word' id='word_1_161' title='bbox 525 3683 618 3720; x_wconf 84' lang='grc'><strong>394.</strong></span> 
     </span>
    </p>
   </div>
   <div class='ocr_carea' id='block_1_6' title="bbox 469 3748 1395 3795">
    <p class='ocr_par' dir='ltr' id='par_1_22' title="bbox 469 3748 1395 3795">
     <span class='ocr_line' id='line_1_39' title="bbox 469 3748 1395 3795; baseline 0.004 -5"><span class='ocrx_word' id='word_1_162' title='bbox 469 3748 615 3790; x_wconf 79' lang='lat' dir='ltr'>Adami</span> <span class='ocrx_word' id='word_1_163' title='bbox 655 3750 811 3792; x_wconf 77' lang='lat' dir='ltr'>creatio</span> <span class='ocrx_word' id='word_1_164' title='bbox 855 3750 907 3793; x_wconf 93' lang='lat' dir='ltr'>de</span> <span class='ocrx_word' id='word_1_165' title='bbox 948 3760 1057 3793; x_wconf 88' lang='lat' dir='ltr'>terra</span> <span class='ocrx_word' id='word_1_166' title='bbox 1096 3756 1135 3794; x_wconf 87' lang='lat'><strong>4.</strong></span> <span class='ocrx_word' id='word_1_167' title='bbox 1168 3776 1221 3784; x_wconf 90' lang='lat'>—</span> <span class='ocrx_word' id='word_1_168' title='bbox 1278 3761 1395 3795; x_wconf 85' lang='lat' dir='ltr'>vetus</span> 
     </span>
    </p>
   </div>
   <div class='ocr_carea' id='block_1_7' title="bbox 1462 1195 2396 2533">
    <p class='ocr_par' dir='ltr' id='par_1_23' title="bbox 1515 1195 2390 1325">
     <span class='ocr_line' id='line_1_40' title="bbox 1515 1195 2390 1255; baseline 0.003 -17"><span class='ocrx_word' id='word_1_169' title='bbox 1515 1197 1771 1255; x_wconf 86' lang='lat' dir='ltr'>quorundam</span> <span class='ocrx_word' id='word_1_170' title='bbox 1813 1197 1866 1239; x_wconf 78' lang='lat' dir='ltr'>de</span> <span class='ocrx_word' id='word_1_171' title='bbox 1899 1195 2046 1238; x_wconf 79' lang='lat' dir='ltr'>Adami</span> <span class='ocrx_word' id='word_1_172' title='bbox 2078 1197 2291 1240; x_wconf 78' lang='lat' dir='ltr'>creatione</span> <span class='ocrx_word' id='word_1_173' title='bbox 2319 1212 2390 1241; x_wconf 80' lang='lat' dir='ltr'>re·</span> 
     </span>
     <span class='ocr_line' id='line_1_41' title="bbox 1515 1268 2115 1325; baseline -0.005 -14"><span class='ocrx_word' id='word_1_174' title='bbox 1515 1270 1650 1311; x_wconf 80' lang='lat' dir='ltr'>futata</span> <span class='ocrx_word' id='word_1_175' title='bbox 1680 1268 1823 1325; x_wconf 87' lang='lat' dir='ltr'>opinio</span> <span class='ocrx_word' id='word_1_176' title='bbox 1853 1268 1955 1309; x_wconf 85' lang='lat' dir='ltr'>ibid.</span> <span class='ocrx_word' id='word_1_177' title='bbox 2111 1271 2115 1276; x_wconf 82' lang='grc'>’</span> 
     </span>
    </p>

    <p class='ocr_par' dir='ltr' id='par_1_24' title="bbox 1463 1338 2393 1396">
     <span class='ocr_line' id='line_1_42' title="bbox 1463 1338 2393 1396; baseline -0.002 -14"><span class='ocrx_word' id='word_1_178' title='bbox 1463 1341 1606 1382; x_wconf 81' lang='lat' dir='ltr'>Adami</span> <span class='ocrx_word' id='word_1_179' title='bbox 1635 1353 1783 1381; x_wconf 89' lang='lat' dir='ltr'>nomen</span> <span class='ocrx_word' id='word_1_180' title='bbox 1822 1338 2034 1381; x_wconf 77' lang='lat' dir='ltr'>hominem</span> <span class='ocrx_word' id='word_1_181' title='bbox 2062 1339 2264 1396; x_wconf 85' lang='lat' dir='ltr'>significat</span> <span class='ocrx_word' id='word_1_182' title='bbox 2292 1339 2393 1383; x_wconf 83' lang='lat' dir='ltr'>ibid.</span> 
     </span>
    </p>

    <p class='ocr_par' dir='ltr' id='par_1_25' title="bbox 1462 1410 2394 1537">
     <span class='ocr_line' id='line_1_43' title="bbox 1462 1410 2394 1469; baseline 0 -16"><span class='ocrx_word' id='word_1_183' title='bbox 1462 1411 1606 1453; x_wconf 88' lang='lat' dir='ltr'>Adami</span> <span class='ocrx_word' id='word_1_184' title='bbox 1637 1425 1741 1452; x_wconf 84' lang='lat' dir='ltr'>uxor</span> <span class='ocrx_word' id='word_1_185' title='bbox 1774 1425 1824 1452; x_wconf 84' lang='lat' dir='ltr'>ex</span> <span class='ocrx_word' id='word_1_186' title='bbox 1854 1410 2035 1452; x_wconf 78' lang='lat' dir='ltr'>eiusdem</span> <span class='ocrx_word' id='word_1_187' title='bbox 2066 1425 2243 1469; x_wconf 84' lang='lat' dir='ltr'>corpore</span> <span class='ocrx_word' id='word_1_188' title='bbox 2271 1420 2315 1453; x_wconf 87' lang='lat' dir='ltr'>et</span> <span class='ocrx_word' id='word_1_189' title='bbox 2343 1426 2394 1454; x_wconf 85' lang='lat' dir='ltr'>ex</span> 
     </span>
     <span class='ocr_line' id='line_1_44' title="bbox 1515 1480 2392 1537; baseline 0 -14"><span class='ocrx_word' id='word_1_190' title='bbox 1515 1482 1662 1524; x_wconf 88' lang='lat' dir='ltr'>eodem</span> <span class='ocrx_word' id='word_1_191' title='bbox 1680 1481 1824 1523; x_wconf 82' lang='lat' dir='ltr'>afflatu</span> <span class='ocrx_word' id='word_1_192' title='bbox 1843 1480 1985 1522; x_wconf 85' lang='lat' dir='ltr'>similis</span> <span class='ocrx_word' id='word_1_193' title='bbox 2005 1481 2040 1522; x_wconf 86' lang='lat' dir='ltr'>ei</span> <span class='ocrx_word' id='word_1_194' title='bbox 2063 1491 2278 1537; x_wconf 78' lang='lat' dir='ltr'>procreata</span> <span class='ocrx_word' id='word_1_195' title='bbox 2292 1482 2392 1525; x_wconf 84' lang='lat' dir='ltr'>ibid.</span> 
     </span>
    </p>

    <p class='ocr_par' dir='ltr' id='par_1_26' title="bbox 1464 1551 2394 1666">
     <span class='ocr_line' id='line_1_45' title="bbox 1464 1551 2394 1610; baseline 0.002 -16"><span class='ocrx_word' id='word_1_196' title='bbox 1464 1553 1638 1595; x_wconf 78' lang='lat' dir='ltr'>Adamus</span> <span class='ocrx_word' id='word_1_197' title='bbox 1668 1568 1740 1593; x_wconf 87' lang='lat' dir='ltr'>cur</span> <span class='ocrx_word' id='word_1_198' title='bbox 1767 1567 1791 1594; x_wconf 88' lang='lat' dir='ltr'>a</span> <span class='ocrx_word' id='word_1_199' title='bbox 1821 1551 1902 1594; x_wconf 86' lang='lat' dir='ltr'>deo</span> <span class='ocrx_word' id='word_1_200' title='bbox 1932 1552 2087 1594; x_wconf 84' lang='lat' dir='ltr'>eiectus</span> <span class='ocrx_word' id='word_1_201' title='bbox 2117 1552 2199 1595; x_wconf 81' lang='lat' dir='ltr'>fuit</span> <span class='ocrx_word' id='word_1_202' title='bbox 2226 1553 2280 1595; x_wconf 88' lang='lat' dir='ltr'>de</span> <span class='ocrx_word' id='word_1_203' title='bbox 2314 1567 2394 1610; x_wconf 79' lang='lat' dir='ltr'>pa-</span> 
     </span>
     <span class='ocr_line' id='line_1_46' title="bbox 1515 1624 1781 1666; baseline 0.004 -1"><span class='ocrx_word' id='word_1_204' title='bbox 1515 1624 1654 1666; x_wconf 88' lang='lat' dir='ltr'>radiso</span> <span class='ocrx_word' id='word_1_205' title='bbox 1685 1627 1781 1666; x_wconf 85' lang='lat'><strong>546.</strong></span> 
     </span>
    </p>

    <p class='ocr_par' dir='ltr' id='par_1_27' title="bbox 1463 1693 2394 1808">
     <span class='ocr_line' id='line_1_47' title="bbox 1463 1693 2394 1751; baseline 0 -15"><span class='ocrx_word' id='word_1_206' title='bbox 1463 1695 1606 1737; x_wconf 84' lang='lat' dir='ltr'>Adami</span> <span class='ocrx_word' id='word_1_207' title='bbox 1634 1693 1887 1751; x_wconf 75' lang='lat' dir='ltr'>procreatio,</span> <span class='ocrx_word' id='word_1_208' title='bbox 1915 1693 2052 1744; x_wconf 89' lang='lat' dir='ltr'>liberi,</span> <span class='ocrx_word' id='word_1_209' title='bbox 2082 1701 2197 1735; x_wconf 89' lang='lat' dir='ltr'>aetas</span> <span class='ocrx_word' id='word_1_210' title='bbox 2221 1702 2262 1736; x_wconf 87' lang='lat' dir='ltr'>et</span> <span class='ocrx_word' id='word_1_211' title='bbox 2283 1708 2394 1738; x_wconf 74' lang='lat' dir='ltr'>mors</span> 
     </span>
     <span class='ocr_line' id='line_1_48' title="bbox 1518 1770 1612 1808; baseline -0.011 0"><span class='ocrx_word' id='word_1_212' title='bbox 1518 1770 1612 1808; x_wconf 83' lang='grc'><strong>640.</strong></span> 
     </span>
    </p>

    <p class='ocr_par' dir='ltr' id='par_1_28' title="bbox 1462 1835 2395 2021">
     <span class='ocr_line' id='line_1_49' title="bbox 1462 1835 2395 1893; baseline -0.002 -12"><span class='ocrx_word' id='word_1_213' title='bbox 1462 1839 1638 1881; x_wconf 61' lang='lat' dir='ltr'>adamus</span> <span class='ocrx_word' id='word_1_214' title='bbox 1649 1851 1783 1893; x_wconf 88' lang='lat' dir='ltr'>neque</span> <span class='ocrx_word' id='word_1_215' title='bbox 1797 1836 1984 1892; x_wconf 75' lang='lat' dir='ltr'>Iudaeus,</span> <span class='ocrx_word' id='word_1_216' title='bbox 2013 1850 2145 1893; x_wconf 87' lang='lat' dir='ltr'>neque</span> <span class='ocrx_word' id='word_1_217' title='bbox 2157 1835 2395 1888; x_wconf 77' lang='lat' dir='ltr'>idololatra,</span> 
     </span>
     <span class='ocr_line' id='line_1_50' title="bbox 1514 1907 2394 1964; baseline 0 -14"><span class='ocrx_word' id='word_1_218' title='bbox 1514 1909 1600 1959; x_wconf 89' lang='lat' dir='ltr'>sed,</span> <span class='ocrx_word' id='word_1_219' title='bbox 1634 1916 1680 1949; x_wconf 86' lang='lat' dir='ltr'>ut</span> <span class='ocrx_word' id='word_1_220' title='bbox 1708 1907 1913 1964; x_wconf 85' lang='lat' dir='ltr'>propheta</span> <span class='ocrx_word' id='word_1_221' title='bbox 1923 1939 1938 1958; x_wconf 90' lang='lat'><em>,</em></span> <span class='ocrx_word' id='word_1_222' title='bbox 1971 1907 2176 1949; x_wconf 78' lang='lat' dir='ltr'>catholica</span> <span class='ocrx_word' id='word_1_223' title='bbox 2200 1907 2283 1949; x_wconf 81' lang='lat' dir='ltr'>fide</span> <span class='ocrx_word' id='word_1_224' title='bbox 2311 1907 2394 1950; x_wconf 87' lang='lat' dir='ltr'>im-</span> 
     </span>
     <span class='ocr_line' id='line_1_51' title="bbox 1515 1980 1706 2021; baseline -0.01 0"><span class='ocrx_word' id='word_1_225' title='bbox 1515 1980 1637 2021; x_wconf 87' lang='lat' dir='ltr'>butus</span> <span class='ocrx_word' id='word_1_226' title='bbox 1667 1982 1706 2020; x_wconf 86' lang='grc'><strong>6.</strong></span> 
     </span>
    </p>

    <p class='ocr_par' dir='ltr' id='par_1_29' title="bbox 1462 2048 2393 2164">
     <span class='ocr_line' id='line_1_52' title="bbox 1462 2048 2393 2093; baseline -0.001 -1"><span class='ocrx_word' id='word_1_227' title='bbox 1462 2050 1607 2093; x_wconf 78' lang='lat' dir='ltr'>Adami</span> <span class='ocrx_word' id='word_1_228' title='bbox 1635 2051 1754 2092; x_wconf 87' lang='lat' dir='ltr'>liberi</span> <span class='ocrx_word' id='word_1_229' title='bbox 1782 2065 1873 2093; x_wconf 92' lang='lat' dir='ltr'>cum</span> <span class='ocrx_word' id='word_1_230' title='bbox 1897 2049 2108 2091; x_wconf 89' lang='lat' dir='ltr'>sororibus</span> <span class='ocrx_word' id='word_1_231' title='bbox 2131 2048 2393 2092; x_wconf 81' lang='lat' dir='ltr'>matrimonia</span> 
     </span>
     <span class='ocr_line' id='line_1_53' title="bbox 1517 2125 1933 2164; baseline -0.005 0"><span class='ocrx_word' id='word_1_232' title='bbox 1517 2130 1808 2164; x_wconf 83' lang='lat' dir='ltr'>contraxerant</span> <span class='ocrx_word' id='word_1_233' title='bbox 1837 2125 1933 2164; x_wconf 88' lang='grc'><strong>287.</strong></span> 
     </span>
    </p>

    <p class='ocr_par' dir='ltr' id='par_1_30' title="bbox 1464 2190 2392 2248">
     <span class='ocr_line' id='line_1_54' title="bbox 1464 2190 2392 2248; baseline -0.002 -14"><span class='ocrx_word' id='word_1_234' title='bbox 1464 2193 1608 2234; x_wconf 85' lang='lat' dir='ltr'>Adami</span> <span class='ocrx_word' id='word_1_235' title='bbox 1635 2193 1895 2248; x_wconf 85' lang='lat' dir='ltr'>sepulchrum</span> <span class='ocrx_word' id='word_1_236' title='bbox 1923 2195 2036 2242; x_wconf 67' lang='lat'>394„</span> <span class='ocrx_word' id='word_1_237' title='bbox 2066 2200 2108 2233; x_wconf 91' lang='lat' dir='ltr'>et</span> <span class='ocrx_word' id='word_1_238' title='bbox 2132 2194 2214 2233; x_wconf 83' lang='lat'>603</span> <span class='ocrx_word' id='word_1_239' title='bbox 2246 2190 2392 2246; x_wconf 82' lang='lat' dir='ltr'>(Add.)</span> 
     </span>
    </p>

    <p class='ocr_par' dir='ltr' id='par_1_31' title="bbox 1463 2262 2396 2533">
     <span class='ocr_line' id='line_1_55' title="bbox 1463 2262 2393 2318; baseline -0.001 -13"><span class='ocrx_word' id='word_1_240' title='bbox 1463 2264 1778 2306; x_wconf 84' lang='lat' dir='ltr'>Adamianorum</span> <span class='ocrx_word' id='word_1_241' title='bbox 1829 2263 2007 2306; x_wconf 87' lang='lat' dir='ltr'>haeresis</span> <span class='ocrx_word' id='word_1_242' title='bbox 2061 2262 2272 2318; x_wconf 85' lang='lat' dir='ltr'>trigesima</span> <span class='ocrx_word' id='word_1_243' title='bbox 2321 2263 2393 2304; x_wconf 79' lang='lat' dir='ltr'>se·</span> 
     </span>
     <span class='ocr_line' id='line_1_56' title="bbox 1519 2333 2394 2391; baseline -0.001 -15"><span class='ocrx_word' id='word_1_244' title='bbox 1519 2336 1652 2377; x_wconf 85' lang='lat' dir='ltr'>cunda</span> <span class='ocrx_word' id='word_1_245' title='bbox 1678 2343 1772 2391; x_wconf 90' lang='lat' dir='ltr'>post</span> <span class='ocrx_word' id='word_1_246' title='bbox 1801 2334 2179 2386; x_wconf 85' lang='lat' dir='ltr'>Christianismum,</span> <span class='ocrx_word' id='word_1_247' title='bbox 2209 2333 2296 2374; x_wconf 85' lang='lat' dir='ltr'>sive</span> <span class='ocrx_word' id='word_1_248' title='bbox 2320 2349 2394 2377; x_wconf 88' lang='lat' dir='ltr'>or·-</span> 
     </span>
     <span class='ocr_line' id='line_1_57' title="bbox 1517 2404 2394 2463; baseline -0.002 -16"><span class='ocrx_word' id='word_1_249' title='bbox 1517 2406 1614 2447; x_wconf 90' lang='lat' dir='ltr'>dine</span> <span class='ocrx_word' id='word_1_250' title='bbox 1643 2406 1976 2463; x_wconf 86' lang='lat' dir='ltr'>quinquagesima</span> <span class='ocrx_word' id='word_1_251' title='bbox 2006 2404 2186 2447; x_wconf 86' lang='lat' dir='ltr'>secunda</span> <span class='ocrx_word' id='word_1_252' title='bbox 2211 2407 2306 2446; x_wconf 88' lang='lat'><strong>458.</strong></span> <span class='ocrx_word' id='word_1_253' title='bbox 2337 2429 2394 2437; x_wconf 89' lang='lat'><strong>—</strong></span> 
     </span>
     <span class='ocr_line' id='line_1_58' title="bbox 1515 2475 2396 2533; baseline -0.001 -15"><span class='ocrx_word' id='word_1_254' title='bbox 1515 2477 1654 2533; x_wconf 87' lang='lat' dir='ltr'>talpae</span> <span class='ocrx_word' id='word_1_255' title='bbox 1680 2486 1970 2533; x_wconf 79' lang='lat' dir='ltr'>comparantur</span> <span class='ocrx_word' id='word_1_256' title='bbox 1992 2476 2092 2518; x_wconf 87' lang='lat' dir='ltr'>ibid.</span> <span class='ocrx_word' id='word_1_257' title='bbox 2122 2499 2177 2509; x_wconf 90' lang='lat'><em>-</em></span> <span class='ocrx_word' id='word_1_258' title='bbox 2222 2475 2396 2517; x_wconf 85' lang='lat' dir='ltr'>ridicula</span> 
     </span>
    </p>
   </div>
   <div class='ocr_carea' id='block_1_8' title="bbox 1512 2547 2395 2732">
    <p class='ocr_par' dir='ltr' id='par_1_32' title="bbox 1512 2547 2395 2732">
     <span class='ocr_line' id='line_1_59' title="bbox 1516 2547 2390 2602; baseline -0.001 -13"><span class='ocrx_word' id='word_1_259' title='bbox 1516 2562 1658 2589; x_wconf 89' lang='lat' dir='ltr'>eorum</span> <span class='ocrx_word' id='word_1_260' title='bbox 1700 2548 1880 2589; x_wconf 87' lang='lat' dir='ltr'>haeresis</span> <span class='ocrx_word' id='word_1_261' title='bbox 1913 2547 2012 2590; x_wconf 89' lang='lat' dir='ltr'>ibid.</span> <span class='ocrx_word' id='word_1_262' title='bbox 2043 2572 2098 2579; x_wconf 90' lang='lat'>—-</span> <span class='ocrx_word' id='word_1_263' title='bbox 2155 2547 2259 2589; x_wconf 89' lang='lat' dir='ltr'>ritus</span> <span class='ocrx_word' id='word_1_264' title='bbox 2288 2561 2390 2602; x_wconf 82' lang='lat' dir='ltr'>qua·</span> 
     </span>
     <span class='ocr_line' id='line_1_60' title="bbox 1515 2617 2395 2661; baseline 0 -2"><span class='ocrx_word' id='word_1_265' title='bbox 1515 2618 1574 2660; x_wconf 89' lang='lat' dir='ltr'>les</span> <span class='ocrx_word' id='word_1_266' title='bbox 1618 2619 1700 2661; x_wconf 87' lang='lat' dir='ltr'>sint</span> <span class='ocrx_word' id='word_1_267' title='bbox 1733 2622 1829 2660; x_wconf 88' lang='grc'><strong>459.</strong></span> <span class='ocrx_word' id='word_1_268' title='bbox 1874 2644 1925 2651; x_wconf 89' lang='grc'><strong>-</strong></span> <span class='ocrx_word' id='word_1_269' title='bbox 1997 2619 2068 2660; x_wconf 92' lang='lat' dir='ltr'>ubi</span> <span class='ocrx_word' id='word_1_270' title='bbox 2112 2617 2395 2660; x_wconf 84' lang='lat' dir='ltr'>conventicula</span> 
     </span>
     <span class='ocr_line' id='line_1_61' title="bbox 1512 2688 2393 2732; baseline 0 -2"><span class='ocrx_word' id='word_1_271' title='bbox 1512 2689 1694 2731; x_wconf 80' lang='lat' dir='ltr'>habeant</span> <span class='ocrx_word' id='word_1_272' title='bbox 1732 2690 1832 2732; x_wconf 90' lang='lat' dir='ltr'>ibid.</span> <span class='ocrx_word' id='word_1_273' title='bbox 1879 2714 1929 2721; x_wconf 89' lang='lat'><em>-</em></span> <span class='ocrx_word' id='word_1_274' title='bbox 1999 2688 2097 2732; x_wconf 89' lang='lat' dir='ltr'>nudi</span> <span class='ocrx_word' id='word_1_275' title='bbox 2139 2689 2393 2730; x_wconf 87' lang='lat' dir='ltr'>ceremonias</span> 
     </span>
    </p>
   </div>
   <div class='ocr_carea' id='block_1_9' title="bbox 1513 2760 2394 3086">
    <p class='ocr_par' dir='ltr' id='par_1_33' title="bbox 1513 2760 2394 3086">
     <span class='ocr_line' id='line_1_62' title="bbox 1516 2760 2393 2817; baseline 0 -15"><span class='ocrx_word' id='word_1_276' title='bbox 1516 2770 1558 2802; x_wconf 87' lang='lat' dir='ltr'>et</span> <span class='ocrx_word' id='word_1_277' title='bbox 1587 2761 1784 2817; x_wconf 83' lang='lat' dir='ltr'>mysteria</span> <span class='ocrx_word' id='word_1_278' title='bbox 1822 2774 1895 2802; x_wconf 85' lang='lat' dir='ltr'>sua</span> <span class='ocrx_word' id='word_1_279' title='bbox 1925 2768 2157 2817; x_wconf 86' lang='lat' dir='ltr'>peragunt,</span> <span class='ocrx_word' id='word_1_280' title='bbox 2199 2769 2285 2801; x_wconf 82' lang='lat' dir='ltr'>tam</span> <span class='ocrx_word' id='word_1_281' title='bbox 2315 2760 2393 2802; x_wconf 87' lang='lat' dir='ltr'>viri</span> 
     </span>
     <span class='ocr_line' id='line_1_63' title="bbox 1515 2831 2394 2889; baseline 0.001 -17"><span class='ocrx_word' id='word_1_282' title='bbox 1515 2847 1638 2889; x_wconf 82' lang='lat' dir='ltr'>quam</span> <span class='ocrx_word' id='word_1_283' title='bbox 1691 2832 1871 2874; x_wconf 84' lang='lat' dir='ltr'>feminae</span> <span class='ocrx_word' id='word_1_284' title='bbox 1924 2831 2023 2873; x_wconf 88' lang='lat' dir='ltr'>ibid.</span> <span class='ocrx_word' id='word_1_285' title='bbox 2064 2855 2120 2863; x_wconf 92' lang='lat'>——</span> <span class='ocrx_word' id='word_1_286' title='bbox 2177 2831 2394 2873; x_wconf 86' lang='lat' dir='ltr'>ecclesiam</span> 
     </span>
     <span class='ocr_line' id='line_1_64' title="bbox 1514 2900 2391 2958; baseline -0.001 -15"><span class='ocrx_word' id='word_1_287' title='bbox 1514 2918 1627 2944; x_wconf 90' lang='lat' dir='ltr'>suam</span> <span class='ocrx_word' id='word_1_288' title='bbox 1646 2912 1799 2945; x_wconf 89' lang='lat' dir='ltr'>vocant</span> <span class='ocrx_word' id='word_1_289' title='bbox 1822 2902 2055 2944; x_wconf 87' lang='lat' dir='ltr'>Paradisum</span> <span class='ocrx_word' id='word_1_290' title='bbox 2077 2900 2176 2943; x_wconf 89' lang='lat' dir='ltr'>ibid.</span> <span class='ocrx_word' id='word_1_291' title='bbox 2197 2926 2252 2934; x_wconf 89' lang='lat'><em>-</em></span> <span class='ocrx_word' id='word_1_292' title='bbox 2292 2916 2391 2958; x_wconf 90' lang='lat' dir='ltr'>qua-</span> 
     </span>
     <span class='ocr_line' id='line_1_65' title="bbox 1513 2972 2391 3025; baseline -0.001 -11"><span class='ocrx_word' id='word_1_293' title='bbox 1513 2974 1563 3014; x_wconf 88' lang='lat' dir='ltr'>lis</span> <span class='ocrx_word' id='word_1_294' title='bbox 1609 2974 1823 3015; x_wconf 83' lang='lat' dir='ltr'>Paradisus</span> <span class='ocrx_word' id='word_1_295' title='bbox 1877 2973 2110 3025; x_wconf 81' lang='lat' dir='ltr'>terrestris,</span> <span class='ocrx_word' id='word_1_296' title='bbox 2172 2980 2215 3014; x_wconf 88' lang='lat' dir='ltr'>et</span> <span class='ocrx_word' id='word_1_297' title='bbox 2260 2972 2391 3014; x_wconf 85' lang='lat' dir='ltr'>victus</span> 
     </span>
     <span class='ocr_line' id='line_1_66' title="bbox 1517 3044 2001 3086; baseline -0.002 0"><span class='ocrx_word' id='word_1_298' title='bbox 1517 3045 1662 3086; x_wconf 86' lang='lat' dir='ltr'>Adami</span> <span class='ocrx_word' id='word_1_299' title='bbox 1691 3054 1734 3086; x_wconf 92' lang='lat' dir='ltr'>et</span> <span class='ocrx_word' id='word_1_300' title='bbox 1762 3046 1874 3086; x_wconf 88' lang='lat' dir='ltr'>Evae</span> <span class='ocrx_word' id='word_1_301' title='bbox 1902 3044 2001 3086; x_wconf 91' lang='lat' dir='ltr'>ibid.</span> 
     </span>
    </p>
   </div>
   <div class='ocr_carea' id='block_1_10' title="bbox 1460 3115 2392 3243">
    <p class='ocr_par' dir='ltr' id='par_1_34' title="bbox 1460 3115 2392 3243">
     <span class='ocr_line' id='line_1_67' title="bbox 1461 3115 2082 3172; baseline -0.002 -15"><span class='ocrx_word' id='word_1_302' title='bbox 1461 3116 1757 3172; x_wconf 76' lang='lat' dir='ltr'>Aegyptiorum</span> <span class='ocrx_word' id='word_1_303' title='bbox 1786 3115 2010 3172; x_wconf 88' lang='lat' dir='ltr'>primordia</span> <span class='ocrx_word' id='word_1_304' title='bbox 2041 3118 2082 3156; x_wconf 93' lang='lat'><strong>8.</strong></span> 
     </span>
     <span class='ocr_line' id='line_1_68' title="bbox 1460 3183 2392 3243; baseline -0.002 -15"><span class='ocrx_word' id='word_1_305' title='bbox 1460 3187 1758 3242; x_wconf 79' lang='lat' dir='ltr'>Aegyptiorum</span> <span class='ocrx_word' id='word_1_306' title='bbox 1798 3187 1901 3228; x_wconf 84' lang='lat' dir='ltr'>ritus</span> <span class='ocrx_word' id='word_1_307' title='bbox 1941 3201 2064 3243; x_wconf 87' lang='lat' dir='ltr'>quam</span> <span class='ocrx_word' id='word_1_308' title='bbox 2101 3185 2188 3237; x_wconf 80' lang='lat' dir='ltr'>sint</span> <span class='ocrx_word' id='word_1_309' title='bbox 2226 3183 2392 3226; x_wconf 85' lang='lat' dir='ltr'>ridiculi</span> 
     </span>
    </p>
   </div>
   <div class='ocr_carea' id='block_1_11' title="bbox 1514 3254 2389 3386">
    <p class='ocr_par' dir='ltr' id='par_1_35' title="bbox 1514 3254 2389 3386">
     <span class='ocr_line' id='line_1_69' title="bbox 1514 3254 2389 3314; baseline -0.006 -14"><span class='ocrx_word' id='word_1_310' title='bbox 1514 3262 1639 3300; x_wconf 84' lang='lat'><strong>1092.</strong></span> <span class='ocrx_word' id='word_1_311' title='bbox 1671 3283 1726 3290; x_wconf 93' lang='lat'>—-</span> <span class='ocrx_word' id='word_1_312' title='bbox 1784 3273 1889 3314; x_wconf 86' lang='lat' dir='ltr'>quae</span> <span class='ocrx_word' id='word_1_313' title='bbox 1908 3257 2019 3313; x_wconf 90' lang='lat' dir='ltr'>apud</span> <span class='ocrx_word' id='word_1_314' title='bbox 2047 3270 2118 3298; x_wconf 89' lang='lat' dir='ltr'>eos</span> <span class='ocrx_word' id='word_1_315' title='bbox 2140 3268 2255 3296; x_wconf 85' lang='lat' dir='ltr'>sacra</span> <span class='ocrx_word' id='word_1_316' title='bbox 2279 3254 2389 3296; x_wconf 83' lang='lat' dir='ltr'>Har-</span> 
     </span>
     <span class='ocr_line' id='line_1_70' title="bbox 1514 3329 1821 3386; baseline -0.007 -15"><span class='ocrx_word' id='word_1_317' title='bbox 1514 3330 1694 3386; x_wconf 86' lang='lat' dir='ltr'>pocratis</span> <span class='ocrx_word' id='word_1_318' title='bbox 1723 3329 1821 3370; x_wconf 90' lang='lat' dir='ltr'>ibid.</span> 
     </span>
    </p>
   </div>
   <div class='ocr_carea' id='block_1_12' title="bbox 1457 3396 2388 3526">
    <p class='ocr_par' dir='ltr' id='par_1_36' title="bbox 1457 3396 2388 3526">
     <span class='ocr_line' id='line_1_71' title="bbox 1459 3396 2300 3455; baseline -0.004 -14"><span class='ocrx_word' id='word_1_319' title='bbox 1459 3400 1772 3455; x_wconf 84' lang='lat' dir='ltr'>Aequinoctium</span> <span class='ocrx_word' id='word_1_320' title='bbox 1803 3407 1864 3441; x_wconf 89' lang='lat' dir='ltr'>est</span> <span class='ocrx_word' id='word_1_321' title='bbox 1893 3398 1987 3440; x_wconf 87' lang='lat' dir='ltr'>anni</span> <span class='ocrx_word' id='word_1_322' title='bbox 2014 3396 2176 3438; x_wconf 88' lang='lat' dir='ltr'>initium</span> <span class='ocrx_word' id='word_1_323' title='bbox 2208 3399 2300 3438; x_wconf 90' lang='lat'><strong>814.</strong></span> 
     </span>
     <span class='ocr_line' id='line_1_72' title="bbox 1457 3466 2388 3526; baseline -0.001 -15"><span class='ocrx_word' id='word_1_324' title='bbox 1457 3470 1566 3512; x_wconf 85' lang='lat' dir='ltr'>Aerii</span> <span class='ocrx_word' id='word_1_325' title='bbox 1610 3470 1789 3512; x_wconf 88' lang='lat' dir='ltr'>haeresis</span> <span class='ocrx_word' id='word_1_326' title='bbox 1834 3466 2165 3526; x_wconf 86' lang='lat' dir='ltr'>quinquagesima</span> <span class='ocrx_word' id='word_1_327' title='bbox 2214 3467 2388 3522; x_wconf 83' lang='lat' dir='ltr'>septima</span> 
     </span>
    </p>
   </div>
   <div class='ocr_carea' id='block_1_13' title="bbox 1509 3538 2388 3668">
    <p class='ocr_par' dir='ltr' id='par_1_37' title="bbox 1509 3538 2388 3668">
     <span class='ocr_line' id='line_1_73' title="bbox 1509 3538 2388 3595; baseline 0 -13"><span class='ocrx_word' id='word_1_328' title='bbox 1509 3541 1597 3582; x_wconf 84' lang='lat' dir='ltr'>sive</span> <span class='ocrx_word' id='word_1_329' title='bbox 1657 3541 1803 3582; x_wconf 87' lang='lat' dir='ltr'>ordine</span> <span class='ocrx_word' id='word_1_330' title='bbox 1862 3538 2160 3595; x_wconf 85' lang='lat' dir='ltr'>septuagesima</span> <span class='ocrx_word' id='word_1_331' title='bbox 2213 3539 2388 3593; x_wconf 85' lang='lat' dir='ltr'>septima</span> 
     </span>
     <span class='ocr_line' id='line_1_74' title="bbox 1511 3608 2343 3668; baseline -0.001 -16"><span class='ocrx_word' id='word_1_332' title='bbox 1511 3615 1604 3653; x_wconf 88' lang='lat'><strong>904.</strong></span> <span class='ocrx_word' id='word_1_333' title='bbox 1636 3637 1692 3644; x_wconf 93' lang='lat'>—-</span> <span class='ocrx_word' id='word_1_334' title='bbox 1718 3651 1727 3668; x_wconf 56' lang='grc' dir='ltr'><em>Ι</em></span> <span class='ocrx_word' id='word_1_335' title='bbox 1749 3612 1936 3653; x_wconf 86' lang='lat' dir='ltr'>haereses</span> <span class='ocrx_word' id='word_1_336' title='bbox 1967 3608 2074 3649; x_wconf 87' lang='lat' dir='ltr'>unde</span> <span class='ocrx_word' id='word_1_337' title='bbox 2102 3615 2222 3648; x_wconf 86' lang='lat' dir='ltr'>natae</span> <span class='ocrx_word' id='word_1_338' title='bbox 2249 3612 2343 3651; x_wconf 89' lang='lat'><strong>905.</strong></span> 
     </span>
    </p>
   </div>
   <div class='ocr_carea' id='block_1_14' title="bbox 1456 3680 2384 3724">
    <p class='ocr_par' dir='ltr' id='par_1_38' title="bbox 1456 3680 2384 3724">
     <span class='ocr_line' id='line_1_75' title="bbox 1456 3680 2384 3724; baseline 0 -1"><span class='ocrx_word' id='word_1_339' title='bbox 1456 3683 1564 3723; x_wconf 82' lang='lat' dir='ltr'>Aerii</span> <span class='ocrx_word' id='word_1_340' title='bbox 1590 3682 1762 3724; x_wconf 77' lang='lat' dir='ltr'>historia</span> <span class='ocrx_word' id='word_1_341' title='bbox 1805 3680 1904 3722; x_wconf 87' lang='lat' dir='ltr'>ibid.</span> <span class='ocrx_word' id='word_1_342' title='bbox 1933 3703 1988 3710; x_wconf 92' lang='lat'>——</span> <span class='ocrx_word' id='word_1_343' title='bbox 2045 3680 2268 3721; x_wconf 86' lang='lat' dir='ltr'>monachus</span> <span class='ocrx_word' id='word_1_344' title='bbox 2292 3696 2384 3723; x_wconf 88' lang='lat' dir='ltr'>cum</span> 
     </span>
    </p>
   </div>
   <div class='ocr_carea' id='block_1_15' title="bbox 1510 3748 2384 3808">
    <p class='ocr_par' dir='ltr' id='par_1_39' title="bbox 1510 3748 2384 3808">
     <span class='ocr_line' id='line_1_76' title="bbox 1510 3748 2384 3808; baseline -0.001 -13"><span class='ocrx_word' id='word_1_345' title='bbox 1510 3753 1725 3795; x_wconf 86' lang='lat' dir='ltr'>Eustathio</span> <span class='ocrx_word' id='word_1_346' title='bbox 1769 3751 1850 3796; x_wconf 79' lang='lat' dir='ltr'>fuit</span> <span class='ocrx_word' id='word_1_347' title='bbox 1898 3748 1996 3790; x_wconf 90' lang='lat' dir='ltr'>ibid.</span> <span class='ocrx_word' id='word_1_348' title='bbox 2038 3773 2092 3782; x_wconf 93' lang='lat'>—-</span> <span class='ocrx_word' id='word_1_349' title='bbox 2165 3752 2384 3808; x_wconf 83' lang='lat' dir='ltr'>presbyter</span> 
     </span>
    </p>
   </div>
  </div>
 </body>
</html>
