2508 4134
478 284 582 335 596
1049 291 1324 333 ADDENDA
1352 293 1425 336 ET
1460 292 1837 347 coRmGENDA.

476 389 734 446 πολυθηρίας
759 389 840 444 τῆς
868 389 1146 445 Σαμαρείας,
1190 389 1265 433 καὶ
1297 388 1375 445 τὴν
1405 390 1596 436 ἐντεῦθεν
1626 388 1836 436 ἀπώλειαν
1863 391 1947 436 τῶν
1975 391 2118 438 ,ἐκεῖσε
2146 391 2410 441 ἀποικισθέν-

476 477 572 506 των.
631 462 686 504 Οἱ
715 459 764 505 δὲ
808 459 968 516 ἔφασαν
1001 458 1062 515 μή
1097 457 1201 504 εἶναι
1244 458 1415 516 θεμιτὸν
1448 461 1513 511 εἰς,
1536 461 1614 517 την
1660 461 1903 517 οἰκουμένην
1949 461 2145 519 πρότερον
2189 464 2411 525 &nomez-:tv

476 533 559 576 τῶν
587 532 659 575 τοῦ
690 531 888 581 Μωσέως
914 529 1038 586 νόμον
1070 530 1244 576 εἰδότων
1270 527 1529 588 εἰδωλάτρας
1552 538 1772 584 κατοικεῖν.
1829 527 2062 578 Ἐνδίδωσι
2085 534 2215 580 τοίνυν
2240 536 2413 588 ἐκείνοις

477 600 500 647 ὁ
532 599 732 660 βασιλεὺς
775 602 944 657 πέμψαι
985 599 1056 645 τὸν
1104 601 1304 657 μέλλοντα
1336 604 1483 659 (codex
1512 619 1626 644 meus
1658 603 1854 659 μέλοντα)
1895 609 1984 655 τοῖς
2013 604 2056 650 ἐν
2084 607 2311 666 Σαμαρείᾳ
2338 607 2410 652 τᾶν

475 676 549 718 τοῦ
580 673 779 722 Μωσέως
807 671 932 727 νόμον
962 670 1250 717 ὑποτίθεσθαι.
1301 673 1391 718 Καὶ
1417 674 1532 718 ἵκετο
1560 673 1702 718 ἐκεῖσε
1730 672 1870 728 ἱερεύς
1898 690 1962 725 τις
1977 670 2411 733 Ἔσδραςκόνομαζό-

477 759 600 800 μενος
617 760 627 770 ·
671 745 822 800 εἴληφε
850 744 923 786 τοῦ
954 740 1082 798 νόμου
1110 740 1361 801 ἀντίγραφον
1396 743 1507 789 κατὰ
1533 744 1580 789 τὸ
1610 743 1852 799 τριάκοστον
1883 744 1974 796 ἔτος
1999 747 2081 803 τῆς
2109 735 2409 805 αἰχμαλωσίας.

585 817 719 874 Pag.
743 815 833 860 64.
889 814 915 855 l.
943 814 981 856 2.
1027 811 1260 870 ὑποστῆναι
1286 817 1390 859 Ven.
1433 817 1575 856 Recte.
1607 839 1658 847 —-—-
1731 815 1759 856 l.
1785 815 1826 856 4.
1876 816 2046 872 Col-rige
2087 816 2165 873 τήν
2205 819 2289 863 τῶν
2332 820 2411 875 3η-

473 886 586 941 ρίων.
617 909 674 918 -
729 885 836 927 Ibid.
867 899 946 940 pro
976 885 1134 940 θηρίων
1163 887 1271 928 Ven..
1315 887 1458 942 ,θηρῶν
1486 886 1628 926 habet.
1663 909 1711 917 --
1745 885 1800 928 ⁴l.
1829 887 1857 930 7
1891 895 1933 928 et
1966 887 2006 930 8.
2046 889 2195 930 Venet.
2236 890 2413 945 ‚praebet

470 955 687 1013 φήσαντες
727 954 786 1012 μή
827 954 1036 1000 δύνασθαι
1075 946 1201 1006 ἔθνος
1219 955 1314 1000 ἐκεῖ
1335 957 1606 1008 καθέζεσθαι.
1630 981 1686 988 —-
1728 956 1757 998 l.
1778 955 1819 999 9.
1842 956 2114 1003 ἐπιτελέσειεν
2139 960 2244 1002 ven.
2285 946 2411 1012 Quod

469 1028 770 1070 restituendum
799 1036 875 1070 est.
902 1052 956 1059 --
999 1027 1026 1068 1.
1051 1026 1114 1069 11.
1148 1027 1470 1082 εἰδωλολατρίας
1497 1030 1587 1069 Bas.
1613 1051 1671 1058 —
1708 1027 1737 1069 l.
1759 1026 1825 1070 16.
1851 1029 2063 1079 κωῦαίους
2088 1031 2193 1072 Ven.
2210 1055 2261 1065 —
2291 1030 2321 1072 l.
2342 1030 2409 1078 19.

472 1096 564 1154 μετ’
606 1095 733 1142 αὐτὸν
763 1098 880 1154 γένος
907 1100 1015 1140 Ven.
1045 1124 1095 1130 —
1157 1099 1184 1140 l.
1207 1099 1275 1141 21.
1319 1095 1620 1153 ὑποδεξάμενοι
1652 1099 1755 1140 Ven.
1795 1124 1838 1131 -
1868 1123 1872 1127 »
1898 1100 1926 1141 l.
1957 1101 2029 1145 22.
2058 1097 2190 1157 ἀνέθη
2220 1102 2324 1144 Ven.
2355 1126 2410 1135 -

469 1170 497 1212 1.
516 1167 584 1212 24.
616 1171 788 1226 Repone
813 1185 863 1211 ex
893 1169 986 1211 cod.
1015 1170 1119 1210 ven.
1153 1169 1400 1227 συμβέβηκε
1423 1167 1533 1213 κατὰ
1555 1168 1607 1213 τὰ
1634 1169 1835 1225 τέσσαρα.
1864 1195 1919 1204 -
1977 1171 2007 1213 1.
2030 1171 2098 1215 26.
2132 1172 2306 1227 Repone
2323 1171 2369 1217 Γ
2370 1187 2410 1216 ο-

473 1242 684 1297 ροὲηνῶν,
730 1249 777 1281 ut
819 1249 884 1282 est
914 1241 1038 1281 etiam
1066 1241 1109 1281 in
1140 1242 1244 1283 Ven.
1281 1248 1533 1282 constanter.
1563 1266 1618 1272 —
1675 1241 1702 1281 1.
1728 1241 1796 1284 28.
1826 1240 2087 1299 διασαφῆσω
2117 1243 2253 1285 firmat
2285 1243 2410 1285 etiam

469 1312 696 1355 auctoritas
729 1311 823 1354 cod.
853 1311 1019 1354 Veneti.
1095 1312 1288 1353 Ceterum
1314 1311 1419 1353 tolle
1449 1326 1610 1354 comma
1639 1320 1737 1367 post
1766 1313 1908 1357 αἴτιον.
1942 1338 1989 1344 --
2052 1313 2080 1357 l.
2100 1312 2168 1357 29.
2214 1310 2410 1370 γλωττῶν
2488 1329 2491 1331 ·

473 1386 673 1428 Venetus.

581 1457 715 1513 Pag.
740 1457 829 1500 66,
868 1454 895 1494 1.
911 1454 938 1497 6
970 1462 1012 1494 et
1034 1454 1071 1497 7.
1103 1451 1229 1497 Κατὰ
1251 1454 1535 1510 Σαμαρειτῶν
1560 1454 1744 1510 αἱρέσεις
1765 1454 1865 1509 (sic)
1894 1451 1942 1498 ε’.
1983 1455 2064 1511 τῆς
2092 1454 2141 1500 δὲ
2159 1452 2410 1507 οἷκολουῇίας

465 1523 523 1571 δ’.
546 1528 653 1569 ven.
684 1550 735 1557 —
795 1525 822 1566 l.
842 1525 882 1568 8.
913 1524 1072 1566 Petavii
1098 1525 1380 1567 coniecturam
1408 1521 1521 1582 &px-1³2
1559 1525 1696 1567 firmat
1725 1525 1949 1567 auctoritas
1979 1527 2132 1569 Veneti
2158 1526 2265 1569 libri.
2321 1529 2407 1570 Re-

467 1597 725 1639 stituendum
755 1596 881 1652 igitur
911 1591 1038 1652 ἀρχή.
1076 1621 1124 1627 -
1184 1596 1211 1637 1.
1233 1595 1272 1638 9.
1304 1598 1411 1639 Ven.
1443 1596 1606 1651 plenius
1648 1596 1954 1652 προειρημένας
1992 1592 2091 1641 οἷνεῦ
2121 1598 2294 1655 γραφῆς
2321 1600 2408 1644 esst-

468 1670 551 1725 κῆς
590 1665 855 1723 “Ελληνικο“ις.
887 1692 942 1699 -—
999 1667 1027 1707 l.
1060 1666 1123 1709 10.
1161 1668 1335 1723 Repone
1383 1663 1494 1723 οἷπό,
1540 1667 1653 1724 quod
1698 1667 1797 1709 ferri
1826 1676 1978 1724 potest.
2008 1669 2135 1711 Paulo
2165 1679 2262 1726 post
2288 1670 2406 1712 artic.

466 1738 513 1783 τὸ
554 1749 653 1781 ante
691 1738 811 1794 γένος
850 1739 966 1780 abest
1003 1753 1026 1779 a
1060 1739 1164 1779 Ven.
1198 1763 1251 1770 —-
1308 1739 1336 1780 l.
1363 1739 1426 1781 12.
1456 1738 1670 1796 τετείχὲἲαι
1705 1741 1793 1780 Bas.
1840 1764 1880 1771 -
1939 1738 2053 1782 114.
2085 1739 2277 1797 σομόρων
2302 1743 2407 1784 Ven.

465 1813 529 1852 Ita
556 1810 680 1852 etiam
708 1810 734 1850 1.
758 1810 822 1852 15.
851 1835 903 1841 —
963 1810 989 1851 1.
1014 1809 1078 1851 15.
1108 1806 1329 1865 Σωμηρου
1357 1810 1429 1853 τοῦ
1460 1806 1617 1865 οἷνδρός
1641 1811 1743 1852 Veu.
1775 1835 1824 1842 --
1883 1810 1908 1851 1.
1934 1810 1998 1854 16.
2031 1811 2228 1867 Con-ige:
2248 1803 2331 1856 Ἦν
2360 1811 2409 1857 δὲ

466 1874 598 1931 οὗτος.
657 1881 760 1922 lbid.
792 1883 896 1924 Ven.
934 1877 956 1925 ὁ
984 1877 1195 1936 Σομόρων
1235 1878 1338 1930 υἱὸς.
1375 1906 1420 1911 -
1482 1880 1509 1922 l.
1543 1881 1605 1924 17.
1638 1881 1857 1925 κατοικοῦν
1902 1883 2002 1923 Ven.
2032 1906 2090 1914 —
2145 1883 2174 1924 l.
2199 1882 2260 1926 18.
2293 1877 2410 1933 ὄντος

463 1951 616 2003 παιδὸς
645 1955 750 1995 Ven.
781 1977 832 1984 —
891 1952 918 1993 1.
939 1953 978 1994 5.
1015 1952 1066 1992 ab
1092 1952 1216 1993 infer.
1244 1950 1276 2006 τί
1302 1950 1595 2009 Πεντάτευχος
1620 1955 1659 1996 δ.
1686 1952 1745 1994 Μ.
1768 1968 1804 1996 τ.
1838 1967 1907 1996 σπ.
1934 1948 2039 2008 Ἰσρ.
2068 1952 2110 1998 ἐν
2138 1969 2177 1997 τ.
2206 1951 2342 2009 ἐξόδῳ
2366 1968 2402 1996 τ.

464 2020 535 2067 ἀπ’
565 2022 793 2079 Αἰγυπτίου
821 2023 993 2079 πορείας
1022 2023 1213 2073 δοθεῖσα,
1246 2023 1361 2079 φημὶ
1390 2021 1439 2067 δὲ
1459 2025 1562 2065 Ven.
1597 2047 1642 2053 -
1708 2023 1734 2063 l.
1764 2023 1922 2079 penult.
1949 2024 2170 2068 καλοῦνται
2195 2022 2406 2081 βρεσιὸέλ.

465 2091 641 2150 λεσιμῶ.
673 2095 880 2151 δωῖκαρᾶ.
914 2092 1235 2150 ἐλλεδδαβαρεῖν
1265 2095 1368 2135 Ven.
2447 2104 2449 2107 ’

577 2167 711 2224 Pag.
738 2167 829 2211 68.
885 2166 911 2207 1.
941 2164 982 2208 4.
1016 2164 1057 2208 έν
1094 2162 1244 2214 αὐταῖς
1272 2164 1368 2219 περὶ
1407 2164 1631 2222 μοναρχίας
1661 2166 1765 2207 Ven.
1794 2166 1916 2206 Bene.
1949 2190 1998 2196 -
2058 2166 2087 2207 l.
2106 2167 2147 2208 5.
2176 2168 2404 2223 καταγγελ·

464 2236 616 2292 λομένη
648 2236 758 2281 ἐστιν
785 2238 892 2279 Ven.
928 2261 979 2268 -
1038 2236 1066 2276 l.
1088 2237 1128 2280 6.
1160 2235 1482 2289 εἰδωλολατρίας
1509 2237 1601 2276 Bas.
1633 2259 1684 2267 -
1745 2235 1772 2276 l.
1803 2236 1841 2279 7.
1870 2234 2086 2291 ἐπιμέλειά
2119 2251 2183 2288 τις
2204 2236 2252 2282 τὸ
2280 2234 2402 2293 ἀκρι-

465 2308 537 2366 βὲς
563 2310 669 2351 Ven.
702 2332 754 2340 —
800 2308 828 2349 1.
844 2309 884 2350 8.
917 2308 1021 2348 Dele
1043 2322 1092 2350 τε
1119 2316 1217 2362 post
1238 2306 1433 2355 πίστεως.
1463 2330 1515 2337 -
1572 2306 1599 2346 l.
1623 2307 1685 2349 12.
1720 2305 2038 2361 εἰδωλολατρίαν
2066 2309 2156 2349 Bas.
2185 2333 2239 2341 -
2288 2308 2402 2350 Jbid.

464 2378 505 2423 ἐν
536 2378 667 2436 ἑαυτῇ
695 2379 799 2421 Ven.
836 2382 883 2410 —-'
942 2378 969 2418 l.
995 2375 1059 2420 14.
1093 2373 1192 2432 παρ’
1222 2373 1365 2426 αὐτοῖς
1390 2377 1528 2418 firmat
1555 2378 1780 2419 auctoritas
1806 2378 1970 2420 Veneti.
2031 2379 2110 2420 Pro
2145 2393 2403 2436 σεσυκοφαν-

461 2450 658 2505 τημένως
684 2449 795 2490 idem
824 2449 931 2490 liber
959 2447 1405 2504 σεσυκοφαντημένοις.
1435 2472 1488 2478 -
1546 2448 1572 2489 l.
1607 2450 1670 2491 15.
1701 2449 1740 2491 Γ
1742 2448 1873 2503 αρίζιν
1898 2451 2002 2491 ven.
2062 2450 2206 2492 Recte.
2235 2450 2402 2492 Nicetes

466 2521 595 2562 Chon.
625 2520 708 2561 1.1.
744 2515 1077 2574 Ἑρμηνεόονται
1107 2517 1155 2564 δὲ
1183 2517 1372 2575 φύλακες
1416 2520 1454 2563 οἱ
1482 2520 1765 2574 Σαμαρεῖται.
1822 2519 1912 2563 Καὶ
1951 2512 2065 2564 οὗτοι
2101 2521 2262 2576 πρῶτον
2301 2518 2400 2566 οἶνέ-

463 2594 638 2649 βλαστον
667 2595 755 2639 τοῖς
781 2587 1004 2639 Ἰουδαίοις
1033 2586 1244 2640 οἷντίδοξαι
1273 2588 1314 2633 ἐν
1343 2590 1554 2645 τοῖςπερὶ
1584 2591 1681 2634 θεοῦ
1712 2586 1809 2646 παρ’
1841 2588 1980 2634 αὐτῶν
2009 2591 2256 2646 λεγομένοις.
2312 2592 2403 2636 Καὶ

462 2661 650 2719 ἐδέχοντο
679 2657 809 2717 μόνην
831 2659 907 2717 τὴν
934 2659 1249 2717 Πεντάτευχον,
1279 2659 1357 2715 την
1388 2659 1437 2705 δὲ
1455 2660 1621 2717 νεκρῶν
1651 2657 1880 2706 ἀνάστασιν
1913 2658 2145 2717 [ἦρνοῦντα
2175 2663 2243 2705 vel
2267 2662 2402 2705 simil-e

462 2733 580 2789 quid]
599 2765 610 2787 ,
650 2733 711 2790 τῷ
744 2730 793 2776 δὲ
816 2727 902 2775 ὄντι
924 2728 1162 2787 ἠσπάζοντο
1193 2732 1357 2788 (differt
1381 2733 1516 2774 versio
1541 2733 1745 2784 Morelli).
1805 2730 1881 2788 Μή
1915 2730 1995 2788 γὰρ
2027 2732 2068 2777 ἐν
2096 2730 2402 2790 Ἱεροσολύμοις

461 2803 614 2859 ἐπίσης
643 2807 730 2852 τοῖς
771 2800 989 2860 Ἑβραίοις
1018 2808 1254 2857 προςκυνεῖν
1291 2800 1536 2861 ἀνεχόμενοι
1564 2803 1607 2848 έν
1635 2805 1698 2862 τῶ
1728 2798 1817 2859 ὄρει
1845 2805 1907 2861 τῷ
1938 2803 2110 2858 Γαριζὶν
2139 2803 2400 2858 ἓυσιάζουσι,

460 2874 535 2920 καὶ
561 2872 640 2923 τοὶς
670 2870 799 2930 εὐχὰς
828 2870 1114 2929 ἀπονέμουσιν.
1178 2869 1324 2919 ’Ένῧα
1349 2873 1473 2932 λόγος
1496 2877 1612 2931 αἱρεῖ
1636 2869 1709 2920 καὶ
1736 2873 1789 2919 τοὶ
1819 2876 1972 2919 εἴδωλα
1999 2873 2290 2930 ἐγκεκρύφὲται
2316 2876 2399 2919 τῶν

453 2942 681 3001 τεσσάρων
722 2945 851 3000 γενῶν
895 2945 978 2988 τῶν
1023 2944 1068 2996 ἐξ
1099 2941 1336 3002 Ἀσσυρίων
1368 2947 1429 2997 εἰς
1463 2944 1710 3003 Σαμάρειαν
1740 2941 2029 3002 ἀφικομένων,
2076 2942 2174 3001 [ὥς]
2213 2944 2400 2996 εἰπόντες

461 3016 666 3073 ἔφὲῐημεν.
698 3040 753 3048 --
808 3016 838 3056 l.
874 3012 942 3057 24.
975 3009 1088 3060 οὗτοι
1116 3013 1192 3071 pro
1223 3013 1343 3061 αὐτοὶ
1370 3020 1474 3060 Ven.
1505 3042 1557 3051 —-
1614 3019 1642 3060 l.
1663 3019 1730 3062 27.
1760 3018 1934 3074 Repoue
1964 3031 2014 3057 ex
2039 3016 2132 3058 cod.
2159 3018 2262 3059 Ven.
2292 3015 2398 3073 πρὸς

461 3160 569 3202 ven.
597 3183 650 3190 -
708 3158 735 3199 l.
761 3159 1018 3214 antepenult.
1061 3159 1234 3215 Repone
1264 3156 1427 3215 Ἀαρών
1456 3175 1534 3216 pro
1563 3156 1740 3215 Ἀαρῶν.
1798 3160 1965 3202 Habent
2005 3158 2062 3200 ita
2091 3159 2192 3200 Ven.
2233 3172 2396 3216 quoque

462 3238 506 3271 et
536 3231 625 3271 Bas.

575 3302 710 3358 Pag.
740 3301 827 3347 70,
882 3301 967 3344 1.1.
998 3299 1297 3359 έμῴυχουμένη
1341 3318 1419 3358 pro
1460 3301 1669 3360 έῴυχοῦτο
1708 3303 1811 3345 Ven.
1843 3324 1897 3333 -
1965 3300 1993 3342 l.
2014 3298 2055 3343 6.
2100 3298 2142 3343 ἐν
2173 3300 2228 3357 τῇ
2259 3299 2400 3356 κρίσει

459 3373 564 3415 Ven.
596 3395 650 3403 —
707 3370 735 3412 l.
755 3370 793 3414 8.
826 3372 1002 3427 Repone
1035 3372 1196 3428 ἔμπλεα
1222 3388 1299 3429 pro
1328 3372 1406 3429 ἔῖὲη
1435 3372 1620 3424 παλαιοὶ,
1651 3388 1701 3415 ex
1728 3371 1974 3414 auctoritate
2001 3370 2161 3412 Veneti.
2192 3395 2245 3403 -
2303 3371 2333 3414 l.
2355 3370 2395 3415 9.

463 3441 746 3498 μεμιαμμένοι
774 3444 863 3484 Bas.
896 3467 947 3474 —-
1005 3444 1031 3484 l.
1063 3445 1125 3486 12.
1156 3442 1304 3499 Πολλη
1337 3443 1386 3489 δὲ
1408 3441 1567 3488 τούτων
1591 3446 1694 3487 Ven.
1724 3468 1781 3475 --
1837 3441 1950 3485 1.,13.
1981 3439 2030 3485 δὲ
2055 3449 2151 3496 post
2175 3441 2284 3492 Πῶς
2310 3456 2392 3486 om.

462 3515 566 3555 Ven.
598 3536 652 3547 --
710 3513 739 3555 l.
765 3510 827 3557 14.
857 3513 937 3569 γὰρ
964 3523 1062 3569 post
1090 3515 1163 3569 μὲν
1190 3529 1271 3558 om.
1299 3516 1403 3557 Ven.
1436 3540 1488 3547 —
1546 3515 1575 3556 1.
1605 3514 1670 3558 16.
1703 3515 1876 3569 Repone
1901 3512 1953 3556 τὸ
1976 3526 2054 3567 pro
2083 3514 2144 3570 τῷ
2175 3528 2225 3554 ex
2250 3523 2393 3556 aucto-

462 3584 588 3625 ritate
616 3585 720 3624 Ven.
751 3608 804 3616 —-
860 3585 889 3625 1.
921 3584 972 3627 18
1001 3593 1043 3626 et
1072 3585 1136 3629 19.
1168 3584 1447 3641 ἑξηκονταδύο
1474 3582 1764 3640 ἠριθμημέναι
1793 3582 1834 3627 ἐν
1859 3585 1914 3640 τῇ
1942 3581 1998 3637 ἐρ.
2031 3584 2133 3625 Ven.
2165 3609 2218 3618 —-
2274 3585 2301 3626 l.
2323 3585 2393 3628 20.

463 3653 505 3697 ἐν
529 3657 583 3711 τῇ
614 3652 729 3711 σόρῳ
756 3657 861 3698 Ven.
905 3656 949 3698 αἱ
975 3656 1037 3713 τῷ
1067 3655 1182 3713 σόρῳ
1208 3658 1298 3698 Bas.
1329 3680 1381 3688 —
1439 3656 1466 3697 l.
1487 3656 1556 3699 26.
1588 3652 1670 3699 ἀπὸ
1700 3653 1781 3710 γὰρ
1810 3653 1882 3697 τοῦ
1914 3647 2068 3708 ἅρῦρου
2096 3650 2276 3712 τοῦνομα
2311 3657 2393 3710 τῆς

464 3724 717 3777 διακρίσεως
745 3725 838 3769 ἐστὶ
869 3727 1066 3782 σημᾶναι.
1114 3722 1256 3771 Ι’Όπου
1285 3724 1366 3783 γάρ
1395 3727 1500 3777 τοῦ,
1547 3725 1620 3770 καὶ
1648 3724 1717 3769 ἐπὶ
1746 3723 1807 3768 ἑνὶ
1834 3725 1937 3766 ven.
1970 3748 2021 3755 —
2078 3725 2105 3766 1.
2132 3726 2200 3770 27.
2234 3726 2389 3770 Vocab.

463 3789 654 3843 πάντως,
686 3796 752 3835 vel
777 3795 940 3841 πάντων
959 3829 970 3847 ,
1009 3812 1089 3838 om.
1119 3799 1222 3839 Ven.
1281 3797 1456 3839 Videtur
1486 3797 1703 3838 subnatum
1731 3808 1783 3835 ex
1809 3795 2074 3849 praecedenti
2103 3797 2317 3839 vocabulo.

580 3865 711 3922 Pag.
743 3867 829 3911 72.
885 3868 913 3908 l.
936 3867 969 3909 1.
1003 3869 1175 3922 εἴπαμεν
1197 3862 1229 3921 ἦ
1257 3866 1355 3912 θεὸν
1379 3870 1482 3912 Ven.
1507 3868 1647 3908 Recte.
1680 3889 1731 3898 --
1790 3866 1818 3908 1.
1839 3866 1879 3910 2.
1912 3867 2083 3922 εἴπαμεν
2103 3882 2181 3924 pro
2209 3868 2388 3923 εἴπωμεν
