2508 4134
566 268 790 309 PANARH
816 267 920 307 Lm.
945 268 1015 308 iu.
1045 266 1178 308 ToM.
1202 267 1234 306 1.
1260 265 1424 305 mee.
1448 262 1648 304 Lxxiu.
1992 249 2059 300 69

158 377 209 419 ut
235 365 466 417 eiusmodi
507 357 772 417 habeantur
809 364 940 415 lieet.
1019 362 1106 414 Sin
1141 364 1186 413 in
1219 364 1304 414 liae
1333 363 1435 431 ipse
1464 360 1782 413 excusatione
1809 374 1866 409 ae
1900 357 2059 425 dispu-

156 450 338 504 tatione
370 450 618 501 titubatum
646 449 704 499 ab
732 449 824 499 illis
853 446 1066 498 nonnihil
1094 455 1187 509 est,
1222 466 1277 497 ae
1305 466 1468 515 parum
1500 454 1631 496 reete
1660 444 1883 513 positum,
1921 460 2059 492 suum

157 535 277 605 apud
319 534 531 585 eruditos
573 535 726 584 locum
769 533 1081 598 ordinemque
1125 539 1337 581 teneant.
1414 528 1669 580 Postremo
1703 546 1807 578 eum
1835 527 1893 576 de
1926 524 2062 576 Mar-

157 620 278 670 cello
306 618 604 687 superiorem
644 634 832 667 omnem
877 616 1202 666 narrationem
1236 613 1423 663 abunde
1458 613 1834 676 instituerimus,
1884 612 1942 662 ab
1973 611 2062 661 hoe

158 704 215 755 ad
254 703 372 754 alias
411 703 641 754 haereses
675 700 1006 752 transibimus.

362 897 946 962 ADVERSUS
1033 892 1852 968 SEMIARIANOS,

479 1018 613 1076 quae
660 1003 743 1057 est
786 996 1030 1056 haeresis
1074 994 1266 1068 LIII.,
1311 992 1428 1053 sive
1471 990 1741 1051 LXXIII.

292 1121 610 1191 Posteaquam
644 1121 908 1190 opitulante
940 1121 1029 1171 deo
1060 1119 1198 1182 Arii,
1254 1133 1517 1184 eorumque
1545 1116 1621 1184 qui
1656 1115 1780 1166 Ario
1810 1133 2061 1168 successe·
2112 1123 2212 1177 Cap.
2241 1123 2271 1162 1.

154 1217 294 1271 runt,
349 1208 559 1258 infelicia
603 1207 824 1273 dogmata
866 1204 1194 1273 perrupimus,
1261 1202 1573 1270 inprimisque
1624 1197 1840 1262 Pliotini,
1893 1201 1975 1251 sed
2017 1209 2066 1251 et

155 1291 375 1345 Marcelli
418 1291 574 1360 priora
615 1291 693 1340 illa
727 1290 1070 1352 discussimus,
1125 1289 1172 1338 in
1220 1287 1390 1355 quibus
1431 1284 1645 1335 nonnihit
1690 1283 1897 1335 titubare
1931 1284 2064 1334 visus

158 1386 260 1439 est,
314 1393 528 1443 quaeque
556 1375 690 1425 initio
718 1374 914 1442 perinde
945 1383 1088 1440 atque
1116 1371 1349 1422 ebrietate
1382 1378 1633 1437 correptus
1663 1369 1875 1418 evomuit.
1902 1373 2063 1437 (atque

156 1463 334 1513 utinam
364 1459 492 1510 illius
519 1467 805 1520 sectatores,
847 1457 1079 1525 siquidem
1108 1456 1207 1506 lieri
1241 1464 1417 1524 potest,
1459 1454 1819 1517 emendentur),
1860 1455 1917 1504 ad
1950 1454 2065 1504 liaeo

159 1564 263 1595 enm
298 1552 467 1595 exorta
495 1542 553 1593 ab
583 1544 785 1611 ipsomet
817 1543 938 1592 Ario
965 1541 1154 1591 zizania
1185 1540 1362 1604 yerlio,
1404 1542 1526 1604 quod
1552 1548 1624 1587 est
1646 1541 1774 1587 omni
1790 1541 1955 1603 gladio
1982 1556 2065 1587 on-
2088 1542 2314 1588 Heln-⁴212·

157 1632 293 1695 ez'pz‘tz‘
331 1629 691 1693 penetrabilius,
747 1626 1100 1686 exciderimus,
1153 1624 1554 1676 considerandum
1605 1623 1746 1672 modo
1800 1621 1937 1672 nobis
1991 1630 2067 1672 est

156 1712 579 1781 quemadmodum,
634 1711 893 1780 pullulante
939 1710 1056 1759 mala
1100 1709 1178 1759 illa
1211 1709 1315 1758 Arii
1348 1707 1680 1768 frustratione,
1734 1723 1887 1774 genus
1917 1707 2066 1774 quod-

156 1798 259 1846 dam
290 1796 543 1846 emerserit
566 1804 728 1845 sectae
754 1813 893 1862 quam
925 1792 1337 1845 Semiarianorum
1370 1800 1564 1842 voeaut.
1610 1788 1704 1857 Qui
1734 1790 1922 1859 quidem
1954 1791 2068 1841 lieet.

153 1879 279 1931 illius
310 1897 482 1930 nomen
507 1879 713 1942 eiureut,
755 1880 958 1929 eundem
991 1878 1141 1946 ipsum
1178 1886 1364 1939 tamen,
1407 1894 1463 1925 ae
1489 1875 1772 1926 sceleratam
1805 1875 1931 1925 illius
1963 1874 2066 1943 opi-

155 1964 344 2015 nionem
387 1964 617 2025 induunt,
671 1961 971 2013 et-ementita
1013 1962 1213 2029 quadam
1254 1961 1416 2029 speeie
1450 1978 1505 2010 ac-
1549 1960 1680 2010 larva
1727 1959 1895 2011 faeiem
1927 1976 2064 2010 snam

154 2049 395 2099 obducunt
427 2066 482 2098 ae
509 2047 828 2098 dissimulant.
873 2044 1154 2098 Cuiusmodi
1189 2045 1471 2095 histrionum
1504 2044 1552 2094 iu
1587 2044 1786 2094 theatris
1813 2061 1921 2094 esse
1949 2061 2064 2093 con·

153 2133 311 2183 suevit
341 2133 496 2195 aetio,
538 2132 615 2200 qui
644 2131 732 2183 sul»
763 2131 933 2182 alienis
967 2131 1176 2180 vultibus
1209 2130 1548 2180 delitescentes
1583 2146 1638 2178 ae
1668 2129 1908 2197 personati
1941 2145 2063 2195 quae

150 2218 199 2268 in
241 2216 503 2267 comoediis
547 2217 818 2284 turpissima
863 2224 911 2265 et
953 2214 1203 2266 ebrietatis
1246 2215 1384 2283 plena
1424 2214 1732 2264 eontinentur
1766 2212 2061 2275 edisserunt,

151 2303 256 2354 sive
288 2311 504 2352 veterum
537 2307 782 2370 poe'tarum
817 2300 1000 2351 fabulas
1029 2308 1166 2366 gestu
1207 2300 1310 2367 ipso
1349 2307 1396 2348 et
1430 2298 1814 2348 conformatione
1846 2296 2064 2364 corporis

153 2385 445 2455 exprimant.
500 2383 583 2436 Sic
607 2395 655 2435 et
683 2384 759 2436 isti
789 2383 1159 2453 simplicioribus
1189 2384 1389 2433 illudere
1419 2383 1686 2451 cupientes,
1718 2400 1822 2431 eum
1855 2390 1902 2430 et
1930 2381 2064 2431 vultu

151 2471 256 2540 ipso
288 2479 337 2521 et
366 2470 577 2521 moribus
608 2478 654 2520 et
688 2470 833 2538 impio
865 2470 1086 2536 dogmate
1120 2468 1177 2519 ab
1213 2467 1334 2518 Ario
1369 2467 1661 2534 Arianisque
1694 2484 1786 2516 uou
1819 2465 2060 2528 differant,

153 2554 460 2606 nihilominus
496 2555 699 2621 quodam
741 2553 1029 2605 adulationis
1067 2553 1268 2603 artifieio
1303 2551 1672 2620 perditissimam
1706 2549 1917 2600 omnium
1950 2568 2065 2599 eon-

153 2640 364 2690 fessioue
406 2639 591 2688 illorum
629 2639 892 2688 doctrinam
936 2641 1097 2689 l'ueare
1134 2656 1190 2687 ae
1225 2636 1530 2687 dissimulare
1562 2635 1842 2704 cupientes,
1894 2636 1956 2685 ita
1989 2634 2065 2685 dei

154 2724 296 2775 filium
331 2732 598 2773 ereaturam
633 2732 706 2772 est
739 2723 1054 2783 diminuunt,
1097 2740 1189 2789 quo
1224 2721 1408 2771 l'aeilius
1444 2721 1712 2788 decipiant,
1756 2737 1810 2769 ac
1840 2719 2066 2770 videlieet

156 2809 229 2858 dei
264 2809 358 2858 lilio
388 2808 747 2875 gratificentur,
798 2807 836 2856 si
867 2824 984 2873 quos
1022 2806 1230 2857 viderint
1261 2806 1320 2855 ob
1350 2804 1581 2854 eiusmodi
1615 2822 1867 2855 sermones
1898 2813 2066 2854 extur-

153 2891 277 2955 bari,
310 2893 799 2942 eircuml'oraueormn
830 2908 962 2940 more
991 2891 1149 2941 statim
1178 2889 1463 2940 blandiendo
1492 2888 1770 2951 subiiciunt,
1812 2887 1925 2939 Non
1959 2905 2065 2956 per-

153 2976 262 3027 inde
299 2985 567 3027 creaturam
609 2976 737 3026 illum
787 2975 986 3025 l'aeimus
1035 2993 1089 3026 ae
1131 2984 1399 3025 ceterarum
1444 2973 1646 3041 aliquam
1684 2991 1837 3041 neque
1887 2975 2062 3023 t'oetum

155 3070 425 3111 ceterorum
452 3061 607 3111 instar
636 3062 847 3110 foetuum
880 3077 990 3110 esse
1022 3060 1243 3109 dicimus.
1324 3057 1417 3108 Iam
1446 3061 1865 3108 Consubstante‘altis
1892 3074 2061 3107 vocem

154 3154 377 3213 tanquam
410 3163 434 3195 a
461 3146 615 3196 saeris
640 3144 793 3195 literis
821 3144 1020 3193 alienam
1052 3145 1238 3211 penitus
1265 3144 1544 3212 explodunt.
1618 3140 1714 3193 Sed
1743 3143 1801 3192 de
1826 3142 1917 3204 his,
1956 3159 2062 3190 eum

155 3231 389 3280 adversus
426 3230 595 3280 Arium
624 3246 898 3296 ageremus,
959 3227 1322 3279 accuratissime
1363 3227 1727 3295 disputavimus.
1806 3222 2059 3287 Ceterum,

156 3323 205 3364 ut
235 3315 359 3364 aliud
388 3315 513 3364 illius
542 3314 700 3363 simile
731 3330 903 3363 nomeu
933 3312 1193 3373 obiiciant,
1237 3310 1446 3362 Basilius
1474 3312 1687 3379 inprimis
1708 3328 1764 3360 ae
1796 3308 2060 3376 Georgius,

160 3396 572 3448 Semiarianorum
606 3397 745 3449 istius
776 3406 936 3446 sectae
970 3396 1236 3464 principes,
1282 3394 1453 3446 Filium
1476 3435 1489 3458 ,
1529 3394 1778 3461 inquiunt,
1820 3413 1914 3445 nou
1951 3389 2066 3458 ὁμο-

157 3479 350 3542 ούσιον,
406 3482 495 3532 ltoo
526 3492 630 3545 est,
682 3483 1145 3540 consubstantialem,
1201 3482 1284 3531 sed
1316 3475 1633 3543 ὅμοιούσιον,
1687 3479 1774 3529 hoc
1819 3488 1893 3530 est
1923 3482 2069 3528 simile·

156 3593 269 3633 tione
305 3593 356 3633 ad
395 3607 465 3633 eos
503 3593 569 3648 qui
613 3608 686 3647 per
716 3608 945 3634 sermonem
974 3593 1080 3632 hunc
1193 3592 1231 3632 5.
1259 3589 1414 3633 τούτων
1444 3593 1524 3631 cod.
1562 3593 1718 3642 Rhediff.

158 3650 337 3703 corrupti
365 3659 459 3689 sunt
485 3650 842 3704 praestigiatorum
873 3664 983 3690 more
1013 3648 1080 3688 ‹li—
1192 3646 1231 3687 6.
1263 3647 1333 3689 καὶ
1362 3649 1442 3701 τῆς
1473 3649 1610 3687 vitium
1639 3653 1691 3688 est
1718 3650 1777 3688 ed.
1815 3651 1948 3690 Pelav.
1987 3650 2060 3689 Co·

159 3715 280 3751 cunt,
313 3711 395 3746 cett.
1136 3706 1210 3743 lon.
1241 3708 1358 3754 repet.

213 3758 252 3804 4.
281 3760 353 3803 καὶ
382 3774 455 3802 om.
486 3764 568 3803 cod.
598 3764 756 3814 Rhedig.
