2508 4134
457 269 558 324 762

510 393 651 421 omnes
693 378 800 419 illius
842 391 1002 419 errores
1051 376 1252 431 evangelii
1296 376 1389 418 luce

508 450 758 505 deteguntur
786 451 882 490 380.

454 522 545 567 Lux
582 519 624 561 in
660 519 848 560 tenebris
893 519 1036 561 lucens
1079 519 1124 559 in
1170 518 1388 573 evangelio

507 605 589 646 quo
618 604 739 631 sensu
769 589 1010 645 accipienda
1039 592 1149 636 6⁴18„

453 661 592 717 Lybs,
620 661 833 712 Molurus,
876 661 1005 716 Elops
1039 668 1278 716 serpentum
1309 675 1388 715 ge-

507 746 606 773 nera
636 734 732 772 520.

887 860 956 901 M.

450 946 562 1001 Magi
595 945 801 987 Christum
836 944 1011 986 adorant
1042 946 1138 985 154.

450 1017 715 1073 Magistratus
750 1015 862 1071 apud
893 1015 1065 1057 ludaeos
1103 1015 1192 1056 iure
1220 1027 1388 1055 succes-

505 1088 631 1129 sionis
659 1087 800 1128 liberis
830 1095 929 1142 post
957 1094 1135 1127 mortem
1169 1093 1388 1140 parentum

505 1158 776 1213 deferuntur,
835 1166 878 1198 et
924 1156 1061 1199 adhuc
1104 1154 1386 1211 impuberibus

502 1238 767 1271 reservantur
797 1232 893 1269 130.

448 1300 659 1356 Magusaei
689 1299 800 1356 apud
830 1302 995 1352 Persas,
1041 1306 1085 1340 et
1115 1312 1258 1339 eorum
1285 1296 1386 1338 reli-

504 1372 572 1427 gio
598 1387 648 1413 ac
675 1385 792 1413 sacra
822 1374 947 1412 1094.

398 1462 400 1464 ·
449 1444 605 1485 Malum
632 1443 742 1484 unde
770 1451 983 1493 exortum,
1029 1450 1072 1483 et
1102 1456 1180 1497 qua
1222 1440 1388 1482 ratione

504 1514 719 1555 inductum
753 1518 820 1555 72.

449 1585 604 1627 Malum
647 1586 750 1626 nulli
789 1585 851 1626 rei
891 1585 951 1627 ita
996 1583 1261 1626 coniunctum
1310 1590 1387 1634 est,

503 1657 601 1713 quin
630 1656 729 1698 boni
757 1655 878 1698 simul
907 1655 1063 1711 aliquid
1092 1655 1246 1696 habeat
1263 1658 1359 1696 633.

448 1728 604 1770 Malum
634 1728 732 1784 quid
761 1727 816 1769 sit
834 1759 845 1778 ,
893 1727 1059 1783 quando
1089 1725 1300 1775 extiterit,
1347 1733 1390 1766 et

504 1799 671 1855 quando
702 1799 756 1839 sit
785 1798 1014 1839 desiturum
1044 1801 1140 1839 632.

446 1871 687 1912 Mammona
719 1878 790 1911 aut
820 1877 994 1918 venter,
1041 1867 1254 1924 quomodo
1288 1867 1390 1909 deus

503 1941 736 1997 appelletur
765 1944 860 1981 683.

448 2012 664 2063 Manvdrae,
683 2011 933 2054 monasteria
948 2012 1246 2053 monachorum
1266 2013 1388 2052 1073.

448 2086 594 2126 Manes
641 2091 905 2139 comparatur
948 2082 1131 2138 Apollini
1175 2081 1289 2132 vati,
1346 2090 1390 2123 et

505 2165 583 2211 qua
614 2155 778 2196 ratione
809 2157 907 2195 698.
940 2177 989 2186 -
1050 2168 1173 2209 quam
1199 2153 1306 2194 male
1335 2153 1388 2194 de

503 2226 710 2267 salvandis
750 2233 915 2266 tantum
957 2239 981 2266 a
1025 2224 1188 2267 decimo
1241 2224 1387 2280 quinto

503 2297 661 2340 Tiberii
691 2297 874 2339 Caesaris
902 2296 1078 2338 senserit
1104 2295 1206 2337 ibid.

447 2371 592 2411 Manes
624 2368 731 2409 falso
769 2383 815 2409 se
842 2367 1103 2409 Paracletum
1132 2382 1223 2408 esse
1252 2367 1387 2408 iacta-

502 2441 577 2482 bat
609 2442 705 2480 635.

449 2511 785 2552 Manichaeorum
816 2509 1043 2551 execranda
1072 2509 1263 2565 impietas
1294 2513 1389 2550 639.

448 2582 683 2624 Manichaei
724 2595 858 2636 nugae
899 2581 1004 2622 circa
1046 2581 1208 2622 baiulos
1248 2580 1390 2621 mundi

505 2652 605 2694 ibid.

449 2724 736 2765 Manichaeum
776 2722 918 2778 magis*
964 2722 1153 2763 fabulosa
1205 2722 1258 2762 de
1308 2722 1388 2763 deo

446 2796 449 2800 ’
506 2809 629 2851 quam
676 2793 904 2835 Hesiodum
956 2802 1198 2848 ceterosque
1242 2798 1390 2849 poe'tas

508 2868 690 2907 Graecos
722 2865 887 2906 finxisse
918 2868 1011 2906 665.

451 2937 684 2978 Manichaei
714 2937 754 2977 in
787 2936 910 2977 deum
938 2936 1196 2991 blasphemia
1225 2940 1317 2977 703.

451 3009 791 3050 Manichaeorum
821 3007 1050 3063 principem
1090 3007 1167 3048 sibi
1202 3007 1389 3048 subditos

507 3080 707 3120 devorare
751 3094 873 3134 quam
919 3078 973 3119 sit
1018 3078 1239 3119 absurdum
1293 3087 1390 3134 apta

504 3150 775 3192 similitudine
802 3150 1003 3205 probatur
1040 3153 1136 3190 697.

450 3222 789 3263 Manichaeorum
842 3221 1024 3262 haeresis
1080 3220 1390 3276 quadragesima

507 3293 676 3349 quinta,
738 3293 884 3334 ordine
940 3293 1194 3346 sexagesima
1247 3293 1390 3348 quinta

508 3368 602 3404 617.
634 3389 688 3396 —-·
744 3364 870 3404 iidem
913 3363 1013 3403 dicti
1055 3365 1305 3417 Acuauitae‚
1348 3372 1390 3403 et

508 3435 617 3476 unde
645 3435 745 3476 ibid.
775 3459 830 3466 —
889 3434 961 3476 ubi
1001 3443 1043 3475 et
1078 3450 1101 3476 a
1132 3450 1214 3490 quo
1255 3435 1388 3475 disse-

506 3506 660 3547 minata
686 3506 791 3547 haec
810 3506 991 3547 haeresis
1017 3506 1116 3547 ibid.
1143 3529 1194 3537 —-·
1224 3505 1389 3561 quando

510 3577 726 3632 coeperint
769 3577 871 3618 ibid.
915 3601 968 3609 --
1042 3576 1182 3618 Manis
1218 3577 1391 3618 historia

508 3648 608 3688 ibid.
640 3673 694 3680 --
755 3648 834 3689 fuit
878 3657 920 3688 et
964 3648 1209 3703 Scythianus
1252 3648 1391 3689 Mani-

512 3718 625 3758 chaei
655 3719 859 3773 dogmatis
889 3727 1034 3760 auctor
1068 3723 1163 3759 618.
1195 3743 1247 3750 -
1306 3719 1391 3759 eius

510 3787 683 3829 historia
713 3794 806 3829 619.
842 3814 892 3821 —-
952 3790 1136 3831 eiusdem
1165 3790 1259 3831 libri
1285 3804 1391 3845 qua-

513 3865 608 3897 tuor
640 3860 731 3897 619.
777 3883 828 3890 ψ-
902 3861 1237 3917 Hierosolymam
1281 3859 1394 3900 venit

1213 277 1270 318 IN
1275 277 1396 322 DEX
1425 276 1635 321 RERUM.

1505 391 1596 418 cum
1624 376 1826 432 apostolis
1857 376 2103 419 conterendi
2124 377 2256 432 gratia
2287 381 2384 425 6802

1506 472 1556 479 --
1603 447 1786 488 eiusdem
1825 461 1936 488 mors
1983 462 2033 488 ex
2072 448 2247 503 lapsu-e
2274 464 2384 506 quo—

1504 517 1599 559 dam
1625 517 1789 558 sublimi
1817 525 1932 558 tecto
1960 517 2061 559 ibid.
2091 541 2142 552 -
2201 520 2386 564 Terbinss

1501 588 1598 629 thus
1624 587 1708 628 eius
1734 588 1958 643 discipulus
1979 587 2080 629 ibid.
2113 597 2173 623 —-''
2223 599 2385 635 mutato

1502 659 1670 700 nomine
1694 658 1878 699 Buddam
1902 673 1948 699 se
1966 659 2108 701 vocari
2141 661 2283 720 voluiq-
2298 662 2385 704 ibi-

1503 729 1612 770 dem.
1635 753 1690 760 --
1729 729 1773 769 in
1798 729 2009 771 Persidem
2028 729 2190 786 aufugit
2204 731 2310 775 ibid.
2330 757 2386 766 -—

1504 814 1598 841 casu
1615 799 1773 841 interiit
1793 800 2202 844 ut2eius.antecessor
2216 806 2312 845 621.
2330 825 2386 838 --·

1504 872 1542 911 ei
1580 870 1775 912 successit
1819 872 1966 912 Manes
2009 871 2143 913 dictus
2190 873 2386 917 cubricus

1502 941 1601 983 ibid.
1646 966 1699 973 -
1773 941 1860 983 eius
1905 941 2080 984 historia
2099 957 2216 988 ..oum
2243 953 2389 1000 ageret

1502 1012 1614 1067 apud
1644 1014 1786 1054 Persas
1827 1012 1929 1054 ibid.
1959 1037 2015 1044 —
2073 1013 2159 1056 eius
2195 1015 2388 1072 discipuli

1504 1087 1601 1124 622.
1646 1107 1702 1114 —
1771 1083 1870 1137 fuga
1912 1099 1935 1125 e
1978 1097 2142 1128 carcere
2185 1085 2286 1128 ibid.
2331 1111 2386 1119 —

1504 1154 1683 1209 epistola
1711 1154 1765 1195 ad
1782 1154 2025 1197 Marcellum
2049 1158 2144 1196 623.
2173 1180 2226 1189 -
2266 1157 2387 1199 Mar-

1504 1225 1598 1266 celli
1625 1225 1690 1268 ad.
1708 1224 1893 1267 eiusdem
1923 1225 2140 1281 epistolam
2168 1227 2386 1283 responsio

1504 1299 1600 1336 624.

1449 1367 1678 1410 Manichaei
1721 1367 1874 1423 dogma
1903 1368 2099 1410 distincte
2137 1369 2388 1424 explicatum

1503 1441 1598 1481 625.
1642 1462 1700 1470 —-
1765 1438 1994 1495 disputatio
2050 1440 2262 1483 Archelai
2295 1456 2389 1483 cum

1502 1511 1576 1552 illo
1607 1519 1649 1551 et
1679 1510 1764 1551 eius
1807 1511 1905 1565 fuga
1942 1514 2037 1552 627.
2072 1535 2125 1543 —-
2182 1513 2386 1569 Trypho—

1503 1597 1598 1623 nem
1628 1590 1833 1638 provocat
1862 1586 1958 1625 628.
1989 1607 2045 1614 --
2100 1583 2252 1625 iterum
2281 1598 2387 1640 pro-

1503 1653 1738 1695 stratusab
1773 1653 1975 1694 Archelao
1995 1653 2098 1695 ibid.
2128 1678 2184 1687 —-—
2234 1651 2264 1696 'a
2289 1668 2388 1712 rego

1503 1727 1719 1766 Persarum
1748 1724 1791 1765 in
1815 1724 2025 1766 Persidem
2053 1734 2273 1768 revocatur
2302 1726 2386 1768 ibi-

1504 1795 1611 1837 dem.
1645 1820 1700 1826 —
1758 1804 1852 1836 cute
1900 1795 2060 1838 calamo
2100 1796 2289 1839 detracta
2318 1797 2388 1839 vi-

1505 1881 1577 1908 vus
1622 1866 1855 1909 excoriatur
1896 1870 1993 1909 629.
2023 1891 2082 1899 -
2152 1868 2258 1910 cutis
2300 1868 2386 1912 eius

1505 1946 1669 1979 servata
1697 1938 1800 1980 ibid.

1448 2009 1685 2051 Manichaei
1725 2009 1918 2064 discipuli
1969 2008 2052 2051 huc
2090 2009 2272 2066 illucque
2314 2010 2384 2052 ‹li-³

1504 2081 1634 2135 spersi
1663 2080 1760 2122 ibid.

1448 2152 1679 2193 Manichaei
1707 2152 1909 2194 refutatio
1936 2151 2038 2192 ibid.
2074 2175 2123 2183 —
2153 2152 2249 2194 libri
2273 2152 2386 2195 eius-

1503 2223 1598 2263 dem
1650 2223 1751 2267 ibid.
1803 2247 1860 2255 —
1939 2222 2009 2278 qui
2061 2232 2207 2265 contra
2247 2224 2387 2266 Mani-

1505 2295 1675 2335 chaeum
1702 2294 1955 2349 scripserunt
1985 2297 2081 2334 638.

1446 2364 1681 2407 Manichaei
1707 2361 1987 2406 commentum
2017 2365 2070 2406 de
2098 2366 2195 2408 luna
2223 2366 2386 2408 refelli-

1503 2445 1571 2477 tur
1601 2439 1697 2478 664.
1726 2458 1782 2467 —
1839 2436 1938 2477 item
1981 2436 2034 2478 de
2076 2437 2218 2478 electis
2248 2437 2385 2479 Mani-

1506 2507 1725 2548 chaeorum
1772 2522 1888 2549 error
1936 2508 2144 2550 refutatur
2197 2511 2292 2551 665.
2332 2532 2388 2542 —-

1504 2579 1603 2619 item
1657 2578 1710 2619 de
1766 2578 1911 2620 Adami
1956 2579 2165 2621 creatione
2205 2583 2302 2623 668.
2332 2603 2387 2612 —-

1506 2658 1719 2704 praeterea
1777 2650 1830 2691 de
1876 2650 1977 2692 boni
2018 2659 2062 2692 et
2101 2651 2198 2692 mali
2241 2651 2387 2694 confli-

1507 2721 1646 2762 ctione
1679 2725 1771 2762 670.
1806 2725 1900 2762 671.
1935 2730 1980 2762 et
2011 2725 2105 2764 672.
2138 2747 2190 2754 -
2262 2723 2388 2764 testi-

1506 2792 1643 2834 monia
1701 2794 1848 2848 quibus
1904 2794 2050 2835 nititur
2123 2794 2387 2836 Manichacus

1506 2867 1600 2904 673.
1633 2890 1682 2895 -
1746 2873 1891 2906 contra
1932 2880 2024 2906 eum
2054 2865 2153 2921 quid
2181 2866 2235 2906 sit
2264 2865 2388 2907 arbor

1504 2936 1610 2976 mala
1654 2936 1694 2976 in
1739 2936 1954 2991 evangelio
2003 2940 2096 2978 675.
2143 2961 2199 2968 —-
2275 2937 2388 2993 quod

1509 3007 1646 3048 ludaei
1676 3022 1759 3048 non
1805 3015 1924 3048 erant
1952 3007 2026 3048 filii
2057 3007 2212 3049 diaboli
2241 3015 2387 3050 contra

1504 3079 1682 3120 eundem
1710 3079 1996 3120 Manichaeum
2027 3082 2121 3120 677.

1450 3150 1682 3192 Manichaei
1710 3149 1835 3205 impia
1876 3149 2070 3205 dogmata
2100 3165 2150 3191 ex
2179 3148 2386 3206 Tyrb'onis

1504 3221 1590 3262 eius
1621 3221 1810 3277 discipuli
1854 3221 2058 3263 relatione
2089 3225 2184 3263 642.
2215 3224 2308 3266 643.
2342 3228 2386 3263 et

1507 3296 1602 3332 644.
1646 3306 1773 3347 usque
1812 3292 1866 3333 ad
1894 3296 1990 3334 648.
2021 3316 2075 3325 υ·-
2134 3292 2186 3334 de
2224 3291 2386 3333 animae

1505 3364 1781 3404 transfusione
1811 3364 1852 3404 in
1883 3364 2063 3419 quinque
2092 3375 2264 3418 corpora
2288 3366 2383 3404 644.

1505 3459 1558 3466 -
1602 3435 1747 3490 quibus
1789 3434 2022 3476 nominibus
2062 3433 2238 3475 animam
2268 3434 2384 3475 desi-

1505 3514 1604 3562 gnet
1644 3505 1744 3546 ibid.
1779 3514 1822 3546 et
1852 3508 1946 3546 645.
1978 3527 2029 3535 —-
2101 3517 2233 3558 nugae
2274 3506 2384 3548 illius

1506 3577 1558 3617 de
1604 3591 1824 3632 corporum
1874 3574 2233 3628 transmigratione
2287 3586 2385 3630 post

1506 3655 1682 3688 mortem
1712 3647 1813 3687 ibid.
1847 3671 1901 3679 —
1959 3645 2012 3684 de
2042 3645 2091 3685 iis
2121 3646 2189 3700 qui
2234 3662 2383 3702 panem

1508 3717 1731 3759 comedunt
1775 3717 1874 3772 quid
1914 3715 2092 3769 sentiat,
2149 3724 2191 3757 et
2237 3719 2382 3773 quibus

1507 3789 1640 3829 verbis
1695 3802 1843 3842 panem
1897 3786 2130 3840 alloquatur
2188 3792 2283 3829 645.
2328 3815 2381 3821 .-

1507 3858 1668 3912 qualem
1700 3858 1922 3897 constituat
1951 3856 2185 3912 paradisum
2213 3863 2308 3900 646.
2330 3884 2381 3893 —-
