2508 4134
458 234 556 286 120
1163 239 1369 282 SANGTI
1398 240 1685 284 EmPHANn

456 362 575 410 ομεν
605 341 728 403 είς“
700 361 786 394 ενα
812 336 961 403 θεόν,
1015 337 1201 407 πατέρα
1229 336 1632 410 παντοκράτορα,
1683 339 1769 394 τὸν
1804 339 2018 409 ποιητὴν
2053 339 2277 413 ούρανοῦ
2303 343 2402 396 καὶ·

453 433 569 497 γῆς,
609 423 801 496 ὁρατῶν
820 445 870 476 τε
894 424 980 476 καὶ
1007 420 1251 492 ἀορατων.
1328 423 1634 492 Πιστεύομεν
1657 426 1710 477 δὲ
1733 427 1818 479 καὶ
1842 428 1912 488 εἰς
1933 424 2021 479 τὸν
2043 426 2218 495 κύριον
2245 425 2390 496 ἡμῶν

447 511 639 580 Ἰησοῦν
671 506 887 580 Χριστόν
915 505 1002 560 τόν
1025 505 1139 560 υἷὸν
1160 513 1249 560 τοῦ
1275 515 1431 575 θεοῦ,
1468 508 1553 564 τόν
1580 513 1628 574 ἐξ
1659 510 1816 565 αὐτοῦ
1847 513 2147 582 γεννηθέντα
2173 512 2392 576 ἀπαθως

453 595 549 666 πρὸ
594 594 796 649 πάντων
837 591 1057 658 αἰωνων,
1107 591 1234 647 θεὸν
1269 593 1441 664 λόγον,
1489 594 1617 650 θεὸν
1654 598 1707 650 ἐκ
1733 603 1888 662 θεοῦ,
1942 603 2211 668 μονογενῆ,
2262 621 2390 665 φως,

453 679 607 749 ζωὴν,
644 679 910 748 ἀλήθειαν,
949 682 1160 745 σοφίαν,
1211 677 1448 748 δύναμιν,
1500 679 1562 734 δι’
1590 675 1654 740 οὗ
1678 680 1739 734 τοὶ
1769 682 1930 735 πάντα
1957 685 2177 753 ἐγένοντο
2193 725 2232 749 ,,
2255 682 2316 737 τοὶ
2339 686 2393 739 ἐν

452 775 559 829 τοῖς
587 763 819 837 οὐρανοῖς
843 766 926 818 καὶ
952 762 1013 819 τοὶ
1043 766 1123 818 ἐπὶ
1152 770 1242 833 τῆς
1268 771 1382 836 γῆς,
1436 768 1528 819 εἴτε
1565 764 1746 836 ὁρατοὶ,
1799 771 1892 821 εἴτε
1927 766 2127 838 α’όρατα.
2207 775 2394 824 Τοῦτον

454 850 744 920 πιστεύομεν
772 852 854 905 ἐπὶ
884 853 1126 923 συντελείᾳ
1159 856 1259 904 τῶν
1289 849 1486 904 αἰώνων
1513 854 1584 914 εἰς
1612 852 1850 921 ἀθέτησιν
1880 852 2197 924 δάμαρτιῶν,
2232 853 2394 926 Υσοὶρκοι

455 936 765 1006 ἀνειληφέναι
788 938 841 990 ἐκ
869 942 958 1004 τῆς
992 943 1014 973 ⁶
1035 933 1178 1006 ἆγίας
1201 938 1487 1007 παρθένου,
1524 938 1608 990 καὶ
1634 938 2116 1010 ἐνανθρωπήσαντα,
2165 940 2396 1005 παθόντα

454 1021 579 1094 ὑπὲρ
615 1028 714 1076 τῶν
743 1019 996 1090 ἁμαρτιῶν
1021 1019 1190 1090 ἡμῶν,
1242 1023 1327 1075 καὶ
1359 1020 1666 1089 ἀναστάντα,
1717 1027 1801 1078 καὶ
1827 1025 2183 1093 ἀναληφθέντα
2211 1028 2280 1088 εἰς
2310 1022 2394 1085 ού-

456 1106 665 1180 ρανούς,
715 1109 1016 1172 καθέζεσθαι
1055 1109 1105 1161 ἐν
1147 1108 1282 1180 δεξιᾷ
1310 1114 1400 1161 τοῦ
1437 1106 1649 1179 πατρός,
1701 1109 1847 1164 πάλιν
1890 1110 2150 1180 ἐρχόμενον
2191 1113 2243 1165 ἐν
2274 1109 2394 1185 δόξῃ

454 1202 618 1265 κρῖναι
643 1199 826 1259 ζῶντας
853 1194 938 1246 καὶ
966 1192 1189 1263 νεκρούς.
1269 1191 1576 1261 Πιστεύομεν
1614 1195 1667 1247 δὲ
1694 1197 1779 1248 καὶ
1811 1199 1881 1258 εἷς
1913 1200 1972 1250 ἲν
2008 1196 2149 1267 ὅίγιον
2183 1202 2393 1264 πνεῦμα,

456 1279 485 1335 ὃ
516 1281 600 1334 καὶ
641 1278 970 1349 Παρακλητον
1009 1276 1261 1346 ὠνόμασεν
1301 1276 1331 1333 ὅ
1358 1277 1518 1348 σωτήρ
1560 1281 1645 1332 καὶ
1681 1280 1853 1351 κύριος
1894 1279 2036 1349 ἡμῶν
2052 1281 2248 1349 Ἰησοῦς
2270 1286 2397 1352 ,Χρι-

455 1364 592 1431 στὸς,
649 1362 1058 1436 ἐπαγγειλάμενος
1086 1362 1203 1431 μετοὶ
1239 1363 1294 1418 τὸ
1334 1360 1565 1418 α’νελθεῖν
1604 1363 1758 1418 αὐτόν
1794 1367 1991 1434 πέμψαι
2016 1374 2121 1429 τοῖς
2148 1374 2398 1435 μαθηταῖς

457 1457 628 1515 τοῦτο,
680 1449 710 1504 δ
743 1451 827 1503 καὶ
866 1448 1169 1515 ἀπέστειλεν,
1221 1447 1284 1503 δι’
1316 1443 1379 1503 οὗ
1410 1451 1496 1502 καὶ
1533 1447 1722 1520 ἁγιάζει
1750 1450 1866 1514 τούς
1897 1453 1950 1506 ἐν
1979 1458 2041 1525 τῇ
2064 1454 2291 1525 ἐκκλησίᾳ
2317 1474 2398 1511 πι-

460 1534 746 1601 στεύοντας,
798 1537 883 1589 καὶ
925 1536 1313 1604 βαπτιζομένους
1341 1537 1394 1589 ἐν
1428 1532 1635 1602 όνόματι
1673 1535 1861 1607 πατρός
1890 1539 1975 1591 καὶ
2002 1540 2118 1591 υίοῦ
2145 1539 2229 1591 καὶ
2253 1535 2397 1608 ἇγίου

459 1621 752 1690 πνεύματος.
831 1625 856 1657 7
879 1619 1007 1683 Τούς
1050 1621 1102 1674 δὲ
1129 1618 1267 1691 παρα
1302 1619 1486 1688 ταύτην
1521 1619 1611 1689 τὴν
1647 1625 1810 1675 πίστιν
1849 1620 1963 1676 ἄλλο
2001 1645 2047 1677 τι
2070 1622 2400 1693 κηρύττούτας

460 1706 745 1777 ἀλλοτρίους
786 1703 918 1760 οἶδεν
954 1704 988 1774 ἡ
1017 1704 1265 1775 καθολική
1307 1708 1548 1775 ἐκκλησία.
1609 1705 1731 1760 ’Ότι
1758 1708 1811 1761 δὲ
1837 1706 1989 1782 ταύτῃ
2023 1714 2082 1782 τῇ
2114 1712 2271 1763 πίστει
2298 1711 2397 1763 ἶσο-

461 1796 673 1861 δυναμεῖ
696 1793 781 1845 καὶ
806 1789 841 1860 ἦ
867 1793 919 1845 ἐν
943 1795 1138 1864 Σιρμίῳ
1176 1790 1352 1862 πρώην
1391 1794 1645 1846 ἐκτεθεῖσα
1684 1796 1870 1858 πίστις,
1928 1795 2009 1848 ἐπὶ
2036 1800 2124 1862 τῆς
2151 1794 2400 1863 εὐσεβείας

223 1948 227 1952 .
459 1885 550 1933 τοῦ
587 1878 826 1947 βασιλέως
860 1874 1028 1945 ἡμῶν,
1067 1881 1386 1948 γνωρίζουσιν
1421 1881 1472 1932 οἱ
1506 1877 1874 1949 ἐντυγχάνοντες
1909 1885 1967 1954 τῇ
2005 1882 2176 1934 πίστει.

255 1990 341 2026 vag.
360 1981 436 2016 874.
598 1961 920 2034 Ὑπέγραψαν
962 1966 1015 2017 οἷ
1044 1962 1307 2034 παρόντες,
1359 1967 1635 2029 Βασίλειος,
1687 1962 1929 2034 Μάρκος,
1980 1966 2064 2018 καὶ
2095 1964 2344 2037 Γεώργιος
2370 1962 2401 2020 ό

227 2025 339 2082 Κεφ“
357 2041 433 2076 κς
457 2055 546 2117 τῆς
582 2047 939 2120 Ἀλεξανδρείας
979 2050 1272 2116 ἐπίσκοπος,
1331 2050 1671 2121 Παγκράτιος,
1724 2051 1808 2103 καὶ
1845 2048 2166 2117 ’Τπατιανὸς,
2223 2053 2308 2105 καὶ
2348 2053 2403 2106 ot

458 2142 672 2189 πλεῖστοι
706 2137 969 2189 ἐπίσκοποι
1004 2141 1091 2203 τῆς
1122 2133 1321 2198 δύσεως.
1397 2135 1646 2206 Γεώργιος
1684 2137 1956 2197 ἐπίσκοπος
2002 2135 2400 2206 1Ἀλεξανδρείας

463 2222 704 2289 ἐξεθέμην
745 2218 835 2288 τὴν
873 2223 1036 2274 πίστιν
1072 2218 1255 2284 οὕτως,
1307 2218 1532 2292 ὁμολογῶ
1573 2227 1779 2291 φρονεῖν
1817 2218 1884 2283 ὥς
1920 2219 2188 2293 πρόκειται.
2261 2219 2402 2275 Ἀκά-

460 2328 568 2369 κιος
596 2308 865 2368 ἐπίσκοπος
895 2309 1193 2375 Καισαρείας
1221 2307 1461 2374 ἐξεθέμην
1486 2304 1577 2375 τὴν
1607 2309 1768 2359 πίστιν
1800 2305 1982 2371 οὕτως,
2022 2304 2246 2377 ὁμολογῶ
2277 2329 2402 2378 φρο-

460 2399 562 2446 νεῖν
589 2389 656 2453 ὦς
683 2390 950 2460 πρόκειται.
1030 2389 1280 2461 Οὗροίνιος
1309 2393 1576 2455 ἐπίσκοπος
1608 2390 1798 2460 Τύρου,
1853 2389 2102 2460 Εὐτύχιος
2130 2394 2401 2455 ἐπίσκοπος

458 2475 923 2546 Ἐλευθεροπόλεως.
1001 2475 1195 2540 Ζωΐλος
1224 2479 1495 2539 ἐπίσκοπος
1524 2481 1820 2548 2Λαρίσσης
1849 2483 1938 2545 τῆς
1968 2480 2189 2548 Συρίας,
2242 2479 2406 2549 Σέρας

464 2565 733 2623 ἐπίσκοπος
757 2563 811 2615 ἐκ
845 2569 867 2599 ³
888 2566 1223 2634 Παραιτονίου
1254 2568 1343 2630 τῆς
1373 2562 1597 2631 Λιβύης,
1653 2569 1857 2625 Παῦλος
1888 2565 2158 2626 ἐπίσκοπος
2184 2561 2402 2632 Ἐμίσης,

463 2649 755 2711 Εύστάθιος
796 2650 1064 2710 ἐπίσκοπος
1094 2648 1457 2715 4Ἐπιφανίας,
1510 2651 1783 2720 Εἰρηναῖος
1821 2650 2091 2711 ἐπίσκοπος
2126 2647 2404 2718 Τριπόλεως

461 2744 550 2806 τῆς
579 2739 842 2802 Φοινίκης,
894 2732 1140 2801 Εὐσέβιος
1169 2736 1435 2797 ἐπίσκοπος
1462 2738 1751 2797 Σελευκείας
1782 2740 1870 2802 τῆς
1896 2737 2108 2804 Συρίας,
2159 2733 2404 2803 Εὗτυχια-

463 2822 551 2886 νὸς
580 2825 847 2882 ἐπίσκοπος
883 2818 1132 2890 Πατάρων
1154 2826 1242 2888 τῆς
1273 2823 1495 2884 Λυκίας,
1550 2817 1837 2881 Εύστάθιος
1865 2822 2135 2881 ἐπίσκοπος
2165 2824 2404 2890 Πιναρῶν

463 2910 545 2963 καὶ
589 2906 894 2974 5Σιδύμων,
948 2909 1198 2968 Βασίλειος
1235 2907 1505 2968 ἐπίσκοπος
1543 2909 1777 2959 Καυνίων
1817 2911 1904 2974 τῆς
1934 2907 2154 2969 Λυδίας,
2208 2906 2403 2974 Πέτρος

465 2997 733 3056 ἐπίσκοπος
747 2991 937 3044 Ἵππου
972 2994 1326 3059 Παλαιστίνης,
1366 2992 1626 3058 Στέφανος
1652 2994 1921 3053 ἐπίσκοπος
1953 2992 2290 3056 Πτολεμαΐδος
2315 2996 2403 3058 τῆς

465 3078 690 3149 Λιβύης,
742 3075 992 3141 Εὗδόξιος
1029 3079 1321 3142 ἐπίσκοπος,
1369 3075 1695 3140 Ἀπολλώνιος
1735 3079 2006 3138 ἐπίσκοπος
2057 3074 2399 3146 θὈξυρίγχου,

471 3164 763 3227 Θεόκτιστος
788 3166 1060 3226 ἐπίσκοπος
1080 3161 1425 3232 Ὀστρακίνης,
1463 3162 1705 3225 Λεόντιος
1732 3164 2005 3223 ἐπίσκοπος
2030 3163 2242 3225 Λυδίας,
2284 3165 2403 3215 Θεο-

468 3250 634 3313 δόσιος
659 3252 926 3312 ἐπίσκοπος
950 3253 1036 3317 τῆς
1066 3251 1393 3314 Φιλαδελφίας
1421 3252 1644 3315 Λυδίας,
1702 3251 1891 3316 Φοῖβος
1934 3249 2202 3307 ἐπίσκοπος
2235 3251 2401 3300 Πολυ-

465 3335 708 3405 χαλάνδου
733 3341 820 3402 τῆς
842 3338 1062 3399 Λυδίας,
1099 3334 1312 3404 Μάγνος
1333 3336 1603 3397 ἐπίσκοπος
1635 3337 1856 3401 Θεμισῶν
1882 3338 1970 3399 τῆς
2005 3333 2249 3401 Φρυγίας,
2299 3330 2400 3385 Εὗ-

469 3419 636 3491 άγριος
666 3423 932 3483 ἐπίσκοπος
963 3418 1252 3488 Μιτυλήνης
1276 3425 1374 3472 τῶν
1400 3420 1590 3488 νήσων,
1639 3421 1842 3488 Κυρίων
1872 3418 2140 3479 ἐπίσκοπος
2171 3420 2398 3486 Δολίχης,

526 3564 566 3605 5.
600 3562 815 3618 αμαρτιῶν
827 3558 1024 3664 (οἶμαὶο
1051 3567 1134 3606 cod.
1164 3563 1264 3618 len)
1293 3565 1407 3605 codd.
1524 3563 1620 3604 Cu».
1651 3562 1810 3603 XXVI.
1843 3584 1899 3592 -—
1958 3560 1993 3603 1.
2036 3556 2120 3615 τῆς
2159 3564 2272 3603 addit
2312 3563 2398 3604 cod.

468 3633 559 3662 mss.
586 3626 753 3689 uterque.
812 3619 951 3676 ἅμαρτ
970 3637 1019 3670 ας
1049 3624 1152 3663 editi.
1463 3621 1626 3671 Rhediy.

525 3677 565 3719 6.
595 3672 720 3746 ἁγίας
745 3692 817 3718 om.
839 3682 882 3720 in
906 3681 965 3719 ed.
986 3682 1118 3720 Petav.
1143 3680 1273 3719 Coton.
1290 3683 1409 3728 repet.
1519 3678 1559 3718 2.
1590 3674 1766 3729 λαρίσης
1794 3677 1877 3716 cod.
1910 3677 2072 3727 Rhedi9.

524 3733 564 3777 7
607 3731 705 3781 τοὺς
727 3737 840 3775 codd
859 3748 949 3777 mss
974 3741 1009 3776 et
1031 3737 1092 3776 ed.
1115 3738 1242 3787 princ.
1286 3734 1406 3777 τοῦτο
1518 3733 1557 3775 3.
1614 3735 1732 3783 Vulgo
1776 3731 2052 3785 Παρατονίου.
2108 3734 2203 3775 cod.
2232 3734 2395 3786 Rhediff.

469 3792 528 3834 ed.
559 3793 694 3832 Petav.
1460 3791 1574 3832 habet
1600 3786 1714 3843 παρὰ
1739 3787 1884 3833 τονίου-
