2508 4134
988 834 1212 884 sANcr1

682 961 1523 1033 EPIPHANII

324 1131 949 1193 CONTRA
1054 1128 1883 1191 HAERESES

832 1270 979 1310 LIBRI
1002 1270 1071 1309 III.
1102 1269 1291 1310 TOMUS
1321 1270 1372 1309 II.

438 1468 892 1530 CONTRA
978 1465 1783 1542 DIMOERITAS,

152 1574 214 1628 ut
269 1569 520 1627 nonnulli
575 1573 801 1642 vocant,
860 1566 954 1644 qui
1009 1565 1302 1644 perfectam
1362 1565 1570 1625 Christi
1624 1565 2054 1626 incarnationem

296 1669 594 1745 abnegant,
639 1685 774 1743 quae
820 1671 904 1725 est
947 1664 1190 1724 haeresis
1221 1663 1425 1739 LVII„
1469 1664 1586 1726 sive
1620 1663 1912 1726 LXXVII.

293 1887 413 1940 Post
436 1888 712 1958 superiores
743 1889 850 1939 illos
878 1906 1005 1939 nova
1033 1887 1283 1956 quaedam,
1323 1903 1380 1937 ac
1407 1887 1636 1950 difficilis,
1678 1896 1724 1938 et
1753 1905 1779 1939 a
1804 1898 1937 1940 recta
1962 1890 2052 1940 fide
2102 1906 2201 1961 Cap.
2231 1909 2260 1947 1.

155 1974 422 2025 abhorrens
462 1972 676 2024 haeresis
710 1989 773 2023 ex
816 1972 1074 2040 anticipata
1106 1971 1417 2039 quorumdam
1462 1972 1686 2040 opinione
1712 1972 1758 2022 in
1799 1973 2055 2024 humanum

155 2075 309 2127 genus
339 2057 539 2127 prodiit,
589 2074 744 2124 neque
775 2074 995 2108 caussam
1028 2073 1114 2107 cur
1138 2057 1205 2106 ita
1233 2055 1491 2123 contigerit
1519 2056 1637 2106 satis
1664 2056 1908 2124 intelligo,
1962 2057 2056 2108 nisi

156 2142 280 2211 quod
307 2142 352 2192 id
382 2159 527 2192 unum
554 2141 787 2192 humanae
816 2150 1017 2191 naturae
1042 2139 1348 2207 perturbator
1377 2148 1425 2190 et
1452 2138 1603 2191 hostis
1631 2139 1848 2192 diabolus
1875 2143 2053 2207 studet,

155 2243 395 2294 nunquam
427 2234 479 2277 ut
516 2225 574 2276 ab
613 2225 899 2276 infestandis
947 2225 1217 2275 hominibus
1259 2232 1448 2287 cesset3
1502 2222 1582 2291 qui
1626 2224 1926 2276 amarissimo
1968 2243 2055 2277 suo

156 2327 345 2362 veneno
377 2310 647 2377 exquisitos
675 2310 808 2360 cibos
836 2309 1013 2372 inficit,
1054 2326 1109 2358 ae
1140 2307 1269 2358 melli
1298 2308 1362 2358 fel
1391 2308 1652 2371 admiscet,
1692 2307 1833 2376 idque
1864 2310 2057 2377 potissi-

157 2411 282 2443 mum
306 2393 495 2444 illorum
522 2410 668 2462 opera
693 2393 887 2443 molitur
915 2392 993 2460 qui
1027 2392 1294 2443 admirabili
1320 2392 1449 2443 vitae
1476 2392 1697 2442 instituto
1729 2393 2053 2457 celebrantur,

158 2485 207 2527 et
236 2485 430 2545 propter
467 2477 688 2528 sincerae
727 2476 835 2528 fidei
872 2477 1079 2527 studium
1107 2478 1423 2545 ardoremque
1452 2478 1866 2529 commendantur.
1950 2477 2056 2529 Hoc

158 2562 285 2612 enim
312 2562 503 2612 unicum
535 2561 662 2611 illius
704 2578 822 2629 opus
854 2570 927 2612 est
959 2561 1036 2628 qui
1061 2570 1111 2611 et
1138 2562 1372 2612 adversus
1401 2570 1647 2629 parentem
1677 2571 1892 2613 nostrum
1926 2561 2056 2613 Ada-

159 2663 284 2696 mum
314 2644 495 2696 invidia
524 2644 744 2712 primum,
787 2654 834 2694 et
863 2645 1096 2696 adversus
1127 2645 1382 2696 humanum
1413 2663 1553 2696 omne
1581 2663 1735 2714 genus
1764 2646 1885 2697 odiis
1914 2646 2057 2697 effer—

157 2729 278 2780 buit.
354 2726 510 2795 Quam
537 2729 595 2778 ad
618 2728 904 2778 sententiam
933 2729 1180 2796 praeclare
1209 2729 1403 2797 sapiens
1431 2730 1619 2796 quidam
1652 2731 1791 2795 dixit,
1830 2734 2054 2780 Invz'diam

158 2817 340 2878 magm's
372 2821 595 2878 perpetuo
632 2814 919 2861 successibus
950 2816 1204 2862 adversari.
1286 2810 1370 2864 Sic
1397 2812 1544 2880 igitur
1570 2832 1655 2882 per
1684 2833 1885 2883 magnos
1914 2832 2057 2882 quos-

160 2914 252 2965 que
290 2897 424 2947 viros
463 2913 656 2947 errores
694 2894 991 2959 introduxit,
1049 2897 1117 2946 uti
1156 2914 1243 2947 nos
1281 2905 1422 2964 atque
1460 2898 1665 2949 eeclesia
1703 2899 1778 2949 dei
1811 2898 2055 2966 perpetuis

161 2980 394 3031 molestiis
437 2997 491 3030 ac
539 2979 815 3030 tumultibus
860 2979 1091 3047 bellisque
1137 2980 1483 3031 conflictemur.
1574 2981 1767 3033 Etenim
1816 2982 2057 3032 nonnullis

162 3074 434 3115 nostrorum
474 3065 678 3133 placuit,
738 3071 785 3113 et
809 3063 995 3130 quidem
1021 3063 1282 3131 primariis,
1338 3073 1480 3132 atque
1511 3082 1536 3115 a
1569 3065 1708 3116 nobis
1740 3075 1788 3116 et
1814 3065 1870 3116 ab
1903 3065 2055 3115 omni-

161 3148 250 3199 bus
281 3148 563 3199 orthodoxis
605 3147 777 3199 divinis
818 3147 1156 3214 propemodum
1200 3147 1460 3198 honoribus
1493 3148 1706 3212 affectiS,
1762 3157 1966 3199 mentem
1996 3149 2054 3199 ab

164 3228 345 3283 Christi
381 3232 711 3283 incarnatione
751 3232 1027 3294 dimovere,
1067 3231 1364 3298 eundemque
1392 3249 1587 3282 carnem
1613 3250 1720 3282 cum
1749 3232 1903 3282 anima
1937 3232 2055 3282 dun-

162 3324 300 3366 taxat
320 3316 592 3384 suscepisse
610 3354 622 3378 ,
676 3323 883 3365 mentem
916 3331 1033 3365 vero
1062 3331 1357 3382 nequaquam
1375 3354 1388 3379 ,
1429 3333 1651 3367 asserere
1670 3355 1683 3380 ,
1740 3316 1828 3365 hoc
1856 3324 1929 3366 est
1959 3333 2055 3367 non

163 3401 428 3469 perfectum
473 3399 710 3450 hominem
749 3398 980 3448 induisse.
1056 3395 1230 3464 Neque
1277 3398 1416 3449 video
1457 3399 1567 3465 quid
1599 3399 1686 3449 hac
1715 3398 1938 3467 opinione
1969 3399 2054 3450 hu—

163 3501 304 3534 mano
327 3483 494 3550 generi
525 3483 839 3544 contulerint,
894 3490 975 3532 aut
1005 3498 1031 3530 a
1065 3481 1345 3547 quibusnam
1376 3482 1642 3533 istiusmodi
1675 3483 1846 3550 dogma
1877 3483 2053 3533 didice-

164 3567 290 3630 rint,
334 3565 506 3633 quidve
535 3576 616 3617 aut
641 3583 707 3616 ex
735 3584 791 3616 ea
822 3583 873 3615 re
906 3564 1214 3615 emolumenti
1243 3564 1334 3632 ipsi
1363 3566 1605 3632 ceperint,
1660 3574 1742 3616 aut
1772 3566 1909 3617 uobis
1935 3567 2052 3635 ipsis

165 3659 307 3717 atque
344 3650 639 3701 auditoribus
682 3650 929 3713 omnibuS,
983 3649 1197 3715 adeoque
1240 3657 1433 3698 sanctae
1483 3648 1558 3699 dei
1600 3650 1834 3701 ecclesiae
1870 3651 2052 3701 fructus

161 3763 356 3812 particula
389 3762 601 3812 indefinita.
662 3764 794 3812 Tetigit
834 3763 925 3802 haec
966 3763 1084 3801 verba
1125 3763 1240 3801 etiam
1267 3762 1482 3801 Gatakerus
1512 3763 1609 3812 Opp.
1640 3764 1732 3804 Crit.
1760 3776 1798 3814 p.
1821 3762 1912 3804 812.
