2508 4134
598 301 736 344 TOM1
764 298 973 342 Pmoms
1003 301 1139 342 PARS
1168 302 1482 344 Pos'rERtoR.
1888 291 1989 342 657

95 399 200 441 liber
225 399 251 439 l.
276 399 338 441 11.
368 399 500 440 omitt.
525 393 572 444 ὃν
593 406 691 454 post
716 397 864 453 θνητὸν
887 407 932 439 et
955 400 1091 454 pergit
1117 395 1177 443 ὅτ’
1205 394 1252 444 ἂν
1279 400 1357 454 (ita
1382 400 1638 453 constanter)
1665 396 1687 443 ὅ
1713 396 1910 453 Χριστὸς.
1936 415 1991 430 —-

95 470 123 513 1.
147 467 210 511 16.
243 464 385 511 ἀναστ.
445 465 511 512 Οῦ
534 466 613 524 γὰρ
639 469 778 518 καλῶς
803 466 1002 525 ἐλάβομεν
1026 467 1072 512 τὸ
1101 468 1365 524 παράδειγμα
1389 484 1460 511 τ..
1480 499 1513 509 ..
1534 499 1543 510 .
1575 470 1762 524 (lacuna,
1794 468 1835 509 in
1865 482 1990 522 marg.

94 539 253 593 siguum
274 538 361 593 V)
384 539 487 580 Ven.
508 561 560 570 —
589 538 616 581 l.
632 539 699 581 20.
732 538 870 579 Habes
895 538 1002 579 unde
1030 538 1227 580 defendas
1252 539 1458 593 vulgatam
1481 536 1702 593 ποιότητας
1728 536 1991 594 μεταβάλλει,

96 623 216 664 quam
238 608 387 649 retinet
416 609 539 649 etiam
570 610 673 650 Ven.
688 640 701 659 ‚
731 607 798 664 qui
822 623 898 664 pro
926 609 1034 663 vulg.
1065 609 1184 663 πυρὶ,
1214 608 1389 664 νικήσας
1412 609 1534 664 paulo
1560 618 1655 649 ante
1684 608 1794 663 πυρὶ,
1825 607 1898 651 καὶ
1926 623 1994 650 κι-

94 676 241 732 νήσας,
269 677 379 733 quod
406 679 582 733 probum
607 677 783 720 videtur.
813 702 867 710 —
922 679 949 719 l.
967 678 1005 721 6.
1034 679 1084 719 ab
1108 678 1182 719 inf.
1212 680 1346 720 Etiam
1368 681 1514 721 Venet.
1540 678 1776 720 indistincte
1801 677 1994 732 Πρόκλου

93 748 165 791 τοῦ
192 743 330 792 αὐτοῦ.
346 737 405 780 ’-
459 747 487 788 1.
504 750 542 790 5.
568 748 618 789 ab
641 748 716 790 inf.
745 747 839 803 περὶ
861 749 938 804 τῆς
962 744 1235 797 ἀναστάσεως
1259 751 1362 792 Ven.
1421 749 1531 790 Idem
1553 749 1581 790 l.
1598 746 1636 790 4.
1659 749 1710 790 ab
1735 749 1810 790 inf.
1843 747 1994 792 ἐπιδει-

95 815 293 872 κνύμενος
321 817 382 867 εἰς
411 813 542 872 αῦτην
571 817 770 873 θεωρίαν,
795 819 977 862 τοσαῦτα
1006 819 1112 873 (sine
1142 818 1260 874 εἰσὶ).

205 888 337 944 Pag.
357 890 482 932 256.
535 888 563 928 l.
588 885 628 929 4.
657 882 893 943 ἄνθρωπον,
923 888 1136 932 πλαστέον.
1197 889 1345 932 Ταῦτα
1372 887 1450 944 γὰρ
1476 891 1578 930 Ven.
1609 914 1662 921 —-
1719 889 1747 929 l.
1765 888 1804 931 6.
1839 886 1991 942 σώμα-

94 970 164 1006 τος
190 953 260 1000 ἀπ’
286 953 583 1014 ἀδυνατοῦντος
607 959 709 999 Ven.
769 959 881 999 Idem
907 959 933 999 l.
959 960 996 1003 7.
1028 958 1068 1003 ἐν
1099 951 1138 1016 ᾧ
1166 956 1188 1002 ὁ
1214 953 1365 1013 αὐτὸς,
1396 968 1439 1000 et
1462 960 1490 1001 1.
1506 960 1545 1002 8.
1575 956 1625 1003 ἵν’
1652 957 1700 1003 ἐκ
1724 963 1772 1003 δε
1796 973 1864 1007 τος
1893 959 1993 1012 (sic)

93 1025 229 1082 ιἡμῶν.
263 1051 310 1059 -
367 1027 394 1067 1.
415 1027 453 1070 9.
485 1025 506 1070 ὁ
533 1024 660 1077 αὐτὸς
682 1023 713 1083 ἦ
744 1026 934 1084 καθάπερ
966 1027 1023 1072 ἐλ.
1053 1028 1126 1072 καὶ
1151 1025 1351 1084 Ὠριγένη
1383 1031 1487 1071 Ven.
1516 1054 1568 1061 —-
1625 1029 1653 1070 l.
1677 1030 1738 1070 12.
1771 1031 1830 1084 τῷ
1863 1024 1994 1085 βραχὺ

95 1100 200 1139 Ven.
231 1122 284 1129 —
340 1097 367 1138 l.
387 1096 451 1140 16.
480 1097 570 1139 Alia
596 1113 737 1139 manus
765 1112 812 1139 ex
837 1100 941 1141 Ven.
970 1099 1156 1140 enotavit
1180 1099 1423 1154 scripturam
1461 1104 1628 1143 σποπεῖν
1656 1096 1715 1148 ω“ς
1743 1098 1910 1146 ἐκεῖνος.
1941 1121 1997 1129 -

94 1168 123 1210 1.
145 1168 209 1212 17.
239 1169 330 1212 νοῦν
354 1166 509 1211 τούτων
532 1170 634 1209 Ven.
694 1167 808 1209 Idem
835 1168 862 1209 l.
884 1168 944 1210 18.
976 1164 1074 1213 ἄλλο
1101 1170 1259 1213 τοιοῦτο
1285 1170 1391 1224 (sine
1418 1170 1491 1225 τι).
1526 1194 1576 1201 -
1633 1169 1659 1210 l.
1677 1169 1743 1211 21.
1779 1165 2000 1224 προςβάλοι

95 1240 200 1280 Ven.
231 1264 283 1271 —
341 1238 366 1278 l.
388 1238 454 1280 23.
493 1240 651 1282 τοιοῦτο
691 1234 854 1294 ἀνάγκη
893 1240 995 1281 Ven.
1053 1240 1166 1280 Idem
1192 1240 1217 1280 1.
1235 1237 1303 1281 24.
1344 1240 1479 1281 firmat
1510 1240 1837 1281 emendationem
1866 1240 1998 1279 Gata-

94 1307 183 1349 keri
207 1307 302 1362 περὶ
330 1301 354 1351 ὃ
380 1307 515 1362 εἰςρεῖ.
551 1332 599 1340 -
657 1308 684 1350 l.
703 1309 742 1352 7.
765 1309 816 1349 ab
842 1309 919 1350 inf.
964 1306 1116 1354 ὁπόσον
1139 1309 1212 1365 μὲν
1240 1302 1308 1353 οῦν
1335 1305 1384 1355 ἂν
1412 1313 1515 1352 Ven.
1574 1311 1688 1351 Idem
1711 1310 1740 1350 1.
1769 1307 1809 1351 4.
1841 1310 1890 1350 ab
1920 1309 1997 1349 inf.

97 1378 138 1423 ἐν
178 1375 296 1434 αῦτῷ
337 1379 420 1422 τῶν
460 1393 528 1434 πρ.
562 1403 616 1411 -
672 1378 701 1420 1.
729 1379 884 1434 penult.
932 1378 1057 1435 ἐσμεν
1100 1379 1141 1424 ἐν
1178 1377 1343 1434 αὐτοῖς,
1391 1374 1468 1425 κᾶν
1508 1383 1611 1423 Ven.
1643 1405 1695 1412 —-
1752 1380 1781 1420 1.
1810 1379 1882 1420 ult.
1928 1370 1996 1422 οῦν

97 1463 177 1491 om.
209 1451 313 1490 Ven.

206 1520 336 1577 Γῆς.
364 1519 489 1564 258.
544 1518 627 1560 l·1-
661 1519 829 1575 Corrige
858 1520 895 1564 οἱ
923 1517 1054 1564 αὐτοὶ.
1112 1520 1215 1562 Ibid.
1246 1519 1377 1574 κατὰ,
1408 1529 1505 1562 ante
1531 1519 1578 1565 τό
1614 1518 1745 1575 εἶδος,
1790 1534 1870 1561 om.
1891 1520 1995 1560 Ven.

97 1613 150 1622 -
178 1590 205 1632 l.
224 1587 263 1632 4.
291 1586 626 1644 προςγιγνόμενον
650 1592 772 1641 Ven.,
802 1591 956 1631 omissis
980 1592 1116 1632 verbis
1136 1593 1244 1647 'quae
1269 1601 1490 1647 sequuntur
1517 1591 1589 1635 καὶ
1615 1587 1914 1646 ἀπογινόμενον.
1946 1613 1998 1620 -

96 1659 207 1702 1.11.
253 1659 420 1714 corrige
455 1656 662 1703 τοσούτου.
688 1685 742 1692 -
797 1658 827 1702 l.
847 1662 885 1703 5.
931 1659 954 1705 0‘
968 1694 980 1716 ,
1020 1670 1116 1717 post
1144 1661 1388 1718 χαρακτήρ,
1434 1677 1514 1703 om.
1543 1666 1646 1704 Ven.
1705 1661 1821 1701 Idem
1845 1660 1873 1700 l.
1892 1659 1930 1701 6.
1963 1658 2000 1701 εἰ

97 1730 170 1774 καὶ
194 1728 290 1774 τότε
329 1726 404 1773 οῦκ
442 1724 567 1779 ὄντος.
599 1754 650 1761 —-
710 1731 738 1771 l.
760 1730 799 1773 8.
845 1729 925 1775 οἷον
961 1733 1032 1775 τοῦ
1057 1729 1202 1788 Ἰησοῦ
1241 1735 1343 1776 Ven.
1378 1758 1425 1764 —-
1485 1732 1597 1774 l.10.
1638 1728 1785 1775 Ἠλιοῦ
1826 1733 1911 1771 Bas.
1946 1753 1997 1762 -

95 1801 124 1842 1.
149 1800 209 1842 11.
251 1800 384 1843 ταῦτα
419 1798 491 1854 μὲν
518 1790 587 1844 οὖν
615 1799 736 1857 μέχρι
762 1803 866 1845 Ven.
899 1825 950 1834 --
1007 1802 1034 1842 l.
1058 1804 1118 1844 15.
1164 1802 1295 1847 ἐκεῖνο
1326 1801 1479 1858 ἀνέστη
1507 1801 1615 1846 κατὰ
1640 1800 1774 1845 πάντα
1800 1798 2000 1849 ὠςαύτως

98 1869 242 1926 ἐκείνῳ
269 1878 389 1924 auget
415 1872 519 1910 Ven.
552 1894 604 1901 -
660 1870 775 1914 1.16.
807 1872 906 1927 καὶ,
936 1881 1032 1928 post
1061 1869 1217 1925 οὕτως,
1261 1874 1376 1914 abest
1401 1889 1424 1914 a
1449 1875 1551 1915 ven.
1586 1897 1634 1904 -
1691 1871 1804 1913 1.18.
1841 1868 2000 1924 σάρκας

99 1939 188 1997 ἔχον
224 1934 275 1990 ἃς
298 1940 407 1980 bene
444 1949 565 1995 auget
593 1942 697 1981 Ven.
739 1966 781 1973 -
838 1943 865 1983 l.
884 1944 952 1985 25.
995 1940 1060 1994 πζ
1101 1944 1257 2000 ψαλμῷ
1295 1946 1402 1985 Ven.
1456 1943 1561 1984 Ibid.
1604 1939 1789 1997 ποιήσῃς
1825 1942 1917 1982 Bas.
1948 1964 1999 1972 -·

96 2011 125 2052 1.
143 2011 210 2055 27.
243 2008 283 2053 ἐν
310 2009 373 2066 τῷ
401 2007 525 2066 τάφῳ
554 2012 659 2053 Ven.
693 2036 744 2042 —
801 2011 830 2053 l.
848 2012 916 2055 31.
966 2012 1320 2068 μνημονεύσαντες
1349 2029 1391 2057 π.
1419 2029 1455 2056 τ.
1484 2013 1621 2068 εἰρημ.
1652 2009 1904 2066 αὐξήσωμεν
1930 2008 2000 2054 τὸν

98 2078 218 2136 λόγον
243 2082 346 2122 ven.
375 2105 431 2112 —
487 2081 513 2123 l.
535 2080 575 2124 6.
597 2081 649 2122 ab
675 2081 751 2122 inf.
782 2083 1094 2137 Inscriptionem
1117 2082 1271 2128 Λοιπὸν
1293 2083 1503 2128 Μεὲῖοδίου
1523 2084 1649 2124 habet
1673 2083 1796 2123 etiam
1821 2084 1926 2124 Ven.
1948 2104 2000 2113 --

97 2151 125 2192 1.
146 2152 184 2192 5.
211 2150 262 2192 ab
289 2151 364 2192 inf.
395 2149 513 2205 μόλις
541 2147 564 2195 0‘
592 2152 700 2208 (sine
724 2151 816 2206 καὶ)
844 2153 926 2208 Πρ.
948 2155 1051 2194 Ven.
1082 2179 1137 2185 -—
1192 2154 1221 2194 1.
1243 2155 1290 2199 3..
1311 2155 1361 2196 ab
1387 2155 1461 2196 inf.
1504 2151 1774 2209 τῖμεματικην
1799 2167 1893 2207 κεφ.
1922 2151 2001 2193 alia

98 2232 240 2262 manus
269 2221 473 2275 excerpsit
502 2236 551 2262 ex
581 2223 685 2263 Ven.

213 2292 343 2348 Pag.
363 2292 489 2336 260.
541 2291 568 2332 1.
597 2293 630 2334 1.
663 2288 892 2347 δεινότητι,
924 2293 1255 2349 κατηντλημένος
1277 2295 1342 2352 τῴ
1366 2292 1494 2350 λόγῳ,
1522 2309 1636 2349 τρεπ.
1660 2297 1765 2337 Ven.
1798 2317 1848 2326 —
1907 2293 1934 2335 l.
1957 2292 1998 2335 9.

101 2358 563 2416 ἀντιπαρατασσώμεὲα
586 2364 686 2403 Ven.
716 2387 769 2394 -—-
825 2363 853 2404 l.
878 2364 940 2406 10.
971 2362 1032 2414 οἷς
1058 2365 1094 2407 οἱ
1117 2365 1237 2419 δηλοὶ
1265 2365 1361 2421 (sic)
1391 2367 1545 2423 φοβηῧ.
1574 2363 1788 2421 βάλλονται
1813 2365 1917 2406 Ven.
1949 2387 2002 2395 —

101 2432 132 2474 l.
152 2435 216 2474 11.
262 2427 380 2475 οῦδὲν
414 2431 455 2475 ἐν
490 2431 649 2481 ἑαυτοῖς
677 2434 779 2474 ven.
840 2433 955 2474 Idem
983 2435 1011 2475 l.
1035 2435 1096 2476 12.
1139 2430 1371 2478 ἀκουόντων
1399 2437 1481 2479 τῶν
1508 2437 1579 2478 καὶ
1606 2433 1740 2479 πειὲτώ
1771 2449 2003 2478 κατεσκευ-

104 2500 293 2557 ασμένων
309 2534 321 2556 ,
357 2497 406 2545 ou'
434 2501 515 2555 τῆς
542 2498 743 2557 ἀληθείας
769 2502 841 2546 καὶ
868 2504 940 2547 τοῦ
971 2519 1100 2560 συμφ.
1129 2521 1167 2562 χ.
1184 2538 1196 2560 ,
1240 2501 1345 2549 ἀλλὰ
1371 2506 1443 2549 τοῦ
1474 2503 1592 2556 δόξαι
1618 2511 1705 2555 τοῖς
1726 2506 1903 2560 παροῦσι
1930 2519 2004 2548 σο-

104 2569 208 2628 φοῦς
229 2568 327 2620 τοὺς
353 2568 511 2626 λόγους.
542 2596 595 2604 -
649 2573 760 2616 1.17.
793 2571 1055 2618 διδασκάλων
1085 2571 1132 2618 οὔ
1158 2574 1263 2630 πρὸς
1291 2574 1337 2619 τὸ
1369 2576 1521 2633 βέλτιον
1547 2577 1648 2618 ven.
1678 2600 1730 2608 -
1786 2576 1812 2616 1.
1840 2575 1901 2618 19.
1933 2591 2004 2630 μι-

106 2639 207 2687 σὲῐόν
235 2643 415 2696 αἴρονται
440 2643 543 2683 Ven.
602 2642 716 2683 Idem
742 2643 865 2698 paulo
896 2654 992 2698 post
1017 2643 1081 2690 Τὸ
1115 2646 1251 2700 μέντοι
1275 2644 1460 2690 παλαιὸν.
1491 2671 1546 2678 -
1601 2647 1629 2687 1.
1653 2647 1720 2688 22.
1752 2643 1902 2694 πάντες
1932 2645 2004 2700 μὲν

106 2713 166 2762 εἰς
189 2710 238 2756 τὸ
267 2713 371 2754 Ven.
400 2735 455 2743 —
510 2711 537 2752 1.
559 2712 624 2754 25.
657 2713 902 2767 φιλονεικίαν
927 2713 974 2758 δὲ
1003 2716 1154 2769 μᾶλλον
1182 2718 1284 2758 Ven.
1343 2717 1457 2757 Idem
1486 2717 1609 2772 paulo
1638 2725 1735 2770 post
1774 2713 1833 2765 ὥς
1861 2711 1908 2759 οῦ
1939 2720 2008 2760 δι-

106 2785 229 2827 δασκ.
258 2807 311 2814 --
367 2782 394 2822 l.
415 2781 455 2824 6.
485 2782 536 2823 ab
562 2782 639 2822 inf.
683 2781 955 2838 ἐπηγγείλατο
994 2785 1227 2840 πιστεύειν,
1272 2786 1377 2827 sicut
1414 2787 1546 2838 edidi,
1594 2787 1719 2827 habet
1758 2788 1907 2828 Venet.
1953 2809 2008 2819 --

105 2852 136 2893 l.
162 2853 201 2894 5.
230 2851 280 2892 ab
308 2851 382 2891 inf.
428 2848 475 2894 οῦ
501 2849 725 2906 νοήσαντες
745 2854 848 2895 ven.
878 2877 933 2884 —
989 2854 1019 2896 1.
1037 2855 1077 2897 3.
1105 2856 1155 2897 ab
1182 2857 1258 2897 inf.
1296 2854 1510 2908 σώζεσὲται
1536 2861 1607 2900 δεῖ
1630 2859 1734 2897 Ven.
1766 2880 1818 2888 —-
1875 2857 1902 2897 1.
1930 2871 2008 2911 pe-

107 2922 208 2963 nult.
237 2917 312 2974 ἵν’,
355 2930 450 2963 ante
475 2918 776 2978 τῖρμοσμένων,
819 2937 897 2965 om.
924 2925 1029 2967 ven.
1086 2926 1201 2967 Idem
1228 2927 1362 2982 pergit
1385 2928 1507 2982 paulo
1536 2934 1630 2982 post
1659 2925 1682 2970 ὁ
1710 2928 1803 2976 νοῦς
1831 2925 1898 2970 ἐπὶ
1923 2931 2009 2975 τοῖς

109 2988 308 3048 ἀρίστοις.

222 3064 500 3121 Pag.262.
555 3064 640 3106 1.1.
687 3064 827 3105 Scribe
864 3063 982 3108 κατὰ.
1013 3091 1068 3097 -
1125 3067 1152 3107 l.
1171 3064 1210 3108 4.
1254 3064 1562 3122 ἀποδυσάμενον
1599 3070 1704 3110 ven.
1735 3091 1786 3099 —
1843 3067 1869 3107 l.
1889 3066 1927 3109 6.
1974 3067 2010 3110 οἱ

111 3128 269 3189 λόγων,
312 3134 372 3175 uti
399 3134 539 3189 edidi,
568 3135 715 3178 venet.
744 3159 799 3166 —
856 3135 885 3176 l.
909 3137 970 3176 11.
1013 3133 1203 3191 καθάπερ
1231 3135 1285 3191 δη
1319 3137 1392 3181 καὶ
1416 3139 1459 3180 αἱ
1485 3136 1648 3193 σιρηναι
1676 3139 1778 3179 Ven.
1837 3138 1952 3178 Idem
1981 3138 2009 3177 l.

115 3205 178 3246 12.
209 3202 472 3260 κρύπτουσαι.
501 3229 557 3237 -
612 3205 723 3248 1.13.
767 3207 898 3248 ταῦτα
935 3205 1017 3248 τίὲ.
1054 3208 1157 3248 Ven.
1196 3208 1285 3248 Bas.
1323 3217 1367 3248 et
1397 3208 1458 3248 ed.
1491 3210 1629 3250 Petav.
1660 3232 1714 3240 --
1770 3208 1798 3248 l.
1825 3205 1887 3249 14.
1918 3205 2011 3250 Οὔκ

113 3263 181 3319 οῦν
206 3273 363 3325 πάντας
388 3276 470 3320 τῶν
496 3278 602 3318 Ven.
662 3276 772 3316 Idem
797 3275 907 3317 1.15.
950 3273 1057 3319 εἶναι
1084 3275 1281 3331 λέγωμεν.
1313 3301 1364 3308 -
1422 3278 1449 3318 1.
1476 3277 1537 3320 18.
1579 3274 1818 3328 ἀποξέοντες
1843 3271 1926 3319 ὅσα
1953 3277 2012 3325 εἰς

112 3343 165 3389 τά
190 3342 394 3403 χρώματα
419 3362 461 3390 π.
491 3342 605 3402 αὐτῷ
636 3348 735 3387 Ven.
766 3370 819 3377 -
877 3345 905 3387 1.
925 3345 992 3387 20.
1033 3347 1167 3389 πλοῖον
1205 3348 1324 3390 τοῦτο
1347 3349 1482 3390 πλοῖον
1508 3349 1613 3388 ven.
1638 3371 1694 3378 —
1748 3347 1774 3387 1.
1800 3347 1864 3388 21.
1894 3361 2013 3389 κεκο-

116 3416 311 3471 σμημένα
353 3419 441 3458 Bas.
476 3441 524 3448 --
582 3416 608 3456 l.
629 3415 697 3457 23.
739 3416 800 3472 τῷ
840 3411 1040 3467 ἀκοῦσαι,
1085 3424 1130 3455 ut
1156 3416 1290 3466 edidi,
1335 3417 1463 3457 habet
1492 3419 1638 3457 Venet.
1670 3441 1722 3449 -
1777 3417 1805 3459 l.
1828 3415 1892 3459 24.
1925 3413 2012 3461 ἀλλ’

117 3480 322 3541 ὠφέλιμον
353 3489 457 3528 Ven.
516 3486 619 3527 Ibid.
651 3485 757 3542 ἔφη,
787 3500 863 3540 pro
895 3484 1024 3540 ἔφην,
1054 3487 1144 3527 Bas.
1175 3511 1227 3517 —
1283 3486 1310 3527 1.
1332 3487 1369 3528 5.
1396 3487 1447 3527 ab
1475 3486 1550 3528 inf.
1592 3488 1727 3531 ἓεοπν.
1755 3487 2012 3543 γραμμάτων

119 3553 289 3611 ῥήματα
316 3558 417 3598 Ven.
453 3580 502 3588 —
558 3556 585 3596 l.
612 3556 766 3611 penult.
796 3553 922 3598 ποσὸν
951 3557 1055 3597 Ven.

229 3624 500 3683 Pag.264.
556 3626 582 3667 l.
605 3627 640 3668 1.
671 3624 754 3681 ἐγώ
784 3621 957 3680 ἥγωμαι
1000 3626 1109 3680 (sie).
1166 3625 1355 3678 Δίκαιος,
1399 3625 1496 3681 ἔφη.
1554 3625 1622 3669 Σῦ
1647 3625 1726 3682 γὰρ
1752 3627 1824 3670 καὶ
1855 3625 2014 3683 κατάρ-

118 3710 199 3752 χης
224 3695 402 3750 (omissis
429 3696 561 3738 verbis
591 3695 656 3740 σο).
681 3694 897 3750 ἡγεῖσθαι)
924 3697 960 3736 V
963 3710 1027 3737 en.
1055 3719 1110 3727 ——
1165 3696 1190 3736 l.
1209 3695 1247 3738 7.
1292 3695 1411 3750 δίκην
1441 3693 1606 3740 ὁπόσων
1635 3696 1718 3751 ἕδρ.
1747 3712 1907 3754 νεκροφ.
1931 3714 2015 3742 πα-

124 3762 342 3822 ράσχουσιν
370 3767 476 3809 Ven.
505 3791 558 3798 —
613 3767 639 3807 1.
657 3765 696 3808 9.
726 3768 785 3807 Ex
807 3768 909 3807 Ven.
938 3781 1094 3821 repone
1118 3762 1204 3809 ἀλλ’
1231 3766 1317 3816 fen,
1349 3763 1585 3821 ὑπόμνησον
1611 3766 1681 3811 ἐὰν
1705 3767 1745 3810 τί
1772 3783 1835 3811 σοι
1861 3769 2016 3823 φαίνω-

124 3849 198 3889 μαι
226 3832 289 3890 μή
320 3834 402 3890 (μὴ
432 3836 547 3877 deest
572 3836 614 3876 in
643 3836 759 3891 cod.)
798 3837 1065 3891 μεμνημένος.
1126 3832 1240 3880 Οὐδὲ
1276 3837 1344 3880 νῦν
1383 3836 1442 3885 εἰς
1468 3838 1588 3881 τοῦτο
1614 3838 1691 3894 δέῃ
1722 3833 2016 3882 αῦτοὶ.Ταῦτα

211 3904 353 3950 Corpus
377 3903 598 3940 Haereseol.
621 3903 668 3938 11.
692 3905 724 3939 3.
1391 3909 1395 3917 ”
1615 3915 1681 3962 42
