2508 4134
569 245 794 287 PANARH
822 245 927 285 Lm.
948 244 1018 285 111.
1047 244 1183 285 ToM.
1205 245 1236 285 1.
1260 243 1426 284 HAER.
1455 243 1651 283 Lxxiv.
1966 231 2064 282 167

164 345 242 414 qui
270 344 466 414 spiritus
495 344 686 413 proprie
715 342 1006 393 nominatur.
1082 340 1175 390 Hic
1202 342 1280 391 ille
1314 342 1429 392 deus
1457 340 1505 391 in
1535 340 1741 391 ecclesia
1769 338 2061 404 celebratur,

162 446 353 498 semper
378 438 541 498 pater,
594 443 784 495 semper
816 425 972 487 filius,
1026 441 1216 492 semper
1243 424 1438 490 spiritus
1469 434 1694 487 sanctuS,
1754 423 1977 474 excelsus
2006 423 2065 473 ab

163 513 387 577 excelso,
428 513 524 563 imo
551 510 877 572 celsissimuS,
921 508 998 576 qui
1036 506 1321 575 intelligibili
1358 508 1539 574 gloria,
1583 517 1631 558 et
1661 507 1850 575 quidem
1879 507 2067 558 infinita

161 596 404 666 praeditus
436 606 538 661 est,
581 595 656 648 cui
685 603 846 646 creata
876 592 1034 644 omnia
1062 593 1278 658 factaque
1302 599 1415 640 sunt
1444 590 1637 640 omnino
1665 591 1902 655 subiecta,
1945 607 2066 659 quae

160 681 346 748 quidem
390 690 523 731 certa
570 696 796 730 mensura
846 694 902 728 ac
947 673 1392 742 circumscriptione
1432 674 1744 725 deliniuntur.
1836 672 2065 726 Ceterum

161 764 384 815 divinitas
413 782 508 816 una
549 765 670 832 apud
704 760 911 831 Moysen
945 759 1199 829 praecique
1241 758 1571 827 praedicatur,
1623 757 1839 808 binarius
1876 758 1922 808 iu
1954 776 2064 827 pro-

161 848 315 917 phetis
357 847 631 915 diligentius
669 847 938 906 nuntiatur,
993 843 1182 894 trinitas
1220 859 1339 893 vero
1382 841 1430 891 in
1470 841 1737 909 evangeliis
1776 843 2063 907 ostenditur,

164 948 284 1000 quae
318 948 404 1000 per
433 941 644 1000 tempora
675 929 1109 998 generationesque
1138 926 1352 995 singulas
1380 926 1505 975 iusto
1542 926 1597 975 ad
1627 925 1874 975 seientiam
1902 927 2068 977 fidem-

161 1033 252 1083 que
296 1015 497 1084 amplius
543 1014 845 1066 emiveniret.
921 1011 994 1063 Ea
1037 1029 1181 1080 porro
1223 1009 1594 1061 immortalitatis
1630 1007 1831 1058 scientia
1872 1026 1937 1060 ex
1977 1011 2066 1061 {ide

160 1100 261 1167 ipsa
291 1099 368 1151 vel
402 1099 656 1167 adoptione
686 1097 917 1148 nascitur.
994 1094 1091 1148 Sed
1133 1096 1330 1163 primum
1367 1092 1739 1144 iustificationes
1780 1093 1940 1143 carnis
1968 1094 2068 1144 edi-

161 1184 249 1246 cit,
290 1185 423 1233 velut
447 1183 607 1251 templi
637 1182 869 1250 quoddam
900 1180 1116 1231 exterius
1144 1188 1327 1248 septum
1358 1179 1405 1228 in
1432 1176 1610 1246 Moyse
1641 1176 1895 1226 sacricans.
1973 1175 2068 1228 Po-

159 1276 263 1318 stea
302 1283 419 1319 vero
458 1267 644 1317 animae
682 1266 1048 1317 iustificationes
1086 1262 1312 1332 exponit,
1366 1271 1591 1329 tanquam
1632 1269 1794 1311 sancta
1836 1263 2066 1328 quaedam

159 1352 279 1421 apud
321 1359 513 1402 ceteros
559 1351 814 1419 prophetas
860 1366 1137 1416 exornans.x
1216 1346 1390 1398 Tertio
1440 1347 1645 1415 deniqne
1695 1346 2066 1397 iustificationes

161 1436 388 1504 spiritus,
448 1436 582 1503 quasi
631 1433 1040 1503 propitiatorium,
1100 1442 1147 1483 et
1184 1440 1349 1482 sancta
1389 1440 1665 1482 sanctorum
1714 1432 1762 1481 in
1803 1430 2068 1498 evangeliis

161 1521 218 1571 ad
251 1520 323 1570 sui
351 1517 638 1569 domicilium
670 1519 938 1569 instruens.
1014 1517 1083 1568 At
1111 1515 1264 1567 sancti
1304 1515 1600 1566 tabernaculi
1641 1516 1775 1578 loeo,
1818 1515 2067 1582 sanctique

160 1603 345 1673 populi,
386 1603 561 1654 iustum
594 1604 736 1654 habet
774 1620 945 1666 unum,
987 1603 1065 1670 qui
1100 1601 1147 1651 in
1179 1601 1283 1651 istis
1316 1608 1558 1650 versatur.
1636 1602 1685 1650 ln
1713 1599 1787 1650 his
1825 1616 1943 1650 vero
1974 1616 2068 1650 una

159 1688 313 1739 deitas
343 1687 523 1738 habitat
554 1687 856 1755 incorrupta,
898 1703 990 1737 una
1022 1685 1205 1747 deitas,
1258 1702 1380 1752 quae
1405 1684 1698 1752 cogitatione
1723 1683 1906 1752 concipi
1937 1701 2067 1733 com-

162 1772 453 1841 preliendive
508 1772 586 1822 vel
639 1769 900 1839 explicari,
961 1779 1040 1820 aut
1091 1769 1243 1820 videri
1301 1787 1396 1819 non
1446 1777 1630 1837 potest,
1683 1785 1806 1836 qnae
1857 1768 2064 1836 seipsam

159 1858 262 1908 sola
291 1855 570 1924 cognoscit,
612 1864 660 1906 et
689 1854 857 1923 quibus
890 1854 1098 1904 voluerit
1126 1853 1370 1921 patefacit.
1446 1851 1627 1903 Eadem
1657 1861 1806 1902 testes
1836 1869 1951 1903 suos
1979 1869 2067 1903 ex-

162 1942 305 2004 citat,
346 1949 518 2002 vocat,
560 1948 671 1991 ante
699 1939 934 2001 destinat,
976 1939 1116 1987 afficit
1141 1938 1320 2004 gloria,
1363 1937 1420 1987 ab
1455 1937 1624 1988 inl'eris
1654 1937 1843 1998 evellit,
1887 1936 2066 1986 saucti-

162 2024 303 2087 iicat,
360 2034 405 2075 et
436 2026 492 2075 ad
521 2024 721 2092 gloriam
757 2024 994 2089 fidemque
1021 2039 1153 2071 snam
1185 2022 1273 2071 tria
1306 2022 1422 2072 haec
1450 2021 1496 2071 in
1530 2040 1673 2071 utinm
1704 2022 1834 2088 cogit
1865 2032 1922 2071 ac'
1952 2038 2067 2070 con-

160 2110 338 2174 sociat,
380 2109 638 2171 coelestia,
681 2117 901 2170 terrena,
957 2106 1304 2168 subterranea,
1356 2106 1606 2174 spiritum,
1648 2107 1880 2169 animam,
1923 2113 2065 2172 atque

158 2211 380 2258 caruem,
424 2194 597 2256 fidem,
638 2210 800 2261 spem,
843 2192 1118 2242 caritatem:
1171 2191 1459 2258 praeterita,
1514 2190 1817 2259 praesentia,
1874 2190 2060 2239 futura:

159 2278 400 2329 saeculum
429 2277 635 2339 saeculi,
677 2277 867 2326 saecula
902 2275 1223 2337 saeculorum,
1264 2275 1461 2326 sabbata
1492 2275 1819 2335 sabbatorum,
1861 2274 2066 2323 circnm-

162 2361 393 2411 cisionem
434 2360 619 2425 carniS,
662 2359 1074 2411 circumcisionem
1110 2359 1299 2420 cordis,
1357 2359 1769 2409 circumcisionem
1805 2355 1989 2409 Christi
2018 2362 2064 2407 2⁶12
2089 2366 2225 2414 Col-²,
2247 2368 2299 2404 11.

158 2448 491 2511 exspoliatione
522 2463 730 2510 corpores
760 2454 1074 2510 peecatorum.
1152 2440 1374 2510 Denique
1412 2442 1694 2511 sibimetipsi
1728 2435 1954 2494 universa
1988 2460 2065 2492 re-

160 2539 357 2599 purgat,
402 2538 492 2579 tam
522 2546 643 2596 quae
671 2529 823 2579 videri
857 2536 1100 2595 nequeunt
1127 2545 1265 2595 quam
1299 2545 1420 2595 quae
1451 2528 1756 2596 aspectabilia
1794 2536 1906 2577 sunt
1933 2527 2063 2576 tliro-

159 2631 282 2676 nos,
324 2613 707 2674 dominationes,
750 2612 1070 2680 principatus,
1113 2620 1408 2680 potestates,
1449 2614 1674 2663 virtutes.
1752 2614 1803 2662 ln
1843 2612 2063 2662 omnibus

159 2715 276 2749 vero
303 2697 470 2748 eadem
497 2695 731 2765 sapientia
760 2704 807 2745 et
830 2705 993 2746 sancta
1024 2714 1120 2746 vox
1153 2713 1178 2745 a
1205 2696 1358 2761 gloria
1387 2696 1432 2746 iu
1459 2698 1657 2764 gloriam
1686 2701 1912 2756 SanetuS,
1951 2704 2222 2749 sc1n-Isai.6‚
2240 2704 2272 2740 3.

157 2792 288 2842 ecus,
341 2791 531 2831 sanctus
560 2781 865 2843 exclamans,
919 2797 976 2829 ac
1002 2788 1182 2848 patrem
1217 2780 1263 2830 in
1298 2780 1425 2843 l'ilio,
1481 2781 1626 2832 l'ilium
1663 2781 1708 2831 in
1738 2790 1901 2850 patre,
1956 2798 2061 2830 cnm

159 2866 330 2934 spiritu
363 2873 531 2917 sancto
561 2864 870 2934 praedicans,
911 2863 984 2913 cui
1014 2864 1165 2931 gloria
1196 2873 1243 2913 et
1268 2864 1517 2932 imperium
1548 2866 1595 2916 in
1622 2866 1815 2916 saecula
1844 2864 2062 2915 saeculo-

159 2967 293 3014 rum,
333 2950 511 3001 Amen.
589 2948 653 3000 Et
690 2948 816 2998 dicet
853 2946 930 3014 qui
967 2946 1034 2996 ita
1070 2946 1248 3010 credit,
1289 2946 1427 3012 Fiat,
1468 2950 1573 3000 fiat.

742 3045 1039 3086 HACTENUS
1064 3044 1142 3084 EX
1164 3046 1474 3088 ANCORATO.

302 3187 436 3239 Haec
463 3179 606 3252 sunt,
647 3203 769 3256 quae
803 3186 860 3237 de
890 3185 979 3236 fide
1011 3183 1157 3253 patris
1191 3203 1247 3236 ac
1285 3186 1366 3237 filii
1404 3197 1451 3238 et
1477 3187 1673 3257 spiritus
1701 3187 1852 3238 sancti
1882 3187 2061 3256 scripta
2092 3183 2290 3239 Cap.X1.

216 3342 282 3383 20.
315 3342 390 3396 μία
414 3340 569 3395 θεότης
599 3336 792 3395 ἄπειρος,
826 3338 901 3394 μία
930 3335 1082 3390 ἳῐεότης
1192 3337 1260 3381 24.
1290 3339 1498 3383 ἐνεστῶτα
1528 3343 1666 3381 Ancor-

161 3394 262 3472 03⁶2&-
293 3401 444 3465 A⁷²0⁰r2
1194 3410 1259 3450 25.
1314 3409 1495 3453 καὲτόλου
1541 3409 1588 3453 δὲ
1624 3411 1895 3465 mesammones
1929 3408 2059 3468 ἑαυτῇ

217 3456 282 3551 {3-
314 3453 615 3552 ἓαῑίτὩΜ-ΑἝΟΥ·
1138 3462 1189 3507 τοὶ
1218 3464 1349 3508 πάντα
1382 3469 1518 3507 Ancor.

276 3539 285 3550 .
316 3525 372 3552 κα
418 3524 439 3550 ο
481 3540 490 3550 .
559 3523 659 3550 neor.

216 3566 284 3607 23.
313 3565 383 3608 καὶ
419 3569 680 3617 particulam,
729 3577 827 3616 qaae
859 3567 898 3604 in
921 3565 1084 3605 Panare·
1193 3535 1259 3576 26·
1294 3535 1419 3589 σοφία
1446 3535 1517 3578 καὶ
1547 3550 1620 3576 ⁰⁰²·
1653 3538 1794 3578 A²¹⁰⁰⁷³

162 3624 268 3663 libris
308 3625 425 3673 vulgo
467 3624 707 3662 desideratur
737 3624 972 3674 (Ancorutus
1000 3632 1085 3658 eam
1197 3605 1262 3647 27·
1294 3604 1341 3647 δὲ
1371 3619 1443 3645 ⁰⁹⁷²·
1478 3608 1615 3647 AnCOT·

164 3680 320 3727 tacturi,
357 3682 489 3728 repetii
531 3691 578 3718 ex
620 3680 771 3727 syllaba
810 3679 887 3721 Ξῖτ
911 3676 1087 3716 vocabuli
1196 3674 1217 3698 *
1248 3675 1409 3726 Πληρῶ
1447 3678 1528 3716 cod.
1552 3679 1626 3718 Ien.
1685 3679 1763 3720 Abs
1787 3680 1868 3722 cod.
1895 3680 2055 3732 Rhediy.

162 3731 429 3789 καταχθόνιοι.
1142 3733 1244 3772 abest
1273 3734 1394 3775 omnis
1422 3735 1656 3784 subscriptio.
