2508 4134
483 276 707 334 phANARn
736 277 835 316 Lis.
862 277 933 315 111.
961 275 1167 315 ToM.1i.
1199 274 1387 314 EXPos,
1418 273 1522 313 Fu).
1557 272 1791 313 cATHoL.
1990 260 2089 310 503

318 373 565 441 Diogenes
599 371 843 443 Cynicus,
885 370 1174 440 Sinopensis
1206 389 1232 421 e
1264 370 1453 434 Ponto,
1497 370 1777 421 Antistheni
1812 368 2090 436 diligentem

177 475 369 527 operam
399 458 545 508 dedit.
623 456 809 508 Bonum
842 456 1045 524 sapienti
1076 455 1268 505 cuilibet
1294 473 1403 505 esse
1435 455 1706 517 tolerabile,
1750 463 1909 504 cetera
1939 471 2089 521 nuga-

178 544 247 592 cia
290 551 337 591 et
376 542 533 593 inania
575 541 920 610 pronuntiavit.

316 624 492 677 Crates
542 626 728 677 Thebis
786 626 830 675 in
873 622 1078 674 Boeotia
1119 623 1381 685 oriundus,
1441 632 1576 673 secta
1617 620 1863 691 CynicuS,
1926 640 2087 675 rerum

176 711 385 762 omnium
425 711 635 779 inopiam
675 727 839 760 veram
881 725 990 759 esse
1031 707 1298 758 libertatem
1341 708 1612 757 affirmavit.

314 794 600 846 Arcesilaus
628 795 782 845 solum
815 794 953 844 deum
993 792 1246 844 veritatem
1293 791 1517 857 assequi,
1576 792 1818 843 bominum
1854 809 1972 842 vero
2006 809 2089 843 ue-

175 879 349 929 minem
389 879 623 929 decrevit.

315 960 598 1014 Carneades
644 962 900 1013 Arcesilao
939 959 986 1010 in
1028 959 1249 1011 omnibus
1289 975 1521 1009 assensus
1561 967 1655 1008 est.

313 1047 636 1111 Aristoteles,
678 1046 963 1098 Nicomachi
1008 1045 1162 1107 filius,
1205 1053 1256 1095 ut
1294 1042 1536 1093 nonnullis
1568 1042 1752 1110 placet,
1793 1042 2001 1094 Macedo
2033 1062 2088 1095 ac

174 1130 383 1199 Stagiris
417 1133 677 1194 oriundus,
720 1148 1003 1199 quamquam
1036 1130 1113 1179 alii
1143 1129 1386 1179 Thracem
1417 1127 1568 1177 fuisse
1599 1128 1793 1191 malint,
1838 1131 1929 1179 duo
1959 1129 2089 1196 priu-

172 1216 295 1283 cipia
335 1215 616 1279 constituit,
671 1217 809 1266 deum
840 1234 895 1264 ac
928 1214 1197 1264 materiam.
1277 1209 1416 1277 Quae
1456 1229 1600 1279 supra
1634 1211 1792 1262 lunam
1825 1221 1965 1277 sunt,
2021 1214 2089 1264 di-

172 1300 282 1350 vina
309 1295 608 1368 providentia
640 1299 928 1368 gubernari,
972 1298 1203 1348 inferiora
1235 1297 1362 1346 nulla
1392 1297 1493 1363 regi
1525 1295 1861 1364 providentia,
1902 1299 1985 1348 sed
2019 1308 2090 1350 te-

172 1402 302 1434 mere
334 1402 390 1435 ac
418 1384 522 1435 sine
559 1385 743 1435 ratione
777 1384 878 1434 fieri
920 1383 1121 1451 putavit.
1202 1379 1323 1431 ltem
1354 1381 1473 1431 duos
1506 1397 1614 1430 esse
1656 1383 1888 1445 mundos,
1946 1400 2088 1452 supe-

170 1468 349 1518 riorem
381 1479 428 1518 et
455 1470 696 1532 infimum3
737 1469 866 1518 illum
898 1469 1227 1535 incorruptum
1262 1483 1400 1527 esse,
1443 1465 1687 1533 corrumpi
1716 1483 1835 1516 vero
1862 1467 2084 1518 alterum.

168 1550 427 1602 Postremo
470 1553 673 1604 animam
721 1551 1008 1616 ἐνδελέχειαν
1046 1569 1187 1614 esse,
1248 1550 1337 1600 boe
1376 1557 1449 1600 est
1492 1549 1772 1600 continuam
1824 1551 2086 1603 motionem

168 1655 224 1687 ac
264 1655 543 1706 perennem.

309 1721 676 1790 Theophrastus
718 1721 920 1771 Eresius
960 1720 1276 1770 Aristotelem
1318 1719 1515 1769 omuino
1554 1728 1750 1769 secutus
1791 1727 1882 1770 est.

312 1804 477 1856 Strato
515 1804 879 1875 Lampsacenus
927 1792 1146 1855 caussam
1188 1804 1395 1854 omnium
1442 1821 1603 1853 rerum
1657 1803 1840 1854 calidae
1886 1813 2087 1855 naturae

170 1890 429 1953 tribuebat,
458 1891 670 1941 infinitas
693 1908 802 1941 esse
828 1890 987 1940 muudi
1017 1899 1209 1957 partes,
1253 1906 1407 1956 neque
1434 1887 1609 1938 animal
1635 1905 1745 1938 esse
1770 1906 1922 1956 capax
1946 1907 2087 1940 omne

169 1976 375 2026 dicebat.

307 2058 647 2127 Praxiphanes
686 2056 906 2108 Rhodius
948 2059 1114 2107 eadem
1155 2076 1211 2107 ae-
1249 2056 1619 2125 Theophrastus
1658 2057 1931 2107 asserebat.

307 2141 555 2194 Critolaus
593 2140 839 2193 Phaselita
881 2143 1197 2193 Aristotelem
1239 2151 1436 2192 secutus
1475 2151 1568 2191 est.

309 2228 447 2279 Zeno
479 2224 713 2278 Citiensis
747 2225 943 2278 Stoicus
971 2227 1143 2294 templa
1173 2226 1262 2276 diis
1297 2227 1486 2277 exstrui
1521 2226 1731 2276 nolebat.
1799 2223 1988 2294 Quippe
2018 2225 2087 2276 di-

166 2313 328 2363 vinum
376 2330 550 2362 numen
593 2313 696 2362 sola
735 2321 896 2362 mente
938 2312 1309 2373 continendum,
1363 2311 1469 2360 sive
1509 2311 1665 2378 potius
1702 2310 1966 2360 habendam
1998 2329 2085 2379 pro

166 2398 257 2447 deo
291 2405 497 2447 mentem
531 2396 711 2465 ipsam3
767 2405 931 2464 utpote
963 2414 1081 2464 quae
1111 2397 1173 2446 sit
1204 2395 1509 2445 immortalis·
1583 2393 1812 2445 Mortuos
1856 2395 1971 2446 feris
2002 2395 2086 2445 ob-

165 2480 432 2544 iiciendos,
490 2491 571 2531 aut
616 2481 713 2548 igni
758 2482 1159 2531 concremandos.
1238 2478 1426 2530 Pueros
1461 2481 1508 2530 iu
1542 2480 1787 2530 amoribus
1814 2498 1869 2530 ac
1898 2479 2085 2530 deliciis

168 2566 347 2615 babere
381 2565 705 2633 permittebat.
785 2564 910 2616 ldem
953 2565 1194 2615 moderari
1238 2582 1292 2614 ae
1324 2582 1498 2631 regere
1529 2564 1690 2615 omnia
1720 2565 1859 2614 deum
1892 2581 2086 2615 assere-

166 2650 265 2699 bat.
363 2648 545 2699 Rerum
591 2667 790 2700 caussas
836 2650 1003 2717 partim
1054 2650 1101 2699 in
1153 2658 1318 2699 nostra
1360 2658 1597 2717 potestate
1638 2650 1851 2717 positas,
1910 2648 2084 2717 partim

168 2743 306 2784 extra
339 2751 426 2783 nos
454 2733 602 2796 sitas;
645 2734 733 2783 hoc
775 2743 848 2783 est
880 2751 1037 2783 rerum
1070 2734 1187 2784 alias
1220 2733 1337 2784 iuris
1367 2751 1477 2784 esse
1515 2735 1694 2794 nostri,
1754 2735 1871 2784 alias
1903 2751 2083 2801 nequa-

167 2836 304 2885 quam
347 2836 458 2867 esse
501 2818 774 2867 deliniebat.
854 2819 928 2866 Ad
973 2819 1089 2867 haec
1120 2818 1325 2868 animam
1364 2836 1390 2868 a
1419 2836 1621 2886 corpore
1666 2819 1885 2886 seiungi,
1940 2835 2082 2885 quam

168 2914 212 2952 et
243 2903 513 2953 diuturnum
545 2903 764 2970 spiritum
794 2902 1091 2969 appellabat,
1133 2903 1217 2952 sed
1247 2921 1340 2952 non
1371 2920 1567 2971 prorsus
1593 2903 1920 2971 incorruptam
1948 2919 2079 2965 esse,

167 2989 383 3054 adeoque
438 2987 663 3054 paulatim
716 2986 947 3053 temporis
1000 2987 1346 3054 longinquitate
1400 2987 1650 3050 consumi,
1710 2996 1758 3037 et
1797 2987 1843 3036 in
1885 2986 2080 3036 nihilum

167 3072 338 3139 redigi.

309 3153 572 3206 Cleanthes
609 3172 845 3204 summum
878 3154 1082 3217 bonum,
1142 3163 1190 3204 et
1216 3155 1471 3205 honestum
1503 3156 1772 3223 voluptates
1815 3171 1924 3205 esse
1955 3154 2083 3205 dice-

166 3239 264 3289 bat.
326 3239 581 3289 Hominem
613 3239 763 3288 solam
793 3238 1060 3306 appellabat
1086 3239 1309 3288 animam.
1380 3238 1513 3290 Deos
1542 3241 1770 3308 mysticas
1802 3256 1912 3289 esse
1939 3257 2083 3307 quas-

169 3325 274 3373 dam
308 3325 516 3390 figuras,
571 3340 807 3390 sacraque
851 3322 1063 3372 uomina.
1144 3320 1308 3389 ltaque
1346 3324 1495 3373 solem
1541 3323 1834 3386 daduchum,
1888 3323 1977 3373 boc
2009 3334 2082 3375 est

229 3433 287 3475 14.
321 3434 490 3489 κητιεύς
519 3437 628 3475 codd.
661 3448 752 3475 mss.
784 3440 816 3474 et
846 3437 903 3474 ed.
933 3437 1057 3484 princ.
1156 3447 1280 3486 pore,
1312 3443 1353 3473 et
1376 3435 1550 3474 vocabat
1575 3439 1656 3474 cett.
1713 3437 1890 3474 Fortasse
1917 3438 2084 3476 scriben-

232 3493 288 3531 15).
321 3494 480 3543 διηκεῖν
510 3494 593 3531 cod.
626 3494 785 3542 Rhediy.
1151 3485 1419 3542 dumOExeYs
1443 3489 1491 3533 δὲ
1513 3487 1614 3531 εἶναι
1639 3489 1710 3531 καὶ
1738 3488 1843 3543 μετὰ
1869 3489 2082 3545 χωρισμὸν

227 3546 288 3586 16,
323 3561 416 3599 ,,γρ.
442 3545 771 3601 μεταχωρισμὸν.
816 3549 965 3585 Deesse
991 3560 1093 3586 non·
1151 3548 1222 3587 τοῦ
1256 3543 1475 3598 σώματος,
1505 3545 1577 3587 καὶ
1606 3548 1693 3588 κτλ.

168 3602 270 3642 nibil
305 3610 463 3655 puto⁸‘‚
508 3607 709 3643 annotavit
745 3607 785 3642 in
820 3606 994 3652 margine
1023 3605 1094 3642 Pe·
1212 3603 1274 3644 17.
1317 3605 1370 3641 De
1408 3604 1466 3641 his
1503 3605 1590 3642 vide
1629 3605 1888 3652 disputantem
1919 3606 2079 3645 Lobech.

168 3662 309 3699 tavius.
385 3661 445 3709 Cf.
486 3662 600 3699 etiam
643 3662 879 3699 Animadvv.
925 3662 1006 3697 eius
1042 3661 1095 3697 ad
1156 3662 1195 3698 V.
1246 3661 1299 3698 ΟΖ.
1343 3660 1396 3697 ad
1435 3660 1621 3708 Aylaoph.
1661 3672 1698 3708 p.
1739 3659 1793 3700 θ’.)
1824 3673 1932 3711 sqq„
1968 3666 2002 3700 et
2034 3664 2081 3701 de

169 3717 204 3754 h.
236 3718 259 3753 l.
318 3717 528 3754 Carnarius
567 3718 834 3765 interpretatus
877 3723 937 3752 est
972 3718 1095 3752 Asse-
1156 3712 1347 3769 σχήμασι
1373 3719 1588 3766 μυστικοῖς
1613 3717 1704 3754 ibid.
1730 3727 1822 3766 pa9.
1852 3717 1927 3757 130
1950 3730 2030 3767 sqq.

168 3770 285 3809 rebat
313 3770 411 3809 item
439 3771 595 3810 animae
620 3771 921 3824 separationem
952 3785 973 3809 a
1006 3784 1095 3810 cor-
