2508 4134
888 292 1066 334 INDEX
1095 291 1300 333 RERUM.

141 390 363 433 Maximilla
393 390 695 448 cataphrygum
732 389 989 446 prophetissa
1018 404 1061 430 se

197 460 380 502 ultimam
409 461 699 518 prophetarum
727 459 889 502 dicebat
921 462 1016 500 403.

144 530 423 572 Melchisedec
456 547 479 573 a
508 530 770 573 Samaritanis
826 532 920 571 Sem
972 544 1060 570 esse

195 609 362 656 putatur
386 605 482 643 472.
515 626 562 634 --
622 601 735 642 istius
761 600 909 641 erroris
940 600 1060 641 refu-

196 671 299 712 tatio
328 675 422 713 473.
439 696 494 704 -
553 670 691 713 ludaei
712 679 850 711 tamen
875 678 1060 711 asserunt

197 739 324 781 fuisse
363 741 638 783 Melchisedec
671 740 894 782 meretricis
934 739 1059 780 filium

194 809 292 852 ibid.
327 835 378 842 —
438 811 491 852 de
524 810 670 853 eodem
686 809 965 852 Melchisedec
989 825 1060 850 ca—

196 879 444 922 tholicorum
465 880 718 936 quorundam
743 879 952 921 sententia
989 895 1059 921 re-

197 949 352 992 fellitur
377 955 474 994 474.
492 976 542 983 -
573 950 863 992 Melchisedeci
878 949 1059 991 oblatio-

194 1034 266 1061 nes
295 1021 451 1062 faciunt
474 1020 670 1062 haeretici
696 1020 794 1064 ibid.

140 1090 418 1133 Melchisedec
453 1091 608 1132 nullum
642 1099 738 1147 post
774 1105 819 1131 se
847 1104 1059 1132 successo-

194 1176 281 1202 rem
312 1161 455 1203 habuit
482 1164 578 1206 475.

139 1230 415 1273 Melchisedec
443 1245 514 1273 cur
547 1230 783 1287 parentibus
821 1245 960 1272 carere
990 1229 1059 1271 di-

197 1300 301 1342 citur
329 1305 424 1342 468.

144 1370 491 1413 Melchisedecum
533 1385 625 1412 esse
661 1371 846 1426 spiritum
874 1380 1058 1414 sanctum

193 1440 344 1482 Hierax
368 1441 498 1483 voluit
525 1445 620 1483 472.

139 1524 599 1567 Melchisedecianorum
637 1526 814 1567 haeresis
855 1529 921 1566 35.
965 1534 1060 1580 post

196 1594 544 1636 Christianismum
560 1599 656 1636 468.
681 1619 730 1627 -
774 1595 882 1636 unde
906 1594 965 1636 sic
990 1594 1058 1635 di-

197 1663 252 1705 cti
268 1663 364 1706 ibid.
381 1689 427 1696 —
446 1665 722 1707 Melchisedec
734 1664 929 1706 maiorem
945 1664 1057 1706 Chri·

195 1742 261 1775 sto
307 1734 463 1776 faciunt
501 1736 599 1777 ibid.
629 1760 684 1768 ——
739 1734 852 1776 libris
893 1743 1059 1777 utuntur

195 1805 444 1860 apocryphis
474 1815 516 1847 et
546 1806 728 1847 confictis
757 1805 853 1847 ibid.

137 1888 430 1930 Melchisedeci
455 1898 648 1944 parentes
675 1890 743 1945 qui
767 1890 920 1931 fuerint
944 1893 1041 1931 469.

137 1971 482 2014 Melchisedecum
511 1989 594 2015 non
634 1988 722 2015 esse
750 1974 937 2028 spiritum
961 1989 1058 2016 san-

193 2050 302 2083 ctum
326 2051 470 2084 contra
494 2043 723 2085 Hieracitas
752 2047 845 2085 715.
875 2067 930 2076 -
986 2059 1059 2099 pa-

192 2120 329 2154 rentes
359 2112 648 2155 Melchisedeci
681 2117 774 2156 716.

137 2194 428 2238 Melchisedeci
457 2197 707 2240 Abrahamus
732 2198 908 2240 decimas
933 2199 1058 2240 obtu—

196 2264 244 2306 lit
271 2269 372 2306 469.
428 2313 443 2332 l

137 2335 350 2378 Meletiani
386 2337 437 2383 ab
469 2337 702 2380 Alexandro
733 2338 928 2394 episcopo
957 2340 1058 2381 Ale-

194 2406 387 2448 xandriae
408 2407 512 2462 pulsi
533 2408 587 2450 ad
617 2409 928 2450 Constantinum
956 2424 1056 2450 con-

194 2475 356 2531 fugiunt
379 2480 472 2518 720.
493 2502 541 2510 -
572 2478 646 2519 sed
668 2478 764 2520 inde
788 2480 939 2535 repulsi
963 2484 1058 2526 721.

193 2570 248 2578 --
288 2546 340 2587 ab
368 2547 541 2589 Eusebio
579 2548 885 2591 Nicomediensi
921 2551 1058 2605 impe-

192 2616 318 2657 ratori
357 2617 649 2668 conciliantur,
696 2627 737 2659 et
777 2634 867 2660 cum
900 2620 1057 2662 Arianis

196 2686 496 2728 communicant
512 2686 609 2728 ibid.
628 2711 682 2720 -
737 2688 814 2744 ipsi
830 2704 919 2731 cum
938 2691 1055 2732 Aria-

196 2755 258 2796 nis
287 2756 403 2797 mixti
445 2756 743 2812 degenerarunt
770 2774 794 2800 a
822 2768 934 2801 recta
974 2760 1056 2801 fide

197 2824 299 2868 ibid.

140 2908 296 2950 Meletii
344 2910 537 2966 Aegyptii
581 2911 758 2954 haeresis
804 2917 872 2954 48.
915 2913 1058 2955 ordine

195 2980 440 3035 sexagesima
469 2990 613 3023 octava
643 2986 734 3024 716.
764 3008 811 3015 -
854 2983 942 3039 quis
969 2985 1057 3025 sue-

193 3050 249 3092 rit
276 3058 317 3091 et
345 3050 412 3091 ubi
443 3050 650 3106 professus
676 3052 774 3094 ibid.
801 3077 850 3084 —
895 3053 1057 3109 quando

193 3119 338 3162 vixerit
363 3123 456 3161 717.
486 3145 540 3152 --
598 3136 688 3162 cum
714 3122 910 3177 apostolis
939 3123 1057 3163 simul

193 3189 234 3230 in
274 3189 442 3231 vinculis
480 3190 642 3232 habitus
684 3192 758 3232 sub
800 3192 1056 3233 Diocletiano

193 3259 293 3302 ibid.
321 3284 374 3292 —
433 3261 601 3302 ecclesia
640 3261 810 3303 fundata
839 3277 862 3302 a
887 3262 1057 3302 Meletio

195 3330 359 3386 eiusque
388 3331 659 3372 sectatoribus
699 3331 809 3373 dicta
834 3340 1057 3386 martyrum

200 3403 289 3441 719.
323 3425 375 3433 --
433 3402 554 3442 Petro
596 3402 819 3443 vocabatur
848 3401 1056 3442 Catholica

195 3471 364 3512 ecclesia
382 3470 480 3512 ibid.
512 3496 553 3502 —-
614 3471 803 3513 Meletius
819 3471 958 3513 Arium
978 3470 1056 3512 ‹le-

195 3541 299 3595 tegit
326 3539 424 3583 ibid.

141 3609 332 3651 Meletius
365 3612 416 3652 ab
443 3611 602 3652 Arianis
631 3611 811 3665 eiicitur,
842 3620 884 3652 et
909 3611 1057 3652 Antio-

198 3679 346 3721 chenus
386 3696 521 3723 veram
561 3681 682 3722 fidem
711 3681 851 3723 docuit
881 3685 975 3722 882.
1004 3705 1057 3713 —-

198 3757 239 3789 et
263 3758 397 3791 tamen
424 3751 511 3807 ipse
542 3752 594 3793 de
618 3751 761 3806 spiritu
788 3760 930 3792 sancto
959 3766 1055 3806 per-

198 3834 336 3877 peram
360 3822 563 3864 sentiebat
589 3826 680 3864 883.
702 3846 754 3853 -
792 3821 950 3863 Meletii
970 3821 1056 3863 laus

1934 277 2032 328 765

1173 388 1272 430 ibid.
1293 410 1346 421 -
1374 402 1477 444 quae
1503 387 1546 428 in
1566 384 1727 428 Meletii
1752 384 1938 427 oratione
1963 398 2034 424 re-

1175 458 1481 513 prehendantur
1503 457 1599 498 ibid.
1623 480 1678 488 —-
1720 468 1861 497 eorum
1881 453 2034 495 refuta-

1173 527 1233 568 tio
1262 527 1360 569 ibid.

1117 597 1308 638 Meletius
1348 597 1399 638 ab
1443 597 1593 638 Acacio
1635 595 1844 637 ordinatus
1885 592 2033 634 Antio·

1174 666 1286 708 chiae
1316 666 1532 722 episcopus
1571 670 1665 707 876.
1696 689 1748 697 -
1805 662 2036 718 exemplum

1172 736 1370 778 sermonis
1393 751 1416 777 a
1442 736 1612 778 Meletio
1635 735 1765 778 habiti
1791 733 1892 774 ibid.
1910 756 1964 765 -
2012 746 2035 772 a

1172 806 1575 862 pace.inchoandus‚
1622 815 1663 847 et
1690 806 1731 847 in
1761 818 1848 848 eam
1887 802 2033 843 termi-

1172 876 1326 917 nandus
1370 891 1503 918 sermo
1556 880 1650 917 877.
1693 900 1746 909 -
1816 877 1927 932 pacis
1982 875 2033 917 ab

1173 947 1317 987 eodem
1348 961 1446 989 vera
1477 945 1778 989 commendatio
1806 945 1905 987 ibid.

1118 1016 1445 1059 Menandriorum
1494 1016 1673 1059 haeresis
1719 1015 1896 1056 secunda
1941 1023 2036 1070 post

1172 1086 1392 1128 adventum
1450 1086 1627 1141 Christi,
1700 1100 1780 1141 quo
1834 1083 2034 1141 producta

1172 1156 1296 1197 fuerit
1328 1159 1395 1196 60.

1116 1226 1338 1267 Mercurius
1370 1240 1440 1267 cur
1468 1225 1601 1266 dictus
1629 1224 1905 1280 Argiphontes
1937 1227 2030 1265 263.

1117 1297 1307 1350 Meropes
1337 1295 1444 1336 unde
1472 1295 1572 1336 dicti
1604 1298 1642 1335 7.

1115 1365 1482 1422 Metempsychosis
1503 1366 1733 1406 Stoicorum
1754 1379 1875 1419 quam
1895 1364 2033 1406 absur-

1171 1435 1224 1476 da
1255 1439 1321 1476 13.

1116 1506 1350 1547 Methodius
1377 1506 1438 1548 vir
1466 1505 1645 1546 eruditus
1669 1505 1737 1561 qui
1768 1514 1910 1547 contra
1938 1504 2033 1547 ori-

1173 1590 1320 1631 genem
1348 1576 1511 1631 scripsit
1546 1578 1639 1617 591.

1120 1647 1357 1688 Miraculum
1382 1646 1493 1702 quod
1519 1646 1734 1702 Epiphauii
1757 1654 1891 1687 aetate
1914 1644 2037 1687 fiebat

1172 1719 1268 1758 451.
1299 1741 1348 1748 -
1407 1716 1460 1757 de
1484 1717 1596 1772 aquis
1622 1716 1662 1757 in
1690 1716 1826 1757 vinum
1860 1730 2034 1758 conver—

1174 1787 1227 1827 sis
1257 1787 1437 1842 pluribus
1466 1787 1507 1827 in
1537 1786 1637 1828 locis
1666 1786 1762 1827 ibid.

1117 1858 1376 1899 Mithridates
1398 1872 1469 1899 rex
1489 1857 1546 1898 rei
1564 1857 1776 1898 herbariae
1801 1857 1977 1911 scriptor
1996 1859 2032 1897 3.

1117 1929 1413 1970 Monachorum
1434 1942 1561 1982 genus
1585 1927 1626 1967 in
1642 1927 1940 1982 Mesopotamia
1963 1941 2035 1982 pa-

1172 2014 1261 2039 rum
1289 1999 1507 2053 probatum
1536 2000 1656 2038 1073.
1687 2021 1738 2029 -
1797 1997 2036 2038 Iudaeorum

1172 2069 1445 2124 pmseuchae,
1487 2082 1558 2109 seu
1587 2068 1678 2109 loca
1711 2067 1764 2109 ad
1788 2066 2035 2123 precandum

1173 2147 1287 2180 extra
1319 2139 1456 2180 urbem
1490 2141 1612 2179 1067.

1116 2209 1411 2251 Monachorum
1467 2208 1509 2250 in
1557 2212 1747 2264 Aegypto
1803 2209 2034 2251 institutum

1172 2282 1293 2320 1070.

1119 2349 1414 2390 Monachorum
1443 2349 1552 2390 varia
1580 2349 1768 2391 instituta
1799 2352 1921 2391 1094.

1116 2419 1410 2460 Monachorum
1437 2418 1548 2461 varia
1578 2434 1728 2474 genera
1765 2429 1806 2461 et
1846 2419 2034 2461 instituta

1171 2489 1270 2531 ibid.

1115 2559 1367 2600 Monasticus
1396 2559 1498 2601 ordo
1530 2575 1579 2601 ex
1602 2560 1727 2602 tertio
1758 2560 2034 2602 eunuchorum

1169 2643 1320 2684 genere
1349 2630 1416 2686 qui
1444 2630 1599 2685 seipsos
1630 2639 1910 2683 castraverunt
1938 2645 2034 2686 pro-

1170 2709 1263 2755 pter
1292 2715 1462 2755 regnum
1499 2700 1566 2741 dei
1592 2704 1688 2742 492.
1722 2724 1772 2733 -
1830 2700 2034 2756 spadones

1169 2785 1252 2811 non
1282 2779 1431 2825 sponte
1447 2770 1520 2812 sed
1547 2771 1788 2813 necessitate
1816 2779 1911 2812 sunt
1934 2769 2034 2812 casti

1169 2843 1264 2881 492.

1114 2911 1376 2953 Monarchiae
1418 2912 1576 2952 Priscae
1614 2919 1788 2967 quatuor
1828 2925 1852 2952 a
1880 2911 2033 2952 Ioanne

1169 2982 1211 3022 in
1242 2981 1490 3037 Apocalypsi
1526 2981 1578 3023 ad
1610 2981 1857 3037 Euphratem
1897 2980 2031 3022 collo-

1172 3059 1285 3092 catae
1315 3053 1409 3093 456.

1115 3121 1304 3161 Montani
1342 3121 1520 3162 insolens
1548 3121 1715 3162 iactatio
1744 3121 1786 3162 in
1816 3135 1890 3163 suo
1922 3121 2031 3163 vati-

1171 3190 1332 3231 cinandi
1370 3199 1412 3230 et
1447 3191 1725 3246 prophetandi
1760 3205 1927 3232 munere
1967 3191 2031 3232 ia-

1172 3259 1322 3300 ctando
1351 3263 1447 3304 406,

1113 3330 1226 3370 Mors
1252 3329 1349 3384 quid
1371 3330 1445 3380 sit,
1475 3338 1517 3370 et
1543 3345 1612 3371 cur
1633 3331 1787 3372 homini
1812 3331 2033 3373 constituta

1171 3403 1262 3439 845.
1294 3423 1347 3431 —
1407 3414 1476 3440 cur
1502 3400 1623 3441 etiam
1654 3401 1850 3455 pelliceae
1872 3400 2032 3443 tunicae

1167 3469 1324 3509 homini
1352 3468 1472 3510 datae
1499 3469 1581 3510 sint
1609 3470 1708 3512 ibid.

1114 3540 1227 3580 Mors
1263 3554 1333 3580 cur
1373 3540 1529 3581 homini
1569 3541 1781 3595 contingat
1822 3540 2032 3596 praeclara

1168 3609 1432 3650 similitudine
1446 3610 1611 3651 artificis
1621 3610 1924 3652 demonstratur
1935 3614 2030 3652 550.

1115 3680 1371 3720 Mortuerum
1399 3680 1592 3722 memoria
1622 3695 1740 3735 quam
1768 3681 1822 3722 sit
1851 3681 1959 3723 utilis
1988 3682 2031 3722 in

1170 3750 1364 3800 ecclesia,
1395 3759 1436 3791 et
1462 3750 1673 3791 laudabilis
1704 3754 1796 3792 911.
1822 3776 1877 3784 —-
1933 3766 2030 3793 ora-

1170 3820 1298 3863 tiones
1314 3820 1485 3863 mortuis
1511 3829 1683 3877 prosunt
1710 3820 1811 3868 ibid.
1840 3845 1888 3856 -
1921 3837 2030 3864 com-
