2508 4134
522 295 748 335 PANARII
776 295 881 336 Lm.
904 296 975 337 111.
1005 296 1139 338 ToM.
1160 297 1191 336 1.
1222 297 1385 338 HAER.
1404 297 1599 338 Lxxvi.
1906 286 2007 338 307

118 411 208 461 que
236 390 492 444 usuvenire
522 392 764 444 cernimus
792 392 870 460 qui
903 391 1162 460 sophistica
1203 394 1404 460 quadam
1436 395 1622 445 ratione
1654 393 1863 445 inventis
1892 412 1920 446 a
1954 411 2008 446 se

116 476 405 545 syllogismis
448 478 746 530 diversarum
789 493 948 527 rerum
992 492 1186 526 caussas
1226 476 1469 543 inquirere
1504 487 1552 528 et
1582 478 1876 546 investigare
1909 487 2010 530 stu-

117 562 246 611 dent.
324 558 487 612 Veluti
521 562 628 613 mali
669 561 792 628 quod
823 559 1103 628 principium
1138 559 1312 622 fuerit3
1365 560 1442 610 alii
1471 562 1738 626 undenam,
1794 571 1842 612 et
1873 562 2009 614 cuius

115 643 188 695 rei
214 644 369 712 gratia
395 645 612 696 diabolus
637 644 885 707 extiterit,
941 643 1129 710 quidam
1161 643 1219 693 de
1246 643 1436 694 homine
1468 653 1722 711 peccaturo
1752 655 2007 713 quaerunt,

116 744 201 779 cur
230 728 353 778 hunc
382 728 500 779 deus
531 745 586 780 ea
619 727 893 779 conditione
921 726 1279 794 procreaverit,
1335 735 1418 777 aut
1444 728 1520 794 qui
1550 728 1690 778 talem
1733 730 2008 793 fabricarat,

117 828 202 862 cur
227 811 459 862 incusarit
486 821 673 880 postea.
750 809 813 863 Ut
841 828 947 861 cum
973 809 1135 861 varias
1164 810 1212 861 in
1244 819 1404 879 partes
1436 811 1622 861 animos
1649 829 1763 862 suos
1796 830 1851 863 ac
1879 812 2012 880 cogi-

115 895 320 946 tationes
352 895 674 958 intenderint,
715 912 771 946 ac
798 893 1095 963 corruptioni
1128 911 1179 945 se
1212 894 1452 945 obnoxios
1480 894 1838 959 intellexerint,
1890 897 2012 965 patri

116 996 171 1029 ac
200 979 297 1029 {ilio
325 987 373 1029 et
400 979 587 1047 spiritui
624 989 818 1043 sanct0,
860 979 949 1029 hoc
975 988 1051 1029 est
1080 979 1157 1029 uni
1190 996 1246 1029 ac
1273 978 1503 1046 singulari
1534 978 1765 1042 trinitati,
1807 997 2013 1031 venera-

117 1061 294 1113 tionem
331 1080 384 1113 ac
411 1062 663 1114 scientiam
691 1064 937 1126 deferant,
993 1063 1050 1112 ab
1078 1079 1231 1129 eoque
1262 1079 1408 1112 verae
1440 1063 1544 1112 fidei
1577 1063 1898 1130 cognitionem
1929 1082 2013 1132 po-

114 1147 324 1211 stulent,
365 1155 506 1215 atque
534 1148 817 1216 impetrent3
870 1155 921 1197 ut
953 1163 1012 1197 ne
1043 1164 1316 1197 mensuram
1349 1147 1587 1215 propriam
1619 1148 1886 1210 excedant,
1928 1149 2014 1198 sed

116 1230 174 1280 ab
212 1239 500 1282 occaecatae
538 1232 713 1282 mentis
753 1231 930 1299 impetu
970 1231 1343 1298 conquiescant;
1398 1247 1522 1280 neve
1558 1247 1764 1281 accensa
1791 1231 2014 1283 incitata-

115 1331 205 1381 que
239 1314 400 1382 lingua
429 1324 478 1365 et
507 1315 886 1383 imprudentibus
926 1314 1298 1397 cogitationibus
1329 1314 1541 1382 argutari
1572 1315 1740 1366 malint
1765 1333 1904 1383 quam
1936 1333 2015 1367 sa-

115 1397 412 1465 pientissima
440 1398 523 1450 illa
548 1399 815 1468 scripturae
843 1398 1084 1450 sententia
1115 1399 1373 1466 castigari,
1428 1402 1535 1448 Non
1561 1417 1724 1465 sapere
1741 1402 1854 1465 plus
1880 1419 2013 1466 quam
2036 1419 2143 1455 Rom.
2160 1421 2212 1463 12,
2232 1422 2261 1456 3.

117 1491 300 1546 oportet
331 1500 495 1547 sapere
509 1520 523 1543 ,
564 1486 648 1532 sed
679 1482 853 1548 sapere
876 1486 941 1532 ad
974 1484 1283 1532 sobrietatem.

254 1566 387 1616 Aetii
421 1563 579 1635 Caput
606 1564 838 1617 XXXII.
916 1564 970 1618 Si
1007 1569 1056 1616 in
1089 1567 1302 1634 ingenita
1346 1576 1519 1618 natura
1559 1576 1844 1636 perseverat
1874 1569 2012 1634 deuS,

116 1650 459 1700 detrabendum
491 1650 580 1700 boc
605 1650 647 1701 ei
678 1659 751 1702 est
770 1689 784 1714 ,
835 1659 886 1702 ut
914 1651 1139 1718 generari
1165 1669 1216 1702 se
1241 1660 1382 1719 atque
1406 1651 1670 1719 ingenitum
1700 1669 1809 1703 esse
1835 1671 2016 1720 cogno-

115 1742 236 1784 scat.
314 1731 455 1800 Quod
487 1733 530 1785 si
556 1734 601 1783 id
636 1734 702 1785 illi
738 1734 903 1798 detur,
959 1743 1010 1785 ut
1049 1751 1134 1803 per
1165 1734 1315 1802 geniti
1355 1735 1650 1803 ingenitique
1691 1736 2014 1788 conditionem

114 1817 242 1868 illius
279 1826 449 1868 natura
487 1818 793 1882 traducatur,
853 1818 1169 1869 substantiam
1208 1819 1311 1888 ipse
1351 1836 1485 1869 suam
1527 1819 1748 1886 ignorat,
1806 1838 1911 1871 cum
1955 1821 2013 1872 ab

115 1911 348 1969 utraque,
401 1901 549 1969 geniti
595 1902 782 1952 scilicet
827 1911 968 1970 atque
1010 1903 1240 1971 ingeniti,
1300 1903 1528 1970 qualitate
1568 1904 1879 1955 distrahatur.
1958 1902 2014 1956 Si

115 2003 233 2036 vero
259 1984 471 2052 genitum
511 1986 801 2036 conditionis
844 1985 1043 2053 ingeniti
1085 1988 1326 2056 particeps
1370 1996 1472 2050 est,
1530 1995 1575 2037 et
1616 1988 1815 2056 ingeniti
1844 1997 2016 2039 natura

115 2078 346 2138 perpetuo
378 2078 566 2134 manet,
608 2087 812 2121 necesse
844 2079 918 2120 est
947 2081 997 2120 ut
1028 2088 1081 2121 se
1111 2072 1394 2140 imperfecta
1422 2072 1469 2121 in
1503 2081 1672 2122 natura
1703 2071 2014 2124 constitutum

116 2161 375 2221 agnoscat,
434 2163 482 2204 et
522 2153 650 2204 illam
695 2153 897 2222 ingeniti
937 2155 1320 2206 communionem
1367 2155 1576 2223 ignoret.
1664 2154 1838 2224 Neque
1886 2157 2015 2207 enim

115 2237 239 2287 idem
282 2238 340 2287 de
378 2253 431 2288 se
464 2236 568 2305 ipso
608 2246 656 2287 et
682 2239 924 2306 ingenitae
964 2239 1261 2291 substantiae
1306 2248 1354 2290 et
1384 2240 1575 2306 genitae
1610 2239 1824 2291 notitiam
1863 2240 2017 2291 infor-

114 2338 244 2372 mare
269 2330 445 2389 potest.
524 2319 620 2371 lam
655 2339 774 2372 vero
803 2322 842 2373 si
869 2323 1068 2391 ingeniti
1101 2324 1369 2392 proprietas
1397 2324 1519 2374 levis
1549 2333 1624 2374 est
1652 2342 1707 2375 ac
1736 2324 1916 2375 minimi
1947 2326 2015 2375 fa-

114 2406 312 2469 cienda,
367 2406 490 2473 quod
530 2406 579 2455 in
617 2407 928 2458 mutationem
972 2408 1199 2475 proclivis
1243 2408 1334 2471 sit,
1396 2407 1704 2459 immutabilis
1744 2408 2015 2460 substantia

116 2498 317 2540 naturae
350 2490 578 2556 quaedam
610 2489 817 2557 dignitas
842 2500 943 2555 est,
986 2510 1090 2542 cum
1120 2492 1334 2560 ingenita
1361 2492 1630 2543 substantia
1658 2492 1869 2543 omnium
1898 2510 2014 2544 con-

115 2573 324 2624 fessione
364 2573 549 2624 caussis
586 2573 807 2625 omnibus
845 2575 1119 2626 antecellat.

255 2653 454 2708 Confut.
486 2658 685 2707 XXXII.
763 2660 801 2708 1.
840 2657 1039 2710 Nemini
1066 2660 1258 2711 dubium
1284 2668 1358 2711 est
1385 2660 1499 2728 quin
1522 2660 1738 2728 ingenita
1763 2660 1810 2711 in
1839 2668 2014 2711 natura

116 2742 231 2792 deus
270 2749 579 2809 perseveret,
639 2749 802 2808 pater,
858 2744 935 2809 qui
969 2743 1025 2794 de
1057 2744 1204 2795 nihilo
1245 2744 1430 2796 creavit
1457 2762 1513 2795 ac
1541 2745 1791 2796 fabricavit
1830 2745 2009 2808 omnia,

115 2826 258 2876 filium
296 2842 414 2876 vero
450 2824 906 2875 consubstantialem
940 2842 966 2876 e
993 2827 1182 2894 seips0,
1242 2838 1386 2896 atque
1428 2829 1701 2880 aeternitati
1740 2845 1858 2879 suae
1896 2846 2012 2878 con-

115 2918 367 2976 gruentem
411 2909 603 2976 genuit,
655 2925 743 2958 nec
782 2926 877 2959 non
910 2918 957 2959 et
986 2911 1202 2978 spiritum
1242 2921 1456 2963 sanctum
1493 2930 1519 2963 e
1546 2913 1707 2981 seipso
1747 2912 2012 2981 proceden-

118 3002 245 3055 tem,
305 3001 354 3043 et
390 2993 604 3043 eiusdem
650 2992 948 3045 substantiae
990 2996 1310 3046 communioni
1357 3013 1597 3065 peraeque
1641 2996 2010 3047 convenientem

119 3075 363 3145 produxit.
439 3074 580 3142 Quod
611 3084 772 3126 autem
812 3077 979 3127 eadem
1008 3077 1087 3127 illa
1115 3078 1305 3129 trinitas
1333 3097 1645 3148 quaecunque
1674 3089 1786 3131 suut
1811 3096 1836 3130 e
1863 3079 2011 3129 nihilo

119 3160 424 3229 procreavit,
485 3167 579 3209 tam
609 3159 915 3227 aspectabilia
948 3178 1086 3227 quam
1116 3179 1237 3228 quae
1266 3171 1509 3229 aspectum
1546 3163 1757 3229 fugiunt,
1813 3181 1908 3213 non
1941 3163 2012 3212 id-

119 3244 248 3295 circo
285 3244 333 3293 id
361 3242 515 3312 ipsum
555 3244 678 3311 quod
721 3243 911 3294 divinae
950 3243 1186 3294 maiestati
1230 3255 1606 3296 consentaneum
1649 3256 1750 3309 est,
1810 3246 1901 3296 hoc
1941 3255 2013 3296 est

120 3327 375 3378 existentis
405 3327 696 3390 aeternitaS,
753 3327 939 3379 recenti
967 3328 1048 3378 illa
1074 3336 1340 3379 creatarum
1368 3347 1528 3381 rerum
1560 3329 1863 3398 appellationi
1899 3330 2012 3380 sub-

121 3412 342 3462 trabitur.
411 3409 539 3462 Nam
568 3411 625 3461 ab
651 3411 851 3462 istarum
882 3411 1154 3462 conditione
1182 3429 1365 3463 summa
1393 3414 1470 3463 illa
1494 3413 1759 3463 substantia
1789 3430 1844 3464 ac
1873 3431 2012 3481 prae-

122 3495 300 3545 cellens
348 3494 605 3559 eximitur,
656 3496 936 3563 quibuscum
965 3494 1157 3545 minime
1189 3495 1610 3547 consubstantialis
1645 3505 1749 3559 est,
1803 3498 1887 3548 sed
1929 3515 2010 3549 eas

122 3596 148 3629 e
177 3579 323 3630 nihilo
362 3578 536 3646 aliquid
575 3588 627 3629 ut
662 3588 827 3630 essent
866 3578 1118 3630 excitavit.
1196 3577 1361 3645 Quare
1402 3580 1524 3629 filius
1566 3598 1592 3630 a
1624 3588 1757 3647 patre
1797 3581 2008 3649 genitUS‚

176 3717 215 3759 6.
247 3720 378 3768 Supra
407 3713 741 3772 ὡμολογημένης.
1146 3717 1185 3758 7.
1218 3713 1342 3760 αὐτοῦ
1370 3720 1452 3759 cod.
1484 3720 1670 3770 Rhediy„
1711 3724 1744 3760 et
1771 3722 1854 3761 cod.
1883 3723 1958 3762 len.
1987 3733 2013 3760 a

1093 3786 1143 3813 m.
1172 3786 1231 3823 pr.

1556 3847 1679 3899 20*
