2508 4134
270 905 354 942 pag.
372 895 450 932 884.

477 262 576 315 138
1183 272 1386 316 SANGTI
1414 273 1694 319 EPn’HANn

470 367 601 438 ὑμᾶς
637 372 910 440 έπιγνῶμεν
950 371 1108 431 ἰδίους
1147 366 1318 434 ὄντας,
1368 371 1454 424 καὶ
1481 368 1548 439 μὴ
1573 367 1870 440 ἀλλοτρίους.
1945 367 2166 424 Δύναται
2196 368 2291 443 γάρ
2315 371 2403 425 καὶ

473 452 786 523 ὁμοιοούσιον
809 451 932 508 εἶναι
959 453 1086 525 πρὸς
1106 451 1285 522 χρυσὸν
1310 453 1502 522 χαλκός,
1539 453 1674 526 πρός
1694 454 1911 526 ἄργυρον
1936 458 2236 525 κασσίτερος,
2275 453 2405 524 πρός

473 543 676 610 σίδηρον
709 536 737 592 ὅ
761 538 1007 608 μόλιβδος.
1079 536 1198 592 Ἀλλ’
1235 538 1331 593 οὔκ
1369 537 1613 609 ἀπατήσει
1647 538 1780 609 ἡμᾶς
1819 538 1853 609 ἡ
1886 536 2070 608 ’Ᾰῦμῶν
2101 541 2412 608 ἐπιτετηδευ·,

474 627 594 693 μένη
629 626 713 678 καὶ
751 625 1097 695 τετορνευμένη
1140 627 1502 693 μυθοπλαστία.
1589 628 1661 678 Εἰ
1692 626 1780 694 μὲν
1809 625 1902 697 γάρ
1938 647 2075 687 τινας
2113 625 2407 694 βουλόμενοι

473 710 724 778 ἀπατῆσαι
754 712 995 782 βούλεσθε
1038 710 1314 780 προφάσεις
1350 713 1576 778 ψευδεῖς,
1626 712 1843 782 λέγοντες
1873 709 1973 775 ὅτι,
2029 708 2104 764 Οῦ
2131 709 2224 781 χρὴ
2250 712 2405 782 λέγειν

471 795 526 850 vd
559 794 853 864 ὅμοούσιον,
903 798 985 850 ἵνα
1030 794 1098 865 μὴ
1135 794 1449 864 3συναλιφήν
1476 794 1758 865 ποιήσωμεν
1788 795 1874 850 τὸν
1906 793 2017 849 υἷὸν
2046 793 2174 867 πρὸς
2199 797 2405 868 πατέρα,

474 880 508 950 ἢ
534 880 588 936 vd
620 887 813 949 πνεῦμα
837 880 963 951 πρὸς
998 880 1084 935 τόν
1122 879 1234 936 υἷὸν
1260 883 1345 934 καὶ
1372 882 1586 951 πατέρα,
1631 883 1714 935 καὶ
1740 883 1793 935 ἐν
1820 880 1980 955 τούτῳ
2014 884 2235 936 διέπεσεν
2263 879 2406 950 ὑμῶν

476 965 506 1022 ὅ
542 968 967 1036 έπιτετηδευμένος
1008 966 1166 1038 λόγος.
1245 965 1321 1020 Οὔ
1350 965 1443 1037 γάρ
1485 970 1685 1034 εἴπομεν
1722 964 2025 1035 ἀμαούσιον,
2078 964 2180 1020 ἀλλ’
2222 964 2405 1036 ὁμοσύ-

474 1071 605 1119 σιον,
642 1055 726 1106 ἵνα
749 1052 902 1122 μηδὲν
928 1058 1018 1106 τοῦ
1051 1050 1239 1123 πατρὸς
1266 1053 1665 1123 παρηλλαγμένον
1693 1050 2092 1122 ὁμολογήσωμεν,
2132 1051 2253 1106 ἀλλά
2281 1049 2406 1107 &cdv

473 1137 626 1202 ὅντως
654 1140 708 1193 ἐκ
734 1145 863 1192 θεοῦ
892 1139 1270 1210 γεγεννημένον,
1309 1139 1394 1191 καὶ
1424 1137 1519 1191 οὐκ
1546 1137 1840 1206 ἀλλαχόθεν,
1878 1137 1997 1191 οὐδὲ
2023 1139 2073 1201 ἐξ
2109 1137 2202 1192 οὐκ
2229 1135 2404 1204 ὅντων,

474 1223 594 1279 ἀλλά
632 1223 820 1295 πατρδς
858 1222 1166 1292 προελθόντα
1190 1221 1412 1293 ἀχρόνως
1440 1225 1525 1277 καὶ
1551 1221 1777 1293 ἀνάρχως
1807 1225 1893 1276 καὶ
1932 1220 2294 1294 ἀνεκδιηγήτως
2331 1243 2408 1294 γε-

472 1312 790 1382 γεννημένον,
828 1307 908 1364 αἐὶ
938 1308 1058 1362 ὅντα
1085 1306 1212 1379 πρὸς
1238 1307 1323 1363 τόν
1354 1309 1556 1379 πατέρα,
1593 1310 1678 1361 καὶ
1707 1309 1952 1376 μηδέποτε
1983 1310 2291 1364 διαλείποντα
2317 1314 2406 1372 τοῦ

473 1393 623 1461 εἶναι,
674 1393 793 1449 ἀλλά
821 1396 1200 1466 γεγεννημένον,
1253 1392 1315 1447 οὗ
1348 1393 1680 1460 συνάδελφον,
1731 1391 1792 1447 οὕ
1819 1393 2125 1464 προπάτορα.
2206 1392 2272 1448 Τὸ
2311 1391 2405 1465 γάρ

471 1478 626 1549 Ὁμοῦ
652 1480 743 1535 δύο
769 1482 855 1550 μὲν
882 1479 1204 1534 ὖποστάσειόν
1229 1481 1329 1533 ἔστι
1354 1476 1681 1547 σημαντικόν,
1721 1479 1818 1532 οὐκ
1855 1477 2119 1550 ἀλλοτρίων
2147 1484 2207 1554 τῇ
2236 1478 2406 1546 φύσει·

474 1565 550 1621 διδ
582 1564 612 1620 ὅ
639 1566 906 1635 σύνδεσμος
945 1571 1034 1634 τῆς
1072 1564 1310 1632 ἀληθείας
1349 1566 1401 1618 ἐν
1439 1566 1600 1636 τούτῳ
1632 1566 1687 1618 ἐκ
1720 1570 1808 1618 τοῦ
1841 1563 2120 1632 πνεύματος
2145 1571 2234 1619 τοῦ
2262 1562 2407 1636 άγίου

474 1652 814 1725 ᾠκονόμηται,
865 1655 918 1706 έν
954 1650 1158 1719 στόματι
1199 1656 1299 1704 τῶν
1337 1656 1482 1704 τοῦτο
1526 1651 1823 1718 ἔκθεμένων.
1900 1652 2001 1703 Καὶ
2042 1647 2168 1724 ὁρᾷς
2199 1649 2276 1705 ὅτι
2311 1648 2406 1709 οὐκ

474 1739 606 1792 ἔσται
649 1754 725 1791 σοι
767 1736 1043 1806 πρόφασις,
1094 1734 1210 1790 οὐδὲ
1246 1735 1452 1790 δύνασαι
1498 1734 1624 1790 κατά
1666 1742 1754 1803 τῆς
1795 1734 2096 1806 ὀρθοδοξίας
2129 1736 2285 1807 λέγειν
2321 1737 2408 1790 καὶ

473 1822 674 1894 πτύρειν
711 1821 827 1886 τούς
869 1821 1004 1894 παρά
1045 1828 1137 1876 σοῦ
1173 1819 1263 1890 τὴν
1303 1820 1461 1891 ἀκοὴν
1495 1827 1586 1875 τοῦ
1623 1822 2096 1892 παραπεποιημένου
2127 1839 2218 1876 σου
2257 1819 2407 1893 λόγου

473 1910 925 1980 παραδεχομένους,
978 1907 1055 1962 ὅτι
1082 1906 1169 1962 έάν
1194 1929 1268 1970 τις
1289 1910 1402 1981 εἴπῃ
1436 1905 1489 1961 τό
1517 1905 1811 1975 ὁμοούσιον,
1869 1904 2190 1975 4συναλιφήν
2225 1904 2408 1975 aspond-

472 2014 633 2067 γησεν.
678 1994 853 2049 Οὐκέτι
887 1993 979 2065 γάρ
1010 1996 1145 2048 ἔσται
1172 1999 1330 2048 τοῦτο.
1381 1991 1503 2047 ’And
1531 1991 1624 2064 γάρ
1657 1996 1746 2045 τοῦ
1770 1990 2066 2060 Ὁμοούσιον
2093 1991 2405 2061 σημανθήσε·

473 2104 550 2134 ται
578 2080 698 2146 δύο,
747 2082 832 2134 καὶ
867 2079 966 2134 ἀπὸ
997 2085 1087 2134 τοῦ
1120 2076 1391 2147 ὅμοουσίου
1423 2077 1765 2146 δηλωθήσεται
1795 2075 1886 2132 οὐκ
1916 2076 2172 2148 ἀλλότριον
2211 2075 2266 2132 τὸ
2304 2079 2408 2148 γέν·

472 2189 604 2235 νημα
631 2165 759 2238 πρὸς
781 2164 868 2220 τὸν
896 2167 1081 2236 πατέρα
1107 2163 1344 2235 ὖπάρχον.
1419 2163 1498 2217 Σύ
1520 2164 1572 2217 δὲ
1596 2162 1987 2231 ἔπιπλασάμενος
2013 2161 2067 2217 τό
2094 2161 2410 2231 Ὁμοιούσιον

475 2251 558 2306 διά
598 2253 685 2321 μὲν
712 2258 802 2305 τοῦ
840 2249 1082 2319 ὀνόματος
1105 2256 1192 2318 τῆς
1220 2250 1394 2313 οὐσίας
1422 2248 1718 2323 έλεγχθήσῃ,
1768 2246 1851 2302 διά
1883 2249 1937 2302 δὲ
1962 2254 2049 2316 τῆς
2072 2250 2408 2319 παρηλλαγμέ-

474 2360 562 2406 νης
605 2335 866 2409 ὁμολογίας
906 2334 1279 2409 κατακριθήση,
1337 2332 1426 2404 οὐχ
1463 2333 1495 2387 ἃ
1532 2336 1684 2405 λέγεις
1714 2340 1946 2405 φρονῶν,
1996 2331 2091 2386 ἀλλ’
2137 2332 2171 2386 ἃ
2208 2341 2409 2404 φρονεῖς

474 2425 956 2493 παραπεποιημένως
977 2421 1238 2476 διδάσκων.
1301 2423 1372 2473 Εἰ
1396 2419 1489 2491 γάρ
1518 2419 1644 2483 ὅλως
1672 2418 1764 2473 οὐκ
1791 2421 1921 2472 ἔστιν
1947 2421 1997 2483 ἐξ
2029 2417 2203 2484 αὐτοῦ,
2237 2418 2410 2487 ’ὅμοιος

476 2510 529 2563 δὲ
555 2507 689 2582 αὐτῷ
725 2511 850 2574 ἔστι,
887 2506 1011 2562 πολύ
1043 2506 1326 2574 ἀφέστηκας
1351 2512 1440 2573 τῆς
1464 2502 1712 2574 ἀληθείας.
1784 2502 2010 2567 Ὅποίαις
2034 2502 2126 2574 γάρ
2155 2503 2295 2567 ῦλαις
2321 2502 2410 2559 τᾶν

476 2593 870 2663 έκτυπούμενον,
909 2596 1048 2656 εἴτις
1078 2591 1140 2646 ἂν
1163 2594 1304 2646 θέλοι
1338 2599 1362 2629 ⁵
1387 2589 1783 2659 διακοσμήσειεν,
1824 2589 1921 2644 οὐκ
1950 2587 2011 2642 ἀν
2041 2592 2148 2643 ἴσον
2172 2595 2241 2663 τῷ
2272 2591 2410 2644 ἔκτυ-

476 2682 707 2754 πουμένῳ
749 2678 1138 2734 κατασκευάσειε.
1214 2679 1316 2731 Καὶ
1355 2676 1448 2748 γάρ
1491 2679 1575 2731 καὶ
1615 2682 1923 2744 κατασκευῆς
1962 2673 2018 2728 τὸ
2053 2676 2223 2745 ἔργον·
2259 2672 2315 2729 τὸ
2355 2674 2409 2728 δὲ

475 2765 780 2838 γεννώμενον
827 2768 879 2820 ἐκ
920 2772 1010 2819 τοῦ
1051 2786 1185 2827 τινος
1211 2765 1370 2817 ἐκεῖνο
1399 2761 1525 2832 πρὸς
1554 2760 1609 2816 vd
1645 2764 1786 2834 γένος
1812 2761 1867 2815 τὸ
1906 2761 2085 2829 ὅμοιον
2106 2761 2187 2814 καὶ
2219 2757 2274 2813 τὸ
2303 2762 2411 2814 ἴσον

475 2859 562 2921 τῆς
590 2851 908 2923 γνησιότητος
947 2849 1188 2914 ἀποσώζει
1229 2847 1373 2911 εἶδος.
1451 2851 1521 2901 Εἰ
1544 2852 1713 2902 τοίνυν
1745 2846 1840 2902 οὐκ
1869 2849 1918 2911 ἐξ
1944 2844 2101 2899 αὐτοῦ
2131 2846 2412 2915 γεγέννηται

477 2945 565 2992 τοῦ
590 2938 775 3009 πατρὸς
803 2936 833 2991 ὅ
859 2935 998 3003 υἷὸς,
1038 2935 1176 2999 ἐκτὸς
1201 2935 1253 2988 δὲ
1277 2932 1431 2987 αὐτοῦ
1459 2937 1550 3002 εἴη,
1588 2931 1908 3002 ὅμοιοούσιος
1938 2933 1990 2985 δὲ
2015 2928 2151 3001 παρά
2179 2932 2259 2984 σοὶ
2285 2927 2411 2984 κατά

477 3023 618 3095 χάριν
643 3024 953 3093 λεχθήσεται,
992 3019 1136 3076 οὐδὲν
1167 3018 1299 3094 αὐτῷ
1327 3021 1571 3083 δέδωκας,
1623 3017 1720 3072 ἀλλ’
1749 3020 1977 3082 ἔξέπεσας
2000 3022 2087 3084 τῆς
2113 3013 2226 3086 παρ’
2257 3014 2412 3070 αὐτοῦ

480 3109 688 3180 χάριτος.
763 3107 819 3162 Ὁ
850 3107 943 3179 γάρ
972 3107 1039 3175 μὴ
1064 3113 1219 3175 τιμῶν
1247 3103 1334 3159 τὸν
1367 3103 1478 3159 υἷὸν
1507 3103 1575 3167 οἷς
1599 3111 1718 3181 τιμᾷ
1746 3103 1830 3157 τὸν
1855 3103 2065 3171 πατέρα,
2103 3099 2138 3168 ἦ
2167 3099 2291 3171 ὄργή
2320 3107 2412 3162 τοῦ

478 3202 609 3249 θεοῦ
641 3197 774 3263 μένει
815 3192 889 3249 ἐπ’
922 3191 1100 3260 αὐτόν,
1151 3190 1182 3245 ὅ
1208 3190 1348 3262 ἅγιος
1387 3188 1659 3253 ἀπόστολός
1698 3208 1834 3257 φησι.
1920 3188 2023 3239 Καὶ
2066 3185 2238 3251 πάλιν,
2279 3183 2411 3256 Ἐγώ

481 3284 535 3335 ἐκ
560 3287 647 3334 τοῦ
683 3279 871 3351 πατρός
907 3282 1141 3347 ἐξῆλθον,
1191 3279 1276 3330 καὶ
1301 3276 1408 3344 ἥκω
1420 3319 1433 3342 ,
1490 3274 1520 3330 ὅ
1541 3275 1731 3344 φήσας,
1780 3273 1903 3344 Ἐγώ
1934 3275 1987 3326 έν
2013 3277 2080 3344 τῷ
2109 3273 2258 3342 πατρὶ
2290 3272 2413 3325 θκαὶ

481 3365 509 3421 ὁ
536 3365 697 3437 πατὴρ
739 3369 790 3420 ἐν
832 3366 965 3434 ε’μοὶ,
1022 3361 1050 3417 ὁ
1090 3364 1267 3434 λέγων,
1325 3366 1568 3428 Φίλιππε,
1624 3359 1654 3414 ὁ
1694 3357 1926 3431 ἑωρακώς
1966 3357 2049 3426 ἐμὲ
2095 3355 2283 3428 ἑώρακε
2325 3355 2413 3411 τὸν

482 3454 680 3522 πατέρα.
2069 3451 2072 3453 μ

536 3552 575 3594 2.
603 3550 728 3607 ἡμῶν
750 3556 839 3595 edit.
871 3555 1009 3596 Petav.
1041 3554 1171 3593 Colon.
1201 3556 1320 3601 repet.
1532 3550 1572 3592 4.
1606 3543 1857 3600 συναλοιφὴν
1884 3547 1973 3586 edit.
2005 3547 2141 3586 Pelav.

538 3609 577 3650 3.
611 3607 836 3664 συναλιφήν
862 3612 920 3650 ed.
937 3613 1061 3660 princ.
1077 3638 1089 3659 ,
1118 3613 1152 3648 et
1176 3610 1287 3649 codd.
1312 3620 1419 3656 mss„
1532 3607 1571 3647 5.
1602 3607 1662 3646 Ιια
1695 3606 1852 3644 coniecit
1879 3604 2076 3644 Petavius.
2136 3605 2247 3644 Libri
2273 3603 2412 3643 habent

482 3670 709 3707 constanter.
786 3669 844 3718 Cf.
882 3669 988 3707 haer.
1015 3664 1097 3716 57,
1127 3661 1164 3705 4.
1207 3666 1266 3705 10.
1288 3695 1300 3715 ‚
1347 3663 1418 3715 62,
1477 3656 1796 3714 διακοσμήσειν.

484 3723 523 3764 3.
539 3735 578 3762 π
597 3721 637 3762 6.
653 3722 707 3772 7.,
735 3721 804 3773 69,
825 3722 911 3773 33.,
938 3722 1008 3773 72,
1029 3718 1165 3772 1.,74,
1185 3719 1348 3771 1‘2.‚76,
1363 3718 1419 3771 6.,
1531 3717 1570 3759 6.
1602 3716 1675 3759 καὶ
1704 3719 1834 3757 omiss.
1863 3718 1905 3757 in
1933 3717 1992 3756 ed.
2024 3718 2160 3758 Ρειαυ.
2194 3717 2325 3758 Calon.
2351 3726 2412 3756 re·

483 3783 517 3819 et
554 3791 647 3829 pay.
679 3774 775 3819 940.
819 3784 853 3818 et
878 3775 974 3821 964.
1036 3775 1287 3836 συναλοιφὴν
1327 3778 1417 3818 edit.
1472 3777 1606 3828 petita.

488 3836 628 3884 Petav.
