2508 4134
593 296 815 338 PANARn
847 295 1039 335 Lrtmu.
1073 297 1277 337 ToM.11.
1308 297 1467 337 HAER.
1490 296 1720 336 Lxxvnt.
2004 284 2102 333 443

214 394 400 463 quidem
425 393 618 463 impium
647 411 702 444 ac
728 393 981 444 scelestum
1014 401 1106 456 est,
1147 402 1195 443 et
1219 411 1244 443 a
1273 394 1422 444 sancti
1449 394 1643 461 spiritus
1669 393 1884 443 doctrina
1911 408 2106 460 prorsus

213 478 439 530 alienum.
516 476 682 545 Quare
721 485 871 528 totum
913 477 1026 527 illud
1063 494 1088 526 a
1128 477 1373 526 daemonis
1416 478 1572 527 afflatu
1611 485 1658 527 et
1693 476 1861 545 impuri
1910 475 2106 544 spiritus

213 560 461 630 disciplina
505 563 767 630 profectum
811 569 904 611 est.
992 558 1098 611 Hoc
1144 559 1269 610 enim
1313 560 1360 609 in
1406 560 1521 628 ipsis
1574 561 1823 628 impletur,
1882 562 2110 625 Delie-ient
2129 574 2335 612 1.'rim0t11.

212 649 389 712 quidem
416 662 445 694 ιι
471 663 587 695 sana
613 648 826 695 doctr-cha
842 682 855 704 ,
898 647 1181 693 intendentes
1209 645 1387 710 fabulis
1416 654 1464 692 et
1489 648 1712 693 doctrinis
1743 648 2099 693 daemoniorum.

215 733 372 780 Erunt
402 733 543 789 enim,
587 729 769 797 inquit,
823 738 1027 777 mortuos
1055 731 1283 787 colentes,
1340 728 1732 794 quemadmodum
1765 729 1884 796 apud
1917 725 2108 778 lsrae'li-

213 822 287 864 tas
317 813 498 863 bonore
522 822 641 863 ‘sunt
672 812 852 863 affecti.
928 809 1001 862 Ita
1040 814 1213 862 factum
1255 820 1328 861 est
1367 819 1415 861 ut
1445 819 1719 861 sanctorum
1757 813 1832 879 qui
1861 811 1960 863 suis
1989 820 2108 862 tem-

214 897 408 966 poribus
445 897 714 947 floruerunt
748 897 1020 947 redundans
1061 895 1108 945 in
1141 896 1277 945 deum
1317 894 1470 962 gloria
1499 894 1604 944 aliis
1635 895 1713 962 qui
1742 895 1991 946 veritatem
2023 895 2111 945 mi-

213 981 339 1032 nime
377 980 705 1049 perspicerent
743 980 1046 1031 occasionem
1084 979 1267 1029 erroris
1305 979 1535 1028 attulerit.

350 1062 544 1114 Etenim
578 1061 802 1127 sicimis,
856 1081 977 1132 quae
1011 1063 1148 1113 bodie
1181 1061 1416 1131 Neapolis
1448 1062 1650 1125 dicitur,
1707 1079 1842 1112 sacra
1872 1063 2102 1131 quaedam

213 1147 271 1198 ab
302 1148 538 1215 indigenis
569 1149 617 1198 in
655 1148 884 1198 bonorem
916 1147 1100 1216 puellae
1130 1147 1465 1209 celebrantur,
1518 1147 1640 1214 quod
1673 1147 1730 1197 ab
1758 1144 1980 1215 lepbtbae
2013 1147 2103 1196 lilia

213 1248 437 1282 manasse
467 1232 683 1294 videtur,
738 1248 857 1299 quae
903 1232 992 1281 deo
1032 1232 1267 1299 quondam
1307 1231 1572 1281 sacrificata
1608 1231 1780 1281 luerat..
1859 1228 1997 1296 Quae
2031 1248 2109 1281 res

212 1316 402 1366 miseris
444 1314 713 1365 hominibus
757 1315 1057 1366 idololatriae
1086 1315 1449 1383 inanissimique
1494 1314 1648 1364 cultus
1689 1314 1934 1364 materiam
1973 1332 2108 1383 prae-

212 1398 335 1450 buit.
412 1397 687 1467 Quinetiam
717 1397 986 1450 Pharaonis
1019 1399 1191 1463 filiam,
1246 1416 1365 1466 quae
1394 1416 1586 1449 servum
1617 1399 1690 1448 dei
1717 1396 1927 1467 Moysen
1962 1399 2110 1450 bono-

212 1483 368 1547 ravit,
423 1492 471 1534 et
502 1482 737 1533 sublatum
766 1483 1026 1547 enutrivit,
1083 1492 1276 1552 propter
1314 1483 1550 1533 celebrem
1587 1483 1769 1550 pueruli
1814 1484 1982 1532 famam
2024 1482 2112 1532 im-

213 1567 409 1634 pensius
451 1584 590 1635 quam
628 1584 715 1636 par
752 1576 856 1617 erat
899 1585 955 1618 ac
999 1586 1084 1636 pro
1129 1569 1218 1617 deo
1255 1575 1547 1618 venerantes
1580 1565 1806 1635 Aegyptii
1845 1564 2111 1617 istiusmodi

214 1651 602 1720 superstitionem
650 1651 698 1700 iu
737 1651 938 1702 stolidos
981 1652 1199 1702 homines
1237 1652 1499 1702 derivatam
1545 1653 1725 1702 nefarie
1766 1659 2108 1720 propagarunt.

214 1733 350 1802 Ergo
381 1734 447 1785 illi
477 1734 766 1785 Tbermutin
796 1735 1064 1804 Amenophi
1098 1735 1267 1796 filiam,
1321 1736 1409 1786 boc
1449 1744 1524 1786 est
1550 1734 1848 1797 PharaoniS‚
1909 1736 2111 1785 adorare

214 1827 446 1887 pergunt,
483 1819 637 1886 quod,
692 1828 742 1869 ut
770 1828 908 1869 antea
940 1820 1068 1883 dixi,
1121 1818 1330 1888 Moysen
1362 1821 1657 1871 educaverit.
1734 1818 1984 1870 Eiusmodi
2015 1820 2113 1888 ple-

214 1920 362 1970 raque
395 1903 452 1953 ad
479 1919 736 1953 caecorum
782 1903 1021 1954 bominum
1055 1905 1266 1954 fraudem
1299 1913 1346 1954 et
1385 1921 1599 1954 errorem
1630 1904 1676 1954 in
1711 1905 1933 1954 mundum
1960 1904 2111 1954 intro-

215 1986 354 2037 ducta
380 1994 519 2049 sunt3
574 2004 670 2037 non
714 1988 837 2054 quod
880 1988 1033 2038 sancti
1075 1988 1293 2056 cuiquam
1323 1988 1606 2038 offensionis
1637 2006 1799 2039 ansam
1831 1988 2108 2056 praebeant,

214 2071 296 2121 sed
326 2071 447 2138 quod
478 2070 822 2138 conquiescere
850 2088 986 2121 mens
1016 2072 1255 2122 hominum
1285 2081 1506 2140 nequeat,
1549 2081 1596 2122 et
1623 2074 1677 2123 ad
1707 2091 1854 2141 prava
1884 2072 2108 2122 declinet.

214 2152 406 2205 Etenim
443 2154 548 2205 sive
589 2164 775 2205 mortua
815 2164 888 2206 est
927 2155 1065 2223 virgo
1105 2157 1438 2218 sanctissima,
1491 2174 1546 2207 ac
1575 2157 1761 2225 sepulta
1786 2173 1970 2207 summo
2005 2173 2111 2206 cum

214 2239 470 2307 splendore
509 2238 761 2289 coniuncta
804 2257 931 2290 mors
961 2240 1086 2290 illius
1115 2249 1219 2303 est,
1276 2249 1324 2290 et
1350 2241 1648 2291 castissimus
1680 2241 1871 2303 exituS‚
1929 2258 1985 2291 ae
2016 2240 2112 2291 vir-

213 2323 428 2389 ginitatis
469 2321 515 2373 ei
549 2340 729 2374 corona
757 2341 1017 2374 concessa:
1072 2325 1176 2375 sive
1210 2325 1490 2387 interfecta,
1542 2334 1594 2375 ut
1628 2325 1843 2375 indicare
1875 2325 2111 2393 scriptura

2190 619 2223 663 4,
2246 620 2275 654 1.

2185 1070 2283 1123 Cap.

2152 1126 2308 1165 XXW.

2152 1178 2231 1214 lud.
2257 1179 2307 1213 11.

2144 1418 2258 1454 Exod.
2283 1420 2314 1454 2.

215 2406 407 2458 videtur
432 2406 506 2458 his
528 2408 709 2471 verbis,
749 2411 817 2457 Ec
839 2413 982 2473 ipsius
1008 2412 1204 2457 animam
1223 2412 1489 2473 penetrabit
1505 2413 1711 2474 gladius,
1754 2410 1954 2477 gloriam
1982 2426 2106 2459 mar·
2128 2418 2266 2462 Luc-2,
2287 2418 2340 2452 35.

215 2498 348 2558 tyres
380 2490 506 2541 inter
533 2509 588 2542 ac
613 2492 758 2542 decus
793 2492 1003 2556 obtinet,
1064 2501 1111 2542 et
1138 2510 1326 2543 sacrum
1362 2493 1487 2543 illius
1518 2511 1690 2561 corpus
1724 2495 1851 2544 omni
1886 2494 2112 2544 felicitate

216 2574 502 2625 cumulatum
542 2584 642 2639 est,
697 2593 782 2644 per
810 2594 947 2644 quam
978 2578 1154 2627 mundo
1188 2577 1345 2628 lumen
1375 2577 1553 2628 illuxit.
1630 2576 1800 2629 Potest
1831 2578 2035 2646 denique
2066 2587 2113 2628 et

213 2657 263 2708 in
291 2657 391 2710 vita
417 2659 673 2710 mansisse.
750 2657 919 2710 Potest
951 2662 1077 2710 enim
1105 2662 1220 2712 deus
1252 2661 1471 2730 quicquid
1510 2662 1703 2713 libuerit
1732 2664 1950 2726 efficere3
2004 2680 2110 2713 nam

214 2742 272 2793 de
301 2742 428 2793 illius
456 2743 593 2793 exitu
620 2742 734 2793 nihil
764 2753 897 2794 certo
925 2753 1130 2795 constat.
1206 2743 1362 2796 Porro
1392 2747 1516 2797 ultra
1548 2765 1686 2814 quam
1716 2764 1802 2815 par
1829 2747 1891 2797 sit
1916 2755 2110 2798 sanctos

214 2826 436 2877 venerari
478 2828 615 2877 nefas
650 2836 754 2890 est,
809 2828 891 2877 sed
934 2828 1122 2878 illorum
1160 2828 1465 2881 honorandus
1504 2840 1579 2880 est
1615 2832 1853 2881 dominns.
1931 2828 2110 2897 Quam-

214 2911 379 2961 obrem
409 2910 597 2961 desinat
626 2911 813 2961 tandem
846 2911 1103 2962 infelicium
1142 2913 1221 2964 ille
1261 2914 1500 2964 hominum
1536 2933 1691 2965 error.
1769 2914 1941 2981 Neque
1982 2914 2108 2965 enim

211 2992 372 3045 Maria
400 2995 518 3046 deus
547 3004 651 3057 est,
694 3012 849 3062 neque
878 2996 936 3044 de
963 2996 1098 3046 coelo
1125 3014 1298 3065 corpus
1324 3000 1535 3066 accepit,
1591 3000 1674 3050 sed
1705 3000 1762 3049 ab
1793 3001 1897 3049 viro
1925 3017 1981 3048 ac
2009 3017 2109 3049 mu-

212 3077 331 3129 liere
361 3079 550 3146 genita,
594 3078 782 3129 tametsi
814 3096 875 3128 ex
912 3080 1255 3147 promissione,
1296 3091 1347 3132 ut
1375 3083 1483 3132 olim
1517 3081 1731 3145 isaacus,
1773 3082 2002 3149 singulari
2035 3083 2108 3132 dei

213 3162 277 3213 sit
315 3163 614 3231 providentia
660 3174 911 3213 concessa.
988 3161 1148 3214 Ner'no
1190 3182 1307 3215 vero
1346 3166 1396 3217 iu
1439 3167 1565 3217 illius
1605 3184 1778 3217 nomen
1823 3166 2108 3215 sacrificium

214 3247 415 3310 offerat3
455 3247 632 3314 alioqui
662 3249 849 3296 animae.
873 3264 987 3297 suae
1016 3257 1214 3298 mortem
1248 3258 1387 3316 atque
1415 3250 1616 3301 exitium
1644 3250 1931 3301 consciscet.
2005 3249 2109 3300 Ne·

214 3347 305 3398 que
351 3347 470 3382 vero
516 3331 565 3380 in
615 3332 963 3382 sanctissimam
1013 3331 1142 3381 illam
1188 3334 1534 3384 contumeliose
1586 3333 1867 3401 perbachari
1915 3334 2104 3384 audeat.

213 3414 357 3464 Absit
395 3415 521 3464 enim
550 3425 600 3465 ut
631 3425 739 3484 post
768 3417 943 3466 editum
987 3415 1278 3466 salvatorem
1319 3427 1402 3467 aut
1433 3427 1544 3467 ante
1577 3427 1761 3486 partum
1794 3435 1967 3485 corpus
2002 3436 2107 3469 cum

213 3498 309 3548 ullo
347 3499 662 3549 coniunxisse
701 3500 903 3551 dicatur.

351 3580 486 3632 Haec
512 3583 759 3635 babuimus
788 3600 906 3652 quae
935 3584 1056 3651 apud
1086 3601 1173 3635 nos
1204 3585 1429 3635 meditata
1459 3585 1506 3634 in
1541 3602 1705 3635 eorum
1735 3585 1935 3652 gratiam
1971 3587 2106 3638 brevi

268 3721 306 3762 5.
337 3722 587 3763 Scribendum
608 3728 701 3773 puto
729 3723 801 3765 καὶ
829 3723 868 3765 ἐν
902 3726 1017 3778 τιμῇ.
1187 3724 1227 3766 ἐν
1257 3721 1465 3776 μάρτυσιν.

1242 3780 1266 3791 ›-

267 3775 306 3818 6.
335 3779 509 3819 Fortasse
542 3781 602 3819 hic
626 3792 770 3830 quoque
797 3781 1035 3821 scribendum
1060 3778 1130 3822 καὶ
1250 3799 1278 3822 ι.
1312 3775 1501 3825 ἀπολλύει
1531 3784 1612 3823 cod.
1640 3785 1763 3825 Paris.
1794 3787 1880 3825 teste
1906 3786 2074 3826 Petavio.

2179 3606 2276 3660 Cap.

2158 3663 2301 3704 XXV.
