2508 4134
462 267 565 317 454
1167 278 1373 320 sANch
1400 280 1685 323 ΕΡῙΡΗΑΝΠ

229 397 314 433 pag.
338 387 432 422 1⁰52.
463 374 695 442 αἷρέσεων
715 372 874 443 χάριν
898 375 982 425 ’ἵνα
1007 372 1075 441 μή
1097 395 1221 437 τινες
1243 373 1493 450 ὑπερβολῇ
1516 377 1863 446 θαυμάσαντες
1881 377 1971 448 τὴν
1992 377 2136 450 άγίαν
2157 381 2225 442 εἷς
2244 383 2389 433 τοῦτο

462 455 747 512 ύποπέσωσι
783 464 870 525 τῆς
906 460 1137 527 αἱρέσεως
1173 457 1227 513 τό
1263 460 1587 531 ληρολόγημα.

244 560 415 614 Κεφ,ε’,
606 541 798 610 Χλεύης
827 543 919 613 γάρ
960 545 1060 597 ἐστι
1096 543 1150 598 τό
1181 551 1306 611 πᾶν,
1361 548 1444 600 καὶ
1478 553 1642 618 γραῶν
1673 546 1702 602 6
1729 554 1920 616 μῦθος,
1974 547 2041 612 ὥς
2072 552 2252 615 εἰπεῖν,
2302 555 2392 617 τῆς

465 628 695 698 αἷρέσεως
732 627 786 682 τὸ
832 628 1060 699 διήγημα.
1138 634 1270 684 Ποία
1304 633 1358 684 δέ
1396 654 1469 694 τις
1508 631 1675 702 γραφὴ
1712 632 1977 703 διηγήσατο
2023 636 2135 705 περὶ
2182 633 2390 697 τούτους

468 719 627 775 Ποῖος
666 720 938 782 προφητῶν
978 717 1243 785 ἐπέτρεψεν
1280 715 1557 786 ἄνθρωπον
1597 726 2012 786 προςκυνεῖσθαι,
2062 717 2123 771 οὐ
2163 718 2263 787 μὴν
2308 742 2388 789 γυ-

464 806 609 852 ναῖκα
649 800 859 869 ιλέγειν,
930 798 1204 870 Ἐξαίρετον
1238 802 1337 868 Ιμὲν
1365 801 1458 872 γάρ
1495 804 1594 855 ἐστι
1622 800 1675 855 vd
1704 809 1902 866 σκεῦος,
1955 802 2074 855 ἀλλά
2101 802 2252 873 γυνὴ,
2306 806 2393 858 καὶ

465 884 613 937 οὐδὲν
637 883 728 952 τὴν
756 884 908 951 φύσιν
946 888 1347 956 παρηλλαγμένη,
1402 885 1492 953 τὴν
1523 887 1575 939 δὲ
1603 885 1804 957 γνώμην
1832 889 1917 940 καὶ
1954 885 2042 954 τὴν
2071 891 2307 956 αἴσθησιν
2343 892 2395 944 ἐν

464 976 580 1043 τιμῇ
624 971 938 1039 τετιμημένη,
991 970 1152 1040 ὥςπερ
1180 970 1239 1024 τά
1266 970 1467 1039 σώματα
1492 977 1590 1024 τῶν
1628 968 1809 1042 άγίων,
1861 975 1947 1026 καὶ
1977 975 2024 1025 εἷ’
2044 995 2091 1026 τι
2119 973 2395 1044 περισσότε-

466 1076 555 1125 ρον
576 1053 702 1126 πρὸς
726 1058 1013 1126 δοξολογίαν
1035 1059 1238 1123 εἴποιμι,
1278 1054 1345 1119 ὥς
1373 1054 1538 1118 Ἠλίας
1563 1059 1616 1110 ἐκ
1644 1055 1828 1127 μητρός
1855 1059 2122 1124 παρθένος,
2158 1060 2243 1111 καὶ
2264 1057 2394 1112 οῦτω

466 1141 626 1207 μένων
655 1143 723 1204 εἷς
746 1141 799 1194 τό
827 1143 1067 1210 διηνεκὲς,
1119 1144 1202 1195 καὶ
1234 1140 1727 1209 ἆναλαμβανόμενος,
1776 1141 1999 1196 θάνατον
2036 1145 2089 1197 δὲ
2120 1141 2211 1212 οὐχ
2246 1145 2394 1214 ἑωρα-

464 1225 589 1288 κώς·
630 1224 698 1289 ὦς
727 1224 756 1279 6
781 1225 1036 1295 Ἰωάννης,
1075 1224 1104 1280 6
1131 1229 1212 1280 ἐπὶ
1242 1226 1298 1292 τό,
1325 1234 1516 1296 στῆθος
1542 1234 1632 1280 τοῦ
1653 1232 1831 1299 κυρίου
1858 1226 2144 1295 άναπεσιόν,
2193 1228 2251 1283 ὃν
2278 1227 2396 1299 ἠγά-

465 1333 537 1364 πα
567 1309 598 1365 6
623 1309 838 1380 Ἰησοῦς·
879 1310 946 1374 οἷς
978 1314 1135 1366 Θὲκλα
1166 1309 1200 1380 ἦ
1224 1310 1362 1383 άγία,
1410 1315 1495 1366 καὶ
1525 1317 1704 1383 Μαρία
1728 1311 1762 1381 ἦ
1794 1315 1901 1367 ἳέτι
1927 1314 2108 1382 ταύτης
2136 1315 2397 1384 τιμιωτέρα

467 1396 525 1451 δι’
555 1396 618 1465 ἣν
647 1401 939 1464 κατηξίωται
970 1401 1269 1465 οἰκονομίαν.
1338 1398 1457 1451 Ἀλλ’
1495 1397 1607 1452 οὔτε
1632 1397 1797 1461 Ἠλίας
1828 1398 2183 1470 προςκυνητός,
2221 1404 2396 1470 καίπερ

466 1484 520 1536 ἐν
542 1488 690 1546 ζῶσιν
718 1481 809 1536 ὤν·
864 1481 976 1536 οὔτε
994 1483 1230 1551 Ἰωάννης
1258 1483 1620 1554 προςκυνητὸς,
1676 1489 1760 1538 καί
1790 1489 1866 1539 τοί
1894 1507 1946 1555 γε
1979 1483 2061 1539 διά
2093 1488 2220 1548 ἰδίας
2254 1484 2399 1553 εὐχῆς

464 1566 555 1636 τὴν
592 1571 819 1635 κοίμησιν
867 1567 1022 1622 αὐτοῦ
1059 1571 1333 1636 ἔκπληκτον
1377 1569 1803 1640 ἀπεργασάμενος,
1863 1576 2043 1637 μᾶλλον
2080 1571 2133 1624 δὲ
2174 1572 2230 1624 ἐκ
2271 1576 2399 1624 θεοῦ

464 1651 631 1720 λαβών
655 1652 745 1719 τὴν
772 1652 923 1721 χάριν.
995 1652 1109 1706 Ἀλλ’
1143 1652 1256 1708 οὔτε
1283 1652 1316 1722 ἦ
1346 1656 1534 1721 Θέκλα,
1573 1655 1684 1709 οὔτε
1707 1678 1780 1718 τις
1809 1662 1906 1710 τῶν
1933 1653 2089 1726 άγίων
2114 1663 2400 1722 προςκυνεῖ-

465 1760 560 1791 ται.
639 1738 714 1791 Οὐ
761 1738 855 1808 γάρ
902 1738 1149 1809 κυριεύσει
1189 1737 1332 1808 ἡμῶν
1366 1738 1400 1807 ἦ
1434 1737 1612 1811 οἷρχαία
1654 1740 1838 1809 πλάνη,
1891 1740 2278 1809 καταλιμπάνειν
2313 1739 2400 1795 τόν

467 1829 646 1888 ζῶντα,
694 1826 777 1877 καὶ
808 1833 1100 1894 προςκυνεῖν
1124 1824 1184 1878 τά
1217 1823 1301 1878 ’ὕπ’
1330 1825 1484 1880 αὐτοῦ
1511 1825 1758 1897 γεγονότα.
1828 1824 2149 1897 Ἐλάτρευσαν
2185 1826 2278 1898 γάρ
2315 1828 2398 1880 καὶ

467 1908 811 1977 ἐσεβάσθησαν
835 1916 895 1984 τῇ
919 1914 1068 1964 κτίσει
1093 1909 1227 1981 παρά
1251 1910 1336 1965 τὸν
1365 1917 1613 1978 κτίσαντα,
1649 1914 1733 1965 καὶ
1761 1911 2136 1983 ἐμωράνθησαν.
2212 1915 2284 1964 Εἰ
2307 1911 2400 1983 γάρ

466 1992 702 2066 άγγέλους
742 2004 1130 2066 προςκυνεῖσθαι
1165 1996 1225 2051 οὗ
1256 1999 1415 2063 θέλει,
1462 1997 1602 2071 πόσῳ
1634 2004 1813 2066 μᾶλλον
1851 1996 1940 2065 τὴν
1979 1996 2079 2051 ἆπό
2109 1995 2296 2066 ’Ἁννης
2326 2018 2401 2068 γε-

467 2083 782 2151 γεννημένην,
819 2080 909 2150 τὴν
937 2084 991 2135 ἐκ
1020 2086 1108 2135 τοῦ
1126 2083 1357 2150 Ἰωακεὶμ
1385 2089 1446 2157 τῇ
1464 2081 1622 2155 ’Ἀννᾳ
1653 2085 2010 2154 δεδωρημένην,
2048 2081 2138 2151 τὴν
2163 2082 2221 2136 δι’
2255 2081 2402 2152 εὐχῆς

467 2169 553 2220 καὶ
577 2167 738 2234 πάσης
768 2170 1039 2235 ἐπιμελείας
1077 2166 1202 2222 κατά
1239 2171 1526 2238 ἐπαγγελίαν
1553 2170 1699 2238 πατρὶ
1740 2170 1825 2221 καὶ
1848 2170 1994 2239 μητρὶ
2025 2171 2287 2233 δοθεῖσαν,
2339 2166 2401 2222 ού

468 2253 556 2319 μὲν
581 2254 757 2323 ἑτέρως
784 2254 1134 2322 γεγεννημένην
1163 2252 1296 2322 παρά
1323 2253 1413 2321 την
1433 2259 1530 2306 τῶν
1557 2253 1843 2321 ἀνθρώπων
1870 2253 2039 2320 φύσιν,
2078 2252 2196 2306 ἄλλά
2227 2252 2403 2316 καθώς

467 2337 651 2400 πάντες
698 2341 753 2392 ἐκ
789 2339 1066 2407 σπέρματος
1108 2336 1291 2407 άνδρὸς
1327 2340 1412 2392 καὶ
1452 2338 1639 2409 μήτρας
1674 2338 1939 2408 γυναικός,
2014 2342 2084 2392 Εἰ
2118 2337 2210 2409 γάρ
2249 2341 2332 2392 καὶ
2370 2337 2403 2407 ἦ

468 2430 555 2492 τῆς
584 2427 788 2493 Μαρίας
814 2426 1000 2492 ἱστορία
1026 2425 1110 2476 καὶ
1137 2423 1436 2492 παραδόσεις
1477 2427 1672 2492 ἔχουσιν
1705 2423 1780 2477 ὅτι
1812 2426 1993 2495 ἐρρέθη
2035 2431 2104 2498 τῷ
2131 2426 2280 2493 πατρὶ
2313 2425 2403 2478 αύ-

467 2515 554 2576 τῆς
579 2508 808 2575 Ἰωακεὶμ
839 2510 891 2560 ἐν
916 2515 974 2582 τῇ
1002 2508 1165 2582 ἐρήμῳ
1194 2509 1296 2573 ὅτι,
1332 2507 1392 2562 Ἦ
1416 2509 1542 2580 γυνή
1567 2527 1660 2563 σου
1687 2517 2022 2578 συνειληφυῖα,
2062 2510 2152 2578 οὐχ
2182 2509 2258 2564 ὅτι
2284 2508 2402 2563 ἄνευ

469 2597 698 2664 συζυγίας
741 2599 884 2646 τοῦτο
927 2596 1142 2664 ἐγένετο,
1187 2594 1305 2648 οὐδὲ
1348 2595 1423 2648 ὅτι
1467 2593 1585 2648 ἄνευ
1622 2597 1901 2666 σπέρματος
1942 2593 2151 2664 άνδρὸς,
2201 2594 2319 2648 dno>
2345 2594 2399 2650 vd

470 2681 641 2748 μέλλον
678 2681 880 2733 ἔσεσθαι
906 2681 1260 2748 προεθέσπιζεν
1280 2678 1309 2734 6
1336 2679 1534 2751 ἅγγελος
1563 2680 1870 2747 ἀποσταλεὶς,
1907 2684 1990 2735 ’ἵνα
2017 2680 2086 2748 μή
2110 2703 2184 2742 τις
2208 2682 2403 2751 γένηται

471 2759 759 2835 ὃισταγμὸς,
799 2763 884 2819 διά
912 2766 966 2819 τὸ
1004 2768 1055 2819 ἐν
1091 2766 1303 2838 ἀληθείᾳ
1339 2769 1718 2836 γεγεννημένον,
1770 2770 1855 2820 καὶ
1883 2766 1938 2821 vd
1969 2769 2022 2820 ἐκ
2050 2772 2178 2819 θεοῦ
2202 2764 2299 2834 ἤδη
2330 2788 2401 2819 τε·

471 2852 743 2921 ταγμένο-ν,
781 2853 866 2904 καὶ
901 2857 970 2924 τῷ
1009 2855 1183 2925 δικαίῳ
1222 2853 1667 2923 ἐπιγεγεννημένον.

244 3217 328 3250 pag.
354 3207 448 3261 1053.
616 3194 716 3246 Καὶ
755 3192 915 3259 πάντη
946 3191 1034 3254 τοὶς
1061 3192 1258 3263 γραφάς
1290 3192 1485 3262 ὁρῶμεν
1525 3195 1862 3263 διηγουμένας.
1933 3189 2132 3253 Ἡσαΐας
2160 3190 2252 3262 γάρ
2281 3213 2403 3263 προ-

243 3253 353 3306 Κεφ
387 3268 439 3301 ς’
473 3277 699 3348 κηρύττει
735 3279 848 3347 περὶ
889 3283 988 3330 τῶν
1019 3278 1286 3346 μελλόντων
1326 3283 1395 3342 εἰς
1429 3278 1515 3333 τόν
1542 3278 1652 3334 υίὸν
1676 3284 1764 3331 τοῦ
1797 3283 1921 3330 θεοῦ
1948 3283 2292 3347 πληροῦσθαι,
2329 3279 2401 3331 λέ-

470 3386 597 3433 γων,
646 3361 837 3430 Ἰδούἡ
864 3365 1117 3432 παρθένος
1157 3367 1206 3418 ἐν
1242 3367 1409 3435 γαστρὶ
1449 3367 1565 3428 ἕξει,
1615 3366 1698 3417 καὶ
1740 3364 1918 3426 τέξεται
1959 3360 2099 3427 υἱὸν,
2149 3364 2233 3415 καὶ
2263 3363 2397 3417 καλέ-

471 3467 613 3502 σουσι
640 3448 694 3503 τό
730 3448 886 3517 ὄνομα
916 3450 1071 3503 αὐτοῦ
1096 3447 1432 3517 Ἐμμανουήλ·
1487 3452 1569 3503 καὶ
1603 3446 1771 3514 ἐπειδὴ
1803 3448 2055 3517 παρθένος
2081 3441 2142 3515 ’ἧν
2170 3445 2203 3515 ἦ
2231 3448 2398 3518 γεννή-

471 3553 622 3600 σασα,
673 3536 758 3588 καὶ
796 3534 920 3596 θεὸς
958 3533 986 3588 ὁ
1014 3533 1125 3601 μεθ’
1154 3533 1294 3602 ἡμῶν
1325 3532 1709 3603 ἑρμηνευόμενος
1738 3535 1790 3585 ἐν
1817 3534 2011 3602 γυναικὶ
2049 3532 2397 3600 κυϊσκόμενος·

470 3622 552 3670 ’ἵνα
585 3618 652 3687 μὴ
681 3622 730 3672 ἐν
763 3624 1010 3692 δισταγμῷ
1039 3618 1276 3682 ὑπονοίας
1305 3625 1373 3692 τῷ
1398 3619 1628 3691 προφήτῃ
1659 3618 1854 3686 γένηται
1877 3614 1911 3684 ἦ
1938 3616 2173 3685 ἀλήθεια,
2225 3615 2321 3691 ὅρᾷ
2349 3620 2399 3671 ἐν

473 3701 666 3771 ὁράσει,
719 3707 800 3757 καὶ
829 3708 1063 3775 διηγεῖται
1091 3708 1144 3758 ἐκ
1175 3706 1452 3771 πνεύματος
1479 3702 1623 3775 άγίου
1654 3701 2038 3771 ἀναγκαζόμενος
2063 3700 2092 3756 6
2118 3702 2396 3771 προφήτης,

531 3818 627 3858 CAP.
655 3821 703 3860 V.
742 3845 788 3851 —-
852 3821 886 3861 1.
916 3826 976 3862 An
1005 3823 1166 3872 fortasse
1198 3822 1369 3878 σεβεῖνὶ)
