2508 4134
452 243 555 294 232
1162 246 1367 291 SANGTI
1395 248 1682 305 EPIPHANH

454 355 544 402 τοῦ
576 348 872 418 προκριτέου
913 346 1086 414 δόξης,
1145 348 1197 399 έν
1223 352 1290 418 τῷ
1316 344 1370 399 τό
1398 346 1688 417 προκριτέον
1714 341 1806 397 οὐκ
1837 342 1961 398 αὐτὸ
1990 346 2168 400 ἑαυτοῦ
2208 346 2385 410 αἶ’τιον,

457 431 551 486 ἀλλ’
584 430 666 485 ἄπ’
692 429 845 485 αὐτοῦ
872 430 925 485 τό
956 434 1065 484 ἰ’σον
1091 437 1274 501 γεννῶν
1300 430 1523 505 ἆχροίντῳ
1550 432 1633 484 καὶ
1660 427 1985 502 ἆκαταλήπτῳ
2009 427 2173 504 οὐσίᾳ,
2206 428 2385 499 ὅμοου-

458 521 578 579 σίως
603 515 657 570 τὸ
692 514 927 578 οὐσιῶδες
954 518 1038 570 καὶ
1065 515 1400 571 ἕνυπόστατον
1426 523 1571 570 θεῖον
1597 516 1836 586 γέννημα,
1888 507 2043 586 οὗπερ
2075 513 2221 569 εἰκών
2260 516 2387 569 ἐστιν

455 601 550 657 οὐκ
592 600 812 670 ἄψυχος,
866 599 985 655 ἄλλα
1027 601 1214 673 πατρὸς
1253 605 1666 672 χαρακτηρίζουσα
1708 602 1873 671 γένος,
1931 599 2001 662 ῶς
2043 617 2167 668 φησι
2202 597 2388 668 ἦ-θεία
2446 651 2449 653 ,

455 685 655 758 γραφὴ,
711 688 794 740 ἐπὶ
818 692 879 760 τῇ
907 684 1089 754 ἰσότητι
1119 693 1206 740 τοῦ
1238 679 1532 758 γεννήτορος
1556 685 1613 739 τὸ
1636 687 1851 757 γέννημα
1874 684 2142 751 τάττουσα,
2195 683 2386 750 Εἰκῶν,

456 770 746 839 φάσκουσα,
799 775 887 825 τοῦ
924 769 1143 843 οἶοροῖτου
1181 778 1322 826 θεοῦ.
1400 773 1500 824 Καὶ
1537 775 1619 825 ἵνα
1649 770 1716 839 μή
1748 793 1821 834 τις
1845 774 2022 844 νομίσῃ
2048 770 2299 842 διαφόραν
2324 769 2389 825 εἴ·

455 881 535 911 ναι
580 855 671 925 τὴν
713 855 880 910 εἰκόνα
920 863 1010 925 τῆς
1049 857 1372 926 ταυτότητος,
1424 856 1575 919 αὗτὸς
1614 854 1644 910 ὅ
1673 855 1832 927 πατὴρ
1873 855 1960 925 τὴν
1995 855 2391 927 διόρθωσιντῆς

455 940 699 1013 ἡμετέρας
729 947 854 1010 ζωῆς
880 949 1110 1012 προνοῶν
1138 941 1234 1012 πρὸ
1267 941 1448 996 τούτου
1473 948 1561 996 τοῦ
1590 941 1740 1012 λόγου
1772 944 1925 1011 ἔφησε
1953 940 2036 1007 τό,
2091 941 2390 1011 Ποιήσωμεν

459 1027 733 1098 ἄνθρωπον
759 1025 865 1080 κατ’
895 1027 1060 1081 εἰκόνα
1085 1026 1322 1098 ἡμετέραν
1346 1029 1431 1080 καὶ
1459 1024 1577 1081 καθ’
1606 1025 1868 1094 ὁμοίωσιν,
1906 1025 1968 1081 ού
1996 1030 2186 1090 διοίσας
2214 1027 2390 1082 ἑαυτὸν

457 1113 592 1185 παρα
619 1112 705 1167 τόν
745 1111 883 1177 υἷόν,
932 1112 1053 1166 ἄλλα
1079 1111 1258 1180 δυϊκήν
1282 1114 1366 1166 καὶ
1398 1110 1663 1180 ὁμώνυμον
1700 1114 1825 1175 λέξιν
1851 1111 2066 1166 ἐπειπών
2095 1111 2178 1179 τὸ,
2233 1112 2390 1181 Ποιή-

458 1218 617 1267 σωμεν
659 1197 961 1269 ἄνθρωπον,
1015 1201 1098 1251 ἵνα
1138 1197 1229 1251 δύο
1267 1197 1487 1271 σημάνῃ,
1539 1195 1717 1250 ἔαυτόν
1751 1218 1802 1250 τε
1833 1199 1917 1251 καὶ
1949 1196 2033 1252 τὸν
2063 1197 2206 1265 υἷὸν,
2249 1198 2282 1267 ἢ
2307 1201 2391 1254 καὶ

458 1287 648 1351 εἴποιμι
687 1285 773 1337 καὶ
813 1283 867 1337 vd
915 1282 1056 1354 ἅγιον
1093 1289 1299 1351 πνεῦμα.
1374 1284 1521 1335 4Καὶ
1558 1280 1613 1335 τὸ
1654 1282 1736 1335 ἐπὶ
1767 1288 1827 1356 τῇ
1858 1283 2042 1351 ἰσότητι
2079 1290 2167 1352 τῆς
2202 1283 2393 1347 εἰκόνος

458 1369 514 1423 τό
543 1367 611 1438 μὴ
643 1367 726 1422 διοὶ
753 1368 843 1423 δύο
869 1368 1029 1439 λόγων
1058 1370 1325 1438 παρενθεὶς
1353 1367 1520 1422 εἰκόνα
1547 1371 1663 1437 μίαν
1692 1367 1814 1436 ἔφη,
1854 1365 2091 1438 ἡμετέραν
2121 1369 2177 1422 δὲ
2202 1368 2257 1423 τὸ
2288 1372 2419 1441 &vg-¹7·

460 1454 550 1509 κὸν
578 1451 892 1522 ἀπεφήνατο,
946 1453 1032 1507 τὸν
1072 1455 1124 1506 δὲ
1159 1453 1416 1524 γινόμενον
1458 1451 1733 1525 ἄνθρωπον
1768 1451 1830 1507 ού
1866 1459 1928 1527 τῇ
1963 1460 2053 1507 τοῦ
2080 1452 2190 1517 ένὸς
2221 1453 2392 1521 εἰκόνι,

460 1538 579 1593 ἀλλὰ
604 1546 665 1613 τῇ
692 1545 791 1592 τῶν
817 1541 908 1592 δύο
942 1538 1194 1607 ὁμοιότητί
1225 1560 1272 1591 τε
1296 1541 1379 1593 καὶ
1411 1540 1594 1607 ἰσότητι
1626 1537 1792 1593 εἰκόνα
1819 1537 2092 1609 γινόμενον,
2121 1542 2205 1593 ἵνα
2229 1538 2392 1609 πάντη

461 1626 615 1691 σαφὲς
652 1627 726 1692 εἴη
755 1623 809 1677 τὸ
853 1631 875 1661 ⁵
893 1627 1185 1695 προκριτέον
1218 1627 1270 1678 έν
1297 1628 1446 1695 πατρὶ
1475 1627 1559 1678 καὶ
1594 1628 1688 1698 υἷῷ
1713 1627 1798 1678 καὶ
1827 1621 1951 1698 ἇγίῳ
1984 1624 2221 1693 πνεύματι
2246 1627 2394 1694 μένον

461 1713 514 1764 έν
535 1708 821 1777 ταυτότητι,
874 1713 955 1763 καὶ
989 1709 1056 1778 μή
1083 1709 1441 1779 ἀλλοιούμενον.
1522 1707 1597 1763 Οὔ
1628 1708 1719 1781 γοῖρ
1753 1709 1867 1781 παρ’
1906 1711 2071 1780 ἑτέρας
2104 1709 2301 1778 φύσεως
2329 1713 2394 1765 εἷ’-

459 1802 614 1863 ληφεν
642 1793 670 1848 ὁ
695 1794 856 1864 πατὴρ
873 1839 886 1862 ,
935 1795 968 1865 ἢ
999 1794 1027 1850 ὅ
1052 1795 1187 1861 υἷὸς,
1239 1795 1274 1864 ἢ
1299 1794 1353 1850 vd
1382 1796 1524 1867 ἅγιον
1549 1802 1764 1864 πνεῦμα,
1817 1794 1851 1865 ἢ
1881 1798 2091 1850 δέδωκεν
2122 1797 2262 1871 ἑτέρᾳ
2297 1795 2393 1865 φύ-

464 1900 535 1934 σει
563 1880 870 1950 συμμετοχὴν
895 1888 983 1950 τῆς
1007 1884 1184 1936 ἑαυτοῦ
1213 1880 1409 1948 φύσεως
1437 1883 1521 1935 καὶ
1549 1880 1850 1950 οἷξιώματος,
1890 1880 2001 1936 οὔτε
2025 1881 2151 1935 κατά
2176 1904 2287 1935 τινα
2316 1904 2393 1937 το»

464 1965 562 2035 μὴν
586 1966 621 2035 ἢ
653 1965 927 2038 οἷπόρροιαν
951 1966 1005 2021 vd
1033 1965 1156 2022 εἶναι
1199 1970 1248 2031 ἐξ
1275 1965 1428 2021 αὐτοῦ
1453 1966 1541 2021 τόν
1571 1974 1810 2038 μονογενῆ
1836 1970 1920 2021 καὶ
1946 1966 2000 2022 vd
2031 1967 2175 2038 ἅγιον
2202 1973 2396 2036 πνεῦμα

463 2051 716 2106 ἀλλοίωσιν
740 2059 827 2121 τῆς
856 2052 1051 2120 φύσεως
1083 2053 1417 2124 ἐξειργάσατο,
1473 2050 1590 2106 ἄλλα
1623 2051 1854 2124 καθάπερ
1894 2057 2095 2124 έξαρχῆς
2130 2055 2397 2125 προκριτέα

259 2158 441 2204 pag.93·1.
467 2137 619 2205 φύσις
657 2136 922 2208 ἆγέννητος
962 2142 1046 2192 καὶ
1084 2138 1308 2201 ἅκτιστος
1347 2136 1422 2191 οῗεὶ
1460 2132 1548 2207 ἦν,
1605 2137 1762 2201 οὕτως
1805 2138 1883 2192 ἀεὶ
1919 2142 1968 2204 ἐξ
2005 2137 2160 2193 αὐτοῦ
2195 2160 2394 2210 προκρι·

462 2226 574 2277 τέον
601 2225 814 2294 γέννημα
844 2227 929 2279 καὶ
959 2225 1099 2296 ἅγιον
1125 2231 1318 2293 πνεῦμα
1344 2222 1464 2293 <ἧμῖν
1494 2231 1668 2291 σαφῶς
1692 2223 1984 2297 κεκήρυχεν,
2022 2226 2106 2279 καὶ
2135 2223 2229 2279 οὐκ
2261 2227 2397 2294 ἐνηλά-

462 2311 725 2381 λαγμένως.

606 2733 794 2801 Κεφᾶλ.
817 2734 1010 2788 Ἀετίου
1037 2734 1092 2806 γ’.
1147 2737 1218 2788 Εἰ
1244 2736 1297 2789 δὲ
1328 2734 1480 2798 αὗτός
1509 2737 1667 2809 ἑαυτῷ
1693 2736 1746 2791 τό
1780 2735 1901 2791 εἶναι
1929 2736 1997 2806 μὴ
2021 2739 2281 2808 παρέσχεν,
2332 2736 2394 2793 οὗ

464 2819 547 2874 διὰ
573 2819 627 2874 τὸ
659 2819 862 2883 ἀσθενὲς
886 2827 974 2888 τῆς
1007 2819 1219 2886 φύσεως,
1259 2820 1379 2875 ἄλλα
1409 2821 1492 2875 δια
1519 2823 1573 2877 τὸ
1606 2821 1994 2894 ὑπερβεβηκέναι
2022 2829 2186 2877 πᾶσαν
2218 2827 2394 2892 αἰτίαν,

460 2907 623 2960 πόθεν
653 2905 715 2959 ἅν
740 2929 814 2969 τις
839 2904 928 2974 τὴν
952 2904 1234 2960 ύποστᾶσαν
1261 2907 1387 2979 πρὸς
1422 2907 1511 2977 τήν
1539 2907 1887 2977 ὖποστήσασαν
1915 2903 2068 2975 φύσιν
2093 2907 2147 2962 τό
2176 2907 2394 2981 ἀπαράλ-

458 3000 634 3046 λακτον
665 2994 733 3055 εἰς
768 2990 940 3046 οὐσίαν
979 2994 1102 3060 ἔχειν
1143 2993 1522 3065 συγχωρήσειεν,
1585 2994 1645 3048 οὐ
1684 2996 2003 3067 προςιεμένης
2046 3000 2132 3062 τῆς
2160 2994 2393 3065 τοιαύτης

459 3076 777 3140 ὑποστάσεως
812 3079 1023 3149 γένεσιν,

594 3163 788 3235 Ἀνατρ.
867 3162 980 3233 Χρή
1025 3181 1101 3229 σε,
1157 3157 1197 3217 ῶ
1230 3162 1408 3230 Ἀέτιε,
1465 3163 1568 3219 ἅνω
1593 3167 1913 3237 προςέχοντα,
1967 3165 2050 3217 καὶ
2088 3173 2298 3220 σεαυτοῦ
2334 3166 2389 3222 τὸ

459 3248 663 3302 ἐλεεινὸν
692 3255 1051 3314 κατανοοῦντα,
1111 3251 1295 3318 ἐπέχειν
1318 3255 1406 3318 τῆς
1432 3252 1611 3305 ἑαυτοῦ
1636 3256 1880 3320 τολμηρᾶς
1908 3253 2129 3313 διανοίας
2151 3251 2205 3305 τό
2229 3273 2390 3323 περιτ-

458 3334 544 3388 τὸν
573 3341 661 3402 τῆς
687 3334 935 3402 ἀσεβείας,
974 3337 1056 3387 ἵνα
1086 3337 1170 3387 καὶ
1197 3333 1338 3403 ἡμεῖς
1368 3335 1435 3403 μή
1462 3336 1847 3404 συμμαινόμενοι
1870 3340 1928 3407 τῇ
1957 3335 2168 3410 τοσαύτῃ
2197 3335 2390 3411 ἆφοβίςι

459 3417 718 3488 ἡττημένοι
746 3418 1145 3489 ύποληφθῶμεν,
1185 3418 1302 3473 ἄλλα
1341 3428 1357 3458 ¹
1380 3424 1456 3474 σοί
1486 3443 1536 3474 τε
1564 3424 1645 3475 καὶ
1677 3423 1869 3482 ἑαυτοῖς
1893 3419 1951 3472 τοὶ
1978 3419 2105 3491 πρὸς
2140 3421 2390 3492 εὐσέβειαν

513 3616 552 3661 4.
584 3624 689 3663 Haec
717 3626 836 3664 verba
862 3629 1043 3676 corrupta
1074 3629 1174 3666 sunt.
1232 3626 1391 3665 Rescri-
1448 3623 1636 3679 imaginis
1676 3637 1760 3663 non
1784 3637 1858 3677 per
1888 3622 1989 3663 duos
2014 3638 2223 3666 sermones
2252 3624 2387 3666 inter-

457 3680 623 3718 bendum
660 3682 813 3721 videtur
840 3680 928 3723 Καὶ
968 3677 1070 3724 αὐτὸ
1103 3680 1170 3723 ἐπὶ
1207 3681 1262 3736 τῇ
1296 3677 1389 3723 ἰσό-
1447 3695 1605 3735 ponens
1633 3694 1752 3720 unam
1778 3679 1998 3733 imaginem
2028 3681 2154 3729 dixit,
2199 3681 2274 3722 sed
2312 3696 2387 3736 per

456 3748 550 3787 τητι
591 3735 671 3788 τῆς
702 3736 861 3785 εἰκόνος
887 3736 934 3780 τὸ
960 3738 1049 3780 Καὶ
1075 3735 1145 3781 διὰ
1176 3736 1253 3781 δύο
1282 3738 1317 3779 λ.
1344 3751 1386 3779 π.
1444 3752 1589 3778 vocem
1627 3738 1823 3776 Nostram
1854 3742 1936 3777 cett.
1953 3768 1965 3788 ‚
2011 3751 2110 3793 quae
2136 3751 2197 3780 me
2220 3752 2297 3787 non
2323 3742 2384 3787 in,

457 3793 672 3835 Carnarius
713 3797 825 3836 vertit
873 3794 955 3835 Sed
1007 3803 1048 3835 et
1096 3794 1386 3850 aequalitatem
1443 3797 1611 3847 telleyere
1641 3796 1753 3835 libere
1779 3796 1974 3849 profiteor.
