2508 4134
478 251 579 304 764

1225 255 1405 298 INDEX
1434 254 1646 309 RERUM.

531 360 637 401 dem.
683 383 734 392 -
792 357 946 414 triplex
986 370 1057 398 vas
1097 356 1274 397 vitreum
1318 371 1411 397 cum
1467 357 1598 399 Maria
1639 356 1794 399 nullum
1831 355 2151 401 ecclesiasticum
2178 372 2324 402 munus
2351 373 2401 402 ac

530 429 682 485 triplici
712 428 797 470 vini
823 427 1053 470 mutatione
1075 426 1174 469 ibid.
1207 452 1257 459 -
1319 429 1410 468 lre-

530 501 624 543 naei
654 500 849 542 adversus
876 498 1106 541 Marcosios
1135 498 1251 541 locus
1279 497 1380 540 ibid.

473 572 775 615 Marcosiorum
841 569 1086 612 eucharistia
1131 569 1183 610 ab
1237 569 1408 611 Irenaeo

530 642 740 698 descripta
785 641 885 683 ibid.
916 665 972 673 -—
1043 655 1172 683 vanae
1196 639 1407 682 illusiones

531 727 632 770 erga
661 713 835 755 seminas
865 716 961 754 234.

472 786 637 828 Marcus
663 784 819 841 philtra
844 783 1081 825 mulieribus
1104 783 1294 839 praebuit
1312 786 1408 824 235.

472 870 770 912 Marcosiorum
799 884 932 925 nugae
957 873 1122 910 236.—
1162 867 1408 924 principium

529 949 572 983 et
602 949 816 983 auctorem
846 940 1026 983 omnium
1060 948 1213 981 vocant
1242 939 1408 980 nomine

528 1021 705 1069 quatuor
723 1011 852 1054 literis
874 1012 1055 1053 conflato
1085 1025 1189 1067 quae
1218 1018 1409 1052 crescunt

530 1098 658 1140 usque
687 1083 741 1124 ad
774 1083 1039 1125 tricenarium
1069 1086 1165 1124 237.
1195 1106 1251 1114 -
1309 1096 1408 1124 cor-

526 1169 603 1211 pus
632 1162 768 1196 totum
799 1155 1014 1197 elementis
1042 1154 1255 1196 literarum
1289 1168 1406 1195 com·

526 1234 689 1283 ponunt
719 1229 814 1268 238.
849 1251 897 1258 —
956 1228 1067 1267 Iesus
1108 1225 1194 1266 sive
1235 1222 1409 1280 Ἰησοῦς

526 1312 678 1340 nomen
709 1297 829 1354 quale
857 1297 968 1354 apud
997 1311 1070 1339 eos
1099 1300 1194 1339 239.
1227 1322 1279 1330 -
1337 1311 1406 1337 se-

526 1370 644 1411 nario
672 1384 846 1411 numero
888 1383 992 1425 quae
1021 1367 1217 1425 mysteria
1245 1367 1403 1409 adscri-

526 1441 628 1483 bant
653 1445 748 1483 240.
774 1464 830 1473 --
866 1440 968 1482 item
989 1439 1227 1495 septenario
1243 1443 1337 1480 241.
1354 1464 1407 1471 —

525 1521 655 1555 tetras
684 1513 849 1554 illorum
877 1510 1007 1568 qualis
1038 1515 1135 1552 242.

470 1598 663 1641 Marcosii
689 1599 834 1655 quibus
861 1613 911 1638 ex
935 1596 1163 1653 scripturae
1180 1597 1283 1639 locis
1303 1612 1408 1653 pro-

525 1671 627 1712 bent
667 1683 931 1711 numerorum
974 1669 1171 1724 mysteria
1215 1668 1407 1723 tetradis,

527 1741 753 1798 ogdoadis,
787 1739 969 1790 decadis,
1000 1739 1228 1781 dodecadis
1258 1748 1300 1780 et
1327 1740 1404 1781 tri-

528 1813 682 1854 cenarii
707 1815 801 1854 249.
827 1815 922 1854 250.
955 1815 1050 1853 251.
1083 1814 1178 1853 252.
1206 1836 1261 1843 -
1306 1826 1406 1866 pas-

525 1884 602 1925 sim
620 1883 715 1925 libri
737 1898 879 1925 eorum
902 1882 1133 1938 apocryphi
1159 1891 1201 1924 et
1231 1882 1407 1924 conficta

526 1955 580 1997 de
613 1954 777 1996 Christo
805 1954 979 1996 historia
1009 1957 1103 1995 253.

469 2040 767 2083 Marcosiorum
795 2039 1031 2096 redemptio
1062 2043 1157 2082 254.
1187 2065 1241 2072 -
1300 2054 1408 2096 quo-

526 2111 654 2153 modo
685 2110 871 2153 initiatos
902 2120 1146 2153 consecrent
1176 2115 1270 2153 256.

468 2198 634 2239 Marcus
678 2196 947 2252 quamobrem
1000 2196 1257 2252 evangelium
1312 2205 1410 2252 post

525 2268 784 2310 Matthaeum
818 2267 1031 2323 scripserit
1061 2271 1154 2309 248.
1190 2292 1240 2300 —-
1298 2268 1409 2310 Petri

526 2354 664 2381 comes
707 2339 813 2389 fuit,
857 2348 900 2380 et
944 2353 1046 2380 unus
1089 2354 1111 2380 e
1146 2339 1408 2395 septuaginta

524 2411 684 2453 duobus
715 2410 924 2466 discipulis
958 2410 1110 2452 Christi
1139 2410 1240 2452 ibid.
1270 2434 1326 2441 —
1364 2410 1406 2451 in

527 2487 762 2538 Aegyptum
795 2497 819 2523 a
860 2483 988 2523 Petro
1031 2482 1176 2522 missus
1219 2480 1320 2522 ibid.
1353 2507 1408 2513 -

525 2553 635 2594 unde
661 2552 826 2594 initium
854 2552 1057 2608 evangelii
1099 2552 1274 2607 sumpsit
1307 2552 1406 2595 ibid.

467 2626 584 2667 Mare
614 2631 822 2665 mortuum
863 2623 975 2664 idem
1006 2638 1097 2664 cum
1138 2623 1246 2664 valle
1272 2622 1405 2665 salsu-

523 2695 669 2751 ginosa
699 2697 765 2735 40.

467 2766 599 2809 Maria
629 2765 873 2808 honoranda
893 2765 1060 2822 quidem
1079 2765 1154 2807 sed
1184 2779 1267 2807 non
1299 2766 1406 2808 ado-

523 2838 653 2880 randa
687 2840 810 2878 1065.

466 2910 642 2952 Mariam
666 2917 872 2965 perpetuo
897 2908 1098 2964 virginem
1130 2909 1256 2949 fuisse
1284 2911 1407 2950 1040.

467 2981 626 3024 Mariae
667 2980 883 3036 virginitas
923 2988 967 3022 et
995 2993 1108 3021 error
1151 2980 1407 3036 quorundam

522 3052 830 3095 haereticorum
853 3051 960 3093 circa
972 3050 1084 3093 illam
1100 3054 1210 3092 1040
1226 3060 1267 3092 et
1285 3054 1391 3092 1041
1402 3084 1411 3093 .

467 3138 599 3181 Maria
627 3153 680 3179 an
708 3146 874 3179 mortua
902 3137 983 3186 sit,
1013 3151 1092 3178 nec
1120 3150 1173 3178 ne
1206 3137 1408 3193 scriptura

523 3225 607 3252 non
637 3208 825 3251 meminit
855 3211 978 3249 1043.
1012 3232 1062 3239 —
1110 3208 1274 3250 dubitat
1305 3208 1407 3264 Epi-

525 3281 698 3338 phanius
728 3294 778 3322 an
808 3288 971 3321 mortua
997 3278 1053 3321 sit
1080 3279 1180 3321 ibid.

466 3353 625 3395 Mariae
654 3351 886 3394 encomium
916 3353 1039 3391 1050.
1074 3375 1124 3382 —
1172 3350 1331 3392 Mariae
1359 3365 1408 3391 ac

523 3426 635 3466 Evae
695 3423 860 3478 elegans
921 3421 1139 3462 antithesis
1193 3421 1292 3462 ibid.
1353 3445 1407 3453 -—-

524 3497 612 3536 Eva
652 3502 749 3548 post
789 3501 1006 3549 peccatum
1035 3493 1118 3534 hoc
1148 3506 1296 3533 nomen
1327 3492 1404 3533 ha-

523 3565 615 3607 buit
642 3564 743 3606 ibid.

468 3636 599 3677 Maria
643 3650 764 3677 soror
805 3643 949 3677 nostra
993 3635 1073 3676 fuit
1116 3634 1314 3676 videlicet
1354 3634 1406 3675 ab

528 3706 685 3748 Adamo
716 3715 807 3749 orta
838 3710 962 3748 1003.

470 3776 627 3817 Mariae
668 3777 884 3832 integritas
928 3791 1032 3833 quae
1073 3777 1187 3819 nullo
1230 3790 1406 3833 unquam

526 3844 628 3886 vitio
659 3846 741 3887 fuit
768 3847 981 3904 inquinata
1011 3850 1106 3891 352.

1522 442 1576 469 ne
1604 425 1842 483 baptizandi
1871 426 2038 482 quidem
2065 429 2205 486 attigit
2234 432 2356 472 1059.

1466 499 1640 541 Mariam
1669 498 1836 555 quidam
1866 512 1956 540 esse
1986 498 2108 541 deum
2138 501 2401 544 crediderunt

1523 574 1648 612 1054.

1466 642 1592 684 Maris
1635 641 1749 683 rubri
1790 648 1936 696 portus
1964 655 2014 683 ac
2043 641 2189 697 quibus
2217 642 2401 686 nomini-

1520 713 1596 754 bus
1627 711 1814 753 distincti
1844 715 1939 754 618.

1466 784 1642 825 Marium
1690 797 1782 824 cum
1825 782 1989 824 feminis
2036 783 2272 827 coniunctio
2312 785 2400 827 sive

1524 854 1786 911 coniugium,
1827 855 1979 895 Parcus
2008 854 2096 896 sive
2125 855 2282 911 Bythus
2309 870 2401 898 cum

1524 927 1741 977 Emnoaea,
1800 924 1989 980 Unigena
2043 925 2131 978 sive
2177 927 2265 970 Nu·
2309 940 2401 968 cum

1522 996 1735 1047 Veritate,
1777 998 1922 1038 Sermo
1962 1011 2056 1038 cum
2096 996 2222 1048 Vita,
2263 997 2401 1048 Homo

1523 1082 1615 1109 cum
1645 1067 1827 1109 Ecclesia
1868 1066 2090 1110 secundum
2134 1067 2401 1113 Valentinum

1524 1154 1573 1180 ex
1604 1140 1772 1180 irenaeo
1797 1142 1890 1180 175.

1466 1224 1617 1267 Marini
1661 1224 1772 1266 canis
1813 1224 1935 1267 sibilo
1979 1225 2162 1281 viperam
2190 1224 2403 1268 evocantis

1523 1311 1615 1339 cum
1635 1296 1876 1338 Ptolemaeo
1904 1295 2116 1339 haeretico
2145 1296 2312 1340 Floram
2331 1310 2403 1339 se-

1522 1368 1703 1410 ducente
1734 1367 1991 1424 comparatio
2022 1371 2116 1410 228.

1465 1440 1654 1481 Marthus
1681 1446 1725 1479 et
1752 1439 1973 1481 Marthana
2000 1453 2165 1481 sorores
2194 1454 2244 1481 ex
2271 1439 2402 1498 stirpe

1523 1510 1639 1553 Elxai
1669 1511 1877 1566 principes
1906 1510 2022 1552 istius
2049 1519 2192 1552 sectae
2217 1514 2288 1554 41.

1467 1598 1699 1653 Martyrum
1745 1596 1903 1652 duplex
1940 1595 2088 1638 chorus
2134 1596 2222 1638 sive
2276 1611 2404 1653 genus

1524 1673 1619 1710 574.
1800 1672 1802 1674 ’

1467 1740 1643 1783 Materia
1673 1739 1857 1795 pluribus
1882 1738 2017 1781 modis
2046 1739 2221 1782 sumitur
2251 1741 2348 1782 265.

1468 1826 1669 1868 Materiae
1697 1825 1913 1882 multiplex
1941 1824 2156 1881 acceptio,
2187 1824 2302 1882 quod
2328 1839 2405 1867 ex-

1524 1897 1671 1953 emplis
1702 1897 1750 1938 fit
1778 1896 2044 1938 manifestum
2073 1899 2166 1937 635.

1468 1970 1704 2012 Matthaeus
1755 1983 1826 2010 cur
1886 1967 2142 2022 evangelium
2184 1982 2208 2008 a
2254 1965 2404 2009 Christi

1522 2039 1790 2097 generatione
1811 2039 2022 2095 inceptum
2045 2036 2258 2094 scripserit
2277 2041 2374 2081 427.

1468 2127 1704 2170 Matthaeus
1733 2125 1889 2182 primus
1932 2123 2114 2166 omnium
2147 2123 2403 2179 evangelium

1523 2197 1690 2254 scripsit
1729 2200 1826 2238 425.
1865 2220 1919 2227 -
2007 2210 2078 2236 cur
2117 2193 2210 2250 ipse
2251 2195 2405 2251 primun

1523 2268 1734 2325 scripserit
1760 2267 1860 2310 ibid.
1894 2290 1951 2298 -—
2021 2265 2226 2308 Hebraica
2265 2266 2406 2322 lingua

1522 2340 1688 2395 scripsit
1726 2338 1967 2394 incepitque
1998 2352 2021 2378 a
2054 2337 2205 2380 Christi
2245 2352 2404 2394 geneu-

1522 2411 1633 2467 logia
1662 2413 1760 2451 426.

1467 2483 1702 2525 Matthaeus
1757 2481 1866 2523 solus
1922 2480 2181 2537 evangelium
2243 2479 2403 2522 Graece

1522 2553 1688 2610 scripsit
1719 2557 1813 2594 127.
1967 2553 1972 2556 ’

1468 2624 1732 2667 Matrimonia
1772 2638 1877 2680 quae
1918 2623 2047 2665 tribus
2076 2622 2187 2664 inter
2224 2636 2270 2664 se
2298 2635 2404 2664 con-

1522 2696 1741 2751 iungerent
1771 2698 1894 2737 1045.

1469 2767 1698 2808 Matutinae
1726 2766 1867 2808 laudes
1898 2781 1948 2807 ac
1975 2779 2119 2822 preces
2160 2765 2202 2807 in
2232 2763 2404 2807 ecclesia

1522 2837 1611 2879 fieri
1639 2837 1789 2879 solitae
1828 2840 1951 2878 1106.

1466 2924 1810 2966 Massalianorum
1867 2937 1982 2964 error
2034 2923 2240 2964 refutatur
2296 2921 2404 2964 cirea

1522 2995 1738 3036 mulierum
1767 3009 1883 3035 usum
1914 2993 2192 3050 promiscuum
2223 2997 2346 3035 1074.

1469 3067 1806 3109 Massalianorum
1860 3065 2040 3107 haeresis
2085 3064 2231 3120 quibus
2276 3077 2401 3106 acee-

1524 3138 1628 3179 dunt
1645 3137 1888 3193 Martyriani
1917 3152 1939 3178 e
1970 3135 2186 3192 gentilium
2215 3147 2400 3185 numero,

1523 3224 1599 3251 nec
1628 3224 1712 3250 non
1743 3217 1788 3249 et
1805 3208 2075 3264 Euphemitae
2105 3216 2147 3248 et
2176 3205 2401 3256 Sataniaui,

1523 3296 1628 3337 quae
1656 3289 1720 3322 est
1747 3279 1931 3322 haeresis
1962 3282 2027 3320 68.
2045 3310 2059 3328 ,
2107 3277 2195 3318 sive
2223 3284 2400 3332 octoge-

1521 3338 1623 3393 sima
1654 3355 1775 3392 1067.
1797 3375 1852 3382 -
1882 3365 2024 3391 eorum
2053 3348 2202 3402 dogma
2229 3346 2330 3388 ibid.
2349 3371 2401 3380 -

1523 3423 1633 3464 unde
1663 3422 1764 3464 dicti
1792 3421 1891 3463 ibid.
1928 3444 1978 3453 -
2036 3417 2199 3475 quando
2227 3418 2401 3472 prodie-

1521 3500 1618 3535 runt
1671 3493 1772 3534 ibid.
1830 3515 1883 3524 -
1960 3492 2099 3531 eorum
2147 3489 2402 3543 proseuchae

1523 3568 1646 3605 1068.
1677 3588 1730 3595 —
1788 3563 1840 3604 de
1884 3561 2001 3603 coelo
2044 3566 2211 3613 tactae,
2259 3568 2301 3601 et
2330 3560 2398 3601 ubi

1521 3635 1624 3677 ibid.
1643 3658 1695 3666 ——
1727 3633 1974 3688 Lupicianus
1992 3629 2259 3672 Massalianos
2278 3638 2399 3673 vexat

1521 3705 1621 3746 ibid.
1652 3729 1707 3736 -
1776 3703 1872 3744 inde
1900 3699 2262 3757 pseudomartyres
2293 3701 2397 3743 hae-

1522 3775 1746 3816 reticorum
1774 3772 1874 3814 ibid.
1906 3771 2059 3826 ---qui
2082 3779 2124 3811 et
2153 3772 2396 3830 Martyriani

1521 3843 1620 3885 dicti
1647 3842 1747 3884 ibid.
