2508 4134
67 2105 78 2132 ί

202 1347 313 1403 Κεφ.
327 1344 401 1398 λζ’.

194 2116 279 2153 pag.
300 2104 394 2142 1031.

431 280 533 330 398
1145 288 1350 331 SANch
1379 290 1663 332 EPIPHANH

431 383 543 453 μεθ’
573 380 634 453 ἧς
674 383 911 455 ἐρρύσατο
947 387 1300 453 αἰχμαλωσίας,
1350 384 1404 440 τὸ
1433 386 1696 458 τριήμερον
1730 390 1786 441 ἐν
1817 387 2028 461 ἀληθείᾳ
2059 388 2361 460 ἐγειρόμενος

430 469 521 523 σ’ὐν
546 470 734 538 σώματι
764 472 848 522 καὶ
875 476 1031 544 ψυχῇ,
1068 472 1153 523 καὶ
1178 473 1324 525 παντὶ
1357 477 1427 544 τῷ
1455 471 1649 546 ὀργάνῳ
1675 475 1726 526 ἐν
1751 470 1976 546 οἷληθείᾳ,
2016 471 2360 544 εὑρισκόμενος

430 555 547 623 μετά
577 561 672 608 τῶν
707 561 950 623 μαθητῶν
978 555 1066 623 τὴν
1093 556 1643 627 τεσσαρακονθήμερον,
1680 558 1897 628 εὐλογῶν
1925 580 1975 611 τε
2004 558 2186 621 αὐτοῦς
2212 562 2265 614 ἐν
2290 566 2359 633 τῷ

415 638 557 710 ’Όρει
599 646 698 693 τῶν
729 642 902 694 ἐλαιῶν
946 643 998 695 ἐν
1035 639 1271 714 ἀληθείᾳ,
1320 641 1645 712 ἀνερχόμενος
1684 646 1753 706 εἰς
1792 641 2007 714 οὐρανὸν
2046 647 2099 698 έν
2130 642 2358 717 ἀληθείᾳ,

427 732 525 779 τῶν
552 733 794 793 μαθητῶν
833 725 987 779 αὐτόν
1019 727 1347 797 θεωρούντων
1390 729 1483 788 ἕως
1517 733 1616 780 τῶν
1645 735 1861 793 νεφελῶν
1892 727 2361 798 ἄναλαμβανόμενον

428 814 481 865 ἓν
514 809 750 884 ἀληθείᾳ,
787 813 1102 865 καθεσθέντα
1128 814 1211 865 καὶ
1238 811 1572 879 καθεζόμενον
1598 814 1651 865 έν
1678 815 1816 885 δεξιᾷ
1841 821 1931 868 τοῦ
1955 813 2141 886 πατρὸς
2166 817 2219 869 ἐν
2245 813 2359 883 άλη-

426 901 569 969 θείᾳ,
618 899 668 950 ἐν
705 894 838 970 αὐτῷ
880 902 947 970 τῷ
979 896 1164 965 σώματι
1200 899 1283 951 καὶ
1311 903 1371 972 τῇ
1402 896 1629 964 θεότητι,
1684 900 1736 951 ἐν
1775 899 1903 972 αὐτῇ
1931 906 1992 974 τῇ
2026 904 2180 974 τελείᾳ
2220 903 2357 957 ἐναν-

427 980 714 1052 θρωπήσει,
762 976 797 1056 ᾗ
821 981 1069 1051 συνήνωσε
1098 981 1156 1035 τά
1182 982 1272 1036 ὅλα
1299 985 1367 1044 εἰς
1390 986 1448 1035 ἓν
1479 984 1562 1035 καὶ
1591 986 1708 1049 μίαν
1738 984 2075 1053 πνευματικὴν
2102 990 2358 1052 τελείωσιν,

429 1066 550 1130 θεὸς
580 1067 650 1121 ῶν
678 1070 731 1121 ἐν
772 1067 891 1141 δόξῃ
919 1067 1250 1136 καθεζόμενος
1285 1076 1453 1138 κρῖναι
1487 1073 1669 1131 ζῶντας
1704 1070 1790 1121 καὶ
1817 1068 2049 1140 νεκροῦς,
2102 1070 2361 1140 ἐρχόμενος

431 1156 482 1207 ἐν
505 1151 726 1226 ἀληθείᾳ.
802 1156 904 1206 Καὶ
928 1152 1075 1207 οὐδέν
1098 1156 1196 1207 ἐστι
1224 1154 1636 1222 παρηλλαγμένον,
1676 1152 1792 1206 ἄλλά
1813 1153 1974 1208 πάντα
1996 1157 2150 1209 τέλεια
2171 1161 2361 1220 τελείως

428 1243 478 1295 ἐν
514 1238 646 1312 αὐτῷ
685 1243 737 1293 ἐν
774 1238 1029 1307 τελειότητι
1065 1240 1368 1309 εἰργασμένα.

574 1330 751 1386 Καλῶς
780 1325 833 1377 δὲ
869 1326 991 1392 ἔχειν
1023 1326 1135 1395 περὶ
1163 1324 1351 1377 τούτων
1386 1326 1671 1391 νομίσαντες
1697 1326 1791 1387 ἕως
1819 1326 1999 1381 τούτου
2029 1329 2143 1398 περὶ
2172 1326 2361 1381 τούτων

429 1413 660 1482 εἰρῆσθαι
692 1409 1057 1477 ἐδικαιώσαμεν.
1136 1410 1262 1479 Περὶ
1290 1409 1343 1462 δὲ
1369 1402 1439 1462 ῶν
1468 1410 1779 1479 ἐνηχήθημεν
1806 1410 1956 1467 πάλιν
1986 1418 2361 1483 περιττολογιῶν

428 1504 529 1550 τῶν
552 1495 610 1549 τοὶ
636 1501 840 1549 τοιαῦτα
865 1495 1103 1565 λεγόντων
1128 1493 1398 1565 άναγκαῖον
1425 1497 1511 1548 καὶ
1541 1495 1669 1549 αὐτοὶ
1694 1494 1964 1561 ὑποδεῖξαι.
2044 1497 2118 1551 Οὕ
2144 1497 2280 1550 πάνυ
2308 1497 2361 1551 δὲ

429 1580 813 1649 πεπιστεύκαμεν
849 1580 926 1634 ὅτι
957 1579 1116 1643 οὕτως
1141 1579 1257 1650 παρ’
1294 1580 1469 1642 αὐτοῖς
1500 1578 1684 1654 ᾄδεται.
1741 1582 1924 1651 ’Ὀμως
1957 1581 2018 1636 τοὶ
2058 1583 2360 1651 ἐνηχηθέντα

432 1666 493 1722 οὗ
531 1665 856 1735 σιωπήσομεν.

578 1839 716 1901 Τινὲς
750 1837 842 1909 γάρ
875 1840 959 1891 καὶ
986 1836 1253 1906 ἐτόλμησαν
1277 1839 1430 1908 λέγειν
1456 1836 1534 1891 ὅτι
1559 1836 1706 1892 πάλιν
1734 1839 1860 1901 τινὲς
1883 1841 1932 1903 ἐξ
1958 1838 2125 1893 αὐτῶν
2155 1841 2357 1910 λέγουσι

430 1927 543 1996 περὶ
572 1929 803 1995 Μαρίας,
857 1923 975 1992 μετά
1020 1922 1074 1977 τό
1101 1925 1437 1994 γεγεννηκέναι
1474 1922 1560 1976 τὸν
1589 1922 1804 1994 Χριστόν
1835 1927 2177 1994 ἐπισυνῆφθαι
2215 1923 2361 1996 ἀνδρὶ

428 2019 495 2086 τῷ
525 2010 722 2078 Ἰωσήφ.
801 2009 1047 2077 Θαυμάζω
1089 2010 1142 2062 δὲ
1183 2012 1227 2062 εἰ
1265 2011 1346 2071 καὶ
1391 2009 1535 2063 αὐτοὶ
1577 2017 1721 2063 τοῦτο
1759 2011 1994 2080 λέγουσιν.
2067 2013 2186 2064 Εἰσὶ
2222 2011 2276 2064 δὲ
2309 2013 2362 2064 οἰ

428 2102 571 2151 τοῦτο
604 2098 846 2166 λέγοντες,
885 2094 975 2157 οὓς
1000 2096 1085 2148 καὶ
1111 2094 1296 2157 αὐτούς
1333 2097 1383 2148 ἐν
1406 2103 1509 2157 τοῖς
1539 2100 1791 2163 σχίσμασιν
1817 2094 2185 2164 ἠριθμήσαμεν,
2224 2098 2359 2164 αἰτη-

427 2186 599 2245 θέντες
639 2185 725 2235 καὶ
758 2180 1039 2252 γράψαντες
1069 2179 1326 2255 ἐπιστολὴν
1358 2182 1410 2233 ἐν
1436 2187 1496 2254 τῇ
1521 2179 1726 2253 Ἀραβίᾳ
1770 2180 1900 2250 πρός
1929 2203 2065 2243 τινας
2086 2171 2225 2234 ’κατά
2260 2187 2360 2234 τῶν

427 2276 570 2324 τοῦτο
611 2266 860 2338 λεγόντων.
939 2265 1106 2319 Πολλοὶ
1147 2267 1201 2319 δὲ
1230 2268 1383 2320 ἐκεῖσε
1422 2267 1531 2334 περὶ
1569 2265 1751 2319 τούτου
1784 2265 2042 2336 εἰρήκαμεν
2079 2269 2130 2320 ἐν
2157 2274 2218 2340 τῇ
2254 2264 2360 2320 κατ’

430 2353 615 2416 αὐτούς
658 2351 911 2407 ὑποθέσει.
988 2354 1223 2419 Καθεξῆς
1264 2351 1318 2404 δὲ
1354 2353 1406 2404 ἐν
1431 2356 1534 2424 θεῷ
1570 2353 1654 2405 καὶ
1691 2350 1849 2420 αὐτὴν
1886 2350 2171 2417 ἰδιάζουσαν
2200 2360 2360 2406 καθυ-

428 2441 639 2504 ποτάξω.

555 2609 724 2663 ’Ἀλλοι
753 2610 805 2663 δὲ
832 2611 1024 2675 ἔφασαν
1051 2608 1138 2663 τὸν
1163 2611 1367 2680 γέροντα
1395 2609 1639 2678 εἰρηκέναι
1668 2607 1744 2662 ὅτι
1779 2611 1830 2663 έν
1860 2614 1918 2682 τῇ
1948 2608 2120 2683 πρώτῃ
2151 2607 2360 2664 οἷναστά·

430 2716 500 2752 σει
518 2699 926 2765 χιλιονταετηρίδα
944 2695 1051 2749 τινά
1072 2699 1393 2764 ἐπιτελοῦμεν,
1419 2703 1522 2758 τοῖς
1540 2694 1707 2758 αὐτοῖς
1726 2695 2150 2764 ἐμπολιτευόμενοι
2171 2693 2363 2759 ὁποίοις

429 2786 514 2837 καὶ
539 2789 653 2848 νῦν,
693 2779 759 2844 ῶς
790 2784 872 2835 καὶ
898 2782 1051 2850 νόμον
1080 2784 1163 2835 καὶ
1195 2780 1313 2835 ἄλλα
1341 2781 1692 2848 φυλάττοντες,
1731 2783 1816 2834 καὶ
1845 2781 2003 2834 πάντα
2031 2788 2119 2850 τῆς
2144 2781 2361 2850 χρήσεως

429 2875 516 2936 τῆς
545 2871 596 2922 ἐν
618 2874 686 2940 τῷ
710 2867 907 2940 κόσμῳ,
957 2868 1121 2938 γάμου
1152 2889 1201 2921 τε
1232 2870 1316 2920 καὶ
1346 2874 1610 2937 περιτομῆς
1640 2870 1722 2921 καὶ
1755 2874 1854 2921 τῶν
1881 2866 2036 2921 ἄλλων
2069 2869 2358 2935 μετέχοντες,

436 2954 559 3024 ὅπερ
589 2954 649 3007 οὐ
674 2953 807 3006 πάνυ
832 2955 945 3021 περὶ
973 2951 1127 3007 αὐτοῦ
1148 2953 1546 3022 πεπιστεύκαμεν.
1600 2952 1686 3016 Ὡς
1713 2956 1766 3007 δέ
1787 2974 1911 3015 τινες
1935 2951 2358 3020 διεβεβαιῶσαντο,

432 3047 577 3093 τοῦτο
614 3042 805 3107 ἔφησαν
842 3037 992 3092 αὐτόν
1031 3042 1290 3111 εἰρηκέναι.

575 3298 673 3349 Καὶ
701 3296 775 3350 ὅτι
804 3297 890 3363 μὲν
919 3297 1185 3366 γέγραπται
1213 3298 1326 3367 περὶ
1365 3303 1453 3364 τῆς
1478 3297 1912 3365 χιλιονταετηρίδος
1949 3293 2151 3361 ταύτης,
2203 3293 2278 3349 ὅτι
2307 3295 2359 3348 ἐν

430 3389 491 3456 τῇ
520 3379 860 3448 Ἀποκαλύψεῑ
878 3379 1137 3447 Ἰωάννου,
1175 3384 1260 3435 καὶ
1290 3382 1362 3435 ὅτι
1390 3381 1526 3452 παρά
1558 3386 1792 3441 πλείστοις
1825 3387 1844 3417 1
1863 3380 1991 3432 ἐστὶν
2022 3377 2055 3446 ἡ
2079 3382 2247 3447 βίβλος
2276 3400 2357 3432 πε-

432 3469 724 3535 πιστευμένη
744 3510 757 3531 ,
806 3468 888 3519 καὶ
924 3466 1058 3537 παρά
1083 3475 1187 3530 τοῖς
1211 3470 1490 3535 θεοσεβέσι,
1545 3471 1707 3534 δῆλον.
1789 3463 1889 3532 Τὴν
1916 3464 1967 3516 δὲ
1997 3467 2168 3532 βίβλον
2196 3463 2357 3535 ἀναγι-

432 3552 704 3613 νώσκοντες
734 3554 786 3604 οἱ
808 3559 1046 3617 πλεῖστοι,
1100 3556 1182 3606 καὶ
1209 3552 1451 3621 εὐλαβεῖς,
1508 3553 1658 3622 2περὶ
1688 3557 1785 3603 τῶν
1806 3556 2151 3618 πνευματικῶν
2178 3548 2360 3612 εἰδότες

433 3639 517 3690 καὶ
548 3640 598 3691 ἐν
626 3637 752 3711 αὐτῇ
785 3643 1124 3706 πνευματικῶς
1152 3641 1322 3706 ἔχοντα
1352 3636 1680 3706 λαμβάνοντες
1706 3634 1869 3703 ἀληθῆ
1902 3636 1990 3702 μὲν
2014 3634 2156 3701 ὄντα,
2195 3637 2247 3688 ἐν
2270 3637 2357 3702 βα-

495 3780 591 3820 Cn».
611 3783 839 3824 XXXVII.
869 3809 924 3816 —-
998 3784 1032 3823 1.
1065 3781 1177 3824 ἐστὶν
1218 3784 1366 3823 deside·
1481 3782 1519 3822 2.
1552 3783 1737 3831 Suspicor
1777 3778 1850 3822 καὶ
1890 3779 1982 3833 περὶ
2019 3782 2102 3823 τῶν
2135 3793 2358 3833 πνευματι·

434 3841 547 3877 ratur
571 3840 610 3877 in
637 3840 725 3878 edit.
754 3842 888 3880 Petav.
924 3842 1054 3881 Colon.
1082 3844 1198 3890 repet.
1424 3838 1509 3880 κῶν
1541 3834 1727 3885 εἰδότες,
1760 3835 1800 3878 ἐν
1833 3832 1941 3892 αὐτῇ
1975 3838 2064 3879 κτλ.
