2508 4134
561 287 787 329 PANARn
814 287 918 329 Lm.
944 288 1016 328 ιιι.
1044 287 1177 330 ΤοΜ.
1201 289 1233 328 1.
1260 287 1426 328 HAER.
1450 286 1644 329 Lxxvt.
1948 271 2045 323 281

152 394 280 439 sunt.
355 383 471 436 Non
499 384 625 436 enim
656 384 703 435 in
731 383 1028 454 syllogismis
1061 386 1420 452 argumentisve
1452 402 1653 453 regnum
1681 383 1893 434 coeleste
1922 380 2049 451 posi-

153 479 248 520 tum
278 477 379 534 est,
433 485 588 537 neque
625 468 673 519 in
717 468 963 536 arroganti
1001 468 1259 535 inflatoque
1297 486 1550 531 sermone,
1607 472 1763 518 sedin
1797 471 1968 517 virtute
1990 471 2298 516 acl-Cor·⁴‚²⁰·

151 557 358 604 veritate.
436 551 545 604 Nos
586 561 746 604 autem
778 553 897 603 satis
929 568 1167 621 superque
1206 551 1437 602 hactenus
1475 563 1600 603 tuam
1643 553 1771 603 illam
1800 553 1858 603 de
1889 551 2049 620 priva-

151 636 279 688 tione
313 637 616 688 affectionum
643 654 700 688 ac
734 636 1021 704 positionum
1050 635 1416 704 disputationem
1446 635 1742 700 audivimuS,
1784 645 1881 687 tum
1910 635 2047 703 geni-

150 730 244 772 tam
272 721 398 771 illam
423 720 780 789 ingenitamque
814 719 1129 771 substantiam
1170 719 1519 770 adsciscentem
1556 721 1674 782 sibi,
1730 721 1806 771 vel
1834 718 1929 771 non
1967 720 2049 770 ad-

149 804 434 855 sciscentem
465 805 639 873 aliquid
658 843 671 868 ,
713 813 762 855 et
787 821 880 855 una
906 821 1011 854 cum
1039 804 1296 854 affectione
1328 803 1465 854 huius
1494 822 1681 871 quoque
1710 805 1941 855 iacturam
1967 821 2048 873 pa-

151 887 377 952 tientem,
419 905 508 939 nec
544 907 639 939 non
668 897 716 939 et
745 888 802 938 de
833 887 1097 938 substantia
1129 887 1291 955 genita
1326 887 1468 938 simul
1506 887 1743 955 implicata
1774 897 1821 938 et
1848 887 2047 956 ingeniti

149 972 435 1036 affectione,
488 981 587 1024 tum
624 973 682 1023 de
711 971 876 1023 sobole
917 975 1107 1039 genita,
1163 988 1284 1039 quae
1313 988 1400 1040 per
1430 973 1663 1039 quendam
1697 972 1844 1023 veluti
1875 973 2051 1023 transi-

152 1065 247 1108 tum
277 1073 511 1125 expressa
540 1057 937 1125 significationem
973 1055 1281 1106 nibilominus
1313 1056 1638 1124 permanentis
1672 1057 1939 1107 affectionis
1966 1057 2049 1108 ha-

150 1140 257 1202 bet,
299 1149 348 1191 et
378 1157 441 1191 ex
474 1149 644 1192 natura
677 1140 895 1209 quapiam
928 1139 1348 1191 commutationem
1387 1140 1591 1202 indicat,
1645 1158 1749 1190 cum
1780 1141 1940 1208 genita
1969 1158 2048 1191 so-

149 1224 285 1276 boles
313 1226 597 1293 appellatur.
655 1224 787 1292 Ergo
817 1224 983 1275 iisdem
1017 1225 1074 1275 de
1103 1224 1247 1275 rebus
1277 1225 1443 1275 eadem
1475 1225 1669 1293 saepius
1699 1232 1782 1275 tuo
1813 1242 1876 1275 ex
1914 1225 2049 1293 inge-

151 1309 230 1360 nio
269 1310 526 1378 proponis,
568 1310 690 1378 quod
731 1309 894 1359 eadem
935 1309 1176 1359 inculcare
1216 1309 1409 1377 saepius
1447 1308 1566 1359 nibil
1606 1318 1820 1360 veretur.

287 1394 420 1444 Aetii
464 1391 619 1463 Caput
649 1391 801 1444 XXI.
882 1390 934 1445 Si
977 1403 1070 1443 tam
1108 1393 1371 1460 ingenitum
1417 1411 1556 1461 quam
1604 1393 1814 1460 genitum
1858 1393 2048 1444 affectio

150 1478 239 1542 sit,
281 1478 580 1529 substantiae
606 1478 793 1546 quidem
821 1477 1091 1528 affectionis
1121 1477 1305 1545 priores
1325 1518 1337 1542 ,
1379 1478 1660 1529 affectiones
1690 1495 1834 1546 porro
1869 1478 1935 1528 uti
1966 1496 2051 1528 na-

150 1572 253 1613 tura
284 1562 609 1630 posteriores,
651 1561 720 1613 sic
747 1562 915 1613 iisdem
945 1563 1307 1631 anteponendae
1332 1571 1462 1613 sunt.
1540 1560 1680 1629 Quod
1718 1563 1758 1613 si
1784 1563 2048 1629 ingenitum

150 1645 299 1715 geniti
329 1663 501 1697 caussa
532 1655 632 1711 est,
691 1646 830 1714 eique
875 1647 1064 1696 confert
1093 1655 1143 1696 ut
1172 1647 1380 1709 existat,
1439 1647 1651 1713 genitum
1684 1664 1802 1698 vero
1831 1664 2049 1698 caussam

149 1731 298 1798 ipsam
329 1730 626 1781 substantiae
656 1748 744 1782 sua
771 1731 968 1781 notione
1000 1731 1325 1799 complectens
1359 1731 1675 1782 substantiam
1717 1732 1899 1800 ipsam,
1953 1750 2049 1783 non

149 1814 450 1865 affectionem
478 1815 736 1883 exprimit,
779 1833 884 1865 cum
912 1815 1125 1882 ingenita
1153 1824 1322 1866 natura
1353 1815 1469 1866 nihil
1495 1816 1597 1883 ipsa
1626 1833 1787 1867 secum
1818 1816 2046 1881 includat,

150 1916 309 1949 nonne
347 1898 614 1950 substantia
653 1899 810 1967 potius
851 1917 989 1966 quam
1031 1900 1221 1950 affectio
1260 1900 1491 1968 quaedam
1532 1900 1673 1950 dehet
1710 1900 1898 1951 videri?

288 1979 486 2034 Confut.
519 1981 672 2035 XXI.
750 1981 789 2033 l.
834 1981 909 2034 De
939 1983 1273 2035 affectionibus
1308 2002 1412 2034 cum
1447 1985 1503 2034 de
1528 1984 1687 2035 divina
1718 1993 1914 2049 natura,
1969 2003 2051 2055 pe-

148 2067 285 2118 rinde
312 2085 368 2118 ac
395 2068 452 2118 de
483 2066 795 2118 inferioribus
825 2069 914 2118 deo
947 2067 1182 2135 disputat,
1236 2069 1408 2120 iterum
1444 2086 1590 2137 agere
1623 2069 1827 2119 instituit
1853 2070 2046 2134 Aetius,

146 2160 197 2203 ut
231 2151 615 2203 animadvertere
642 2153 865 2221 potestis,
906 2152 1126 2204 veritatis
1152 2153 1354 2203 studiosi
1382 2171 1568 2204 omnes.
1623 2151 1676 2204 ln
1704 2172 1796 2221 quo
1822 2155 2052 2206 nonnulla

147 2236 307 2305 priora
345 2236 484 2298 facit,
541 2236 631 2287 alia
660 2236 951 2306 posteriora.
1032 2237 1179 2304 Atqui
1210 2237 1371 2305 priora
1401 2238 1492 2288 ulla
1525 2239 1573 2288 in
1603 2238 1723 2301 dec,
1780 2239 1857 2289 vel
1892 2248 2051 2307 poste-

146 2321 275 2371 riora
303 2320 626 2385 constituere,
682 2338 741 2371 ne
770 2338 994 2371 sermone
1037 2320 1225 2388 quidem
1264 2322 1394 2372 lieet.
1474 2321 1665 2373 Etenim
1705 2322 1846 2374 simul
1874 2323 1921 2373 in
1960 2324 2050 2374 deo

144 2405 308 2455 insunt
332 2403 589 2467 universa,
630 2422 718 2455 nec
742 2405 1071 2456 accessionem
1098 2406 1302 2473 aliquam
1334 2407 1592 2458 desiderat.
1671 2405 1914 2473 Quocirca
1943 2426 2048 2459 cum

146 2489 356 2556 genitam
386 2488 599 2538 sobolem
635 2489 863 2553 dicimus,
905 2489 1019 2539 nihil
1050 2491 1243 2540 omnino
1268 2493 1610 2560 temporarium
1640 2493 1792 2560 pietas
1822 2493 2045 2543 admittit.

143 2571 273 2623 Nam
315 2571 365 2622 in
403 2571 709 2623 sanctissima
753 2573 997 2636 trinitate,
1056 2574 1146 2624 hoc
1186 2584 1260 2625 est
1297 2577 1385 2626 deo
1432 2585 1593 2644 patre,
1652 2577 1747 2628 filio
1789 2587 1836 2627 et
1880 2578 2050 2646 spiritu

145 2665 341 2720 sancte,
399 2655 478 2723 qui
518 2665 591 2707 est
619 2657 736 2707 deus
766 2658 1015 2721 existenS,
1068 2667 1205 2727 pater
1238 2660 1457 2711 existens
1483 2669 1713 2726 vocatur,
1756 2680 1844 2713 nec
1879 2681 1974 2713 non
2004 2671 2050 2713 et

146 2741 367 2792 existens
397 2741 520 2790 lilius
559 2758 664 2791 cum
697 2740 939 2791 existente
966 2753 1301 2810 comparatus,
1344 2745 1402 2795 ab
1430 2762 1582 2813 eoque
1609 2745 1728 2796 citra
1761 2747 1943 2797 initium
1980 2748 2048 2798 ul-

147 2826 242 2875 lum
267 2833 545 2892 tempusque
571 2824 790 2891 genitus3
833 2836 883 2875 ut
913 2843 978 2876 ex
1007 2827 1065 2877 iis
1085 2829 1351 2896 scripturae
1380 2829 1497 2880 locis
1526 2830 1864 2898 intelligimus:
1906 2836 2052 2896 Apud
2098 2840 2236 2916 13252111113-

145 2920 187 2958 te
211 2911 412 2975 estfons
444 2913 590 2958 vitae.-
641 2909 785 2972 item,
827 2914 882 2958 In
921 2913 1090 2960 lumine
1121 2922 1197 2960 tuo
1235 2916 1485 2963 videbimus
1512 2918 1692 2964 lumen:
1747 2923 1819 2976 et,
1865 2919 1957 2977 Qui
1980 2926 2051 2964 est
2155 2908 2165 2926 ’
2232 2909 2240 2918 ’

144 2998 191 3043 in
224 3000 330 3043 sinn
347 2997 502 3058 patris
520 3014 535 3041 .·
590 2993 731 3054 item,
774 2998 829 3042 In
854 2998 1087 3059 prz'nczpz‘o
1116 3007 1220 3045 erat
1244 3000 1455 3058 verbum,
1511 3010 1559 3048 et
1586 3001 1769 3048 verbum
1794 3009 1900 3048 erat
1924 3004 2049 3064 apud
2068 3010 2194 3045 Ioann.
2211 3012 2244 3055 1,
2268 3012 2298 3047 1.

143 3081 302 3141 deum,
354 3088 404 3127 et
427 3081 539 3127 deus
577 3088 681 3127 erat
709 3080 912 3128 verbum.
993 3076 1227 3130 Similiter
1269 3090 1310 3131 et
1347 3083 1405 3132 de
1433 3083 1604 3151 spiritu
1644 3091 1840 3132 saneto:
1896 3087 2048 3147 sz'rz‘-
2078 3106 2166 3150 Agg.
2191 3106 2224 3147 ²,
2247 3106 2279 3141 5.

144 3172 218 3210 tus
244 3181 370 3211 meus
410 3166 624 3211 consistit
651 3166 698 3211 in
727 3166 870 3211 medlo
906 3167 1063 3211 vestri.
1143 3162 1294 3215 Vides
1336 3184 1474 3233 quam
1521 3167 1634 3216 nibil
1664 3167 1709 3215 in
1741 3165 1955 3216 trinitate
1986 3169 2049 3218 sit

143 3248 348 3296 recens?
419 3246 555 3299 Unde
590 3264 677 3297 nec
708 3247 975 3297 substantia
1003 3247 1335 3309 affectionem,
1392 3268 1480 3300 nec
1511 3251 1823 3301 substantiam
1853 3261 2046 3302 antece-

144 3330 210 3380 dit
239 3330 448 3380 affectio.
495 3340 497 3342 ’
527 3328 756 3382 Ceterum
791 3330 1094 3381 affectionem
1124 3349 1227 3381 cum
1262 3333 1459 3384 dicimus
1480 3374 1492 3398 ,
1554 3353 1646 3385 non
1679 3335 1832 3384 fluxas
1863 3335 1966 3386 illas
1999 3346 2045 3388 et

145 3414 351 3464 caducas
379 3414 716 3484 intelligimus,
773 3433 893 3482 quae
934 3416 980 3465 in
1011 3433 1293 3483 unaquaque
1325 3435 1486 3468 earum
1521 3435 1679 3468 rerum
1715 3436 1836 3485 quae
1866 3420 2044 3471 adven-

145 3496 261 3548 titiis
304 3498 447 3548 rebus
481 3500 750 3549 afficiuntur
777 3500 906 3551 vires
935 3517 1045 3549 suas
1072 3518 1126 3549 ac
1159 3502 1450 3551 mutationes
1480 3511 1735 3565 exerceat,
1790 3511 2044 3571 utcumque

143 3599 230 3631 nos
263 3599 290 3631 a
319 3590 363 3631 te
392 3583 544 3633 coacti
575 3584 843 3634 affectionis
882 3584 1165 3634 vocabulum
1198 3586 1252 3634 ad
1288 3585 1447 3645 divina
1480 3587 1831 3637 transferimus.
1908 3587 2043 3640 Nihil

143 3674 219 3715 est
252 3666 398 3733 igitur
427 3667 474 3716 in
504 3668 592 3717 deo
620 3668 696 3717 vel
725 3668 1047 3729 antecellenS,
1106 3668 1181 3719 vel
1211 3677 1369 3720 aetate
1401 3670 1667 3739 posteriuS,
1722 3672 1806 3723 sed
1843 3689 1898 3723 ea
1926 3673 2044 3723 dun-

197 3778 234 3818 5,
265 3776 457 3831 τεθεικὰς
484 3781 592 3821 codd.
623 3792 713 3821 mss.
744 3784 779 3820 et
808 3782 865 3822 ed.
892 3783 1015 3834 princ.
