2508 4134
445 313 670 355 PANARu
700 313 802 352 [ΑΒ.
827 313 894 351 tn.
928 311 1060 351 ΤοΜ.
1084 312 1132 350 n.
1164 311 1353 350 expos
1391 310 1494 349 Fin.
1528 307 1760 348 CATuoL.
1955 295 2055 344 507

156 420 374 482 petrant,
429 419 477 461 et
507 412 584 479 qui
615 410 786 479 stupidi
822 409 1156 477 desperatique
1196 417 1323 458 sunt.
1403 405 1637 473 Quorqu
1665 405 1850 473 singula
1896 420 2059 472 perse-

157 497 232 565 qui
266 505 313 545 et
345 496 585 546 horrenda
618 495 831 546 facinora
865 509 1247 543 commemorare
1290 507 1703 559 supervacaneum
1735 498 1784 538 et
1814 487 2057 555 indignum

156 580 346 649 putavi3
399 588 533 629 tanta
565 588 640 630 est
673 578 874 629 istorum
915 576 1158 627 hominum
1197 575 1436 642 nequitiae
1476 573 1859 641 flagitiorumque
1893 588 2060 622 corru-

156 665 301 733 ptela.
359 661 505 713 'Nam
532 663 579 713 in
608 661 770 714 Media
800 678 988 712 rursum
1020 677 1109 710 sex
1140 676 1249 710 esse
1280 660 1499 709 feruntur
1522 666 1685 708 sectae
1715 675 1739 716 a
1770 674 1823 706 se
1851 655 2058 707 invicem

155 749 394 800 diversae.
429 754 432 756 ’
477 745 526 797 ln
556 747 813 815 Aethiopia
844 762 962 797 vero
993 761 1047 793 ac
1076 741 1308 804 Perside,
1359 740 1586 805 Parthia,
1628 739 1913 803 Elamitide,
1966 736 2061 790 Ca-

155 833 288 901 spia,
350 830 641 894 Germania,
703 828 947 882 Sarmatia
999 828 1120 895 apud
1174 825 1404 888 Daunos,
1467 825 1704 887 Zicchos,
1760 825 2058 886 Amazonas,

154 915 347 978 Lazos,
390 914 590 978 IberOS,
633 913 1010 983 BosphoranOS,
1054 910 1233 974 Gelos,
1277 908 1458 973 SeraS,
1501 910 1714 977 aliasque
1746 917 1942 975 gentes,
1995 908 2062 957 le-

155 1018 264 1067 gum
293 1017 350 1050 ae
378 1008 618 1050 sectarum
651 1008 697 1049 et
727 999 994 1048 haereseon
1026 1014 1081 1046 ac
1111 995 1353 1046 variorum
1398 995 1725 1045 institutorum
1767 993 1951 1043 infinita
1981 1010 2064 1060 ge-

157 1102 272 1136 nera
302 1093 432 1134 sunt.
510 1081 736 1151 Exempli
768 1099 938 1132 caussa
970 1081 1091 1149 apud
1125 1077 1275 1137 Seras
1308 1080 1397 1129 viri
1430 1078 1626 1145 capillos
1659 1078 1963 1144 intorquent,
2006 1094 2062 1126 ae

157 1168 282 1218 domi
327 1167 573 1230 resident,
633 1166 888 1234 unguentis
931 1164 1125 1215 delibuti
1168 1182 1222 1214 ac
1256 1163 1486 1213 ‘muliebri
1529 1163 1659 1212 cultu
1703 1161 2059 1228 lenocinioque,

157 1271 249 1321 quo
280 1253 513 1303 uxoribus
549 1253 795 1321 placeant,
839 1250 1058 1319 expoliti.
1136 1247 1178 1298 Ε
1211 1248 1455 1298 contrario
1483 1247 1689 1297 feminae
1718 1255 1859 1296 tonso
1887 1247 2061 1313 eapite,

157 1355 212 1388 ac
251 1337 378 1388 virili
420 1337 613 1404 cingulo
652 1336 958 1405 praecinctae
1003 1333 1346 1402 agriculturam
1392 1340 1646 1381 exercent.
1726 1331 1866 1398 Apud
1913 1328 2064 1379 Gelos

156 1439 388 1490 perversa
416 1422 635 1484 ratione,
694 1419 773 1488 qui
815 1418 939 1468 mala
973 1426 1250 1486 perpetrant
1279 1417 1336 1466 ab
1364 1417 1480 1484 ipsis
1512 1416 1698 1484 legibus
1730 1415 2067 1465 commendan-

157 1516 251 1556 tur.
333 1504 428 1555 lam
464 1507 585 1574 apud
620 1504 842 1555 Graecos
883 1521 1022 1570 quam
1056 1502 1200 1552 multa
1233 1501 1465 1570 mysteria
1495 1500 1895 1566 ceremoniaeque
1927 1498 2063 1548 sunt!

157 1588 440 1642 Cuiusmodi
472 1597 584 1640 sunt
614 1587 863 1655 Megarica
898 1587 1148 1637 mulierum
1182 1603 1349 1648 sacra,
1393 1584 1809 1653 Thesmophoria3
1863 1600 2063 1650 quorum

156 1675 277 1725 ritus
305 1693 332 1725 a
360 1691 412 1724 se
445 1683 607 1724 mutuo
635 1673 926 1740 discrepant.
1005 1670 1134 1721 Tum
1163 1669 1441 1732 Eleusinia,
1483 1687 1604 1737 quae
1631 1670 1679 1718 in
1710 1669 1940 1718 honorem
1971 1663 2068 1717 Ce-

157 1759 282 1809 reris
310 1776 366 1808 ac
397 1756 719 1826 Proserpinae
762 1756 1097 1817 celebrantur,
1158 1764 1204 1804 et
1245 1771 1366 1821 quae
1408 1753 1505 1803 illic
1536 1753 1585 1803 iu
1615 1752 1941 1821 penetralibus
1984 1751 2068 1801 ob-

157 1860 337 1893 scoena
374 1842 607 1892 committi
634 1841 822 1903 solent,
877 1841 1010 1890 velut
1050 1857 1154 1889 cum
1194 1838 1420 1888 mulieres
1454 1839 1784 1898 denudantur,
1839 1845 1890 1886 ut.
1922 1836 2071 1885 hone-

158 1927 370 1977 stissime
398 1927 570 1976 dicam.
651 1923 840 1991 Quibus
869 1925 1103 1974 accedunt
1135 1933 1390 1992 tympana,
1448 1923 1568 1985 liba,
1626 1921 1886 1982 rhombus,
1944 1920 2069 1970 cala-

159 2011 300 2074 thus,
356 2011 462 2061 lana
498 2012 651 2072 facta,
706 2010 1004 2078 cymbalum,
1061 2008 1232 2058 cinnus
1264 2008 1310 2056 in
1341 2007 1509 2075 poculo
1540 2015 1851 2075 temperatus.
1931 2005 2069 2054 Adde

160 2104 208 2145 et
235 2093 407 2163 Pythia
428 2133 440 2156 ‚
484 2112 604 2162 quae
632 2094 680 2143 in
711 2094 944 2143 honorem
972 2092 1293 2156 Archemori,
1335 2101 1382 2141 et
1413 2089 1607 2141 Isthmia
1627 2131 1640 2154 ,
1683 2107 1804 2157 quae
1837 2089 1885 2138 in
1917 2088 2071 2139 Atha-

160 2180 335 2229 mantis
369 2188 415 2228 et
444 2177 731 2229 Melicertae
760 2177 876 2227 Inus
921 2178 999 2226 filii
1034 2176 1314 2226 memoriam
1347 2175 1640 2225 indicuntur.
1704 2174 1848 2224 *Tum
1879 2191 1963 2223 eos
1991 2173 2069 2240 qui

159 2262 375 2314 Phallum
405 2263 778 2326 circumferunt,
821 2279 1035 2329 quaeque
1065 2259 1289 2327 Priapeia
1316 2277 1451 2310 sacra
1482 2259 1754 2326 turpissima
1779 2276 1834 2309 ac
1865 2258 2071 2326 flagitio-

160 2348 353 2398 sissima
396 2348 723 2414 frequentant.
801 2346 877 2396 Ad
919 2346 1037 2395 haec
1076 2343 1246 2395 Rheae
1288 2345 1500 2394 cultores
1541 2345 1703 2406 viros,
1759 2343 1837 2410 qni
1876 2351 2072 2392 teneros

161 2449 320 2482 mares
358 2441 619 2494 exsecant,
677 2440 723 2480 et
754 2431 909 2480 virilia
950 2430 1163 2479 funditus
1204 2438 1479 2497 amputant,
1533 2429 1651 2477 adeo
1697 2436 1745 2477 nt
1786 2445 1940 2494 neque
1982 2427 2070 2476 viri

160 2516 362 2583 amplius
395 2532 503 2565 esse
536 2515 750 2581 possint,
804 2532 958 2582 neque
993 2514 1220 2563 mulieres
1264 2513 1361 2563 sint
1388 2531 1411 2562 a
1450 2522 1616 2562 natura
1666 2513 1795 2575 facti.
1875 2509 2000 2562 Sunt
2027 2521 2075 2559 et

162 2601 238 2650 alii
274 2597 588 2668 Dionysiaci,
630 2599 709 2667 qui
740 2596 973 2650 Curetum
1004 2598 1157 2648 saeris
1187 2607 1235 2648 et
1264 2598 1481 2647 carnium
1510 2596 1736 2647 divisioni
1768 2596 1960 2646 initiare
1996 2613 2075 2645 so-

162 2685 293 2746 lent,
337 2683 555 2733 coronati
586 2684 922 2751 serpentibus,
973 2692 1207 2745 ovantes,
1263 2690 1311 2732 et
1339 2686 1436 2731 Oua
1469 2700 1556 2730 oua
1588 2682 1942 2743 vociferantes,
1986 2680 2075 2729 hoc

162 2777 237 2819 est
267 2767 422 2818 Evam
454 2768 608 2830 illam,
667 2785 806 2835 quam
843 2784 1046 2835 serpens
1084 2768 1302 2835 decepit,
1357 2768 1671 2829 invocantes,
1725 2767 1830 2815 sive
1865 2765 2072 2832 aspirata

161 2869 282 2902 voce
319 2861 594 2920 serpentem
638 2850 878 2901 Hebraica
919 2852 1078 2918 lingua
1121 2854 1176 2901 ad
1222 2852 1434 2901 fraudem
1479 2868 1614 2900 suam
1658 2859 1707 2900 et
1742 2866 1957 2899 errorem
1989 2866 2075 2897 vo—

162 2947 347 2987 cantes.
423 2935 551 2987 Nam
581 2935 687 2985 Eva
724 2936 763 2984 si
793 2936 924 2985 tenui
968 2936 1137 3003 spiritu
1178 2935 1517 3002 pronuntietur
1561 2918 1781 2984 feminam
1813 2933 2070 2999 significat,

161 3022 235 3072 sin
275 3022 548 3089 aspiretur,
591 3019 803 3069 Hebraei
846 3019 934 3068 hoc
974 3020 1207 3070 vocabulo
1247 3024 1373 3068 Heva
1412 3028 1686 3086 serpentem
1729 3018 2020 3083 intelligunt.

299 3104 366 3155 Et
402 3105 510 3172 quid
556 3105 728 3155 attinet
772 3104 905 3170 plura
947 3103 1141 3153 dicere?
1217 3103 1434 3171 Tempus
1475 3121 1550 3152 me
1588 3103 1773 3152 deficiet
1815 3101 1854 3150 si
1886 3101 2070 3150 infinita
2118 3112 2217 3164 Cap.

160 3190 242 3240 illa
272 3189 515 3239 hominum
553 3188 831 3239 discrimina
865 3189 911 3236 in
943 3196 1190 3254 utramque
1230 3196 1442 3255 partem,
1499 3188 1587 3237 hoc
1629 3195 1701 3236 est
1749 3185 1975 3235 virtutem
2017 3202 2072 3234 ac

161 3304 249 3341 edit.
276 3304 401 3351 princ.
459 3299 719 3353 Μαλικέρτου
748 3302 884 3339 vitium
920 3303 973 3339 est
1001 3301 1088 3339 edil.
1148 3301 1236 3339 edit.
1266 3302 1399 3339 Petav.

162 3360 296 3398 Petav.
330 3359 458 3397 Colon.
487 3362 601 3406 repet.
1207 3355 1267 3395 11.
1302 3355 1417 3408 ῥαίαν
1446 3358 1556 3395 codd.
1588 3368 1676 3395 mss.
1708 3359 1874 3403 uterque.

216 3413 255 3453 ὲ).
283 3409 390 3454 Ἰνοῦ
421 3415 502 3452 cod.
535 3414 695 3462 Rhediy.
1206 3412 1266 3450 12.
1298 3408 1504 3463 κουρήτας
1543 3413 1625 3450 cod.
1651 3413 1755 3462 Ien.‚
1799 3423 1887 3449 cum
1913 3422 2075 3450 rasurae

220 3470 283 3509 10.
314 3471 498 3510 Petamus
536 3472 753 3517 suspicatus
784 3474 835 3508 est
872 3466 1088 3519 φαλλίζου·
1147 3470 1344 3517 vestigiis,
1389 3473 1422 3507 et
1466 3469 1552 3506 edit.
1589 3470 1711 3516 princ.
1771 3463 1951 3519 κόρυτας
1990 3469 2072 3506 cod.

165 3539 256 3574 σαι,
286 3527 442 3564 Lobech.
469 3527 654 3574 Ayluoph.
682 3538 719 3573 p.
743 3523 836 3566 704.
869 3525 1089 3576 φαλλαγω-
1148 3525 1303 3573 Rhediy.

162 3582 332 3634 γοῢσαι,
374 3583 433 3619 vel
465 3580 802 3635 βασσαρίζουσαι.
860 3582 955 3619 Mihi
984 3581 1089 3618 vide·
1207 3578 1268 3618 13.
1301 3578 1519 3630 κρεονομία
1547 3581 1629 3617 cod.
1660 3580 1819 3627 Rhediy.

163 3640 275 3676 batur
342 3639 577 3675 retinendum
635 3649 711 3676 esse
768 3635 1090 3690 φαλλαρίζουσαι
1206 3633 1266 3674 14.
1301 3637 1361 3684 Cf.
1392 3638 1454 3673 Fr.
1488 3637 1627 3674 Franci
1664 3635 1889 3684 (Salmasii)
1924 3638 2072 3685 Confut.

165 3692 296 3744 (verbo
337 3694 423 3741 ficto
463 3705 487 3730 a
526 3691 770 3745 φαλλοὶριον,
822 3695 856 3731 h.
886 3705 916 3731 e.
955 3691 1089 3729 minor
1145 3693 1375 3730 Animadvv.
1406 3693 1491 3729 Ant.
1526 3693 1705 3729 Cercoetii
1731 3703 1822 3740 pay.
1851 3691 1904 3730 &2
1923 3704 1976 3741 sq.

163 3747 348 3800 phallus,
392 3744 771 3801 ὑποκορυστικῶς),
801 3751 857 3787 uti
887 3750 1024 3797 leyicur
1048 3751 1087 3785 in
1203 3747 1265 3786 15.
1294 3742 1340 3787 ου’
1364 3759 1434 3795 pro
1458 3740 1487 3798 ἦ
1513 3748 1690 3785 mendose
1711 3752 1915 3787 exaratum
1937 3750 2074 3798 le9itur

164 3806 246 3843 cod.
288 3806 362 3843 len.
407 3808 441 3842 et
492 3807 550 3843 ed.
590 3808 714 3854 princ.
788 3803 1087 3858 φαλαρίζουσαι
1139 3805 1182 3843 in
1212 3805 1300 3842 edit.
1332 3805 1464 3842 Petav.
1500 3804 1628 3842 Coton.
1657 3806 1772 3852 repet.

2247 3111 2325 3150 XI.
