<?xml version="1.0" encoding="UTF-8"?>
<!DOCTYPE html PUBLIC "-//W3C//DTD XHTML 1.0 Transitional//EN"
    "http://www.w3.org/TR/xhtml1/DTD/xhtml1-transitional.dtd">
<html xmlns="http://www.w3.org/1999/xhtml" xml:lang="en" lang="en">
 <head>
  <title>
</title>
<meta http-equiv="Content-Type" content="text/html;charset=utf-8" />
  <meta name='ocr-system' content='tesseract 3.04.00' />
  <meta name='ocr-capabilities' content='ocr_page ocr_carea ocr_par ocr_line ocrx_word'/>
</head>
<body>
  <div class='ocr_page' id='page_1' title='image "./pt3corporishaere02epipuoft_0263.png"; bbox 0 0 2508 4134; ppageno 0'>
   <div class='ocr_carea' id='block_1_1' title="bbox 494 274 1982 329">
    <p class='ocr_par' dir='ltr' id='par_1_1' title="bbox 494 274 1982 329">
     <span class='ocr_line' id='line_1_1' title="bbox 494 274 1982 329; baseline -0.003 0"><span class='ocrx_word' id='word_1_1' title='bbox 494 288 715 329; x_wconf 69' lang='lat' dir='ltr'>PANARn</span> <span class='ocrx_word' id='word_1_2' title='bbox 745 287 847 328; x_wconf 80' lang='lat' dir='ltr'>Lm.</span> <span class='ocrx_word' id='word_1_3' title='bbox 872 288 942 327; x_wconf 82' lang='lat' dir='ltr'>in.</span> <span class='ocrx_word' id='word_1_4' title='bbox 969 288 1100 328; x_wconf 83' lang='grc' dir='ltr'>ΤοΜ.</span> <span class='ocrx_word' id='word_1_5' title='bbox 1125 289 1157 328; x_wconf 89' lang='lat'>1.</span> <span class='ocrx_word' id='word_1_6' title='bbox 1187 287 1348 328; x_wconf 73' lang='lat' dir='ltr'>HAER.</span> <span class='ocrx_word' id='word_1_7' title='bbox 1376 287 1575 328; x_wconf 77' lang='lat' dir='ltr'>Lxxvr.</span> <span class='ocrx_word' id='word_1_8' title='bbox 1882 274 1982 326; x_wconf 85' lang='lat'>253</span> 
     </span>
    </p>
   </div>
   <div class='ocr_carea' id='block_1_2' title="bbox 62 382 1994 3817">
    <p class='ocr_par' dir='ltr' id='par_1_2' title="bbox 62 382 1994 3817">
     <span class='ocr_line' id='line_1_2' title="bbox 229 382 1981 452; baseline -0.003 -14"><span class='ocrx_word' id='word_1_9' title='bbox 229 383 428 440; x_wconf 79' lang='lat' dir='ltr'>Conl&#39;ut.</span> <span class='ocrx_word' id='word_1_10' title='bbox 452 383 524 437; x_wconf 89' lang='lat' dir='ltr'>X.</span> <span class='ocrx_word' id='word_1_11' title='bbox 602 382 755 435; x_wconf 86' lang='lat' dir='ltr'>lnstat</span> <span class='ocrx_word' id='word_1_12' title='bbox 793 384 1024 452; x_wconf 88' lang='lat' dir='ltr'>oppositis</span> <span class='ocrx_word' id='word_1_13' title='bbox 1064 385 1330 435; x_wconf 85' lang='lat' dir='ltr'>rationibus</span> <span class='ocrx_word' id='word_1_14' title='bbox 1364 393 1412 434; x_wconf 90' lang='lat' dir='ltr'>et</span> <span class='ocrx_word' id='word_1_15' title='bbox 1448 383 1745 452; x_wconf 79' lang='lat' dir='ltr'>argumentis</span> <span class='ocrx_word' id='word_1_16' title='bbox 1792 382 1981 446; x_wconf 77' lang='lat' dir='ltr'>Ae‘tius,</span> 
     </span>
     <span class='ocr_line' id='line_1_3' title="bbox 90 467 1983 535; baseline -0.003 -13"><span class='ocrx_word' id='word_1_17' title='bbox 90 470 352 525; x_wconf 83' lang='lat' dir='ltr'>dialecticis</span> <span class='ocrx_word' id='word_1_18' title='bbox 388 469 588 520; x_wconf 90' lang='lat' dir='ltr'>vocibus</span> <span class='ocrx_word' id='word_1_19' title='bbox 627 469 832 519; x_wconf 87' lang='lat' dir='ltr'>humano</span> <span class='ocrx_word' id='word_1_20' title='bbox 867 468 1062 535; x_wconf 88' lang='lat' dir='ltr'>ingenio</span> <span class='ocrx_word' id='word_1_21' title='bbox 1102 468 1346 517; x_wconf 82' lang='lat' dir='ltr'>fabricatis</span> <span class='ocrx_word' id='word_1_22' title='bbox 1393 467 1799 535; x_wconf 78' lang='lat' dir='ltr'>comprehendere</span> <span class='ocrx_word' id='word_1_23' title='bbox 1846 467 1983 517; x_wconf 87' lang='lat' dir='ltr'>deum</span> 
     </span>
     <span class='ocr_line' id='line_1_4' title="bbox 89 550 1984 620; baseline -0.003 -14"><span class='ocrx_word' id='word_1_24' title='bbox 89 554 305 620; x_wconf 85' lang='lat' dir='ltr'>cupiens,</span> <span class='ocrx_word' id='word_1_25' title='bbox 346 571 401 602; x_wconf 90' lang='lat' dir='ltr'>ac</span> <span class='ocrx_word' id='word_1_26' title='bbox 427 551 744 604; x_wconf 75' lang='lat' dir='ltr'>certissimam</span> <span class='ocrx_word' id='word_1_27' title='bbox 774 550 1011 602; x_wconf 83' lang='lat' dir='ltr'>evidentis</span> <span class='ocrx_word' id='word_1_28' title='bbox 1037 550 1142 600; x_wconf 85' lang='lat' dir='ltr'>fidei</span> <span class='ocrx_word' id='word_1_29' title='bbox 1173 567 1304 617; x_wconf 89' lang='lat' dir='ltr'>spem</span> <span class='ocrx_word' id='word_1_30' title='bbox 1334 551 1593 600; x_wconf 71' lang='lat' dir='ltr'>dictionum</span> <span class='ocrx_word' id='word_1_31' title='bbox 1623 568 1814 601; x_wconf 87' lang='lat' dir='ltr'>suarum</span> <span class='ocrx_word' id='word_1_32' title='bbox 1841 568 1984 618; x_wconf 87' lang='lat' dir='ltr'>argu-</span> 
     </span>
     <span class='ocr_line' id='line_1_5' title="bbox 90 632 1988 701; baseline -0.002 -13"><span class='ocrx_word' id='word_1_33' title='bbox 90 639 169 689; x_wconf 91' lang='lat' dir='ltr'>tiis</span> <span class='ocrx_word' id='word_1_34' title='bbox 213 638 433 688; x_wconf 87' lang='lat' dir='ltr'>mutilare</span> <span class='ocrx_word' id='word_1_35' title='bbox 478 637 793 687; x_wconf 89' lang='lat' dir='ltr'>contendens.</span> <span class='ocrx_word' id='word_1_36' title='bbox 870 632 1037 701; x_wconf 86' lang='lat' dir='ltr'>ltaque</span> <span class='ocrx_word' id='word_1_37' title='bbox 1080 634 1323 684; x_wconf 88' lang='lat' dir='ltr'>dissimilis</span> <span class='ocrx_word' id='word_1_38' title='bbox 1367 634 1648 684; x_wconf 89' lang='lat' dir='ltr'>vocabulum</span> <span class='ocrx_word' id='word_1_39' title='bbox 1691 634 1988 686; x_wconf 72' lang='lat' dir='ltr'>dissimiliter</span> 
     </span>
     <span class='ocr_line' id='line_1_6' title="bbox 91 717 1985 783; baseline -0.001 -12"><span class='ocrx_word' id='word_1_40' title='bbox 91 721 371 783; x_wconf 75' lang='lat' dir='ltr'>committit,</span> <span class='ocrx_word' id='word_1_41' title='bbox 424 728 472 770; x_wconf 89' lang='lat' dir='ltr'>et</span> <span class='ocrx_word' id='word_1_42' title='bbox 503 721 736 771; x_wconf 87' lang='lat' dir='ltr'>dictiones</span> <span class='ocrx_word' id='word_1_43' title='bbox 763 719 881 770; x_wconf 90' lang='lat' dir='ltr'>alias</span> <span class='ocrx_word' id='word_1_44' title='bbox 919 719 1025 769; x_wconf 90' lang='lat' dir='ltr'>aliis</span> <span class='ocrx_word' id='word_1_45' title='bbox 1057 719 1112 767; x_wconf 89' lang='lat' dir='ltr'>ad</span> <span class='ocrx_word' id='word_1_46' title='bbox 1151 717 1461 767; x_wconf 84' lang='lat' dir='ltr'>evertendum</span> <span class='ocrx_word' id='word_1_47' title='bbox 1492 717 1691 782; x_wconf 85' lang='lat' dir='ltr'>inserit,</span> <span class='ocrx_word' id='word_1_48' title='bbox 1748 728 1797 769; x_wconf 91' lang='lat' dir='ltr'>ut</span> <span class='ocrx_word' id='word_1_49' title='bbox 1822 736 1878 770; x_wconf 90' lang='lat' dir='ltr'>ea</span> <span class='ocrx_word' id='word_1_50' title='bbox 1911 736 1985 769; x_wconf 90' lang='lat' dir='ltr'>ra·</span> 
     </span>
     <span class='ocr_line' id='line_1_7' title="bbox 91 802 1986 872; baseline -0.002 -16"><span class='ocrx_word' id='word_1_51' title='bbox 91 805 221 856; x_wconf 87' lang='lat' dir='ltr'>tione</span> <span class='ocrx_word' id='word_1_52' title='bbox 250 804 496 867; x_wconf 78' lang='lat' dir='ltr'>conficiat,</span> <span class='ocrx_word' id='word_1_53' title='bbox 553 804 696 855; x_wconf 85' lang='lat' dir='ltr'>filium</span> <span class='ocrx_word' id='word_1_54' title='bbox 725 804 871 872; x_wconf 87' lang='lat' dir='ltr'>patris</span> <span class='ocrx_word' id='word_1_55' title='bbox 905 819 1014 852; x_wconf 91' lang='lat' dir='ltr'>esse</span> <span class='ocrx_word' id='word_1_56' title='bbox 1045 802 1352 863; x_wconf 67' lang='lat' dir='ltr'>dissimilem,</span> <span class='ocrx_word' id='word_1_57' title='bbox 1408 802 1530 868; x_wconf 90' lang='lat' dir='ltr'>quod</span> <span class='ocrx_word' id='word_1_58' title='bbox 1561 802 1661 851; x_wconf 85' lang='lat' dir='ltr'>ficri</span> <span class='ocrx_word' id='word_1_59' title='bbox 1693 803 1820 853; x_wconf 92' lang='lat' dir='ltr'>nullo</span> <span class='ocrx_word' id='word_1_60' title='bbox 1848 804 1986 853; x_wconf 91' lang='lat' dir='ltr'>modo</span> 
     </span>
     <span class='ocr_line' id='line_1_8' title="bbox 91 884 1985 958; baseline -0.002 -18"><span class='ocrx_word' id='word_1_61' title='bbox 91 897 266 958; x_wconf 83' lang='lat' dir='ltr'>potest.</span> <span class='ocrx_word' id='word_1_62' title='bbox 345 885 509 955; x_wconf 82' lang='lat' dir='ltr'>Quare</span> <span class='ocrx_word' id='word_1_63' title='bbox 550 888 650 938; x_wconf 92' lang='lat' dir='ltr'>suis</span> <span class='ocrx_word' id='word_1_64' title='bbox 694 887 796 954; x_wconf 88' lang='lat' dir='ltr'>ipse</span> <span class='ocrx_word' id='word_1_65' title='bbox 837 886 1130 956; x_wconf 79' lang='lat' dir='ltr'>syllogismis</span> <span class='ocrx_word' id='word_1_66' title='bbox 1174 903 1230 936; x_wconf 89' lang='lat' dir='ltr'>ac</span> <span class='ocrx_word' id='word_1_67' title='bbox 1269 885 1535 935; x_wconf 88' lang='lat' dir='ltr'>rationibus</span> <span class='ocrx_word' id='word_1_68' title='bbox 1579 887 1811 954; x_wconf 81' lang='lat' dir='ltr'>capietur.</span> <span class='ocrx_word' id='word_1_69' title='bbox 1902 884 1985 937; x_wconf 88' lang='lat' dir='ltr'>Sic</span> 
     </span>
     <span class='ocr_line' id='line_1_9' title="bbox 90 968 1987 1040; baseline -0.002 -17"><span class='ocrx_word' id='word_1_70' title='bbox 90 973 216 1025; x_wconf 91' lang='lat' dir='ltr'>enim</span> <span class='ocrx_word' id='word_1_71' title='bbox 263 972 498 1040; x_wconf 81' lang='lat' dir='ltr'>disputat:</span> <span class='ocrx_word' id='word_1_72' title='bbox 553 969 607 1022; x_wconf 90' lang='lat' dir='ltr'>Si</span> <span class='ocrx_word' id='word_1_73' title='bbox 653 972 867 1040; x_wconf 79' lang='lat' dir='ltr'>perfecta</span> <span class='ocrx_word' id='word_1_74' title='bbox 905 970 967 1021; x_wconf 90' lang='lat' dir='ltr'>sit</span> <span class='ocrx_word' id='word_1_75' title='bbox 1006 969 1168 1037; x_wconf 84' lang='lat' dir='ltr'>genita</span> <span class='ocrx_word' id='word_1_76' title='bbox 1212 968 1432 1031; x_wconf 85' lang='lat' dir='ltr'>soboleS,</span> <span class='ocrx_word' id='word_1_77' title='bbox 1486 969 1651 1019; x_wconf 91' lang='lat' dir='ltr'>eadem</span> <span class='ocrx_word' id='word_1_78' title='bbox 1692 970 1738 1019; x_wconf 92' lang='lat' dir='ltr'>in</span> <span class='ocrx_word' id='word_1_79' title='bbox 1772 970 1987 1037; x_wconf 90' lang='lat' dir='ltr'>ingenito</span> 
     </span>
     <span class='ocr_line' id='line_1_10' title="bbox 92 1052 1985 1122; baseline -0.002 -15"><span class='ocrx_word' id='word_1_80' title='bbox 92 1057 214 1120; x_wconf 90' lang='lat' dir='ltr'>erit,</span> <span class='ocrx_word' id='word_1_81' title='bbox 268 1074 362 1107; x_wconf 90' lang='lat' dir='ltr'>nnn</span> <span class='ocrx_word' id='word_1_82' title='bbox 403 1072 468 1106; x_wconf 85' lang='lat' dir='ltr'>ex</span> <span class='ocrx_word' id='word_1_83' title='bbox 509 1055 567 1106; x_wconf 88' lang='lat' dir='ltr'>iis</span> <span class='ocrx_word' id='word_1_84' title='bbox 606 1072 728 1122; x_wconf 89' lang='lat' dir='ltr'>quae</span> <span class='ocrx_word' id='word_1_85' title='bbox 769 1073 874 1105; x_wconf 90' lang='lat' dir='ltr'>cum</span> <span class='ocrx_word' id='word_1_86' title='bbox 913 1054 971 1105; x_wconf 88' lang='lat' dir='ltr'>ab</span> <span class='ocrx_word' id='word_1_87' title='bbox 1002 1053 1217 1121; x_wconf 83' lang='lat' dir='ltr'>ingenito</span> <span class='ocrx_word' id='word_1_88' title='bbox 1251 1052 1534 1120; x_wconf 86' lang='lat' dir='ltr'>gigneretur</span> <span class='ocrx_word' id='word_1_89' title='bbox 1563 1054 1784 1104; x_wconf 85' lang='lat' dir='ltr'>obtinuit.</span> <span class='ocrx_word' id='word_1_90' title='bbox 1860 1052 1985 1104; x_wconf 86' lang='lat' dir='ltr'>Nam</span> 
     </span>
     <span class='ocr_line' id='line_1_11' title="bbox 91 1138 1988 1209; baseline -0.002 -18"><span class='ocrx_word' id='word_1_91' title='bbox 91 1141 252 1209; x_wconf 89' lang='lat' dir='ltr'>genita</span> <span class='ocrx_word' id='word_1_92' title='bbox 280 1148 451 1191; x_wconf 84' lang='lat' dir='ltr'>natura</span> <span class='ocrx_word' id='word_1_93' title='bbox 487 1139 534 1190; x_wconf 91' lang='lat' dir='ltr'>in</span> <span class='ocrx_word' id='word_1_94' title='bbox 565 1139 778 1207; x_wconf 87' lang='lat' dir='ltr'>ingenita</span> <span class='ocrx_word' id='word_1_95' title='bbox 805 1138 1072 1189; x_wconf 84' lang='lat' dir='ltr'>substantia</span> <span class='ocrx_word' id='word_1_96' title='bbox 1102 1154 1211 1188; x_wconf 91' lang='lat' dir='ltr'>esse</span> <span class='ocrx_word' id='word_1_97' title='bbox 1243 1155 1337 1188; x_wconf 94' lang='lat' dir='ltr'>non</span> <span class='ocrx_word' id='word_1_98' title='bbox 1368 1145 1555 1206; x_wconf 82' lang='lat' dir='ltr'>potest3</span> <span class='ocrx_word' id='word_1_99' title='bbox 1609 1146 1741 1188; x_wconf 70' lang='lat' dir='ltr'>esset,</span> <span class='ocrx_word' id='word_1_100' title='bbox 1768 1138 1893 1188; x_wconf 93' lang='lat' dir='ltr'>enim</span> <span class='ocrx_word' id='word_1_101' title='bbox 1924 1138 1988 1188; x_wconf 84' lang='lat' dir='ltr'>si·</span> 
     </span>
     <span class='ocr_line' id='line_1_12' title="bbox 91 1221 1989 1290; baseline -0.001 -15"><span class='ocrx_word' id='word_1_102' title='bbox 91 1224 189 1275; x_wconf 89' lang='lat' dir='ltr'>mul</span> <span class='ocrx_word' id='word_1_103' title='bbox 213 1223 369 1285; x_wconf 92' lang='lat' dir='ltr'>idem,</span> <span class='ocrx_word' id='word_1_104' title='bbox 426 1233 474 1274; x_wconf 87' lang='lat' dir='ltr'>et.</span> <span class='ocrx_word' id='word_1_105' title='bbox 505 1240 597 1274; x_wconf 92' lang='lat' dir='ltr'>non</span> <span class='ocrx_word' id='word_1_106' title='bbox 628 1231 778 1274; x_wconf 88' lang='lat' dir='ltr'>esset.</span> <span class='ocrx_word' id='word_1_107' title='bbox 853 1221 980 1273; x_wconf 91' lang='lat' dir='ltr'>Nam</span> <span class='ocrx_word' id='word_1_108' title='bbox 1020 1222 1143 1290; x_wconf 90' lang='lat' dir='ltr'>quod</span> <span class='ocrx_word' id='word_1_109' title='bbox 1175 1221 1386 1289; x_wconf 92' lang='lat' dir='ltr'>genitum</span> <span class='ocrx_word' id='word_1_110' title='bbox 1429 1230 1528 1285; x_wconf 88' lang='lat' dir='ltr'>est,</span> <span class='ocrx_word' id='word_1_111' title='bbox 1583 1221 1847 1290; x_wconf 87' lang='lat' dir='ltr'>ingenitum</span> <span class='ocrx_word' id='word_1_112' title='bbox 1894 1240 1989 1273; x_wconf 90' lang='lat' dir='ltr'>non</span> 
     </span>
     <span class='ocr_line' id='line_1_13' title="bbox 93 1304 1988 1375; baseline -0.001 -17"><span class='ocrx_word' id='word_1_113' title='bbox 93 1318 193 1371; x_wconf 88' lang='lat' dir='ltr'>est,</span> <span class='ocrx_word' id='word_1_114' title='bbox 244 1317 291 1358; x_wconf 87' lang='grc' dir='ltr'><strong>ει</strong></span> <span class='ocrx_word' id='word_1_115' title='bbox 317 1307 440 1375; x_wconf 91' lang='lat' dir='ltr'>quod</span> <span class='ocrx_word' id='word_1_116' title='bbox 469 1306 732 1375; x_wconf 89' lang='lat' dir='ltr'>ingenitum</span> <span class='ocrx_word' id='word_1_117' title='bbox 765 1315 869 1370; x_wconf 87' lang='lat' dir='ltr'>est,</span> <span class='ocrx_word' id='word_1_118' title='bbox 925 1306 1137 1374; x_wconf 87' lang='lat' dir='ltr'>genitum</span> <span class='ocrx_word' id='word_1_119' title='bbox 1171 1324 1264 1357; x_wconf 91' lang='lat' dir='ltr'>non</span> <span class='ocrx_word' id='word_1_120' title='bbox 1298 1304 1404 1356; x_wconf 83' lang='lat' dir='ltr'>suit.</span> <span class='ocrx_word' id='word_1_121' title='bbox 1481 1304 1670 1374; x_wconf 81' lang='lat' dir='ltr'>Quippe</span> <span class='ocrx_word' id='word_1_122' title='bbox 1708 1305 1988 1356; x_wconf 85' lang='lat' dir='ltr'>dissimilem</span> 
     </span>
     <span class='ocr_line' id='line_1_14' title="bbox 92 1390 1988 1460; baseline -0.002 -18"><span class='ocrx_word' id='word_1_123' title='bbox 92 1392 292 1459; x_wconf 87' lang='lat' dir='ltr'>aliquam</span> <span class='ocrx_word' id='word_1_124' title='bbox 320 1391 410 1442; x_wconf 90' lang='lat' dir='ltr'>deo</span> <span class='ocrx_word' id='word_1_125' title='bbox 439 1400 620 1460; x_wconf 91' lang='lat' dir='ltr'>partem</span> <span class='ocrx_word' id='word_1_126' title='bbox 650 1391 860 1441; x_wconf 87' lang='lat' dir='ltr'>tribuere</span> <span class='ocrx_word' id='word_1_127' title='bbox 888 1391 1126 1441; x_wconf 89' lang='lat' dir='ltr'>maledicti</span> <span class='ocrx_word' id='word_1_128' title='bbox 1154 1391 1202 1440; x_wconf 90' lang='lat' dir='ltr'>in</span> <span class='ocrx_word' id='word_1_129' title='bbox 1227 1407 1332 1440; x_wconf 90' lang='lat' dir='ltr'>eum</span> <span class='ocrx_word' id='word_1_130' title='bbox 1358 1407 1413 1440; x_wconf 90' lang='lat' dir='ltr'>ac</span> <span class='ocrx_word' id='word_1_131' title='bbox 1438 1390 1758 1441; x_wconf 87' lang='lat' dir='ltr'>contumeliae</span> <span class='ocrx_word' id='word_1_132' title='bbox 1779 1390 1988 1458; x_wconf 88' lang='lat' dir='ltr'>speciem</span> 
     </span>
     <span class='ocr_line' id='line_1_15' title="bbox 93 1473 1991 1544; baseline 0 -19"><span class='ocrx_word' id='word_1_133' title='bbox 93 1476 323 1544; x_wconf 75' lang='lat' dir='ltr'>praefert.</span> <span class='ocrx_word' id='word_1_134' title='bbox 405 1473 484 1526; x_wconf 87' lang='lat' dir='ltr'>Ex</span> <span class='ocrx_word' id='word_1_135' title='bbox 526 1476 697 1543; x_wconf 90' lang='lat' dir='ltr'>quibus</span> <span class='ocrx_word' id='word_1_136' title='bbox 740 1476 860 1526; x_wconf 85' lang='lat' dir='ltr'>falsa</span> <span class='ocrx_word' id='word_1_137' title='bbox 903 1474 1028 1526; x_wconf 90' lang='lat' dir='ltr'>illius</span> <span class='ocrx_word' id='word_1_138' title='bbox 1073 1492 1130 1525; x_wconf 83' lang='lat' dir='ltr'>ae</span> <span class='ocrx_word' id='word_1_139' title='bbox 1171 1473 1432 1525; x_wconf 87' lang='lat' dir='ltr'>mendaciis</span> <span class='ocrx_word' id='word_1_140' title='bbox 1474 1476 1656 1526; x_wconf 86' lang='lat' dir='ltr'>referta</span> <span class='ocrx_word' id='word_1_141' title='bbox 1686 1473 1991 1525; x_wconf 84' lang='lat' dir='ltr'>convincitur</span> 
     </span>
     <span class='ocr_line' id='line_1_16' title="bbox 94 1557 1991 1628; baseline 0 -19"><span class='ocrx_word' id='word_1_142' title='bbox 94 1560 276 1623; x_wconf 89' lang='lat' dir='ltr'>oratio,</span> <span class='ocrx_word' id='word_1_143' title='bbox 326 1558 468 1626; x_wconf 88' lang='lat' dir='ltr'>idque</span> <span class='ocrx_word' id='word_1_144' title='bbox 505 1560 756 1628; x_wconf 88' lang='lat' dir='ltr'>perspicue</span> <span class='ocrx_word' id='word_1_145' title='bbox 799 1567 1014 1622; x_wconf 88' lang='lat' dir='ltr'>constat,</span> <span class='ocrx_word' id='word_1_146' title='bbox 1068 1557 1345 1609; x_wconf 88' lang='lat' dir='ltr'>dissimilem</span> <span class='ocrx_word' id='word_1_147' title='bbox 1389 1559 1534 1627; x_wconf 90' lang='lat' dir='ltr'>patris</span> <span class='ocrx_word' id='word_1_148' title='bbox 1573 1576 1682 1610; x_wconf 91' lang='lat' dir='ltr'>esse</span> <span class='ocrx_word' id='word_1_149' title='bbox 1720 1559 1861 1609; x_wconf 87' lang='lat' dir='ltr'>lilium</span> <span class='ocrx_word' id='word_1_150' title='bbox 1896 1577 1991 1609; x_wconf 92' lang='lat' dir='ltr'>non</span> 
     </span>
     <span class='ocr_line' id='line_1_17' title="bbox 86 1641 1991 1712; baseline 0 -19"><span class='ocrx_word' id='word_1_151' title='bbox 86 1659 269 1711; x_wconf 86' lang='lat' dir='ltr'>posse,</span> <span class='ocrx_word' id='word_1_152' title='bbox 311 1660 464 1710; x_wconf 87' lang='lat' dir='ltr'>neque</span> <span class='ocrx_word' id='word_1_153' title='bbox 510 1645 753 1712; x_wconf 75' lang='lat' dir='ltr'>perfectae</span> <span class='ocrx_word' id='word_1_154' title='bbox 793 1642 1030 1694; x_wconf 90' lang='lat' dir='ltr'>divinitati</span> <span class='ocrx_word' id='word_1_155' title='bbox 1073 1643 1199 1694; x_wconf 92' lang='lat' dir='ltr'>illius</span> <span class='ocrx_word' id='word_1_156' title='bbox 1242 1643 1560 1711; x_wconf 84' lang='lat' dir='ltr'>inaequalem.</span> <span class='ocrx_word' id='word_1_157' title='bbox 1640 1641 1830 1693; x_wconf 85' lang='lat' dir='ltr'>Etenim</span> <span class='ocrx_word' id='word_1_158' title='bbox 1871 1661 1991 1711; x_wconf 88' lang='lat' dir='ltr'>quae</span> 
     </span>
     <span class='ocr_line' id='line_1_18' title="bbox 95 1726 1992 1795; baseline 0.001 -17"><span class='ocrx_word' id='word_1_159' title='bbox 95 1726 289 1778; x_wconf 90' lang='lat' dir='ltr'>omnino</span> <span class='ocrx_word' id='word_1_160' title='bbox 321 1727 451 1779; x_wconf 86' lang='lat' dir='ltr'>velut</span> <span class='ocrx_word' id='word_1_161' title='bbox 484 1735 681 1779; x_wconf 83' lang='lat' dir='ltr'>coactus</span> <span class='ocrx_word' id='word_1_162' title='bbox 708 1728 974 1795; x_wconf 85' lang='lat' dir='ltr'>eloquitur,</span> <span class='ocrx_word' id='word_1_163' title='bbox 1030 1745 1085 1777; x_wconf 87' lang='lat' dir='ltr'>ea</span> <span class='ocrx_word' id='word_1_164' title='bbox 1116 1728 1386 1778; x_wconf 88' lang='lat' dir='ltr'>sententiae</span> <span class='ocrx_word' id='word_1_165' title='bbox 1419 1745 1536 1778; x_wconf 87' lang='lat' dir='ltr'>suae</span> <span class='ocrx_word' id='word_1_166' title='bbox 1569 1728 1810 1779; x_wconf 89' lang='lat' dir='ltr'>contraria</span> <span class='ocrx_word' id='word_1_167' title='bbox 1840 1728 1992 1779; x_wconf 87' lang='lat' dir='ltr'>disse-</span> 
     </span>
     <span class='ocr_line' id='line_1_19' title="bbox 94 1810 1992 1880; baseline 0.001 -19"><span class='ocrx_word' id='word_1_168' title='bbox 94 1811 182 1874; x_wconf 87' lang='lat' dir='ltr'>rit,</span> <span class='ocrx_word' id='word_1_169' title='bbox 235 1812 341 1861; x_wconf 90' lang='lat' dir='ltr'>dum</span> <span class='ocrx_word' id='word_1_170' title='bbox 384 1811 574 1862; x_wconf 84' lang='lat' dir='ltr'>assidue</span> <span class='ocrx_word' id='word_1_171' title='bbox 614 1811 824 1880; x_wconf 91' lang='lat' dir='ltr'>genitum</span> <span class='ocrx_word' id='word_1_172' title='bbox 874 1820 920 1861; x_wconf 93' lang='lat' dir='ltr'>et</span> <span class='ocrx_word' id='word_1_173' title='bbox 966 1812 1228 1878; x_wconf 88' lang='lat' dir='ltr'>ingenitum</span> <span class='ocrx_word' id='word_1_174' title='bbox 1268 1812 1405 1862; x_wconf 91' lang='lat' dir='ltr'>nobis</span> <span class='ocrx_word' id='word_1_175' title='bbox 1446 1811 1674 1862; x_wconf 86' lang='lat' dir='ltr'>obtrudit.</span> <span class='ocrx_word' id='word_1_176' title='bbox 1761 1810 1901 1864; x_wconf 88' lang='lat' dir='ltr'>Unde</span> <span class='ocrx_word' id='word_1_177' title='bbox 1944 1819 1992 1863; x_wconf 90' lang='lat' dir='ltr'>et</span> 
     </span>
     <span class='ocr_line' id='line_1_20' title="bbox 95 1895 1994 1965; baseline 0.001 -20"><span class='ocrx_word' id='word_1_178' title='bbox 95 1895 218 1963; x_wconf 92' lang='lat' dir='ltr'>quod</span> <span class='ocrx_word' id='word_1_179' title='bbox 248 1896 303 1945; x_wconf 89' lang='lat' dir='ltr'>ad</span> <span class='ocrx_word' id='word_1_180' title='bbox 333 1904 542 1946; x_wconf 92' lang='lat' dir='ltr'>creatum</span> <span class='ocrx_word' id='word_1_181' title='bbox 570 1895 930 1964; x_wconf 85' lang='lat' dir='ltr'>increatumque</span> <span class='ocrx_word' id='word_1_182' title='bbox 958 1905 1172 1965; x_wconf 87' lang='lat' dir='ltr'>spectat,</span> <span class='ocrx_word' id='word_1_183' title='bbox 1221 1895 1334 1946; x_wconf 92' lang='lat' dir='ltr'>illud</span> <span class='ocrx_word' id='word_1_184' title='bbox 1369 1914 1460 1946; x_wconf 88' lang='lat' dir='ltr'>una</span> <span class='ocrx_word' id='word_1_185' title='bbox 1491 1896 1678 1946; x_wconf 90' lang='lat' dir='ltr'>discere</span> <span class='ocrx_word' id='word_1_186' title='bbox 1708 1896 1874 1960; x_wconf 88' lang='lat' dir='ltr'>debet,</span> <span class='ocrx_word' id='word_1_187' title='bbox 1926 1896 1994 1948; x_wconf 88' lang='lat' dir='ltr'>al-</span> 
     </span>
     <span class='ocr_line' id='line_1_21' title="bbox 94 1980 1992 2048; baseline 0.001 -18"><span class='ocrx_word' id='word_1_188' title='bbox 94 1988 248 2030; x_wconf 86' lang='lat' dir='ltr'>terum</span> <span class='ocrx_word' id='word_1_189' title='bbox 287 1996 392 2030; x_wconf 90' lang='lat' dir='ltr'>cum</span> <span class='ocrx_word' id='word_1_190' title='bbox 428 1980 580 2031; x_wconf 89' lang='lat' dir='ltr'>altero</span> <span class='ocrx_word' id='word_1_191' title='bbox 620 1980 796 2031; x_wconf 87' lang='lat' dir='ltr'>nullam</span> <span class='ocrx_word' id='word_1_192' title='bbox 829 1980 1074 2047; x_wconf 86' lang='lat' dir='ltr'>diguitatis</span> <span class='ocrx_word' id='word_1_193' title='bbox 1114 1980 1499 2031; x_wconf 83' lang='lat' dir='ltr'>communionem</span> <span class='ocrx_word' id='word_1_194' title='bbox 1532 1981 1734 2045; x_wconf 80' lang='lat' dir='ltr'>habere3</span> <span class='ocrx_word' id='word_1_195' title='bbox 1792 1998 1914 2048; x_wconf 88' lang='lat' dir='ltr'>quae</span> <span class='ocrx_word' id='word_1_196' title='bbox 1944 1980 1992 2032; x_wconf 94' lang='lat' dir='ltr'>in</span> 
     </span>
     <span class='ocr_line' id='line_1_22' title="bbox 96 2061 1989 2134; baseline 0.002 -21"><span class='ocrx_word' id='word_1_197' title='bbox 96 2079 155 2114; x_wconf 89' lang='lat' dir='ltr'>eo</span> <span class='ocrx_word' id='word_1_198' title='bbox 184 2062 338 2132; x_wconf 88' lang='lat' dir='ltr'>posita</span> <span class='ocrx_word' id='word_1_199' title='bbox 371 2072 520 2114; x_wconf 88' lang='lat' dir='ltr'>estut</span> <span class='ocrx_word' id='word_1_200' title='bbox 554 2072 700 2114; x_wconf 90' lang='lat' dir='ltr'>totum</span> <span class='ocrx_word' id='word_1_201' title='bbox 730 2065 794 2115; x_wconf 85' lang='lat' dir='ltr'>sit</span> <span class='ocrx_word' id='word_1_202' title='bbox 818 2065 1100 2116; x_wconf 80' lang='lat' dir='ltr'>adoratione</span> <span class='ocrx_word' id='word_1_203' title='bbox 1133 2066 1535 2134; x_wconf 88' lang='lat' dir='ltr'>prosequendum.</span> <span class='ocrx_word' id='word_1_204' title='bbox 1613 2061 1668 2116; x_wconf 91' lang='lat' dir='ltr'>Si</span> <span class='ocrx_word' id='word_1_205' title='bbox 1707 2064 1831 2115; x_wconf 90' lang='lat' dir='ltr'>enim</span> <span class='ocrx_word' id='word_1_206' title='bbox 1867 2066 1989 2132; x_wconf 91' lang='lat' dir='ltr'>quod</span> 
     </span>
     <span class='ocr_line' id='line_1_23' title="bbox 62 2147 1993 2218; baseline 0.001 -20"><span class='ocrx_word' id='word_1_207' title='bbox 62 2163 66 2166; x_wconf 57' lang='lat'><strong>⁴</strong></span> <span class='ocrx_word' id='word_1_208' title='bbox 96 2147 326 2199; x_wconf 90' lang='lat' dir='ltr'>dissimile</span> <span class='ocrx_word' id='word_1_209' title='bbox 365 2156 439 2198; x_wconf 88' lang='lat' dir='ltr'>est</span> <span class='ocrx_word' id='word_1_210' title='bbox 466 2166 572 2198; x_wconf 89' lang='lat' dir='ltr'>cum</span> <span class='ocrx_word' id='word_1_211' title='bbox 605 2166 663 2198; x_wconf 90' lang='lat' dir='ltr'>eo</span> <span class='ocrx_word' id='word_1_212' title='bbox 692 2148 826 2200; x_wconf 88' lang='lat' dir='ltr'>euius</span> <span class='ocrx_word' id='word_1_213' title='bbox 860 2149 1089 2200; x_wconf 89' lang='lat' dir='ltr'>dissimile</span> <span class='ocrx_word' id='word_1_214' title='bbox 1118 2161 1192 2200; x_wconf 88' lang='lat' dir='ltr'>est</span> <span class='ocrx_word' id='word_1_215' title='bbox 1224 2150 1539 2218; x_wconf 87' lang='lat' dir='ltr'>adaequatum</span> <span class='ocrx_word' id='word_1_216' title='bbox 1568 2149 1755 2218; x_wconf 88' lang='lat' dir='ltr'>penitus</span> <span class='ocrx_word' id='word_1_217' title='bbox 1784 2147 1848 2199; x_wconf 88' lang='lat' dir='ltr'>sit</span> <span class='ocrx_word' id='word_1_218' title='bbox 1879 2149 1993 2199; x_wconf 91' lang='lat' dir='ltr'>ado-</span> 
     </span>
     <span class='ocr_line' id='line_1_24' title="bbox 97 2231 1989 2302; baseline 0.001 -21"><span class='ocrx_word' id='word_1_219' title='bbox 97 2232 315 2295; x_wconf 90' lang='lat' dir='ltr'>randum,</span> <span class='ocrx_word' id='word_1_220' title='bbox 346 2249 470 2283; x_wconf 90' lang='lat' dir='ltr'>unus</span> <span class='ocrx_word' id='word_1_221' title='bbox 491 2231 549 2282; x_wconf 89' lang='lat' dir='ltr'>ab</span> <span class='ocrx_word' id='word_1_222' title='bbox 577 2232 820 2284; x_wconf 87' lang='lat' dir='ltr'>universis</span> <span class='ocrx_word' id='word_1_223' title='bbox 847 2233 963 2284; x_wconf 90' lang='lat' dir='ltr'>nihil</span> <span class='ocrx_word' id='word_1_224' title='bbox 995 2250 1056 2285; x_wconf 84' lang='lat' dir='ltr'>ex</span> <span class='ocrx_word' id='word_1_225' title='bbox 1079 2233 1158 2284; x_wconf 90' lang='lat' dir='ltr'>illa</span> <span class='ocrx_word' id='word_1_226' title='bbox 1189 2234 1408 2284; x_wconf 88' lang='lat' dir='ltr'>oratione</span> <span class='ocrx_word' id='word_1_227' title='bbox 1436 2233 1801 2302; x_wconf 85' lang='lat' dir='ltr'>discrepaverit.</span> <span class='ocrx_word' id='word_1_228' title='bbox 1862 2232 1989 2284; x_wconf 86' lang='lat' dir='ltr'>Tum</span> 
     </span>
     <span class='ocr_line' id='line_1_25' title="bbox 97 2315 1994 2385; baseline 0.002 -20"><span class='ocrx_word' id='word_1_229' title='bbox 97 2315 221 2365; x_wconf 89' lang='lat' dir='ltr'>enim</span> <span class='ocrx_word' id='word_1_230' title='bbox 251 2316 574 2367; x_wconf 91' lang='lat' dir='ltr'>conditionum</span> <span class='ocrx_word' id='word_1_231' title='bbox 615 2317 698 2367; x_wconf 83' lang='lat' dir='ltr'>itta</span> <span class='ocrx_word' id='word_1_232' title='bbox 733 2317 1067 2368; x_wconf 90' lang='lat' dir='ltr'>dissimilitudo</span> <span class='ocrx_word' id='word_1_233' title='bbox 1102 2318 1149 2368; x_wconf 92' lang='lat' dir='ltr'>in</span> <span class='ocrx_word' id='word_1_234' title='bbox 1186 2335 1274 2368; x_wconf 92' lang='lat' dir='ltr'>suo</span> <span class='ocrx_word' id='word_1_235' title='bbox 1313 2317 1479 2369; x_wconf 90' lang='lat' dir='ltr'>ordine</span> <span class='ocrx_word' id='word_1_236' title='bbox 1522 2335 1578 2368; x_wconf 88' lang='lat' dir='ltr'>ac</span> <span class='ocrx_word' id='word_1_237' title='bbox 1609 2317 1838 2385; x_wconf 86' lang='lat' dir='ltr'>dignitate</span> <span class='ocrx_word' id='word_1_238' title='bbox 1878 2335 1994 2368; x_wconf 92' lang='lat' dir='ltr'>con-</span> 
     </span>
     <span class='ocr_line' id='line_1_26' title="bbox 98 2398 1990 2470; baseline 0.002 -21"><span class='ocrx_word' id='word_1_239' title='bbox 98 2398 238 2449; x_wconf 86' lang='lat' dir='ltr'>tineri</span> <span class='ocrx_word' id='word_1_240' title='bbox 269 2416 363 2449; x_wconf 93' lang='lat' dir='ltr'>non</span> <span class='ocrx_word' id='word_1_241' title='bbox 397 2399 599 2468; x_wconf 83' lang='lat' dir='ltr'>poterit3</span> <span class='ocrx_word' id='word_1_242' title='bbox 642 2401 829 2451; x_wconf 91' lang='lat' dir='ltr'>tametsi</span> <span class='ocrx_word' id='word_1_243' title='bbox 851 2419 996 2452; x_wconf 90' lang='lat' dir='ltr'>unum</span> <span class='ocrx_word' id='word_1_244' title='bbox 1024 2402 1136 2453; x_wconf 90' lang='lat' dir='ltr'>illud</span> <span class='ocrx_word' id='word_1_245' title='bbox 1170 2402 1372 2463; x_wconf 84' lang='lat' dir='ltr'>eeteriS,</span> <span class='ocrx_word' id='word_1_246' title='bbox 1429 2419 1550 2470; x_wconf 85' lang='lat' dir='ltr'>quae</span> <span class='ocrx_word' id='word_1_247' title='bbox 1582 2403 1827 2453; x_wconf 89' lang='lat' dir='ltr'>dissimilia</span> <span class='ocrx_word' id='word_1_248' title='bbox 1860 2411 1990 2467; x_wconf 87' lang='lat' dir='ltr'>sunt,</span> 
     </span>
     <span class='ocr_line' id='line_1_27' title="bbox 96 2482 1992 2552; baseline 0.002 -18"><span class='ocrx_word' id='word_1_249' title='bbox 96 2482 352 2552; x_wconf 88' lang='lat' dir='ltr'>splendore</span> <span class='ocrx_word' id='word_1_250' title='bbox 385 2500 440 2532; x_wconf 87' lang='lat' dir='ltr'>ac</span> <span class='ocrx_word' id='word_1_251' title='bbox 473 2484 624 2550; x_wconf 91' lang='lat' dir='ltr'>gloria</span> <span class='ocrx_word' id='word_1_252' title='bbox 656 2486 944 2536; x_wconf 88' lang='lat' dir='ltr'>antecellere</span> <span class='ocrx_word' id='word_1_253' title='bbox 975 2486 1190 2551; x_wconf 85' lang='lat' dir='ltr'>dicatur,</span> <span class='ocrx_word' id='word_1_254' title='bbox 1246 2486 1306 2537; x_wconf 92' lang='lat' dir='ltr'>ob</span> <span class='ocrx_word' id='word_1_255' title='bbox 1353 2504 1519 2537; x_wconf 91' lang='lat' dir='ltr'>eorum</span> <span class='ocrx_word' id='word_1_256' title='bbox 1562 2486 1992 2537; x_wconf 89' lang='lat' dir='ltr'>dissimilitudinem</span> 
     </span>
     <span class='ocr_line' id='line_1_28' title="bbox 97 2569 1993 2639; baseline 0.003 -23"><span class='ocrx_word' id='word_1_257' title='bbox 97 2584 218 2634; x_wconf 87' lang='lat' dir='ltr'>quae</span> <span class='ocrx_word' id='word_1_258' title='bbox 257 2584 362 2617; x_wconf 92' lang='lat' dir='ltr'>cum</span> <span class='ocrx_word' id='word_1_259' title='bbox 404 2584 498 2617; x_wconf 91' lang='lat' dir='ltr'>uno</span> <span class='ocrx_word' id='word_1_260' title='bbox 527 2569 795 2619; x_wconf 88' lang='lat' dir='ltr'>consociari</span> <span class='ocrx_word' id='word_1_261' title='bbox 842 2570 1202 2639; x_wconf 83' lang='lat' dir='ltr'>compararique</span> <span class='ocrx_word' id='word_1_262' title='bbox 1238 2588 1331 2621; x_wconf 90' lang='lat' dir='ltr'>non</span> <span class='ocrx_word' id='word_1_263' title='bbox 1370 2580 1589 2639; x_wconf 84' lang='lat' dir='ltr'>possunt.</span> <span class='ocrx_word' id='word_1_264' title='bbox 1667 2569 1993 2638; x_wconf 82' lang='lat' dir='ltr'>Quamobrem</span> 
     </span>
     <span class='ocr_line' id='line_1_29' title="bbox 98 2651 1992 2723; baseline 0.003 -23"><span class='ocrx_word' id='word_1_265' title='bbox 98 2668 157 2701; x_wconf 89' lang='lat' dir='ltr'>eo</span> <span class='ocrx_word' id='word_1_266' title='bbox 189 2651 379 2701; x_wconf 89' lang='lat' dir='ltr'>tandem</span> <span class='ocrx_word' id='word_1_267' title='bbox 413 2668 492 2702; x_wconf 89' lang='lat' dir='ltr'>res</span> <span class='ocrx_word' id='word_1_268' title='bbox 520 2652 702 2702; x_wconf 87' lang='lat' dir='ltr'>recidet</span> <span class='ocrx_word' id='word_1_269' title='bbox 731 2662 780 2703; x_wconf 90' lang='lat' dir='ltr'>ut</span> <span class='ocrx_word' id='word_1_270' title='bbox 808 2655 911 2717; x_wconf 87' lang='lat' dir='ltr'>sol,</span> <span class='ocrx_word' id='word_1_271' title='bbox 952 2655 1090 2714; x_wconf 88' lang='lat' dir='ltr'>luna,</span> <span class='ocrx_word' id='word_1_272' title='bbox 1133 2656 1319 2718; x_wconf 88' lang='lat' dir='ltr'>sidera,</span> <span class='ocrx_word' id='word_1_273' title='bbox 1361 2664 1521 2719; x_wconf 87' lang='lat' dir='ltr'>terra,</span> <span class='ocrx_word' id='word_1_274' title='bbox 1574 2664 1713 2723; x_wconf 87' lang='lat' dir='ltr'>atque</span> <span class='ocrx_word' id='word_1_275' title='bbox 1752 2656 1811 2706; x_wconf 88' lang='lat' dir='ltr'>iis</span> <span class='ocrx_word' id='word_1_276' title='bbox 1849 2657 1992 2707; x_wconf 88' lang='lat' dir='ltr'>etiam</span> 
     </span>
     <span class='ocr_line' id='line_1_30' title="bbox 97 2734 1994 2809; baseline 0.003 -24"><span class='ocrx_word' id='word_1_277' title='bbox 97 2734 331 2786; x_wconf 82' lang='lat' dir='ltr'>inferiora</span> <span class='ocrx_word' id='word_1_278' title='bbox 358 2752 574 2803; x_wconf 89' lang='lat' dir='ltr'>quaeque</span> <span class='ocrx_word' id='word_1_279' title='bbox 604 2737 846 2787; x_wconf 90' lang='lat' dir='ltr'>adoranda</span> <span class='ocrx_word' id='word_1_280' title='bbox 875 2737 1155 2802; x_wconf 87' lang='lat' dir='ltr'>videantur,</span> <span class='ocrx_word' id='word_1_281' title='bbox 1198 2756 1352 2807; x_wconf 83' lang='lat' dir='ltr'>neque</span> <span class='ocrx_word' id='word_1_282' title='bbox 1381 2740 1425 2789; x_wconf 92' lang='lat' dir='ltr'>id</span> <span class='ocrx_word' id='word_1_283' title='bbox 1456 2739 1535 2790; x_wconf 92' lang='lat' dir='ltr'>nni</span> <span class='ocrx_word' id='word_1_284' title='bbox 1565 2758 1670 2790; x_wconf 91' lang='lat' dir='ltr'>cum</span> <span class='ocrx_word' id='word_1_285' title='bbox 1697 2758 1792 2791; x_wconf 91' lang='lat' dir='ltr'>uno</span> <span class='ocrx_word' id='word_1_286' title='bbox 1822 2740 1994 2809; x_wconf 90' lang='lat' dir='ltr'>spiritu</span> 
     </span>
     <span class='ocr_line' id='line_1_31' title="bbox 98 2819 1989 2889; baseline 0.002 -19"><span class='ocrx_word' id='word_1_287' title='bbox 98 2819 389 2888; x_wconf 84' lang='lat' dir='ltr'>praecipium</span> <span class='ocrx_word' id='word_1_288' title='bbox 430 2837 485 2870; x_wconf 87' lang='lat' dir='ltr'>ac</span> <span class='ocrx_word' id='word_1_289' title='bbox 527 2821 767 2889; x_wconf 89' lang='lat' dir='ltr'>peculiare</span> <span class='ocrx_word' id='word_1_290' title='bbox 800 2822 889 2886; x_wconf 84' lang='lat' dir='ltr'>sit,</span> <span class='ocrx_word' id='word_1_291' title='bbox 946 2840 1065 2889; x_wconf 85' lang='lat' dir='ltr'>quae</span> <span class='ocrx_word' id='word_1_292' title='bbox 1106 2832 1179 2873; x_wconf 89' lang='lat' dir='ltr'>est</span> <span class='ocrx_word' id='word_1_293' title='bbox 1215 2841 1306 2873; x_wconf 91' lang='lat' dir='ltr'>una</span> <span class='ocrx_word' id='word_1_294' title='bbox 1343 2822 1561 2886; x_wconf 88' lang='lat' dir='ltr'>trinitas,</span> <span class='ocrx_word' id='word_1_295' title='bbox 1617 2824 1840 2875; x_wconf 88' lang='lat' dir='ltr'>divinitas</span> <span class='ocrx_word' id='word_1_296' title='bbox 1876 2841 1989 2887; x_wconf 82' lang='lat' dir='ltr'>una,</span> 
     </span>
     <span class='ocr_line' id='line_1_32' title="bbox 98 2903 1992 2975; baseline 0.002 -21"><span class='ocrx_word' id='word_1_297' title='bbox 98 2912 147 2954; x_wconf 85' lang='lat' dir='ltr'>et</span> <span class='ocrx_word' id='word_1_298' title='bbox 181 2903 493 2972; x_wconf 85' lang='lat' dir='ltr'>singulariter</span> <span class='ocrx_word' id='word_1_299' title='bbox 528 2906 791 2957; x_wconf 87' lang='lat' dir='ltr'>adoranda.</span> <span class='ocrx_word' id='word_1_300' title='bbox 884 2905 1191 2975; x_wconf 88' lang='lat' dir='ltr'>Quapropter</span> <span class='ocrx_word' id='word_1_301' title='bbox 1220 2908 1272 2957; x_wconf 88' lang='lat' dir='ltr'>-si</span> <span class='ocrx_word' id='word_1_302' title='bbox 1321 2907 1410 2957; x_wconf 88' lang='lat' dir='ltr'>hoc</span> <span class='ocrx_word' id='word_1_303' title='bbox 1451 2909 1591 2957; x_wconf 91' lang='lat' dir='ltr'>modo</span> <span class='ocrx_word' id='word_1_304' title='bbox 1635 2908 1863 2974; x_wconf 87' lang='lat' dir='ltr'>colligere</span> <span class='ocrx_word' id='word_1_305' title='bbox 1900 2908 1992 2957; x_wconf 91' lang='lat' dir='ltr'>ista</span> 
     </span>
     <span class='ocr_line' id='line_1_33' title="bbox 98 2989 1993 3059; baseline 0 -19"><span class='ocrx_word' id='word_1_306' title='bbox 98 2989 228 3053; x_wconf 88' lang='lat' dir='ltr'>licet,</span> <span class='ocrx_word' id='word_1_307' title='bbox 269 3009 374 3041; x_wconf 90' lang='lat' dir='ltr'>cum</span> <span class='ocrx_word' id='word_1_308' title='bbox 400 2990 470 3040; x_wconf 89' lang='lat' dir='ltr'>rei</span> <span class='ocrx_word' id='word_1_309' title='bbox 497 2991 701 3042; x_wconf 90' lang='lat' dir='ltr'>veritate</span> <span class='ocrx_word' id='word_1_310' title='bbox 729 2999 1102 3041; x_wconf 89' lang='lat' dir='ltr'>consentaneum</span> <span class='ocrx_word' id='word_1_311' title='bbox 1135 2991 1226 3041; x_wconf 89' lang='lat' dir='ltr'>erit</span> <span class='ocrx_word' id='word_1_312' title='bbox 1254 2993 1376 3059; x_wconf 91' lang='lat' dir='ltr'>quod</span> <span class='ocrx_word' id='word_1_313' title='bbox 1402 2992 1588 3042; x_wconf 46' lang='lat' dir='ltr'>dicitur,</span> <span class='ocrx_word' id='word_1_314' title='bbox 1664 2990 1839 3059; x_wconf 85' lang='lat' dir='ltr'>Neque</span> <span class='ocrx_word' id='word_1_315' title='bbox 1867 2991 1993 3041; x_wconf 90' lang='lat' dir='ltr'>enim</span> 
     </span>
     <span class='ocr_line' id='line_1_34' title="bbox 99 3072 1990 3143; baseline 0 -19"><span class='ocrx_word' id='word_1_316' title='bbox 99 3091 242 3124; x_wconf 92' lang='lat' dir='ltr'>unum</span> <span class='ocrx_word' id='word_1_317' title='bbox 269 3074 466 3125; x_wconf 90' lang='lat' dir='ltr'>verbum</span> <span class='ocrx_word' id='word_1_318' title='bbox 495 3074 782 3141; x_wconf 87' lang='lat' dir='ltr'>reliquorum</span> <span class='ocrx_word' id='word_1_319' title='bbox 810 3072 964 3124; x_wconf 86' lang='lat' dir='ltr'>simile</span> <span class='ocrx_word' id='word_1_320' title='bbox 991 3083 1084 3137; x_wconf 89' lang='lat' dir='ltr'>est,</span> <span class='ocrx_word' id='word_1_321' title='bbox 1126 3092 1280 3143; x_wconf 87' lang='lat' dir='ltr'>neque</span> <span class='ocrx_word' id='word_1_322' title='bbox 1311 3076 1432 3126; x_wconf 79' lang='lat' dir='ltr'>fitius</span> <span class='ocrx_word' id='word_1_323' title='bbox 1461 3093 1583 3126; x_wconf 89' lang='lat' dir='ltr'>unus</span> <span class='ocrx_word' id='word_1_324' title='bbox 1615 3075 1721 3125; x_wconf 91' lang='lat' dir='ltr'>aliis</span> <span class='ocrx_word' id='word_1_325' title='bbox 1752 3075 1990 3137; x_wconf 90' lang='lat' dir='ltr'>omnibus,</span> 
     </span>
     <span class='ocr_line' id='line_1_35' title="bbox 100 3158 1994 3227; baseline -0.001 -18"><span class='ocrx_word' id='word_1_326' title='bbox 100 3159 179 3226; x_wconf 91' lang='lat' dir='ltr'>qui</span> <span class='ocrx_word' id='word_1_327' title='bbox 208 3176 292 3227; x_wconf 91' lang='lat' dir='ltr'>per</span> <span class='ocrx_word' id='word_1_328' title='bbox 322 3158 596 3226; x_wconf 83' lang='lat' dir='ltr'>allegoriam</span> <span class='ocrx_word' id='word_1_329' title='bbox 641 3159 709 3208; x_wconf 92' lang='lat' dir='ltr'>sic</span> <span class='ocrx_word' id='word_1_330' title='bbox 744 3158 1069 3226; x_wconf 86' lang='lat' dir='ltr'>appellantur,</span> <span class='ocrx_word' id='word_1_331' title='bbox 1124 3160 1357 3227; x_wconf 86' lang='lat' dir='ltr'>aequalis.</span> <span class='ocrx_word' id='word_1_332' title='bbox 1432 3158 1559 3210; x_wconf 87' lang='lat' dir='ltr'>Nam</span> <span class='ocrx_word' id='word_1_333' title='bbox 1590 3158 1716 3209; x_wconf 90' lang='lat' dir='ltr'>inter</span> <span class='ocrx_word' id='word_1_334' title='bbox 1753 3158 1871 3208; x_wconf 91' lang='lat' dir='ltr'>alios</span> <span class='ocrx_word' id='word_1_335' title='bbox 1907 3158 1994 3208; x_wconf 88' lang='lat' dir='ltr'>mi-</span> 
     </span>
     <span class='ocr_line' id='line_1_36' title="bbox 101 3241 1993 3311; baseline -0.001 -18"><span class='ocrx_word' id='word_1_336' title='bbox 101 3243 227 3294; x_wconf 90' lang='lat' dir='ltr'>nime</span> <span class='ocrx_word' id='word_1_337' title='bbox 258 3252 511 3306; x_wconf 90' lang='lat' dir='ltr'>censetur,</span> <span class='ocrx_word' id='word_1_338' title='bbox 565 3244 647 3294; x_wconf 91' lang='lat' dir='ltr'>sed</span> <span class='ocrx_word' id='word_1_339' title='bbox 679 3260 763 3311; x_wconf 92' lang='lat' dir='ltr'>per</span> <span class='ocrx_word' id='word_1_340' title='bbox 790 3259 895 3292; x_wconf 90' lang='lat' dir='ltr'>eum</span> <span class='ocrx_word' id='word_1_341' title='bbox 924 3241 1002 3292; x_wconf 85' lang='lat' dir='ltr'>isti</span> <span class='ocrx_word' id='word_1_342' title='bbox 1036 3244 1270 3310; x_wconf 85' lang='lat' dir='ltr'>procreati</span> <span class='ocrx_word' id='word_1_343' title='bbox 1303 3253 1432 3293; x_wconf 88' lang='lat' dir='ltr'>sunt.</span> <span class='ocrx_word' id='word_1_344' title='bbox 1510 3241 1582 3293; x_wconf 88' lang='lat' dir='ltr'>lta</span> <span class='ocrx_word' id='word_1_345' title='bbox 1619 3243 1740 3310; x_wconf 90' lang='lat' dir='ltr'>quod</span> <span class='ocrx_word' id='word_1_346' title='bbox 1772 3242 1993 3311; x_wconf 90' lang='lat' dir='ltr'>impossi-</span> 
     </span>
     <span class='ocr_line' id='line_1_37' title="bbox 100 3326 1993 3396; baseline -0.001 -18"><span class='ocrx_word' id='word_1_347' title='bbox 100 3327 196 3378; x_wconf 91' lang='lat' dir='ltr'>bile</span> <span class='ocrx_word' id='word_1_348' title='bbox 249 3328 386 3378; x_wconf 90' lang='lat' dir='ltr'>initio</span> <span class='ocrx_word' id='word_1_349' title='bbox 437 3328 684 3396; x_wconf 89' lang='lat' dir='ltr'>proposuit</span> <span class='ocrx_word' id='word_1_350' title='bbox 729 3326 932 3390; x_wconf 78' lang='lat' dir='ltr'>A&#39;etiu5‚</span> <span class='ocrx_word' id='word_1_351' title='bbox 992 3327 1210 3393; x_wconf 91' lang='lat' dir='ltr'>quodque</span> <span class='ocrx_word' id='word_1_352' title='bbox 1250 3326 1566 3377; x_wconf 89' lang='lat' dir='ltr'>contumeliae</span> <span class='ocrx_word' id='word_1_353' title='bbox 1617 3327 1662 3376; x_wconf 91' lang='lat' dir='ltr'>in</span> <span class='ocrx_word' id='word_1_354' title='bbox 1711 3327 1877 3389; x_wconf 91' lang='lat' dir='ltr'>deum,</span> <span class='ocrx_word' id='word_1_355' title='bbox 1937 3344 1993 3377; x_wconf 86' lang='lat' dir='ltr'>ac</span> 
     </span>
     <span class='ocr_line' id='line_1_38' title="bbox 101 3410 1991 3480; baseline -0.001 -18"><span class='ocrx_word' id='word_1_356' title='bbox 101 3410 341 3462; x_wconf 85' lang='lat' dir='ltr'>maledicti</span> <span class='ocrx_word' id='word_1_357' title='bbox 389 3413 596 3480; x_wconf 89' lang='lat' dir='ltr'>speciem</span> <span class='ocrx_word' id='word_1_358' title='bbox 650 3411 882 3475; x_wconf 85' lang='lat' dir='ltr'>habebat,</span> <span class='ocrx_word' id='word_1_359' title='bbox 937 3411 995 3461; x_wconf 90' lang='lat' dir='ltr'>ob</span> <span class='ocrx_word' id='word_1_360' title='bbox 1037 3410 1161 3460; x_wconf 90' lang='lat' dir='ltr'>illam</span> <span class='ocrx_word' id='word_1_361' title='bbox 1213 3428 1350 3477; x_wconf 89' lang='lat' dir='ltr'>quam</span> <span class='ocrx_word' id='word_1_362' title='bbox 1391 3411 1644 3461; x_wconf 81' lang='lat' dir='ltr'>affinxerat</span> <span class='ocrx_word' id='word_1_363' title='bbox 1680 3410 1769 3460; x_wconf 92' lang='lat' dir='ltr'>deo</span> <span class='ocrx_word' id='word_1_364' title='bbox 1809 3419 1991 3478; x_wconf 87' lang='lat' dir='ltr'>partem</span> 
     </span>
     <span class='ocr_line' id='line_1_39' title="bbox 103 3493 1990 3564; baseline -0.001 -18"><span class='ocrx_word' id='word_1_365' title='bbox 103 3498 249 3563; x_wconf 86' lang='lat' dir='ltr'>(quae</span> <span class='ocrx_word' id='word_1_366' title='bbox 276 3495 463 3564; x_wconf 87' lang='lat' dir='ltr'>quidem</span> <span class='ocrx_word' id='word_1_367' title='bbox 494 3514 589 3546; x_wconf 91' lang='lat' dir='ltr'>non</span> <span class='ocrx_word' id='word_1_368' title='bbox 615 3495 934 3557; x_wconf 86' lang='lat' dir='ltr'>differentiae,</span> <span class='ocrx_word' id='word_1_369' title='bbox 962 3494 1045 3545; x_wconf 91' lang='lat' dir='ltr'>sed</span> <span class='ocrx_word' id='word_1_370' title='bbox 1075 3493 1375 3561; x_wconf 86' lang='lat' dir='ltr'>aequalitatis</span> <span class='ocrx_word' id='word_1_371' title='bbox 1398 3511 1506 3562; x_wconf 89' lang='lat' dir='ltr'>pars</span> <span class='ocrx_word' id='word_1_372' title='bbox 1528 3503 1634 3556; x_wconf 86' lang='lat' dir='ltr'>est3</span> <span class='ocrx_word' id='word_1_373' title='bbox 1675 3494 1795 3544; x_wconf 90' lang='lat' dir='ltr'>adeo</span> <span class='ocrx_word' id='word_1_374' title='bbox 1821 3503 1871 3545; x_wconf 92' lang='lat' dir='ltr'>ut</span> <span class='ocrx_word' id='word_1_375' title='bbox 1895 3513 1990 3545; x_wconf 92' lang='lat' dir='ltr'>nou</span> 
     </span>
     <span class='ocr_line' id='line_1_40' title="bbox 104 3577 1990 3648; baseline 0 -18"><span class='ocrx_word' id='word_1_376' title='bbox 104 3581 167 3631; x_wconf 87' lang='lat' dir='ltr'>sit</span> <span class='ocrx_word' id='word_1_377' title='bbox 197 3579 426 3648; x_wconf 85' lang='lat' dir='ltr'>particula</span> <span class='ocrx_word' id='word_1_378' title='bbox 460 3580 711 3642; x_wconf 87' lang='lat' dir='ltr'>divinitas,</span> <span class='ocrx_word' id='word_1_379' title='bbox 767 3597 888 3647; x_wconf 89' lang='lat' dir='ltr'>quae</span> <span class='ocrx_word' id='word_1_380' title='bbox 919 3577 1270 3648; x_wconf 81' lang='lat' dir='ltr'>perfectissima</span> <span class='ocrx_word' id='word_1_381' title='bbox 1301 3595 1492 3646; x_wconf 89' lang='lat' dir='ltr'>semper</span> <span class='ocrx_word' id='word_1_382' title='bbox 1520 3587 1594 3629; x_wconf 89' lang='grc' dir='ltr'>εει</span> <span class='ocrx_word' id='word_1_383' title='bbox 1622 3578 1669 3628; x_wconf 93' lang='lat' dir='ltr'>in</span> <span class='ocrx_word' id='word_1_384' title='bbox 1702 3578 1852 3629; x_wconf 87' lang='lat' dir='ltr'>tribus</span> <span class='ocrx_word' id='word_1_385' title='bbox 1882 3596 1990 3647; x_wconf 90' lang='lat' dir='ltr'>per-</span> 
     </span>
     <span class='ocr_line' id='line_1_41' title="bbox 104 3661 1993 3730; baseline 0 -16"><span class='ocrx_word' id='word_1_386' title='bbox 104 3664 241 3715; x_wconf 82' lang='lat' dir='ltr'>fectis</span> <span class='ocrx_word' id='word_1_387' title='bbox 270 3662 568 3728; x_wconf 85' lang='lat' dir='ltr'>consistens,</span> <span class='ocrx_word' id='word_1_388' title='bbox 610 3681 703 3714; x_wconf 93' lang='lat' dir='ltr'>una</span> <span class='ocrx_word' id='word_1_389' title='bbox 734 3663 1003 3729; x_wconf 89' lang='lat' dir='ltr'>divinitas),</span> <span class='ocrx_word' id='word_1_390' title='bbox 1035 3662 1153 3725; x_wconf 88' lang='lat' dir='ltr'>hoe,</span> <span class='ocrx_word' id='word_1_391' title='bbox 1193 3662 1404 3729; x_wconf 90' lang='lat' dir='ltr'>inquam,</span> <span class='ocrx_word' id='word_1_392' title='bbox 1445 3661 1618 3730; x_wconf 91' lang='lat' dir='ltr'>ipsum,</span> <span class='ocrx_word' id='word_1_393' title='bbox 1660 3663 1783 3730; x_wconf 90' lang='lat' dir='ltr'>quod</span> <span class='ocrx_word' id='word_1_394' title='bbox 1812 3663 1869 3714; x_wconf 92' lang='lat' dir='ltr'>de</span> <span class='ocrx_word' id='word_1_395' title='bbox 1896 3664 1993 3715; x_wconf 92' lang='lat' dir='ltr'>dis-</span> 
     </span>
     <span class='ocr_line' id='line_1_42' title="bbox 103 3745 1991 3817; baseline 0.001 -18"><span class='ocrx_word' id='word_1_396' title='bbox 103 3748 245 3799; x_wconf 90' lang='lat' dir='ltr'>simili</span> <span class='ocrx_word' id='word_1_397' title='bbox 270 3749 460 3813; x_wconf 86' lang='lat' dir='ltr'>iniecit,</span> <span class='ocrx_word' id='word_1_398' title='bbox 502 3749 561 3799; x_wconf 88' lang='lat' dir='ltr'>ad</span> <span class='ocrx_word' id='word_1_399' title='bbox 593 3748 844 3799; x_wconf 88' lang='lat' dir='ltr'>veritatem</span> <span class='ocrx_word' id='word_1_400' title='bbox 875 3746 1135 3798; x_wconf 87' lang='lat' dir='ltr'>catholicae</span> <span class='ocrx_word' id='word_1_401' title='bbox 1167 3745 1277 3797; x_wconf 88' lang='lat' dir='ltr'>fidei</span> <span class='ocrx_word' id='word_1_402' title='bbox 1306 3745 1707 3798; x_wconf 87' lang='lat' dir='ltr'>corroborandam</span> <span class='ocrx_word' id='word_1_403' title='bbox 1739 3747 1991 3817; x_wconf 89' lang='lat' dir='ltr'>plurimum</span> 
     </span>
    </p>
   </div>
  </div>
 </body>
</html>
