2508 4134
559 303 784 344 PANARH
814 303 918 342 LlB.
937 302 1010 342 ΠΙ.
1039 302 1174 342 ΤΟΜ.
1194 303 1244 341 ΙΙ.
1277 301 1441 341 ΗΑΕΒ.
1462 301 1676 340 LXXVII.
1957 284 2057 335 395

302 399 427 451 Nam
462 400 503 451 si
532 417 648 452 vere
676 401 803 469 loqui
846 400 1096 462 volumus,
1151 400 1255 467 pius
1289 399 1483 466 quilibet
1512 398 1658 448 vitam
1698 413 1830 447 suam
1865 412 1958 445 non
1993 410 2058 443 ex
2133 412 2246 451 eff,

165 486 367 536 humana
398 493 557 534 mente
594 493 857 552 temperat,
898 484 981 534 sed
1018 501 1083 533 ex
1109 500 1162 533 ea
1198 500 1318 550 quae
1351 480 1532 534 Christi
1565 481 1753 551 propria
1786 489 1879 543 est,
1917 495 2061 546 quae·
2089 467 2276 509 XXXV·

163 586 255 637 que
286 569 344 619 ab
375 568 542 619 eodem
570 567 805 637 sapientia
834 568 1077 636 repletur,
1120 583 1240 634 quae
1270 564 1465 617 Christo
1505 575 1699 634 propter
1727 564 1956 615 iustitiam
1991 570 2062 613 at-

162 652 414 714 tribuitur,
457 669 579 719 quae
611 668 696 720 per
727 651 834 702 fidei
864 650 1214 721 professionem
1249 650 1295 699 in
1327 646 1523 700 Christo
1562 650 1708 711 vivit,
1765 665 1886 717 quae
1915 648 2063 698 hone-

162 746 345 788 storum
388 753 583 804 operum
624 735 867 786 functione
905 753 989 804 per
1028 732 1272 786 Christum
1314 734 1516 783 salutem
1557 733 1847 800 assequitur.
1927 731 2062 782 Haec

164 831 238 873 est
263 822 342 871 illa
378 817 561 872 Christi
590 837 757 883 menS‚
812 836 932 888 quae
961 820 1030 870 sic
1062 819 1108 868 in
1141 819 1278 868 nobis
1309 818 1472 868 inesse
1505 827 1690 885 potest,
1733 826 1785 868 ut
1817 815 2062 868 Christum

164 906 282 956 certi
320 905 519 955 alicuius
552 905 642 955 loci
680 904 878 972 regione
912 903 1104 953 minime
1139 902 1520 953 circumscribat.
1595 899 1721 951 Nam
1752 901 1922 968 ubique
1954 908 2064 951 sunt

162 999 301 1059 pater
327 997 375 1039 et
403 988 526 1039 filius
556 996 605 1038 et
636 988 834 1056 spiritus
864 996 1088 1049 sanctus,
1142 996 1188 1036 et
1215 986 1415 1055 spiritali
1449 986 1650 1053 quodam
1682 986 1821 1035 modo
1851 985 1897 1034 in
1927 984 2063 1034 nobis

163 1074 408 1138 existunt,
462 1074 504 1126 si
531 1075 625 1125 illis
656 1090 765 1124 esse
795 1072 921 1139 digni
951 1072 1172 1123 velimus.
1248 1069 1422 1138 Neque
1452 1087 1568 1119 vero
1599 1069 1704 1119 loco
1734 1069 1830 1118 ullo
1860 1068 1937 1119 vel
1962 1068 2064 1135 ipse

164 1159 493 1221 concluditur,
546 1159 623 1209 vel
651 1157 800 1226 ipsius
832 1165 968 1225 pater
1005 1164 1086 1206 aut
1116 1154 1313 1224 spiritus
1341 1162 1565 1215 sanctus,
1614 1154 1696 1203 sed
1729 1160 1924 1220 propter
1948 1152 2066 1201 divi-

164 1242 328 1293 nitatis
364 1242 516 1311 ipsius
549 1243 809 1310 potentiam
848 1240 895 1290 in
938 1239 1158 1291 omnibus
1194 1239 1394 1302 existit3
1449 1254 1603 1305 neque
1640 1246 1798 1286 tamen
1836 1253 1940 1285 cum
1975 1236 2068 1286 ulla

164 1327 422 1391 miscetur,
476 1327 600 1394 quod
633 1335 683 1376 et
709 1325 835 1375 illius
862 1323 1128 1375 substantia
1158 1324 1541 1374 communionem
1574 1337 1763 1372 omnem
1791 1337 1847 1370 ac
1877 1336 2067 1387 compa-

163 1411 399 1463 rationem
431 1418 652 1479 superet,
695 1418 741 1460 et
771 1409 959 1459 sincera
992 1409 1081 1470 sit,
1125 1417 1267 1476 atque
1295 1407 1422 1458 omni
1452 1408 1607 1457 maior
1637 1403 2067 1472 comprehensione

164 1495 410 1546 divinitas.
487 1491 609 1546 Cum
648 1502 805 1544 autem
837 1493 950 1544 dicit
977 1492 1241 1561 apostolus,
1283 1495 1382 1541 Nos
1412 1494 1592 1540 Clzrz'stz'
1616 1499 1805 1539 mentem
1830 1490 2064 1547 habemus,

165 1580 272 1648 quid
304 1580 491 1630 tandem
520 1577 934 1629 existimabimus?
1005 1576 1135 1628 Num
1161 1576 1239 1626 ille
1265 1576 1506 1644 propriam
1527 1615 1540 1638 ,
1595 1574 1683 1624 hoc
1714 1582 1788 1624 est
1816 1573 2066 1623 humanam

164 1672 372 1714 mentem
405 1662 599 1713 habuit?
671 1663 750 1712 An
781 1658 962 1713 Christi
994 1670 1202 1711 mentem
1224 1661 1269 1710 in
1297 1677 1407 1710 sese
1434 1661 1613 1722 ferens,
1657 1658 1830 1708 amissa
1858 1656 2067 1725 propria,

165 1748 270 1798 eius
302 1748 427 1797 illam
458 1748 563 1797 loco
592 1745 858 1796 obtinuisse
890 1746 1124 1814 putandus
1151 1745 1255 1795 est?
1328 1742 1441 1794 Non
1471 1745 1668 1812 opinor,
1728 1760 1816 1792 nec
1843 1750 1917 1791 est
1941 1739 2071 1807 quis-

166 1849 304 1899 quam
336 1831 415 1899 qui
452 1830 570 1881 haec
612 1830 804 1891 audiat,
858 1830 937 1898 qui
977 1847 1071 1879 non
1112 1828 1403 1896 peculiarem
1433 1826 1501 1877 illi
1533 1827 1680 1877 fuisse
1706 1834 1912 1876 mentem
1944 1823 2072 1874 arbi-

165 1924 346 1977 tretur,
398 1924 592 1983 praeter
617 1932 754 1981 quam
789 1911 971 1965 Christi
1002 1931 1191 1981 quoque
1220 1921 1378 1963 mente
1409 1912 1709 1979 repleretur,
1767 1910 1842 1977 qui
1874 1926 1927 1959 se
1958 1908 2070 1959 reli-

166 1999 353 2066 gionis,
408 1998 641 2049 scientiae
685 2016 741 2048 ac
781 1998 971 2048 divinae
1010 1998 1255 2047 cuiusdam
1286 2007 1333 2046 ct
1365 1995 1590 2046 coelestis
1619 1996 1745 2045 vitae
1773 1993 2070 2044 ornamentis

165 2085 392 2134 afficeret.
470 2080 776 2152 Quapropter
803 2083 842 2133 si
877 2101 982 2133 cum
1016 2082 1256 2151 propriam
1284 2081 1513 2142 haberet,
1557 2077 1740 2130 Christi
1766 2079 1962 2146 insuper
1992 2078 2072 2128 ille

167 2177 373 2219 mentem
419 2168 700 2236 complexus
742 2176 843 2230 est,
903 2184 1206 2233 consequens
1254 2174 1330 2216 est
1368 2163 1613 2216 Christum
1664 2163 1820 2231 ipsum
1870 2163 2070 2213 verbum

167 2262 374 2304 mentem
418 2269 556 2315 esse3
613 2253 652 2302 si
694 2252 882 2320 quidem
925 2251 989 2301 ita
1028 2251 1154 2318 loqui
1195 2251 1325 2300 licet.
1402 2247 1799 2315 Quandoquidem
1832 2247 2074 2298 nonnullis

166 2338 320 2388 visum
353 2345 427 2386 est
465 2345 670 2387 mentem
702 2337 942 2404 appellare
983 2335 1142 2385 deum.
1221 2333 1328 2402 Ego
1356 2351 1475 2383 vero
1507 2341 1713 2382 mentem
1745 2341 1957 2382 nostram
1989 2331 2075 2399 hy-

168 2422 380 2490 postasin
425 2437 535 2471 esse
575 2438 668 2470 non
725 2421 959 2482 arbitror,
1030 2436 1185 2487 neque
1231 2436 1293 2468 ex
1343 2418 1578 2468 ecclesiae
1637 2415 1743 2466 liliis
1786 2415 1907 2465 alius
1947 2416 2075 2483 quis-

168 2523 307 2572 quam
327 2544 339 2567 ,
394 2505 477 2555 sed
510 2504 807 2555 efficientiam
840 2504 1074 2572 quandam
1095 2542 1107 2566 ,
1167 2520 1289 2570 quae
1321 2503 1368 2552 in
1398 2500 1536 2552 nobis
1563 2519 1588 2550 a
1616 2502 1706 2551 deo
1736 2517 1970 2550 concessa
1998 2517 2075 2549 re-

166 2590 336 2639 sideat.
414 2585 659 2639 Christum
703 2606 818 2638 vero
862 2588 1140 2656 hypostasin
1188 2605 1297 2638 esse
1338 2587 1476 2648 dico,
1531 2595 1581 2635 ut
1614 2594 1662 2635 et
1702 2585 1863 2645 lideles
1904 2602 2072 2634 omnes

167 2675 479 2735 confitentur,
540 2680 587 2721 et
616 2673 754 2722 deum
796 2689 903 2722 esse
945 2673 1197 2739 profiteor,
1253 2689 1308 2721 ac
1343 2671 1582 2721 domiuum
1612 2688 1637 2719 a
1674 2678 1806 2737 patre
1837 2669 2070 2736 genitum,

168 2759 430 2827 perfectum
476 2774 502 2806 e
542 2758 785 2825 perfecto,
841 2757 997 2806 lumen
1040 2757 1095 2805 de
1134 2756 1343 2819 lumine,
1396 2756 1536 2805 deum
1579 2755 1636 2803 de
1680 2755 1789 2803 deo.
1866 2752 2075 2804 Verum-

168 2851 322 2892 tamen
366 2858 429 2890 ex
462 2841 627 2890 eadem
658 2840 846 2889 ratione
878 2840 958 2889 ille
990 2839 1121 2907 ipse,
1164 2840 1241 2906 qui
1267 2841 1313 2889 in
1344 2856 1453 2889 sese
1482 2856 1616 2889 mens
1650 2849 1785 2900 erat,
1827 2847 1879 2888 ut
1906 2838 1963 2886 de
1992 2837 2073 2886 illo

166 2934 361 2976 sanctus
388 2925 633 2992 apostolus
662 2925 820 2986 docet,
862 2941 966 2973 cum
991 2924 1074 2986 ait,
1115 2927 1215 2973 Nos
1234 2935 1385 2972 autem
1415 2927 1596 2972 Christi
1617 2933 1806 2972 mentem
1838 2924 2070 2979 habemuS,

165 3010 373 3060 habebat
414 3018 505 3058 tam
542 3009 643 3076 ipse
676 3026 813 3075 quam
855 3007 884 3056 ii
916 3008 972 3056 de
1004 3007 1174 3074 quibus
1216 3008 1498 3057 testificatur
1530 3007 1767 3075 propriam
1812 3005 1900 3055 sihi
1944 3022 2076 3053 men-

166 3102 281 3145 tem.
360 3093 434 3144 Ac
464 3111 652 3144 rursum
682 3089 867 3142 Christi
906 3107 1040 3141 mens
1072 3091 1179 3141 illos
1215 3091 1469 3159 implebat,
1525 3109 1629 3141 cum
1660 3090 1748 3139 hoc
1782 3090 1921 3139 modo
1950 3088 2073 3138 illius

166 3179 213 3229 in
253 3177 371 3247 ipsis
410 3178 569 3245 gratia
609 3176 771 3245 perfici
812 3183 993 3243 posset.

304 3261 437 3313 Nihil
463 3261 611 3328 igitur
633 3279 656 3311 a
687 3260 927 3329 proposita
953 3257 1312 3309 similitudinum
1337 3259 1581 3322 abhorret,
1624 3258 1746 3307 idem
1775 3266 1826 3307 ut
1849 3257 1906 3306 ad
1929 3253 2071 3307 Chri·
2144 3274 2258 3313 GAP.

165 3357 290 3399 stum
320 3348 670 3396 transferamus
700 3361 902 3411 eumque
935 3352 1221 3406 statuamus,
1264 3361 1368 3393 cum
1396 3343 1442 3392 in
1474 3360 1582 3392 sese
1611 3343 1727 3391 deus
1759 3349 1907 3402 esset,
1951 3349 2069 3390 tam—
2098 3331 2306 3371 XXXVI·

166 3431 254 3481 etsi
286 3430 459 3480 mentis
505 3439 634 3480 esset
663 3430 897 3479 humanae
927 3427 1192 3496 particeps,
1250 3428 1642 3493 quemadmodum
1676 3426 1836 3474 carnis
1868 3442 1925 3474 ac
1962 3442 2071 3475 san-

220 3570 259 3612 7.
290 3568 404 3619 ἕδοξε
429 3572 726 3610 emendaverunt
759 3572 967 3610 cornarius
1009 3568 1093 3617 (qui
1204 3565 1243 3607 9.
1274 3561 1414 3613 αὐτοῖς
1442 3569 1523 3605 cod.
1558 3567 1715 3616 Rhediy.

164 3628 273 3666 vertit
306 3626 410 3664 Nam
453 3626 690 3679 quibusdam
721 3626 847 3665 visum
880 3633 940 3664 est
974 3637 1091 3662 mem
1207 3622 1302 3661 CAP.
1322 3623 1525 3660 XXXVI.
1559 3645 1607 3650 ——
1672 3623 1702 3660 l·
1733 3619 1793 3668 εἰς
1812 3633 1884 3670 pro
1910 3620 1947 3663 εἰ
1968 3633 2074 3661 men-

164 3689 248 3720 tem
285 3695 431 3720 vocare
467 3682 605 3735 deum)
648 3687 681 3722 et
710 3684 904 3723 Petavius.
979 3681 1087 3720 Libri
1142 3681 1231 3718 dose
1271 3683 1324 3718 est
1356 3689 1577 3728 expressum
1607 3681 1646 3720 in
1686 3679 1743 3718 ed.
1776 3679 1910 3720 Petav.
1945 3680 2073 3720 Coton.

164 3740 279 3788 vulyo
310 3735 454 3786 ἔδειξε.
1141 3739 1255 3786 repet.

220 3797 257 3837 ὅ.
289 3790 405 3851 αὐτῷ
436 3796 518 3835 cod.
544 3796 703 3845 Rhediy.
