2508 4134
482 258 584 311 652
1053 269 1324 312 ADDENDA
1353 270 1427 313 ET
1461 271 1834 332 confitentum.

483 368 620 424 σχρῶν
649 364 718 424 μγ’
746 362 778 424 ἦ
804 367 878 412 καὶ
910 366 984 424 ξγ’.
1012 370 1117 410 Ven.
1151 393 1200 400 -
1259 370 1287 414 1.
1304 372 1343 413 5.
1373 371 1424 412 ab
1453 370 1530 413 inf.
1561 366 1791 428 Ὠριγένιοί
1817 385 1925 421 τινες
1953 373 2070 427 καλ.,
2113 369 2160 417 οῦ
2187 376 2407 432 πανταχοῦι

481 436 530 483 δὲ
560 440 662 479 Ven.
695 463 747 471 —
806 439 832 482 l.
853 440 1010 495 penult.
1046 441 1120 484 τοῦ
1151 440 1396 486 Συντακτοῦ
1432 444 1538 485 ven.
2336 438 2337 441 ¹

591 511 723 568 Pag.
744 511 869 555 22⁶2.
908 511 935 552 l.
961 511 995 555 1.
1026 510 1286 567 νομιτεῦεται
1310 514 1412 554 Ven.
1458 512 1572 554 Idem
1593 512 1692 554 ibid.
1725 511 1949 567 ἐπιφανοῦς
1981 509 2137 568 ἀνόμου
2163 518 2407 571 προδεδω-

484 580 512 621 l.
532 578 570 622 4.
602 581 790 636 λαγνεία·
821 579 928 631 τινὲς
952 581 1000 627 δὲ
1030 581 1190 638 ἔφασαν
1216 579 1347 638 αῦτῆν
1371 582 1467 638 περὶ
1487 581 1662 639 Ῥώμην
1689 582 1762 626 καὶ
1784 579 1992 639 Ἀφρικὴν
2014 586 2281 641 γεγενῆσθαι.
2313 586 2404 631 Mo*

484 648 649 695 λῦνουσι
674 651 722 696 δὲ
751 648 890 696 αῦτῶν
917 655 1020 694 Ven.
1052 678 1105 686 -
1162 653 1188 694 l.
1209 653 1250 696 6.
1292 652 1396 708 πρὸς
1422 652 1614 711 σχήματι
1647 654 1927 709 μοναζουσῶν.
1982 649 2274 711 Ἐφθαρμένοι
2299 659 2404 699 ven.

482 745 536 754 --
567 722 594 762 l.
611 722 650 764 8.
678 720 824 768 Ἰούδα
849 722 921 767 τοῦ
946 720 1145 768 Ἀῦνοὶνου
1169 726 1260 768 καλ.
1287 726 1388 766 Ven.
1419 749 1472 757 --
1531 725 1557 766 I.
1586 726 1646 766 15.
1674 720 1763 768 ἀλλ’
1791 720 1822 779 τί
1855 721 2100 780 ῦποκριτικῆ
2127 728 2231 769 Ven.
2290 728 2406 769 Idem

484 793 511 837 I.
537 792 600 835 16.
630 792 777 849 ἐγκυμ.
804 792 881 849 τὴν
911 791 1013 850 ῦπὲρ
1036 796 1109 838 τοῦ
1133 797 1353 844 δοκοῦντος
1380 794 1594 852 ἐφθάρθαι
1619 795 1818 850 praebet,
1861 804 1904 835 et
1929 795 2043 836 delet
2067 796 2096 837 l.
2120 796 2183 840 17.
2213 791 2244 853 ἦ
2270 796 2407 853 parti-

484 863 616 904 cuIam
641 873 738 905 ante
760 864 839 908 ἵνα.
871 889 929 896 -
985 866 1013 909 l.
1037 865 1099 909 19.
1141 869 1263 910 τοῦτο
1291 863 1394 910 αῦτό
1427 866 1517 910 ἐστι
1541 867 1642 906 Ven.
1702 865 1818 906 Idem
1847 865 1874 907 l.
1896 866 1964 908 20.
1996 865 2219 920 ἐπιτελεῖν,
2261 863 2310 912 οὔ
2335 866 2406 913 διὰ

483 949 592 990 γυν.,
637 930 743 980 ἀλλά
773 935 846 979 καὶ
881 935 1036 991 ἑτέροις
1061 936 1230 993 τρόποις
1253 939 1356 980 Ven.
1390 962 1441 968 —-
1499 937 1527 977 1.
1544 935 1612 979 24.
1660 937 1831 992 Repone
1859 935 1936 986 τὰς
1961 937 2178 979 articulum
2203 948 2300 981 ante
2328 937 2407 995 ῥό-

485 1020 586 1055 σεις.
646 1007 832 1047 Alterum
862 1005 1044 1059 ἑαυτῶν,
1077 1009 1189 1063 quod
1213 1008 1403 1049 petavius
1431 1007 1587 1049 uncinis
1613 1008 1802 1060 notavit,
1831 1023 1909 1063 ego
1939 1008 2117 1062 exclusi,
2147 1018 2311 1065 praeter
2335 1025 2408 1052 re-

482 1077 617 1133 liquos
654 1077 782 1120 libros
818 1078 971 1119 retinet
1010 1079 1134 1120 etiam
1160 1080 1263 1120 Ven.
1324 1078 1441 1119 Idem
1471 1077 1573 1119 liber
1608 1079 1732 1134 paulo
1763 1087 1860 1135 post
1883 1079 1951 1123 ῗνα
1979 1078 2039 1136 μῆ
2071 1081 2202 1137 δῆθεν
2227 1077 2323 1137 οἷρπ.
2352 1106 2408 1114 -

482 1148 508 1188 l.
526 1148 594 1191 26.
635 1153 819 1204 γραφαῖς
845 1150 1026 1199 παλαιᾶς
1052 1149 1126 1193 καὶ
1150 1150 1299 1206 καινῆς
1323 1150 1437 1194 διαθ.
1466 1151 1569 1191 Ven.
1607 1173 1652 1180 -—-
1712 1150 1823 1192 1.·28.
1870 1149 1952 1206 οἷς,
1998 1144 2095 1192 ante
2116 1164 2408 1207 πεπαρρησια-

484 1218 675 1275 σμένως,
707 1234 788 1262 om.
819 1222 924 1261 Ven.
985 1221 1097 1262 Idem
1128 1221 1242 1263 129.
1272 1221 1404 1276 δῆθεν
1432 1221 1517 1265 τῶν
1544 1219 1615 1264 καὶ
1645 1220 1686 1265 ἐν
1714 1222 1782 1278 τῇ.
1815 1246 1871 1253 -
1927 1223 1955 1264 l.
1979 1223 2019 1264 5.
2047 1222 2099 1263 ab
2125 1222 2200 1264 inf.
2231 1221 2303 1268 διὰ
2330 1221 2409 1278 τήν

481 1290 564 1334 τῶν
594 1290 820 1335 τελούντων
846 1289 1078 1347 ἀνθρώπων
1117 1289 1224 1335 αἰδῶ
1255 1293 1357 1332 Ven.
1393 1315 1444 1323 -—-
1502 1291 1530 1332 l.
1553 1288 1592 1333 4.
1617 1292 1668 1333 ab
1698 1292 1772 1333 inf.
1815 1292 1885 1336 ἵνα
1910 1290 1968 1348 μὴ
1995 1293 2051 1350 τῇ
2076 1293 2253 1352 πονηρίᾳ
2279 1289 2410 1339 συνά-

481 1376 664 1406 πτωνται
691 1365 792 1404 Ven.
855 1363 977 1414 Quod
1014 1362 1300 1419 reponendum
1339 1372 1411 1404 est.
1440 1388 1487 1393 —
1550 1362 1578 1404 l.
1600 1362 1640 1405 3.
1673 1363 1725 1404 ab
1751 1363 1826 1404 inf.
1867 1358 1926 1408 ὅν.
1959 1362 2251 1424 σεμνύνεσθαι.
2311 1366 2409 1410 Ate*-

485 1432 698 1491 λέχθησαν
729 1436 834 1480 Ven.
869 1458 921 1466 —-
978 1435 1008 1476 l.
1035 1435 1192 1489 penult.
1226 1448 1346 1478 τινων
1375 1432 1793 1489 προτελευτησοὶντων
1823 1436 1929 1476 Ven.

595 1506 724 1563 Pag.
744 1506 867 1550 224.
928 1505 955 1547 l.
974 1503 1012 1547 4.
1045 1504 1118 1548 καὶ
1142 1502 1510 1560 ἐξομολογηκότων
1536 1501 1661 1548 αῦτόν
1689 1508 1794 1547 Ven.
1822 1506 1963 1547 Recte.
1995 1531 2049 1539 —
2107 1508 2133 1548 I.
2155 1509 2194 1549 5.
2223 1506 2410 1564 φασκόν-

483 1590 564 1619 των
595 1578 697 1616 Ven.
756 1576 872 1617 Idem
897 1576 923 1617 I.
947 1576 983 1620 7.
1015 1574 1083 1619 ἐπὶ
1109 1576 1165 1632 τῇ
1192 1576 1279 1620 τοῦ.
1313 1601 1366 1611 —
1423 1576 1535 1618 1.1‘2.
1576 1577 1779 1634 γεραλαίᾳ
1812 1578 1891 1630 (ita
1919 1586 1960 1618 et
1988 1579 2102 1634 Bas.)
2129 1576 2304 1638 ῦπαρχ.,
2346 1580 2410 1624 εἰ·

482 1643 648 1702 ποῦσης
684 1645 731 1691 δὲ
761 1642 881 1705 αὐτῷ
919 1662 955 1690 τ.
987 1662 1023 1690 τ.
1060 1647 1336 1702 κακοτροπίας
1375 1646 1462 1702 ἐργ.
1506 1649 1607 1689 Ven.
1641 1671 1691 1678 —
1750 1648 1777 1688 I.
1804 1645 1866 1690 14.
1910 1646 2098 1704 μυσεράς
2134 1652 2235 1691 Ven.
2294 1651 2409 1693 Idem

482 1717 507 1757 I.
535 1720 598 1759 15.
637 1718 784 1759 iterum
826 1715 1002 1773 μυσερά.
1035 1742 1088 1749 --
1146 1718 1174 1759 l.
1199 1718 1260 1760 18.
1308 1713 1558 1773 ἀποτροπίαν
1594 1719 1676 1773 τῆς
1711 1713 1837 1773 ἀθεμ.
1867 1718 2068 1775 ἐργασίας
2102 1719 2163 1764 ἓκ.
2191 1721 2409 1779 αἱρέσεως,

484 1787 545 1838 εἰς
569 1786 616 1832 τό
649 1787 774 1833 καλὸν
804 1790 957 1845 μᾶλλον
984 1803 1123 1843 προτρ.
1153 1790 1259 1830 Ven.
1292 1813 1344 1820 —
1404 1790 1431 1830 1.
1455 1789 1521 1831 21.
1552 1789 1887 1845 ἐπιθυμούντων,
1920 1790 1981 1840 εἰς
2007 1787 2203 1847 ἀλέξησιν
2226 1790 2274 1838 δὲ
2299 1793 2410 1848 μᾶλ-

483 1861 549 1903 λον
580 1862 683 1901 Ven.
718 1885 774 1893 ——
831 1860 858 1902 l.
879 1860 946 1903 23.
978 1859 1121 1915 έργασ.
1155 1857 1275 1916 ὑμῶν
1303 1858 1522 1912 ῦπόνοιαν;
1563 1860 1650 1904 Καὶ
1674 1862 1835 1917 πρῶτον
1861 1863 1962 1903 Ven.
2025 1862 2137 1903 Idem
2164 1863 2288 1919 paulo
2314 1873 2411 1920 post

485 1930 602 1975 ἔσται
632 1946 707 1987 pro
738 1931 861 1975 ἐστιν.
896 1957 946 1964 -
1004 1932 1123 1973 124.
1167 1930 1441 1987 ἐφθαρμένων
1478 1933 1581 1973 Ven.
1614 1957 1669 1963 -—
1726 1932 1754 1973 l.
1771 1932 1826 1975 26
1853 1941 1894 1972 et
1920 1933 2000 1976 27.
2030 1933 2168 1974 Verba
2204 1934 2316 1985 Πῶς
2339 1926 2410 1979 οῦν

480 1999 638 2058 ἤττημ.
667 2000 738 2059 ἠδ.
769 2001 1031 2046 συνάπτεσθε
1058 2002 1226 2058 σώματι
1253 2016 1338 2043 non
1364 2003 1491 2044 habet
1517 2005 1646 2055 Ven.,
1688 2004 1755 2059 qui
1787 2003 1938 2044 deinde
1964 2004 2136 2059 praebet
2158 2004 2336 2060 πονηρὸν
2360 2004 2408 2050 τὸ

484 2074 747 2130 συναφθέντα
772 2076 1102 2129 τελεσιουργεῖν,
1145 2074 1291 2116 mediis
1316 2074 1466 2115 iterum
1493 2074 1664 2115 omissis.
1693 2099 1749 2106 —
1806 2075 1833 2116 1.
1852 2073 1890 2117 4.
1917 2076 1968 2116 ab
1997 2075 2072 2117 inf.
2102 2074 2409 2132 ἀποταξάμενον

482 2141 600 2200 ἀνθρ.
627 2143 686 2201 μὴ
726 2151 926 2202 γεωργεῖν
955 2154 1095 2186 tuetur
1123 2145 1247 2186 etiarn
1276 2147 1378 2200 ven.
1440 2147 1494 2186 Et
1518 2160 1616 2188 sane
1642 2154 1761 2187 vetus
1787 2145 1990 2201 scriptura
2022 2146 2130 2187 unde
2160 2146 2409 2189 defendatur

482 2232 566 2258 non
597 2225 722 2258 caret.
756 2241 807 2249 —
867 2216 894 2257 l.
916 2216 988 2257 ult.
1026 2216 1157 2257 Verba
1188 2212 1441 2272 ἀμπελῶνα,
1486 2213 1564 2260 οὔκ
1594 2214 1820 2272 ἐφύτευσεν
1849 2217 1892 2257 in
1922 2218 2024 2259 Ven.
2059 2232 2143 2259 non
2174 2226 2313 2260 extare
2341 2218 2408 2260 vi-

481 2288 644 2330 dentur.

594 2362 727 2417 Pag.
748 2359 874 2405 226.
934 2360 960 2400 l.
982 2362 1021 2401 ὁ.
1066 2357 1291 2415 γηράλαιον
1332 2362 1464 2410 Ven.,
1514 2361 1572 2399 uti
1603 2359 1722 2400 solet.
1784 2359 1899 2400 Idem
1925 2359 2012 2403 16.
2046 2358 2125 2405 ῦπό
2155 2361 2230 2404 τοῦ
2251 2359 2408 2405 τέκνου.

481 2456 536 2464 —
565 2431 594 2472 l.
613 2431 651 2474 7.
685 2435 774 2480 τοῖς
810 2428 1015 2485 πατράσιν
1054 2427 1193 2473 αὐτῶν
1230 2426 1347 2487 ῦβριν
1385 2432 1491 2472 Ven.
1521 2454 1575 2462 —
1631 2431 1659 2471 l.
1685 2431 1748 2472 12.
1793 2432 1965 2486 Repoue
1994 2446 2044 2472 ex
2075 2433 2237 2472 Veneto
2274 2430 2411 2488 γάμος

483 2502 543 2551 εἰς
565 2499 848 2553 παιδοποιίαν,
882 2498 972 2545 οῦκ.
1035 2501 1147 2542 Idem
1173 2501 1277 2542 liber
1304 2501 1330 2541 l.
1353 2502 1414 2543 13.
1442 2500 1590 2542 vitiose
1617 2502 1744 2543 habet
1773 2501 2012 2557 κεκτημένα
2041 2516 2118 2557 pro
2143 2503 2408 2558 κεκτισμένα,

483 2581 526 2614 et
548 2573 561 2612 l
596 2570 657 2614 14.
691 2581 789 2626 post
811 2573 1026 2621 κοινωνίας
1053 2572 1166 2613 delet
1193 2572 1410 2613 articulum
1429 2571 1519 2627 τὴν.
1546 2597 1591 2603 --
1652 2572 1680 2614 l.
1700 2573 1762 2616 17.
1792 2575 1885 2622 πῶς
1908 2569 2044 2630 ἀρέσῃ
2073 2575 2174 2614 Ven.
2197 2598 2249 2605 —
2298 2573 2325 2614 I.
2346 2573 2410 2616 19.

482 2641 514 2698 τῙ
545 2642 732 2698 μόνητης
760 2643 859 2697 (sic)
887 2644 990 2683 Ven.
1025 2668 1072 2674 -
1131 2643 1158 2683 I.
1177 2643 1244 2685 22.
1292 2642 1485 2698 μυσερῶν
1522 2643 1600 2699 (ita
1632 2646 1919 2699 constanter),
1958 2643 2031 2687 καὶ
2069 2638 2165 2688 οὔτε
2199 2641 2409 2689 ἀντίθετον

484 2713 605 2771 ἔσχον
636 2716 739 2756 Ven.
801 2714 912 2754 Idem
944 2714 970 2754 l.
993 2714 1060 2756 23.
1093 2713 1206 2755 delet
1233 2714 1306 2757 καὶ
1333 2724 1428 2755 ante
1456 2709 1552 2759 οὔτε
1581 2715 1618 2758 οἱ
1645 2713 1698 2758 ἐν.
1732 2740 1783 2746 -
1845 2715 1871 2755 I.
1893 2716 1961 2756 25.
1992 2711 2140 2770 τρόπον
2171 2711 2409 2765 ῦποδῦντες.

481 2785 572 2829 Καὶ
595 2782 747 2834 “Ηλίας
779 2787 882 2827 Ven.
943 2784 1059 2826 Idem
1087 2786 1114 2826 l.
1136 2785 1203 2827 26.
1249 2780 1345 2829 οὔτε
1382 2784 1490 2841 μετὰ
1524 2801 1609 2841 γυν.
1642 2810 1690 2818 -
1750 2786 1776 2829 l.
1810 2786 1881 2827 ult.
1930 2786 2076 2827 Scribo
2117 2801 2208 2827 cum
2245 2788 2408 2827 Veneto

482 2855 557 2912 τήν
589 2853 726 2900 αὐτῶν
756 2853 974 2911 δυνάμενοι
1003 2855 1212 2912 διελέγξαι
1239 2854 1432 2901 διάνοιαν.

595 2929 729 2986 Pag.
747 2929 872 2973 228.
930 2927 957 2968 1.
984 2929 1013 2969 1.
1048 2930 1156 2967 Bene
1183 2930 1332 2969 Venet.
1364 2927 1510 2983 ἐπειδὴ
1537 2926 1617 2983 γὰρ
1638 2927 1774 2972 πάντι.
1835 2928 2026 2969 Ceterum
2053 2942 2131 2984 pro
2153 2925 2289 2984 πάντῃ
2317 2941 2409 2969 cor-

482 2999 569 3054 rige
609 2996 759 3053 ποίντη.
790 3023 841 3030 -
900 2998 927 3039 l.
949 2998 987 3041 3.
1032 2998 1106 3041 καὶ
1133 2996 1163 3053 τί
1191 2999 1352 3048 πτῶσις
1376 3001 1480 3040 Ven.
1540 3000 1654 3040 Idem
1682 3000 1709 3040 l.
1733 2998 1769 3041 4.
1813 2998 1885 3042 καὶ
1912 2996 2045 3054 αὐτὴν
2084 2998 2133 3043 δὲ
2160 3011 2322 3052 παρωσ.
2352 3022 2408 3031 —-

482 3070 511 3112 l.
529 3073 567 3112 ὅ.
605 3066 795 3126 ἀρρωγόν
822 3071 911 3111 Bas.
943 3093 994 3100 -
1054 3070 1081 3110 l.
1102 3069 1141 3111 9.
1171 3066 1296 3124 θ(ἱμῶν
1327 3069 1368 3113 ἐν
1394 3070 1483 3126 θεῷ
1514 3068 1662 3125 ἐπαγγ.
1692 3072 1795 3112 Ven.
1829 3094 1876 3101 —
1938 3070 1965 3110 l.
1993 3070 2054 3111 10.
2085 3068 2158 3112 τοῦ
2186 3065 2258 3112 καὶ
2281 3065 2408 3114 Ἄδα-

485 3142 653 3197 μαντίου
686 3143 788 3182 Ven.
851 3141 961 3181 Idem
987 3141 1012 3181 l.
1037 3143 1098 3183 11.
1133 3139 1202 3196 μδ’
1229 3134 1260 3195 ἧ
1288 3139 1359 3183 καὶ
1384 3139 1458 3192 ξδ’.
1489 3165 1542 3173 ——
1600 3142 1626 3182 I.
1652 3142 1714 3183 12.
1758 3142 1931 3196 Repone
1960 3154 2009 3180 ex
2033 3141 2194 3180 Veneto
2219 3137 2410 3194 καθεξῆς

481 3210 652 3261 τούτοις.
689 3237 736 3243 -
794 3212 907 3254 1.13.
938 3211 1151 3256 Λεωνίδου
1181 3211 1281 3267 (sic)
1309 3213 1383 3255 τοῦ
1413 3209 1533 3267 οἱγίου
1561 3227 1680 3267 μαρτ.
1707 3210 1780 3255 καὶ
1807 3207 2038 3266 μακαρίτου
2051 3212 2160 3271 ven.
2190 3233 2241 3241 -
2293 3209 2405 3252 1.15.

482 3285 581 3338 τῶν,
611 3292 708 3324 ante
735 3279 963 3338 ‘EM-dvm,
994 3297 1073 3323 om.
1100 3285 1203 3323 Ven.
1257 3282 1369 3323 Idem
1394 3283 1420 3323 I.
1446 3282 1506 3325 16.
1538 3292 1635 3323 ante
1661 3282 1808 3326 Δεκίου
1832 3282 1976 3323 inserit
2002 3280 2062 3334 δὲ,
2100 3288 2142 3320 et
2166 3280 2290 3334 paulo
2310 3289 2408 3335 post

483 3355 654 3410 praebet
690 3353 758 3397 ἐπὶ
797 3355 877 3409 τῆς
910 3349 1229 3408 Ἀλεξανδρέων.
1263 3377 1317 3385 --
1386 3353 1411 3393 l.
1437 3354 1505 3395 20.
1546 3354 1642 3404 τοῦ,
1686 3362 1785 3394 ante
1826 3343 2040 3407 Χριστοῦ,
2086 3365 2164 3391 om.
2207 3352 2310 3392 Ven.
2353 3376 2407 3384 -

483 3426 510 3466 I.
534 3427 602 3467 22.
632 3424 721 3468 Καὶ
748 3422 828 3480 γὰρ
860 3424 933 3468 καὶ
962 3426 1097 3481 καιρῷ
1129 3439 1253 3479 ποτε,
1297 3421 1356 3474 ὥς
1391 3423 1540 3479 λόγος,
1585 3422 1842 3481 ξυρήσαντες
1868 3420 1992 3466 αὐτὸν
2020 3416 2198 3464 οἱ”Ἐλλ.
2225 3419 2329 3475 πρὸς
2351 3423 2408 3479 τῇ

482 3492 601 3552 ἀναβ.
628 3497 700 3539 τοῦ
734 3495 953 3550 Σαραπίου
983 3495 1235 3551 καλουμένου
1265 3496 1461 3552 τεμένους
1496 3498 1568 3539 τοῦ
1599 3492 1737 3539 αὐτῶν
1767 3497 1869 3535 Ven.
1904 3516 1952 3524 —-
2012 3492 2038 3532 l.
2059 3489 2126 3533 24.
2174 3492 2268 3549 τὸν,
2309 3503 2408 3536 ante

485 3564 632 3617 αὐτὸν,
681 3582 760 3608 om.
785 3569 889 3609 Ven.
952 3567 1065 3607 Idem
1092 3568 1215 3622 paulo
1253 3577 1350 3623 post
1390 3566 1590 3617 θάλλους,
1637 3581 1712 3621 pro
1738 3562 1914 3613 ’θαλοῦς.
1947 3586 1998 3593 -
2055 3562 2082 3603 l.
2103 3562 2169 3604 26.
2215 3579 2282 3622 σχ.
2312 3564 2407 3609 ἐπέ-

484 3652 624 3694 χουσιν
652 3638 690 3680 οἱ
713 3638 796 3681 τῶν
822 3640 921 3678 Ven.
982 3638 1096 3678 Idem
1126 3638 1151 3678 I.
1173 3639 1240 3682 27.
1269 3634 1366 3682 οῦδὲ
1402 3638 1560 3686 δείσας.
1593 3662 1642 3667 -
1702 3635 1818 3678 128.
1859 3634 2013 3682 Δεῦτε,
2058 3633 2212 3689 λέγων,
2256 3633 2407 3693 λάβετε

486 3704 533 3749 οῦ
562 3706 632 3750 τὸν
661 3707 812 3751 θαλλὸν
837 3710 908 3751 τοῦ
939 3706 1136 3763 εἰδώλου,
1167 3706 1273 3752 ἀλλά
1302 3707 1372 3752 τὸν
1402 3706 1553 3752 θαλλὸν
1578 3706 1778 3762 Χριστοῦ.
1838 3702 1925 3746 Καὶ
1950 3718 1992 3746 π.
2020 3702 2129 3748 ἔστιν
2156 3701 2184 3749 ἃ
2209 3706 2304 3760 περὶ
2331 3702 2406 3749 αῦ-

484 3775 555 3819 τόν
581 3773 944 3835 ἀνδραγαθήματα
977 3779 1079 3832 (sine
1103 3780 1203 3828 τοῦ,
1247 3789 1290 3819 et
1317 3780 1404 3818 sine
1434 3776 1504 3821 τὸν
1535 3774 1684 3831 ἄνδρα)
1716 3778 1816 3817 Ven.
1848 3798 1901 3804 —
1962 3774 2044 3816 1-5-
2073 3776 2124 3816 ab
2150 3777 2225 3817 inf.
2271 3775 2405 3832 ἔμεινε

484 3848 587 3888 Ven.
627 3871 668 3879 --
729 3849 755 3889 l.
776 3846 813 3888 4.
843 3849 895 3890 ab
922 3850 995 3891 inf.
1042 3850 1201 3905 Reponi
1239 3849 1419 3889 debebat
1448 3845 1687 3903 λογιότητος
1711 3860 1760 3887 ex
1790 3860 1916 3900 marg.
1954 3846 2130 3902 exempli
2158 3845 2401 3899 Schofflani,
