2508 4134
554 277 780 320 PANARn
809 278 913 319 Lm.
942 279 1014 318 m.
1042 279 1177 319 ΤοΜ.
1201 280 1231 320 1.
1258 279 1424 320 HAER.
1453 279 1653 320 Lxxm.
1959 268 2053 317 111

154 376 469 445 spicarcmnr‚
511 375 791 428 necessario
820 374 1044 440 subiecit,
1083 380 1212 424 Ante
1238 395 1391 426 omnes
1415 380 1556 426 eolles
1581 379 1751 441 genuit
1773 394 1857 425 me.
1937 372 2058 441 Qui-

154 458 243 510 bus
272 460 395 528 piam
426 460 563 511 nobis
587 478 645 511 ac
671 460 911 529 passionis
939 458 1094 509 omnis
1128 468 1376 527 expertem
1408 461 1558 528 ipsius
1588 478 1652 511 ex
1675 468 1808 528 patre
1836 459 1917 509 filii
1949 476 2058 527 pro-

152 543 403 611 prietatem
433 544 695 613 expressit.
773 541 955 594 Verum
989 543 1138 594 semel
1169 544 1403 593 duntaxat
1431 554 1596 611 pater,
1638 543 1882 610 semelque
1912 542 2054 606 fitius,

153 627 213 677 ob
249 627 374 678 illam
424 646 563 696 quam
603 628 814 679 diximus
866 631 988 696 piam
1031 627 1104 677 dei
1148 627 1545 694 germanitatem,
1599 627 1748 694 geniti
1788 627 1926 678 nobis
1971 645 2056 678 vo-

151 710 370 762 cabulum
410 712 680 763 ediderunt.
756 710 823 762 At
854 711 1001 779 patris
1047 719 1092 762 et
1125 711 1204 762 filii
1240 710 1511 762 nominibus
1540 711 1730 779 plenum
1763 721 1838 762 est
1875 729 2051 763 novum

151 812 292 846 omne
333 804 689 847 testamentum.
1900 784 1908 795 ⁶

291 877 388 931 Sed
423 889 475 931 ut
504 880 711 949 propriis
741 881 842 931 suis
883 880 1008 931 notis
1036 896 1193 931 novae
1223 879 1347 930 illius
1377 878 1592 929 haeresis
1632 878 1922 931 architectos
1960 880 2057 931 dis·
2079 885 2308 940 Cap.XX1.

150 980 352 1015 cernere
392 964 652 1032 possimus,
697 981 762 1015 ex
784 964 942 1014 multis
973 982 1095 1032 quae
1123 965 1179 1014 de
1203 963 1285 1014 illo
1312 972 1595 1031 argumento
1621 963 1921 1031 scripserunt
1945 983 2059 1033 pau-

150 1065 233 1111 ca,
275 1065 336 1098 ne
371 1048 561 1116 longior
588 1049 708 1112 sim,
749 1049 1019 1099 adnotanda
1053 1048 1234 1117 putavi.
1310 1046 1390 1098 Ex
1423 1047 1594 1115 quibus
1622 1047 1842 1098 catholici
1874 1057 1970 1099 tota
1999 1050 2056 1100 il-

148 1130 240 1182 lius
270 1131 487 1184 haeresis
516 1142 676 1183 mente
703 1141 982 1202 perspecta,
1025 1132 1330 1196 necessario,
1373 1140 1422 1182 ut
1451 1133 1654 1199 opinor,
1696 1141 1936 1195 statuent,
1977 1134 2054 1200 qui

149 1214 266 1266 baec
293 1216 605 1285 scripserint,
657 1218 823 1268 eadem
858 1217 959 1285 ipsa
984 1217 1264 1279 damnasse,
1316 1226 1366 1267 et
1389 1217 1594 1285 ipsamet
1634 1217 1858 1283 dogmata
1885 1233 1973 1267 sua
1999 1219 2055 1268 ab

148 1299 441 1368 apostolicae
479 1301 588 1351 fidei
628 1301 875 1352 consortio
909 1301 1145 1363 reiicere,
1199 1301 1284 1351 sed
1318 1310 1366 1352 et
1395 1318 1480 1352 eos
1520 1301 1746 1350 damnare
1780 1301 1857 1368 qui
1891 1302 2054 1352 eadem

147 1400 311 1434 secum
351 1384 561 1435 sentiant
607 1403 663 1436 ac
702 1386 924 1436 doceant.
1011 1383 1256 1453 Siquidem
1299 1385 1349 1436 iu
1390 1386 1508 1436 haec
1549 1384 1695 1435 verba
1737 1386 2054 1454 scripserunt.

145 1466 276 1519 Nam
322 1469 567 1536 praeclara
609 1469 795 1520 scilicet
833 1469 995 1520 divina
1030 1470 1178 1520 verba
1222 1470 1579 1520 communicare
1622 1469 1868 1520 vobiscum
1916 1488 2055 1538 quam

147 1551 435 1604 brevissimo
463 1570 688 1604 sermone
719 1554 964 1605 constitui.
1043 1551 1344 1622 Quicumque
1372 1552 1669 1606 substantiae
1696 1552 2054 1606 similitudinem

147 1652 345 1687 servare
370 1654 474 1687 cum
505 1645 640 1705 patre
668 1638 810 1688 lilium
852 1646 1048 1706 putant,
1104 1656 1129 1688 a
1158 1639 1363 1690 veritate
1399 1639 1587 1704 longius
1627 1640 1943 1704 aberrarunt3
1997 1657 2056 1690 eo

149 1721 275 1785 quod
329 1721 648 1789 appellatione
696 1721 799 1790 ipsa
851 1722 1052 1789 ingeniti
1103 1723 1257 1773 simile
1309 1724 1571 1774 secundum
1619 1733 1837 1775 naturam
1882 1724 2058 1774 conde-

146 1813 329 1856 mnant.
405 1803 598 1856 Rursus
629 1805 694 1856 ita
721 1805 992 1874 disputant:
1049 1804 1200 1857 Filius
1238 1825 1380 1874 porro
1418 1809 1735 1874 generatione
1775 1808 1931 1859 minor
1960 1818 2053 1872 est,

144 1898 193 1939 et
221 1906 332 1940 esse
367 1889 557 1940 dicitur.
631 1887 748 1940 Non
790 1889 938 1957 igitur
969 1899 1168 1940 naturae
1199 1890 1557 1942 similitudinem
1603 1910 1804 1944 servare
1844 1911 1949 1943 cum
1984 1892 2057 1944 in-

143 1973 310 2041 genito
350 1982 525 2042 potest.
602 1972 786 2025 Verum
829 1974 905 2024 dei
940 1974 1266 2037 voluntatem,
1320 1993 1458 2043 quam
1498 1975 1547 2026 in
1578 1978 1770 2046 propria
1808 1976 2056 2046 hypostasi

146 2057 384 2125 integram
415 2058 586 2120 babet,
640 2076 697 2109 ac
731 2058 1003 2122 sinceram,
1059 2068 1336 2110 conservat.
1413 2057 1654 2126 Quocirca
1699 2061 2055 2112 similitudinem

149 2141 338 2209 quidem
370 2150 660 2206 conservat,
701 2144 783 2193 sed
811 2161 906 2194 non
935 2143 983 2193 in
1014 2151 1215 2206 natura,
1271 2161 1438 2194 verum
1465 2145 1512 2194 in
1544 2146 1790 2197 voluntate
1823 2146 2053 2214 positam3

146 2242 205 2276 eo
233 2226 357 2293 quod
387 2226 572 2294 qualem
605 2227 758 2278 voluit
788 2227 890 2295 ipse
919 2227 1164 2296 produxit.
1242 2226 1307 2278 Et
1339 2246 1558 2292 rursum,
1601 2228 1855 2297 Quomodo
1886 2249 1980 2281 non
2008 2239 2055 2281 et

146 2327 332 2360 mecum
358 2310 460 2379 ipse
490 2310 659 2361 fateris
698 2311 842 2361 filium
879 2311 1001 2380 patri
1041 2322 1212 2362 natura
1239 2330 1334 2363 non
1366 2330 1475 2364 esse
1508 2313 1746 2365 similem?
1818 2313 2052 2378 Rursum,

147 2390 271 2445 Cum
300 2394 423 2445 filius
456 2395 591 2446 exitu
620 2412 790 2446 carere
829 2396 958 2446 omni
992 2396 1211 2459 dicatur,
1272 2396 1350 2465 qui
1380 2397 1528 2448 vitam
1560 2398 1749 2467 propria
1781 2415 1844 2449 ex
1885 2407 2056 2449 natura

145 2495 241 2528 non
286 2477 456 2542 babet,
509 2479 592 2529 sed
632 2497 697 2530 ex
729 2479 931 2548 ingeniti
974 2489 1242 2548 potestate,
1296 2481 1510 2549 ingenita
1553 2500 1697 2550 porro
1739 2491 1910 2534 natura
1946 2482 2052 2533 sine

144 2562 241 2614 ullo
271 2562 364 2613 fine
394 2563 522 2613 omni
553 2563 887 2631 sit-potestate
917 2565 1170 2633 superior,
1212 2582 1372 2616 nonne
1399 2566 1652 2617 manifeste
1675 2566 1805 2634 impii
1830 2584 1940 2619 sese
1969 2567 2053 2618 bo-

144 2646 300 2698 mines
330 2648 564 2715 produnt,
605 2648 714 2697 dum
746 2648 989 2699 essentiae
1020 2649 1329 2700 similitudine
1360 2650 1583 2702 diversae
1614 2651 1910 2703 substantiae
1935 2652 2051 2720 dog-

145 2748 249 2794 ma,
289 2732 412 2799 quod
444 2731 608 2800 pietati
635 2739 1010 2783 consentaneum
1041 2741 1144 2796 est,
1187 2737 1515 2785 commutant?
1588 2733 1805 2797 Deinde,
1846 2733 2051 2805 Propte-

143 2831 259 2880 rea,
299 2814 551 2883 inquiunt‚
594 2815 740 2884 patris
766 2833 940 2867 nomen
968 2816 1283 2868 substantiam
1314 2837 1408 2869 non
1435 2819 1692 2887 significat,
1731 2822 1816 2871 sed
1841 2829 2049 2889 potesta-

145 2906 271 2964 tem,
331 2916 453 2967 quae
498 2899 644 2951 filium
674 2908 783 2950 aute
821 2900 1014 2951 saecula
1056 2902 1216 2953 omnia
1252 2903 1390 2954 deum
1427 2903 1626 2954 verbum
1654 2905 1912 2972 produxit,
1970 2904 2047 2972 qui

145 2982 463 3034 substantiam
504 2984 633 3035 illam
674 3001 730 3034 ac
766 2992 1051 3053 potestatem
1087 2985 1178 3035 sibi
1212 2986 1259 3037 in
1293 2996 1539 3038 aeternum
1579 2989 1973 3040 communicatam
2000 2989 2049 3038 in

144 3083 256 3118 sese
298 3068 530 3119 continet.
614 3066 832 3136 Pergunt
868 3068 1068 3119 iterum:
1127 3066 1180 3121 Si
1221 3071 1367 3138 patris
1404 3071 1691 3123 vocabulum
1732 3072 2047 3124 substantiam

144 3150 444 3218 significare,
485 3169 579 3203 non
612 3161 895 3220 potestatem
928 3152 1106 3216 velint,
1160 3155 1328 3205 eadem
1356 3156 1458 3223 ipsa
1492 3157 1641 3224 patris
1669 3173 1787 3207 voce
1819 3155 2049 3222 unigeniti

146 3251 335 3303 quoque
372 3253 627 3304 personam
666 3236 779 3287 licet
814 3236 1069 3305 appellent.

286 3316 386 3371 Sed
416 3319 649 3372 adversus
683 3338 835 3373 novos
864 3322 984 3371 istos
1026 3319 1294 3373 haereticos
1336 3323 1460 3374 hunc
1487 3322 1536 3373 in
1568 3324 1758 3374 modum
1788 3322 2046 3391 disputabi-
2099 3330 2243 3429 ΧΟΞῙΞῘ.

200 3484 239 3527 6
272 3482 372 3539 ἔστη
402 3489 461 3527 ed.
490 3489 627 3529 Petav.
1124 3492 1177 3528 est
1208 3489 1281 3529 sed
1309 3489 1524 3544 potestatis
1556 3504 1658 3544 quae
1693 3489 1885 3544 produxit
1920 3491 2047 3533 filium

201 3540 239 3583 7.
271 3544 417 3592 Scripsi
442 3557 494 3595 ην
520 3542 560 3586 ἐν
589 3539 703 3599 αυτῷ
732 3545 974 3598 δωρηῧεΐσα
997 3556 1068 3594 pro
1123 3552 1218 3583 ante
1247 3546 1407 3586 saecula
1436 3546 1556 3586 deum
1585 3546 1777 3597 verbum,
1827 3561 1947 3601 quam
1973 3548 2046 3588 ha-

144 3587 198 3649 ἦν
227 3595 267 3639 ἐν
296 3593 411 3653 αυτῷ
440 3600 729 3652 δωρηῦεῖσαν,
769 3604 871 3652 quod
897 3604 938 3641 in
964 3603 1068 3640 libris
1122 3599 1194 3639 bet
1221 3599 1414 3641 infinite
1402 3601 1480 3655 1psi
1507 3601 1730 3650 donatam,
1759 3610 1800 3642 et
1829 3617 1948 3657 quam
1975 3618 2045 3643 es-

143 3654 540 3704 vulyoleyitur‚nullu
555 3658 793 3697 distinctione
803 3662 891 3697 ante
903 3654 1067 3699 οἷτελευ-
1121 3655 1295 3696 sentiam
1323 3671 1372 3697 ac
1395 3665 1645 3710 potestatem
1672 3658 1826 3700 habens
1854 3674 2043 3713 Ρειεενε-

144 3705 284 3758 τῆτως
296 3712 435 3758 posita.
465 3713 648 3751 Petavius
663 3716 820 3753 coniecit
838 3710 914 3765 τήν
937 3711 977 3754 ἐν
994 3707 1067 3753 ozu'·
1121 3720 1198 3753 rat.

144 3764 206 3820 τῷ
236 3765 511 3818 δωρηῧεῖσαν.
569 3769 776 3809 cornardus
802 3771 1070 3819 interpretatus
1176 3768 1215 3810 8.
1247 3766 1403 3822 πατρὸς
1423 3772 1639 3821 suspicatus
1666 3775 1719 3813 cst
1746 3773 1942 3814 Petavius.
