2508 4134
805 304 1333 347 ANAGEPHALAEosis
1911 295 2012 345 569

120 405 497 473 bus-puerulum
541 402 839 455 confodiunt.
914 400 1129 471 Fingunt
1169 402 1391 472 Pepuzae
1426 402 1669 456 Christum
1715 403 1826 454 olim
1860 401 2014 469 Quin-

119 490 249 541 tillae
289 498 371 539 aut
400 487 652 540 Priscillae
691 487 944 538 videndum
979 504 1031 536 se
1067 489 1345 555 praebuisse
1379 489 1595 539 muliebri
1639 488 1829 555 specie,
1874 495 2016 538 vetus

120 592 177 627 ac
214 591 390 624 novum
425 581 762 625 testamentum
801 571 1054 634 adhibent,
1106 572 1172 621 ita
1214 580 1371 623 tamen
1405 581 1458 624 ut
1490 574 1715 641 pleraque
1754 589 1839 641 pro
1870 570 2019 623 animi

122 658 317 709 libidine
355 665 666 708 commutent.

260 741 859 802 Tessarescaedeeatitae,
915 739 991 807 qni
1035 747 1158 789 stato
1192 740 1304 790 anni
1334 741 1409 790 die
1442 739 1629 791 Pascha
1659 740 1925 803 celebrant,
1966 747 2018 789 ut

121 843 466 895 quamcumque
491 826 537 876 in
563 826 684 876 diem
713 822 859 875 XlV.
891 824 1031 874 lunae
1061 824 1346 887 incurrerit,
1388 825 1494 875 sive
1523 825 1768 875 sabbatum
1800 824 1904 875 sive
1934 824 2018 874 do-

122 912 295 963 minica
334 912 508 974 fuerit,
551 927 606 960 ea
645 909 721 960 die
758 908 974 959 ieiunent
1011 925 1066 958 ac
1107 907 1355 976 pervigilia
1394 909 1659 959 celebrent.

260 1079 404 1146 Alogi
433 1098 461 1131 a
493 1079 632 1130 nobis
661 1078 727 1130 ita
763 1077 1024 1140 nominati,
1077 1076 1155 1144 qui
1184 1075 1381 1128 loannis
1410 1078 1711 1145 evangelium
1750 1095 1806 1128 ac
1834 1072 2017 1143 Λόγον,

122 1166 212 1216 hoc
253 1173 325 1215 est
358 1163 556 1214 verbum
598 1164 735 1213 deum
771 1179 796 1212 a
833 1171 966 1230 patre
996 1178 1187 1229 semper
1217 1162 1462 1229 genitum,
1518 1162 1811 1229 coelitusque
1844 1161 2018 1211 demis-

122 1268 246 1314 sum,
277 1249 411 1300 cuius
442 1248 490 1298 iu
514 1247 768 1315 evangelio
793 1247 875 1296 illo
908 1246 1085 1296 mentio
1117 1246 1195 1309 fit,
1238 1247 1515 1314 repudiant,
1559 1263 1646 1296 uec
1678 1244 1869 1296 loannis
1901 1246 2020 1295 dun-

122 1342 256 1385 taxat
292 1333 626 1401 evangelium,
667 1333 749 1381 sed
789 1339 836 1381 et
874 1329 1202 1399 Apocalypsin
1242 1330 1486 1381 reiiciunt.

263 1417 543 1480 Adamiani‚
597 1416 655 1465 ab
683 1415 871 1466 Adamo
909 1416 1073 1465 neseio
1119 1434 1212 1483 quo
1247 1416 1444 1466 vivente
1478 1415 1548 1465 sic
1578 1413 1720 1477 dicti,
1769 1411 2022 1463 ridiculum

123 1497 278 1571 potius
309 1502 446 1570 quam
479 1501 740 1552 verisimile
775 1501 941 1567 dogma
978 1501 1277 1568 profitentur.
1354 1499 1484 1550 Nudi
1514 1500 1714 1568 quippe,
1756 1497 1921 1565 quales
1959 1513 2022 1545 ex

124 1598 261 1638 utero
291 1587 455 1636 matris
483 1585 668 1653 egressi
696 1593 835 1647 sunt,
878 1584 966 1634 viri
1000 1585 1196 1653 perinde
1229 1602 1284 1634 ac
1316 1584 1542 1635 mulieres
1572 1582 1894 1642 conveniunt,
1952 1589 2023 1629 at-

124 1689 214 1740 que
243 1671 310 1722 ita
339 1670 651 1732 lectionibus,
705 1669 1002 1719 orationibus
1036 1687 1091 1719 ac
1119 1670 1294 1719 ceteris
1336 1669 1585 1737 religionis
1622 1668 1787 1720 officiis
1822 1666 2024 1732 fungun-

124 1765 232 1819 tur,
288 1765 335 1806 et
376 1755 603 1805 videlicet
639 1754 980 1804 monachorum
1022 1771 1078 1804 ac
1112 1754 1458 1804 continentium
1498 1754 1715 1805 instituta
1755 1763 2021 1817 sectantur,

127 1840 411 1908 nuptiasque
442 1839 782 1898 condemnant,
825 1838 1076 1887 ecclesiam
1111 1856 1228 1888 vero
1261 1856 1394 1889 suam
1429 1839 1697 1906 paradisum
1728 1847 2019 1906 nuncupant.

269 1922 551 1992 Sampsaei‚
593 1923 698 1974 sive
726 1921 979 1984 Elcesaei‚
1021 1924 1077 1972 ad
1108 1923 1227 1972 lianc
1251 1923 1374 1972 diem
1405 1923 1452 1972 in
1485 1922 1669 1974 Arabia
1699 1924 1903 1990 degunt,
1945 1940 2025 1973 su-

129 2026 209 2077 pra
247 2006 495 2059 Mortuum
535 2024 697 2069 mare,
755 2005 978 2057 Elcesaei
1018 2007 1261 2056 cuiusdam
1299 2007 1742 2075 pseudoprophetae
1784 2006 2023 2075 discipuli.

129 2093 169 2144 E
201 2094 337 2144 cuius
365 2093 511 2159 stirpe
543 2090 767 2142 Marthus
801 2100 846 2141 et
871 2089 1116 2140 Marthina
1151 2092 1356 2141 feminac
1388 2092 1507 2142 duae
1535 2101 1694 2142 aetate
1727 2101 1890 2143 nostra
1918 2109 2027 2160 pro-

128 2164 346 2239 dierunt,
388 2194 505 2245 quas
535 2177 727 2227 dearum
760 2176 915 2226 instar
940 2175 1155 2226 haeresis
1181 2176 1275 2225 ista'
1301 2176 1466 2226 coluit.
1544 2175 1722 2227 Eadem
1754 2194 1897 2245 porro
1923 2193 2026 2226 cum

125 2261 390 2313 Ebionaeis
428 2261 623 2311 omniuo
660 2261 893 2312 sentiunt.

266 2430 592 2482 Theodotiani
619 2447 644 2480 a
676 2430 932 2481 Theodoto
962 2427 1186 2481 Coriario
1216 2427 1492 2499 Byzantino
1537 2430 1667 2480 dicti.
1745 2429 1841 2498 Qui
1873 2430 2027 2481 Grae-

126 2518 194 2568 cis
225 2517 406 2568 artibus
448 2514 658 2583 apprime
700 2515 787 2564 fuit
825 2515 1091 2565 institutuS.
1170 2513 1263 2564 Hic
1293 2532 1398 2564 cnm
1442 2514 1548 2565 aliis
1578 2514 1858 2582 quibusdam
1891 2515 1937 2565 in
1967 2532 2025 2566 ea

126 2619 247 2670 quae
304 2610 400 2650 tum
446 2598 696 2650 saeviebat
739 2599 1075 2666 persecutione
1125 2599 1531 2667 comprehensus,
1595 2617 1699 2650 cum
1754 2600 1872 2650 socii
1923 2600 2026 2649 eius

127 2703 293 2737 omnes
322 2684 600 2752 martyrium
630 2682 890 2745 obiissent,
933 2684 1064 2733 solus
1095 2684 1230 2733 fidem
1261 2683 1484 2733 eiuravit.
1564 2680 1640 2735 Ob
1669 2684 1809 2751 idque
1838 2683 2027 2752 probris

126 2770 396 2839 appetitus,
450 2769 494 2817 id
524 2767 824 2834 excogitavit
852 2776 901 2817 ut
934 2765 1178 2818 Christum
1213 2768 1387 2818 nudum
1421 2784 1530 2818 esse
1569 2769 1807 2818 bominem
1837 2785 2027 2818 assere-

124 2863 228 2917 ret,
283 2870 342 2903 ne
378 2852 562 2902 crimini
594 2851 683 2902 sibi
711 2851 835 2901 istud
867 2860 1139 2901 verteretur
1167 2853 1289 2919 quod
1321 2853 1424 2902 eins
1453 2852 1750 2902 divinitatem
1779 2861 2024 2919 negasset.

263 2935 723 2998 Melchisedeciani‚
778 2933 1186 2986 Melchisedecum
1227 2936 1289 2985 ita
1328 2945 1653 2999 venerantur,
1711 2946 1761 2986 ut
1800 2936 2025 2986 virtutem

127 3039 237 3073 esse
268 3019 778 3088 quandamiactitent,
832 3036 925 3069 non
959 3019 1198 3070 hominem
1231 3020 1496 3082 duntaxat,
1556 3031 1604 3071 et
1636 3022 1690 3070 ad
1721 3020 1825 3071 eins
1854 3037 2026 3070 nomen

125 3107 310 3157 referre
349 3106 577 3155 universa
615 3122 709 3154 non
751 3103 983 3153 dubitant.

268 3188 677 3240 Bardesianistae.
755 3185 1079 3237 Bardesianes
1111 3188 1202 3238 iste
1237 3205 1262 3237 e
1287 3186 1640 3256 Mesopotamia
1671 3189 1901 3238 oriundus
1930 3189 2028 3238 sin-

126 3292 284 3325 ceram
320 3275 456 3324 fidem
504 3274 638 3323 initio
682 3273 963 3339 complexus
999 3281 1100 3334 est,
1156 3289 1213 3322 ac
1248 3274 1485 3339 sapientia
1524 3272 1780 3340 praestitit.
1860 3270 1956 3323 Sed
2002 3291 2028 3322 a

125 3359 330 3409 veritate
362 3366 526 3427 postea
554 3358 787 3407 recedens
818 3356 984 3405 eadem
1013 3373 1116 3405 cuni
1150 3354 1409 3405 Valentino
1434 3357 1611 3420 docuit,
1656 3365 1849 3424 praeter
1878 3374 2027 3424 pauca

127 3444 356 3511 quaedam
397 3445 444 3492 in
485 3441 654 3509 quibus
693 3441 751 3490 ab
789 3441 870 3490 illo
913 3439 1170 3505 discrepat.

264 3525 517 3577 Noe‘tiani.
595 3524 785 3576 Noetus
826 3525 900 3573 bic
936 3521 1251 3592 Smyrnensis
1293 3541 1354 3573 ex
1396 3523 1513 3572 Asia
1558 3523 1660 3572 fnit.
1739 3522 1832 3591 Qui
1876 3525 1923 3575 in
1960 3526 2029 3575 al-

183 3636 249 3679 48.
279 3635 374 3679 τότε
409 3641 556 3678 restitui
586 3650 633 3677 ex
660 3639 771 3678 codd.
802 3649 889 3675 mss.
948 3639 1048 3675 Nam
1104 3633 1378 3690 χιδεδεκιανοὶ
1406 3637 1489 3674 cod.
1521 3638 1596 3675 len.

125 3698 166 3735 in
196 3697 307 3734 editis
334 3706 379 3732 ea
406 3707 483 3734 vox
511 3708 585 3734 non
616 3697 763 3744 le9itur.
1165 3694 1229 3730 51.
1274 3690 1594 3745 βαρδισιανιταὶ.
1616 3694 1884 3746 βαρδισιανῆς
1920 3695 2034 3733 codd.

183 3749 247 3790 49,
278 3752 452 3790 Fortasse
480 3745 524 3792 ὃν
554 3750 630 3791 ἵνα,
1105 3761 1194 3787 mss.
1223 3753 1386 3796 uterque.
1449 3748 1798 3801 βαρδισιανισταί.
1819 3751 2030 3804 βαρδισια-

184 3806 247 3847 50.
281 3805 580 3859 μελχιδεκιανοὶ
616 3808 686 3845 cod
735 3807 891 3855 ΙῑῖῙιεᾶίς]ς
951 3806 1051 3858 μελ-
1109 3805 1184 3859 γῆς
1216 3806 1303 3843 edit.
1330 3807 1455 3854 princ,
