2508 4134
450 305 675 347 PANARn
704 305 809 347 Lm.
832 306 902 346 111.
946 304 1080 346 ΤοΜ.
1101 305 1151 345 11.
1193 304 1383 345 EXPOS.
1414 304 1518 343 Fu).
1551 303 1783 345 cATnot..
1965 293 2065 343 533

170 414 305 470 rent,
359 421 420 456 ne
453 412 658 455 aetatem
698 403 746 453 in
790 402 887 452 otio
923 402 1183 469 degerent,
1238 410 1319 452 aut
1359 401 1515 452 cibum
1554 419 1659 451 cum
1690 401 1966 469 cuiusquam
1997 401 2071 452 in-

171 489 421 541 commodo
463 495 727 540 sumerent.
804 484 983 554 Magna
1025 502 1143 537 vero
1185 501 1248 535 ex
1292 493 1426 553 parte
1458 485 1506 535 in
1541 485 1850 536 decantandis
1877 485 2069 553 psalmis

168 591 235 624 ac·
251 572 493 641 perpetuis
517 570 814 623 orationibus
844 578 892 620 et
920 586 1165 620 sacrarum
1192 568 1459 620 litterarum
1489 569 1775 620 lectionibus
1802 569 2069 637 iisdemque

168 656 448 708 memoriter
484 654 848 725 pronuntiandis
888 654 1075 722 seipsos
1115 661 1369 703 exercent.

302 738 402 791 Iam
434 757 554 791 vero
583 737 944 809 hospitalitatis,
986 736 1314 799 humanitatiS‚
1357 744 1406 786 et
1435 736 1482 785 in
1518 753 1684 786 omnes
1716 753 1950 805 pauperes
1983 736 2074 787 be·-

167 824 449 876 neficentiae
480 825 662 875 fructus
694 823 779 874 toti
813 821 1075 873 catholicae
1118 829 1167 870 et
1198 819 1491 888 apostolicae
1531 820 1767 870 ecclesiae
1804 820 2069 871 communis

167 909 386 960 omnibus
429 917 502 958 est
543 908 769 959 indictus.
854 904 1036 956 Eadem
1076 921 1194 956 vero
1242 902 1450 954 ecclesia
1500 920 1586 971 pro
1638 903 1853 954 obsoleta
1903 904 1983 954 illa
2021 904 2071 954 in

166 990 363 1044 Christo
409 991 775 1043 circumcisione
824 989 1107 1059 baptismum
1148 987 1359 1056 accepit,
1417 1004 1475 1037 ac
1518 1004 1602 1055 pro
1646 987 1823 1055 exiguo
1868 988 2071 1039 sabbato

165 1076 361 1128 maioris
402 1076 607 1144 quietem
650 1075 872 1133 admittit.
963 1073 1039 1124 Ab
1066 1073 1283 1123 'omnium
1326 1071 1592 1122 haereseon
1639 1072 1974 1123 communione
2016 1090 2070 1123 se

165 1169 419 1228 segregat,
463 1159 858 1222 fornicationem,
899 1157 1183 1208 adulterium
1212 1174 1268 1207 ac
1299 1155 1541 1206 libidinem
1573 1155 1830 1223 proscribit
1856 1174 2065 1207 omnem.

167 1243 285 1296 Item
312 1243 658 1308 idololatriam,
713 1242 1045 1306 homicidium,
1100 1241 1259 1291 scelus
1291 1257 1462 1302 omne,
1516 1239 1756 1289 maleficas
1785 1249 1944 1303 artes,
1986 1257 2071 1292 ve-

165 1329 363 1393 neficia,
415 1328 786 1389 astronomiam,
838 1325 1072 1394 auguria,
1135 1323 1445 1385 sortitioneS,
1499 1321 1883 1389 incantationeS,
1938 1341 2069 1375 amu-

162 1413 287 1477 leta,
328 1430 449 1481 quae
478 1411 772 1481 phylacteria
799 1419 1053 1461 vocantur.
1130 1409 1206 1460 Ad
1238 1409 1355 1459 haec
1384 1407 1589 1471 theatra,
1631 1416 1880 1475 equestres
1909 1408 2067 1472 ludos,

162 1496 448 1548 venationes
507 1513 563 1547 ac
623 1496 805 1546 musica
863 1494 1134 1563 spectacula
1197 1494 1406 1544 damnat.
1498 1491 1626 1541 Tum
1688 1491 2069 1542 maledicentiam

164 1598 381 1644 omnem,
435 1578 807 1643 detractionem,
861 1595 1066 1647 pugnam
1102 1585 1242 1645 atque
1274 1576 1461 1642 rixam,
1518 1576 1886 1644 blasphemiam,
1946 1576 2071 1627 iniu-

162 1665 312 1728 riam,
365 1664 668 1732 cupiditatem
697 1672 744 1713 et
777 1679 990 1713 usuram.
1068 1660 1415 1729 Negotiatores
1459 1678 1553 1711 non
1590 1661 1841 1710 admodum
1878 1660 2066 1729 probat,

163 1749 247 1799 sed
280 1749 327 1798 in
356 1748 565 1799 omnium
605 1747 767 1797 intimo
807 1747 914 1797 loco
950 1745 1225 1805 constituit,
1280 1745 1549 1795 oblationes
1586 1745 1643 1794 ab
1680 1744 1750 1795 his
1780 1745 1859 1812 qui
1894 1745 2069 1795 iniuria

162 1833 400 1884 nemiuem
447 1832 725 1895 affecerint,
778 1848 933 1899 neque
972 1831 1131 1881 scelus
1175 1830 1363 1896 aliquod
1406 1829 1758 1898 perpetrarint,
1817 1829 1902 1879 scd
1939 1828 2066 1879 iuste

162 1918 308 1969 vitam
337 1916 615 1979 instituant,
669 1916 890 1965 admittit.
967 1913 1147 1965 Preces
1179 1915 1236 1965 ad
1274 1914 1411 1964 deum
1445 1913 1638 1963 assidue
1672 1914 1905 1977 fundere,
1962 1930 2070 1963 eas-

163 2003 364 2069 demque
393 2000 808 2068 frequentissimas
838 2018 893 2049 ac
925 1999 1145 2062 sedulas,
1185 1997 1388 2066 genibus
1422 1997 1613 2048 interim
1651 2005 1919 2065 opportuno
1951 2006 2070 2047 tem-

162 2103 278 2156 pore
318 2085 487 2149 flexiS,
543 2093 710 2135 noctes
752 2101 808 2134 ac
852 2083 953 2134 dies
1002 2082 1251 2151 praecipit.
1338 2079 1495 2132 Porro
1537 2081 1819 2149 quibusdam
1861 2081 1909 2131 in
1948 2081 2069 2132 locis

158 2170 288 2221 sacri
322 2177 589 2220 conventus
627 2177 675 2219 et
713 2185 926 2237 synaxes
970 2167 1114 2217 etiam
1157 2166 1367 2217 sabbatis
1409 2165 1702 2216 indicuntur.
1794 2163 1914 2215 Illud
1950 2182 2070 2216 vero

2149 753 2245 807 Cap.

2113 811 2275 851 xxm.

164 2272 258 2304 non
290 2254 348 2304 ab
380 2253 631 2315 omnibus,
672 2253 754 2303 sed
789 2269 816 2302 a
846 2250 1279 2320 praestantioribus
1310 2250 1625 2313 observatur,
1676 2259 1728 2300 ut
1759 2267 1818 2300 ne
1854 2250 2072 2300 deierent
2130 2257 2140 2270 ‘

166 2338 390 2401 omnino,
443 2354 598 2405 neque
641 2336 909 2388 convicium
949 2335 1168 2403 cuiquam
1213 2335 1420 2398 faciant,
1476 2342 1558 2384 aut
1590 2335 1942 2403 imprecentur,
1985 2351 2070 2400 pro

166 2439 224 2472 eo
255 2440 311 2472 ac
351 2421 564 2473 salvator
599 2420 766 2483 iussit,
820 2421 1036 2488 adeoque
1079 2419 1230 2487 quoad
1275 2419 1321 2468 in
1354 2419 1470 2487 ipsis
1508 2420 1649 2469 situm
1684 2427 1786 2482 est,
1830 2437 2069 2487 nunquam

165 2507 359 2556 omnino
383 2505 694 2555 mentiantur.
770 2502 997 2572 Plerique
1028 2521 1145 2553 vero
1173 2504 1298 2554 bona
1327 2520 1415 2553 sua
1444 2503 1690 2566 vendunt,
1733 2512 1781 2553 et
1811 2503 1860 2553 in
1894 2521 2071 2572 paupe-

167 2607 246 2641 res
286 2589 593 2639 distribuunt.

304 2672 484 2724 Forma
523 2672 710 2740 quidem
751 2689 808 2722 ac
847 2680 957 2722 nota
989 2671 1223 2722 ecclesiae
1256 2672 1519 2722 catholicae
1551 2681 1625 2722 est
1656 2671 1921 2735 eiusmodi,
1963 2690 2069 2723 cum

166 2777 222 2810 ea
253 2758 360 2809 fidei
405 2757 606 2809 formula
637 2773 772 2823 quam
813 2773 955 2824 supra
997 2756 1351 2824 proposuimuS.
1429 2754 1532 2806 Eae
1564 2774 1707 2824 porro
1736 2757 1869 2823 leges
1901 2774 1957 2807 ac
1989 2758 2070 2807 de-

167 2852 298 2894 creta
339 2843 386 2892 in
430 2859 485 2892 ea
529 2841 851 2891 celebrantur.
930 2839 1064 2890 Haec
1109 2849 1210 2904 est,
1265 2841 1488 2907 inquam,
1542 2840 1777 2890 ecclesiae
1817 2842 1967 2890 forma
2005 2857 2070 2890 ex

167 2929 301 2996 lege,
356 2926 630 2994 prophetis,
682 2924 914 2991 apostolis
951 2934 999 2973 et
1040 2923 1352 2991 evangelistis
1392 2924 1628 2988 conflata,
1685 2943 1805 2992 quae
1841 2923 2071 2992 exquisiti

168 3011 411 3062 cuiusdam
441 3008 638 3059 antidoti
670 3008 823 3057 instar
847 3017 948 3071 est,
1007 3025 1071 3058 ex
1102 3007 1264 3057 multis
1296 3007 1554 3075 unguentis
1582 3008 1639 3058 ad
1672 3025 1836 3058 eorum
1866 3009 2070 3058 salutem

169 3096 245 3163 qui
274 3094 340 3145 uti
370 3094 610 3146 voluerint
639 3092 867 3153 confecti,
911 3093 967 3141 de
997 3092 1242 3142 voluntate
1272 3092 1439 3160 patris,
1483 3092 1561 3141 lilii
1590 3110 1644 3141 ac
1671 3093 1865 3160 spiritus
1893 3092 2066 3144 sancti.

169 3179 302 3230 Haec
344 3188 420 3229 est
458 3178 763 3230 venerandae
797 3174 978 3226 Christi
1025 3192 1229 3244 sponsae
1266 3184 1377 3225 nota
1412 3176 1664 3244 peculiaris
1699 3194 1754 3225 ac
1788 3176 2066 3244 descriptio.

170 3263 305 3315 Haec
350 3262 476 3313 illius
516 3263 603 3312 dos
649 3270 695 3310 et
727 3260 1007 3310 hereditatis
1040 3268 1400 3309 testamentum.
1477 3258 1612 3309 Haec
1653 3259 1877 3310 coelestis
1920 3260 2069 3326 ipsius

170 3347 334 3416 sponsi
361 3346 473 3397 Iesu
498 3343 682 3397 Christi
710 3344 884 3395 domini
909 3344 1150 3394 voluntaS.
1226 3341 1324 3393 Per
1347 3359 1486 3410 quem
1512 3352 1559 3392 et
1586 3360 1786 3409 quocum
1815 3344 1935 3411 patri
1965 3344 2068 3410 glo-

169 3433 267 3495 ria,
322 3433 474 3482 honor
505 3438 553 3480 et
584 3429 832 3498 imperium
878 3445 983 3477 cum
1024 3435 1192 3477 sancto
1234 3427 1401 3495 spiritu
1436 3427 1481 3476 in
1519 3427 1709 3477 saecula
1740 3427 2064 3492 saeculorum,

171 3516 349 3566 Amen.

312 3597 495 3651 Omnes
525 3600 601 3667 qui
626 3599 700 3649 hic
732 3606 841 3648 sunt
871 3598 1043 3647 fratres
1069 3594 1319 3663 plurimum
1346 3611 1434 3644 vos
1460 3594 1699 3657 salutant,
1741 3596 1824 3646 sed
1852 3595 2069 3665 inprimis

171 3683 453 3749 Anatolius,
505 3685 581 3755 qui
614 3684 698 3735 has
730 3691 895 3733 contra
929 3680 1170 3747 octoginta
1204 3679 1431 3729 haereses
1461 3678 1809 3747 disputationes
1846 3690 2067 3731 notarum

2155 2696 2254 2750 Cap.

2118 2754 2281 2794 XXIV.
