2508 4134
703 313 844 355 ToMI
870 313 1079 353 Pmoms
1110 313 1245 355 PARS
1276 313 1593 354 Pos‘rEmoR.
1986 302 2087 353 629

179 408 394 467 τῴκησεν,
442 407 514 455 ὅτε
540 408 571 467 ή
596 411 733 455 τελεία
755 411 904 465 κλῆσις
927 410 1008 454 τῶν
1035 409 1129 465 περὶ
1157 410 1317 465 Πέτρον
1349 410 1421 454 καὶ
1432 406 1630 464 Ἰωάννην
1655 410 1902 464 γεγένηται,
1941 405 2088 453 ἐλθόν-

178 479 407 530 τοςπαύτοῦ
436 479 549 535 παρὰ
577 479 655 537 τήν
684 480 827 535 λίμνην
857 479 1117 534 Γενησαρέθ.
1177 480 1266 523 Καὶ
1294 476 1429 529 οὕτως
1457 478 1486 534 ή
1516 481 1632 523 πᾶσα
1662 482 1749 522 κτλ.

289 552 420 608 rag.
440 552 529 596 80.
585 551 612 591 l.
635 550 669 592 1.
700 546 805 594 άλλά
831 546 973 604 πάσης
998 552 1077 602 τῆς
1101 551 1184 593 τῶν
1214 547 1464 604 εὐαγγελίων
1494 549 1778 604 πραγματείας
1802 547 2087 604 τηλαυγεστά-

175 635 254 675 της
278 615 411 675 οῦσης
438 620 510 663 καὶ
540 620 581 663 ἐν
612 617 790 677 άληθείᾳ
817 619 1141 675 κεκηρυγμένης.
1202 619 1258 662 Τί
1287 611 1355 662 οὖν
1395 619 1511 670 ἔδοξε
1552 617 1711 667 τούτοις
1748 618 1818 663 τὸν
1858 620 1958 662 ἴδιον
1994 620 2086 663 νοῦν

176 687 422 744 άπατήσασι
449 690 521 734 καὶ
547 689 624 744 τὴν
651 690 806 745 αἵρεσιν
831 686 989 743 ταύτην
1014 689 1081 745 τῶ
1110 689 1189 745 βίῳ
1219 688 1462 743 ἐξεμέσασιν
1490 685 1652 731 άθετεῖν
1678 687 1725 731 τὸ
1754 687 1860 732 κατὰ
1887 685 2085 743 Ἰωάννην

177 756 437 814 εύαγγέλιον;
496 761 678 810 Δικαίως
698 759 778 816 γὰρ
806 755 951 814 ἄλογον
984 757 1062 813 τήν
1093 754 1230 801 αύτῶν
1267 759 1421 812 αἵρεσιν
1462 756 1727 813 κεκλήκαμεν
1751 757 1821 802 διὰ
1846 756 1893 801 τὸ
1925 756 1983 813 μή
2002 758 2085 817 [δέ-

175 830 327 885 χεσθαι
355 825 506 878 αύτούς
542 826 610 875 τόν
641 826 800 874 ἄνωθεν
827 828 1001 873 ἐλθόντα
1037 826 1134 872 θεὸν
1163 826 1282 883 λόγον
1310 826 1380 872 διὰ
1408 824 1600 871 Ἰωάννου
1627 827 1947 882 κεκηρυγμένον.
2004 827 2081 882 Μή

174 901 358 947 νοοῦντες
381 898 460 954 γὰρ
484 899 560 956 τήν
586 896 755 955 δύναμιν
779 902 861 943 τῶν
888 895 1138 954 εὐαγγελίων
1165 898 1270 952 φασὶ
1285 930 1295 948 ,
1326 898 1433 946 Πῶς
1460 898 1496 940 οἱ
1519 892 1633 940 ἄλλοι
1658 894 1947 952 εύαγγελισταὶ
1970 895 2086 952 εἰρή-

176 983 294 1012 κασιν
339 964 405 1012 ὅτι
446 969 584 1025 φυγὰς
626 966 760 1028 ᾤχετο
799 966 879 1014 clu&
923 966 1140 1022 προςώπου
1178 965 1374 1022 “Ηρώδου
1406 965 1429 1010 0‘
1457 964 1627 1021 Ἰησοῦς
1652 967 1712 1015 εἰς
1741 968 1967 1022 Αἴγυπτον,
2012 968 2085 1010 καὶ

176 1036 280 1092 μετὰ
307 1037 383 1093 τήν
413 1040 552 1095 φυγήν
585 1038 716 1085 ἐλθών
745 1039 980 1094 κατέμεινεν
1010 1039 1071 1087 εἰς
1097 1035 1318 1092 Ναζαρὲθ,
1354 1035 1444 1080 εἶτα
1469 1036 1604 1092 λαβών
1631 1035 1677 1080 τὸ
1704 1035 1918 1092 βάπτισμα
1946 1034 2081 1092 άπῆλ-

175 1113 245 1151 θεν
272 1113 359 1151 κτλ.
393 1111 538 1151 Venet.
570 1136 620 1143 ——
678 1110 705 1150 l.
727 1109 766 1151 8.
810 1103 898 1163 ὅτι,
940 1117 1035 1162 post
1059 1107 1210 1161 εἰπεῖν,
1255 1122 1336 1147 om.
1363 1109 1465 1147 Ven.
1530 1108 1641 1147 Idem
1669 1107 1821 1147 ibidem
1851 1122 1931 1148 om.
1958 1108 2083 1148 verba

177 1177 249 1221 καὶ
272 1177 510 1232 ἐσκήνωσεν
537 1178 578 1222 ἐν
602 1178 717 1234 ἡμῖν.
749 1203 802 1210 --
859 1175 949 1221 1.“9.
995 1173 1114 1232 ὀλίγα
1145 1175 1235 1220 τινὰ
1262 1179 1363 1217 Ven.
1396 1202 1448 1207 —
1509 1177 1535 1218 l.
1561 1178 1622 1218 11.
1659 1174 1765 1230 μετὰ
1790 1175 1836 1219 τὸ
1863 1176 1988 1220 εἰπεῖν
2012 1176 2083 1221 τὸν

174 1246 293 1302 λόγον
323 1246 459 1303 σάρκα
480 1250 741 1304 ’γεγενῆσθαι
766 1249 838 1291 καὶ
861 1247 1143 1303 ἐσκηνωκέναι
1170 1247 1209 1289 ἐν
1235 1245 1363 1302 ήμῖν,
1394 1247 1601 1289 τουτέστιν
1628 1248 1729 1286 Ven.
1762 1269 1811 1277 --
1870 1246 1898 1286 l.
1922 1247 1980 1287 12.
2013 1261 2082 1301 γε·

173 1317 353 1371 γονέναι,
384 1318 456 1361 καὶ
483 1319 594 1374 λέγει
621 1313 729 1373 ἦλθε
753 1320 856 1359 ven.
889 1343 943 1350 —-
999 1318 1024 1358 l.
1051 1318 1113 1360 13.
1144 1316 1404 1373 ἐβαπτίσθη,
1440 1314 1566 1365 αύτός
1593 1314 1765 1368 Ἰησοῦς
1788 1322 1990 1370 μαρτυρεῖ
2012 1317 2083 1359 λέ-

174 1401 258 1441 γων
284 1385 354 1431 τὸν
383 1387 611 1444 βαπτιστήν
635 1385 830 1443 Ἰωάννην
863 1387 1097 1442 εἰρηκέναι,
1130 1379 1269 1435 Οὗτός
1294 1386 1383 1429 ἐστι
1412 1387 1505 1441 περὶ
1539 1378 1587 1429 οῦ
1612 1382 1720 1428 εἷπον
1747 1381 1866 1439 ύμῖν,
1897 1385 1969 1428 καὶ
1997 1383 2083 1429 πά-

172 1458 230 1499 λιν
256 1452 340 1506 ὅτι,
372 1458 616 1513 Τεθέαμαι,
645 1459 810 1514 reliquis
838 1459 1020 1506 omissis,
1050 1458 1153 1498 Ven.
1179 1480 1232 1487 —
1291 1457 1317 1496 l.
1346 1458 1405 1499 18.
1439 1456 1548 1506 Καὶ,
1580 1465 1676 1497 ante
1705 1453 1834 1512 ὁρᾷς,
1869 1470 1949 1497 om.
1978 1458 2080 1497 Ven.

172 1527 287 1567 Idem
310 1527 434 1581 paulo
461 1539 556 1582 post
578 1530 676 1569 ibid.
707 1527 985 1583 ἐπιλησμονην
1010 1525 1320 1583 ύφηγούμενος·
1350 1526 1576 1579 παρέλειῴε
1599 1525 1647 1570 δὲ
1671 1524 1693 1569 ὁ
1716 1522 1917 1579 Ἰωάννης
1939 1523 1993 1570 τοὶ
2018 1529 2078 1583 τῷ

171 1597 381 1653 Ματθαίῳ
412 1598 622 1654 εἰρημένα.
670 1596 735 1642 Ού
760 1597 839 1654 γὰρ
865 1590 931 1653 ἦν.
954 1622 1008 1629 -
1066 1598 1090 1638 l.
1112 1598 1178 1639 20.
1209 1598 1287 1650 τῆς
1312 1597 1474 1646 τελείας
1496 1594 1694 1651 φράσεως
1719 1598 1822 1636 ven.
1852 1619 1908 1627 —-
1964 1596 1990 1635 1.
2012 1597 2080 1638 22.

172 1665 260 1710 υἱὸν
288 1668 411 1717 θεοῦ,
443 1668 515 1711 καὶ
541 1667 643 1712 εἶναι
670 1668 742 1723 μὲν
767 1666 961 1722 πρότερον
989 1666 1109 1721 ψιλὸν
1133 1663 1370 1722 ἄνθρωπον,
1413 1665 1520 1710 κατὰ
1549 1663 1760 1720 προκοπήν
1789 1663 1838 1708 ’δὲ
1866 1666 2082 1721 εἰληφέναι

170 1734 245 1789 τήν
271 1738 343 1780 τοῦ
369 1738 458 1781 υἱοῦ
481 1741 553 1782 τοῦ
585 1740 683 1781 θεοῦ
709 1739 991 1793 προςηγορίαν.
1033 1736 1103 1781 Διό
1129 1739 1210 1780 τῶν
1238 1733 1382 1792 οἷναγκ.
1408 1736 1643 1791 ἐπιμέλεται
1672 1735 1764 1790 (sic)
1789 1737 1893 1776 Ven.
1953 1736 2079 1777 Paulo

172 1815 265 1860 post
291 1807 332 1847 in
362 1808 506 1853 eadem
535 1808 643 1849 linea
670 1809 780 1849 idem
807 1809 918 1848 delet
940 1800 1007 1851 οὖν
1034 1808 1284 1862 particulam.
1308 1833 1364 1839 —-
1420 1808 1446 1847 l.
1465 1806 1531 1848 24.
1561 1807 1644 1849 τῶν
1669 1805 1918 1859 ἐπουρανίων
1943 1804 2082 1849 ποιού-

173 1891 292 1929 μενος
318 1875 396 1931 τήν
433 1875 630 1933 διήγησιν
655 1880 736 1933 τῆς
770 1874 929 1922 ἄνωθεν
969 1878 1213 1933 οἰκονομίας.
1272 1879 1372 1932 Λεγ.
1402 1876 1450 1921 δὲ
1473 1874 1520 1920 τὸ
1551 1893 1586 1919 κ.
1611 1873 1811 1929 Ἰωάννην
1843 1874 2080 1930 εύαγγέλιον

174 1943 392 1990 άδιάθετον
417 1945 542 1997 εἶναι,
577 1947 667 1991 ἐπεὶ
694 1947 753 2003 μή
785 1950 918 1991 ταῦτα
945 1948 1025 2004 ἔφη
1041 1981 1052 2002 ,
1100 1949 1207 2003 λέγω
1235 1946 1283 1992 δὲ
1311 1946 1363 1990 τὰ
1387 1945 1495 1990 κατὰ
1520 1945 1591 1989 τὸν
1615 1944 1844 2000 πειρασμὸν
1872 1947 1954 1989 τῶν
1977 1960 2077 1989 τεσ-

178 2015 411 2070 σαράκοντα
456 2015 653 2072 ήμερῶν,
695 2017 766 2060 καὶ
802 2015 878 2061 ούκ
917 2015 1098 2069 ἀξιοῦσιν
1136 2014 1244 2061 αύτά
1274 2017 1475 2073 δέχεσθαι
1504 2014 1612 2059 κατὰ
1638 2014 1770 2059 πάντα
1798 2016 2079 2070 πεπλασμένοι

170 2086 269 2140 (sic)
305 2086 378 2129 καὶ
413 2084 719 2142 τυφλώττοντες
758 2087 832 2144 τήν
863 2088 1055 2132 διάνοιαν.
1085 2090 1188 2129 Ven.
1220 2113 1273 2120 --
1328 2089 1356 2128 l.
1383 2087 1422 2130 9.
1454 2087 1504 2127 ab
1532 2087 1605 2126 inf.
1650 2085 1857 2139 Τέταρτος
1881 2084 1961 2140 γὰρ
1990 2086 2075 2128 τῶν

166 2151 470 2211 εύαγγελιστῶν
510 2174 548 2200 κ.
582 2162 620 2202 δ.
651 2157 784 2201 ἐλθών
812 2157 837 2202 ὁ
865 2157 1068 2213 μακάριος
1106 2153 1333 2212 Ἰωάννης,
1379 2158 1542 2212 πρῶτος
1584 2155 1657 2211 μὲν
1698 2150 1754 2198 ‹Bv
1790 2155 1831 2198 ἐν
1866 2157 1922 2211 τῇ
1961 2153 2071 2209 κλή-

168 2239 231 2268 σει
266 2225 372 2280 μετὰ
399 2228 559 2282 Πέτρον
601 2228 674 2271 καὶ
707 2225 902 2282 Ἀνδρέαν
943 2229 1016 2272 σύν
1043 2226 1239 2285 Ἰακώβῳ
1266 2229 1327 2283 τῶ
1364 2224 1536 2283 άδελφῷ
1575 2223 1729 2275 αύτοῦ,
1772 2229 2006 2274 τελευταῖος
2030 2225 2095 2270 δὲ,

167 2300 255 2344 τοῖς
278 2295 439 2352 χρόνοις
467 2295 841 2353 ευάγγελισάμενος
865 2297 916 2342 τοὶ
942 2298 1019 2354 πρὸ
1051 2301 1147 2339 Ven.
1180 2324 1233 2329 —
1289 2299 1316 2338 l.
1337 2297 1377 2339 6.
1405 2298 1456 2338 ab
1481 2298 1554 2337 inf.
1586 2295 1767 2351 ῥηθέντα
1792 2295 1864 2338 καὶ
1890 2295 2075 2350 διαλέγε-

165 2380 234 2408 ται
259 2376 380 2421 auget
406 2369 509 2407 ven.
570 2368 678 2410 [dem
719 2369 817 2410 ibid.
851 2370 962 2410 delet
996 2369 1184 2409 voculam
1212 2368 1260 2412 δὲ
1288 2376 1385 2408 ante
1415 2366 1491 2422 τὴν
1519 2363 1662 2423 ἀρχὴν.
1695 2390 1743 2396 -
1803 2366 1828 2405 l.
1854 2367 1892 2407 ὃ.
1922 2366 1973 2406 ab
2000 2367 2078 2410 inf.

165 2433 286 2479 πάλιν
322 2438 531 2479 ποιεῖσθαι
570 2440 672 2479 ven.
702 2463 757 2470 —-
815 2440 840 2479 l.
863 2438 901 2481 4.
931 2440 982 2480 ab
1010 2440 1083 2479 inf.
1125 2438 1320 2495 Τιβερίου
1363 2437 1578 2491 Καίσαρος
1614 2433 1828 2491 μεσότητα
1859 2436 1940 2479 τῶν
1969 2452 2011 2490 μ.
2038 2452 2075 2482 τ.

166 2501 305 2562 οἷρχτὶν
347 2504 615 2561 διηγούμενος
654 2511 757 2549 ven.
814 2510 922 2550 Hinc
959 2510 1214 2550 restituenda
1254 2517 1316 2548 est
1347 2508 1510 2562 vulgata
1552 2507 1766 2561 scriptura.
1797 2530 1849 2537 ——
1907 2506 1995 2548 1.3.
2022 2508 2073 2547 ab

163 2575 239 2615 inf.
269 2574 459 2631 ἐπήγαγε
483 2575 558 2630 τήν
584 2578 677 2632 περὶ
701 2579 781 2633 τῆς
804 2576 1034 2636 Ἐλισάβετ
1071 2579 1145 2622 καὶ
1169 2578 1337 2633 Μαρίας
1370 2576 1447 2631 πρὸ
1480 2578 1553 2620 τοῦ
1583 2575 1792 2631 ἐγκύμονα
1818 2573 1920 2619 εἶναι
1948 2591 2074 2631 γεγε-

164 2646 342 2700 νημένην
367 2647 660 2701 πραγματείαν.
719 2644 918 2703 Ἰωάννης
943 2649 990 2693 δὲ
1021 2650 1079 2692 ἔτι
1102 2649 1298 2702 προτέρου
1329 2648 1426 2702 (sic)
1470 2646 1543 2701 μὲν
1576 2641 1632 2689 ὢν
1658 2647 1713 2702 τῇ
1740 2645 1915 2700 κλήσει,
1947 2642 2075 2689 ῦστε-

168 2730 237 2769 ρος
267 2715 314 2759 δὲ
342 2714 499 2759 τούτων
529 2715 718 2769 κηρύξας
746 2718 1070 2774 ἐπασφαλίζεται
1099 2722 1201 2760 ven.

276 2788 408 2843 Pag.
432 2788 520 2831 82.
577 2787 601 2825 1.
622 2788 659 2827 2.
706 2787 759 2830 τὰ
788 2785 856 2831 ὑπ’
892 2786 1018 2832 αύτοῦ
1056 2792 1165 2844 λεγ.,
1209 2790 1290 2832 τῶν
1333 2790 1542 2843 σαρκικῶν
1579 2785 1920 2843 άσφαλισθέντων
1962 2782 2072 2841 (ήδη

165 2856 295 2909 abest)
335 2858 436 2897 Ven.
470 2881 519 2887 —-
584 2856 610 2896 1.
635 2860 672 2898 Ξ).
718 2856 758 2901 ἐν
786 2859 839 2913 τῇ
871 2857 1011 2914 μήτρᾳ
1035 2860 1113 2911 τῆς
1143 2857 1264 2914 οἱγίας
1291 2859 1495 2913 παρθένου
1533 2857 1605 2900 καὶ
1631 2855 1677 2901 τὸ
1709 2857 1806 2911 (sic)
1835 2853 2075 2910 άναγκαίως

166 2924 214 2970 δὲ
241 2923 485 2981 ζητούμενον
512 2924 587 2970 ούκ
613 2927 898 2982 ἐπεσιώπησεν
914 2960 923 2978 ,
956 2924 1059 2971 άλλά
1085 2928 1286 2983 πνεύματι
1311 2926 1419 2984 οἱγίῳ
1444 2927 1680 2981 κινούμενος
1698 2925 1768 2970 τὸν
1795 2924 1873 2980 πρὸ
1900 2927 1981 2969 τῶν
2012 2926 2076 2969 αἰ-

167 2995 282 3039 ώνων
318 2991 412 3051 ἅγει
452 2992 549 3040 ὅντα
588 2996 686 3040 θεὸν
725 2996 842 3052 λόγον
870 2995 1061 3053 άνάρχως
1091 2998 1162 3041 καὶ
1198 2995 1388 3054 άχρόνως
1418 2990 1482 3040 ἐκ“
1499 2996 1656 3051 πατρὸς
1691 2996 1987 3051 γεγενημένον,
2033 2995 2073 3038 ἐν

167 3066 290 3120 σαρκὶ
328 3065 376 3110 δὲ
414 3064 647 3121 ἐληλυθότα
686 3063 739 3110 δι’
771 3065 889 3121 ήμᾶς
917 3067 1151 3121 ἐδήλωσεν,
1194 3069 1261 3110 ἵνα
1300 3065 1381 3112 α’πὸ
1418 3064 1634 3121 τεσσάρων
1667 3062 1969 3120 εύαγγελιστῶν
1997 3064 2073 3120 τήν

164 3138 300 3178 πᾶσαν
339 3137 488 3190 γνῶσιν
527 3137 634 3180 κατά
670 3151 716 3179 τε
753 3135 827 3190 τήν
858 3136 993 3190 σάρκα
1029 3138 1101 3180 καὶ
1128 3137 1236 3180 κατὰ
1261 3136 1335 3190 τήν
1362 3135 1546 3191 θεότητα
1570 3135 1757 3192 άκριβῶς
1781 3137 2072 3192 κατασχῶμεν.

166 3206 481 3248 Τελειωθέντων
509 3205 588 3260 γὰρ
613 3203 774 3249 πάντων
806 3210 888 3249 τῶν
916 3206 1023 3250 κατὰ
1049 3205 1095 3249 τὸ
1131 3204 1345 3263 βάπτισμα
1372 3207 1443 3249 καὶ
1472 3205 1579 3250 κατὰ
1606 3204 1676 3248 τὸν
1703 3204 1957 3259 πειρασμὸν,
2001 3205 2072 3247 ἐλ-

166 3273 311 3324 θόντος
332 3276 403 3319 τοῦ
429 3272 573 3330 Ἰησοῦ
602 3275 737 3319 λοιπὸν
761 3276 832 3319 καὶ
863 3273 1011 3331 ὀλίγων
1038 3273 1247 3331 ήμερῶν,·
1275 3277 1420 3325 καθώς
1447 3276 1642 3324 πολλάκις
1669 3274 1800 3325 εἶπον,
1832 3275 2073 3328 διατρίψαν-

165 3361 233 3395 τος
261 3345 299 3388 ἔν
321 3361 366 3388 τε
391 3346 446 3401 τῇ
475 3345 676 3401 Ναζαρὲθ
702 3347 773 3388 καὶ
796 3346 836 3389 ἐν
863 3352 949 3394 τοῖς
976 3344 1101 3399 ὁρίοις
1127 3342 1287 3400 αὐτῆς,
1327 3347 1399 3389 καὶ
1428 3347 1522 3399 περὶ
1548 3345 1622 3400 τήν
1647 3343 1936 3399 Καφαρναοὺμ
1966 3344 2071 3399 μετὰ

165 3414 211 3459 τὸ
245 3416 494 3469 συναντῆσαι
522 3418 582 3470 τῶ
614 3411 788 3471 Ἰωάννη
818 3415 883 3458 ἐπὶ
910 3419 981 3459 τοῦ
1009 3410 1242 3469 Ἰορδάνου,
1273 3415 1345 3458 καὶ
1370 3417 1425 3472 τῇ
1454 3414 1649 3469 ἐπαύριον
1679 3430 1792 3463 τινας
1810 3416 1896 3457 τῶν
1926 3415 2072 3469 μαθη-

165 3486 246 3528 τῶν
273 3484 681 3540 συμπαρειληφότος,
723 3487 882 3539 πρῶτον
911 3486 1030 3528 τοῦτο
1062 3491 1232 3540 σημεῖον
1262 3484 1303 3527 ἐν
1325 3486 1446 3542 Κανᾷ
1474 3485 1675 3538 πεποίηκε
1704 3487 1757 3540 τῇ
1787 3484 1905 3540 τρίτῃ
1928 3482 2071 3541 ήμέρᾳ

166 3551 246 3597 οἷπό
274 3550 492 3603 Ἰωάννου,
525 3556 696 3612 εἰκοστῇ
724 3556 771 3599 δὲ
799 3557 879 3609 τῆς
902 3552 982 3598 άπὸ
1009 3557 1079 3598 τοῦ
1111 3556 1340 3609 πειρασμοῦ
1367 3555 1566 3598 ἐπανόδου
1593 3554 1666 3597 καὶ
1691 3555 1764 3597 τοῦ
1790 3552 2070 3608 κηρύγματος.

167 3619 279 3666 Οὔτε
314 3622 392 3678 γὰρ
423 3624 500 3678 πρὸ
540 3627 611 3669 τοῦ
641 3626 872 3680 πειρασμοῦ
902 3627 1003 3665 Ven.
1035 3649 1085 3655 -—
1144 3623 1255 3665 1.14.
1299 3623 1481 3678 Χριστὸν
1510 3625 1656 3667 ἐλθεῖν.
1718 3619 1825 3667 Ούθ’
1854 3619 1964 3673 ὅλως
1988 3623 2068 3679 γάρ

166 3709 205 3736 τι
229 3694 311 3736 τῶν
338 3695 596 3749 θεοσημείων
620 3693 838 3749 εἰργάσατο
866 3690 895 3748 η’
923 3696 995 3738 τοῦ
1020 3692 1288 3749 κηρύγματος
1311 3690 1490 3749 ἤρξατο,
1524 3695 1560 3737 εἰ
1584 3692 1643 3749 μή
1669 3709 1708 3736 τι
1736 3689 1761 3737 ἃ
1788 3694 1949 3749 λέγεται
1974 3695 2071 3750 περὶ

168 3758 294 3805 αύτοῦ
332 3763 372 3805 ἐν
404 3765 601 3820 παιγνίῳ,
645 3760 717 3807 ὅτε
742 3765 901 3808 παιδίον
934 3757 1011 3818 ήν,
1053 3764 1331 3818 πεποιηκέναι.
1380 3759 1509 3807 ’Έδει
1545 3763 1623 3818 γὰρ
1663 3764 1734 3807 καὶ
1761 3762 1931 3808 παιδικὰ
1962 3763 2068 3820 ἔχειν

168 3829 290 3877 αὐτὸν
324 3839 503 3888 σημεῖα,
546 3835 613 3878 ἵνα
641 3837 742 3875 Ven.
773 3860 826 3867 -
883 3835 907 3874 l.
932 3836 994 3876 18.
1039 3835 1243 3890 αἱρέσεσιν
1273 3834 1403 3892 λέγειν
1432 3836 1533 3876 ven.
1563 3859 1618 3869 --
1673 3835 1700 3876 1.
1728 3834 1789 3878 19.
1834 3832 2068 3891 περιστερά.
