<?xml version="1.0" encoding="UTF-8"?>
<!DOCTYPE html PUBLIC "-//W3C//DTD XHTML 1.0 Transitional//EN"
    "http://www.w3.org/TR/xhtml1/DTD/xhtml1-transitional.dtd">
<html xmlns="http://www.w3.org/1999/xhtml" xml:lang="en" lang="en">
 <head>
  <title>
</title>
<meta http-equiv="Content-Type" content="text/html;charset=utf-8" />
  <meta name='ocr-system' content='tesseract 3.04.00' />
  <meta name='ocr-capabilities' content='ocr_page ocr_carea ocr_par ocr_line ocrx_word'/>
</head>
<body>
  <div class='ocr_page' id='page_1' title='image "./pt3corporishaere02epipuoft/pt3corporishaere02epipuoft_0611.png"; bbox 0 0 2508 4134; ppageno 0'>
   <div class='ocr_carea' id='block_1_1' title="bbox 740 278 2045 336">
    <p class='ocr_par' dir='ltr' id='par_1_1' title="bbox 740 278 2045 336">
     <span class='ocr_line' id='line_1_1' title="bbox 740 278 2045 336; baseline -0.007 0"><span class='ocrx_word' id='word_1_1' title='bbox 740 293 880 336; x_wconf 85' lang='grc' dir='ltr'>ΤοΜῐ</span> <span class='ocrx_word' id='word_1_2' title='bbox 909 293 1117 334; x_wconf 78' lang='lat' dir='ltr'>Pmoms</span> <span class='ocrx_word' id='word_1_3' title='bbox 1146 293 1282 333; x_wconf 82' lang='lat' dir='ltr'>PARS</span> <span class='ocrx_word' id='word_1_4' title='bbox 1312 292 1485 333; x_wconf 74' lang='lat' dir='ltr'><strong>Pmon.</strong></span> <span class='ocrx_word' id='word_1_5' title='bbox 1951 278 2045 328; x_wconf 88' lang='lat'><strong>601</strong></span> 
     </span>
    </p>
   </div>
   <div class='ocr_carea' id='block_1_2' title="bbox 154 386 2064 2202">
    <p class='ocr_par' dir='ltr' id='par_1_2' title="bbox 159 386 2055 523">
     <span class='ocr_line' id='line_1_2' title="bbox 160 386 2055 450; baseline -0.006 -13"><span class='ocrx_word' id='word_1_6' title='bbox 160 395 263 438; x_wconf 76' lang='lat' dir='ltr'><strong>lbid.</strong></span> <span class='ocrx_word' id='word_1_7' title='bbox 304 394 376 450; x_wconf 83' lang='grc' dir='ltr'><strong>μὲν</strong></span> <span class='ocrx_word' id='word_1_8' title='bbox 402 394 642 439; x_wconf 64' lang='grc' dir='ltr'>ποθούντων</span> <span class='ocrx_word' id='word_1_9' title='bbox 662 395 768 435; x_wconf 85' lang='lat' dir='ltr'><strong>Ven.</strong></span> <span class='ocrx_word' id='word_1_10' title='bbox 794 414 849 423; x_wconf 93' lang='lat'>—</span> <span class='ocrx_word' id='word_1_11' title='bbox 904 390 931 430; x_wconf 89' lang='lat' dir='ltr'><strong>l.</strong></span> <span class='ocrx_word' id='word_1_12' title='bbox 951 390 1017 433; x_wconf 91' lang='grc'><strong>27.</strong></span> <span class='ocrx_word' id='word_1_13' title='bbox 1060 390 1314 444; x_wconf 86' lang='lat' dir='ltr'><strong>Reponenda</strong></span> <span class='ocrx_word' id='word_1_14' title='bbox 1344 389 1385 432; x_wconf 79' lang='grc' dir='ltr'><strong>ἐν</strong></span> <span class='ocrx_word' id='word_1_15' title='bbox 1411 388 1662 444; x_wconf 77' lang='lat' dir='ltr'>praepositio</span> <span class='ocrx_word' id='word_1_16' title='bbox 1702 388 1810 428; x_wconf 83' lang='lat' dir='ltr'><strong>inter</strong></span> <span class='ocrx_word' id='word_1_17' title='bbox 1850 386 1979 441; x_wconf 85' lang='grc' dir='ltr'>λέγειν</span> <span class='ocrx_word' id='word_1_18' title='bbox 2012 391 2055 425; x_wconf 84' lang='lat' dir='ltr'><strong>et</strong></span> 
     </span>
     <span class='ocr_line' id='line_1_3' title="bbox 159 459 1115 523; baseline -0.012 -13"><span class='ocrx_word' id='word_1_19' title='bbox 159 468 235 523; x_wconf 83' lang='grc' dir='ltr'><strong>τῷ.</strong></span> <span class='ocrx_word' id='word_1_20' title='bbox 265 491 320 499; x_wconf 89' lang='lat'><strong>--</strong></span> <span class='ocrx_word' id='word_1_21' title='bbox 360 464 403 504; x_wconf 59' lang='grc'><strong>11.</strong></span> <span class='ocrx_word' id='word_1_22' title='bbox 432 464 470 507; x_wconf 87' lang='grc'><strong>3.</strong></span> <span class='ocrx_word' id='word_1_23' title='bbox 501 465 552 505; x_wconf 84' lang='lat' dir='ltr'><strong>ab</strong></span> <span class='ocrx_word' id='word_1_24' title='bbox 580 464 699 505; x_wconf 86' lang='lat' dir='ltr'><strong>infer.</strong></span> <span class='ocrx_word' id='word_1_25' title='bbox 729 459 988 514; x_wconf 79' lang='grc' dir='ltr'>ἐζωοποίησε</span> <span class='ocrx_word' id='word_1_26' title='bbox 1015 461 1115 500; x_wconf 87' lang='lat' dir='ltr'><strong>Ven.</strong></span> 
     </span>
    </p>

    <p class='ocr_par' dir='ltr' id='par_1_3' title="bbox 157 522 2057 1082">
     <span class='ocr_line' id='line_1_4' title="bbox 268 522 2053 591; baseline -0.003 -17"><span class='ocrx_word' id='word_1_27' title='bbox 268 536 397 591; x_wconf 68' lang='lat' dir='ltr'><strong>Pag.</strong></span> <span class='ocrx_word' id='word_1_28' title='bbox 421 536 547 579; x_wconf 72' lang='lat'><strong>136.</strong></span> <span class='ocrx_word' id='word_1_29' title='bbox 600 534 628 574; x_wconf 96' lang='lat' dir='ltr'><strong>l.</strong></span> <span class='ocrx_word' id='word_1_30' title='bbox 653 535 690 575; x_wconf 90' lang='lat'><strong>1.</strong></span> <span class='ocrx_word' id='word_1_31' title='bbox 719 532 890 586; x_wconf 87' lang='lat' dir='ltr'><strong>Repone</strong></span> <span class='ocrx_word' id='word_1_32' title='bbox 928 544 978 570; x_wconf 83' lang='lat' dir='ltr'><strong>ex</strong></span> <span class='ocrx_word' id='word_1_33' title='bbox 1012 529 1103 570; x_wconf 90' lang='lat' dir='ltr'><strong>cod.</strong></span> <span class='ocrx_word' id='word_1_34' title='bbox 1129 530 1292 570; x_wconf 88' lang='lat' dir='ltr'><strong>Veneto</strong></span> <span class='ocrx_word' id='word_1_35' title='bbox 1319 527 1509 573; x_wconf 57' lang='grc' dir='ltr'>κάτωθεν</span> <span class='ocrx_word' id='word_1_36' title='bbox 1536 529 1614 572; x_wconf 84' lang='grc' dir='ltr'><strong>πᾶν</strong></span> <span class='ocrx_word' id='word_1_37' title='bbox 1640 527 1686 572; x_wconf 82' lang='grc' dir='ltr'>τὸ</span> <span class='ocrx_word' id='word_1_38' title='bbox 1716 526 1795 572; x_wconf 54' lang='lat' dir='ltr'><strong>fist&amp;</strong></span> <span class='ocrx_word' id='word_1_39' title='bbox 1824 528 1906 571; x_wconf 81' lang='grc' dir='ltr'><strong>τῶν</strong></span> <span class='ocrx_word' id='word_1_40' title='bbox 1931 522 2053 581; x_wconf 79' lang='grc' dir='ltr'>οἷγγέ-</span> 
     </span>
     <span class='ocr_line' id='line_1_5' title="bbox 159 594 2055 654; baseline -0.005 -6"><span class='ocrx_word' id='word_1_41' title='bbox 159 608 239 649; x_wconf 97' lang='grc' dir='ltr'><strong>λων</strong></span> <span class='ocrx_word' id='word_1_42' title='bbox 262 603 445 647; x_wconf 59' lang='grc' dir='ltr'>πλασῧὲν</span> <span class='ocrx_word' id='word_1_43' title='bbox 472 602 653 646; x_wconf 59' lang='grc' dir='ltr'>ἐνταῦθα</span> <span class='ocrx_word' id='word_1_44' title='bbox 675 598 817 650; x_wconf 68' lang='grc' dir='ltr'>αὐτοῖς</span> <span class='ocrx_word' id='word_1_45' title='bbox 838 597 1236 654; x_wconf 61' lang='grc' dir='ltr'>καταλιμπάνεσὲαι.</span> <span class='ocrx_word' id='word_1_46' title='bbox 1292 597 1474 654; x_wconf 83' lang='grc' dir='ltr'>Χριστὸν</span> <span class='ocrx_word' id='word_1_47' title='bbox 1502 598 1551 643; x_wconf 80' lang='grc' dir='ltr'><strong>δὲ</strong></span> <span class='ocrx_word' id='word_1_48' title='bbox 1574 599 1646 642; x_wconf 76' lang='grc' dir='ltr'>καὶ</span> <span class='ocrx_word' id='word_1_49' title='bbox 1668 594 1791 642; x_wconf 71' lang='grc' dir='ltr'>αὐτὸν</span> <span class='ocrx_word' id='word_1_50' title='bbox 1814 594 1981 652; x_wconf 83' lang='grc' dir='ltr'><strong>φάσκει.</strong></span> <span class='ocrx_word' id='word_1_51' title='bbox 2002 619 2055 628; x_wconf 89' lang='lat'><strong>—-</strong></span> 
     </span>
     <span class='ocr_line' id='line_1_6' title="bbox 158 668 2055 729; baseline -0.006 -11"><span class='ocrx_word' id='word_1_52' title='bbox 158 678 183 718; x_wconf 93' lang='lat' dir='ltr'><strong>l.</strong></span> <span class='ocrx_word' id='word_1_53' title='bbox 204 677 243 719; x_wconf 87' lang='lat'><strong>3.</strong></span> <span class='ocrx_word' id='word_1_54' title='bbox 274 678 351 716; x_wconf 87' lang='lat' dir='ltr'><strong>Pro</strong></span> <span class='ocrx_word' id='word_1_55' title='bbox 379 674 656 729; x_wconf 60' lang='grc' dir='ltr'>γεγεννῆσθαι</span> <span class='ocrx_word' id='word_1_56' title='bbox 692 672 789 727; x_wconf 84' lang='lat' dir='ltr'><strong>(pro</strong></span> <span class='ocrx_word' id='word_1_57' title='bbox 823 685 904 726; x_wconf 92' lang='lat' dir='ltr'><strong>quo</strong></span> <span class='ocrx_word' id='word_1_58' title='bbox 946 669 1090 711; x_wconf 78' lang='lat' dir='ltr'><strong>excudi</strong></span> <span class='ocrx_word' id='word_1_59' title='bbox 1120 668 1298 710; x_wconf 84' lang='lat' dir='ltr'><strong>debebat</strong></span> <span class='ocrx_word' id='word_1_60' title='bbox 1325 670 1600 724; x_wconf 54' lang='grc' dir='ltr'>γεγενῆσθαι)</span> <span class='ocrx_word' id='word_1_61' title='bbox 1632 684 1681 709; x_wconf 88' lang='lat' dir='ltr'><strong>ex</strong></span> <span class='ocrx_word' id='word_1_62' title='bbox 1709 670 1870 710; x_wconf 89' lang='lat' dir='ltr'><strong>Veneto</strong></span> <span class='ocrx_word' id='word_1_63' title='bbox 1898 679 2055 720; x_wconf 84' lang='lat' dir='ltr'>repono</span> 
     </span>
     <span class='ocr_line' id='line_1_7' title="bbox 157 736 2056 802; baseline -0.006 -15"><span class='ocrx_word' id='word_1_64' title='bbox 157 746 317 802; x_wconf 87' lang='lat' dir='ltr'><strong>plenius</strong></span> <span class='ocrx_word' id='word_1_65' title='bbox 342 745 618 800; x_wconf 57' lang='grc' dir='ltr'>γεγενῆσθαι,</span> <span class='ocrx_word' id='word_1_66' title='bbox 661 738 766 786; x_wconf 78' lang='grc' dir='ltr'>ἀλλὰ</span> <span class='ocrx_word' id='word_1_67' title='bbox 790 739 838 784; x_wconf 81' lang='grc' dir='ltr'>τὸ</span> <span class='ocrx_word' id='word_1_68' title='bbox 867 738 925 795; x_wconf 78' lang='grc' dir='ltr'><strong>μή</strong></span> <span class='ocrx_word' id='word_1_69' title='bbox 953 739 1250 794; x_wconf 58' lang='grc' dir='ltr'>γεγεννῆσθαι,</span> <span class='ocrx_word' id='word_1_70' title='bbox 1292 737 1338 782; x_wconf 86' lang='grc' dir='ltr'>τὸ</span> <span class='ocrx_word' id='word_1_71' title='bbox 1368 753 1503 793; x_wconf 82' lang='grc' dir='ltr'>περιπ.</span> <span class='ocrx_word' id='word_1_72' title='bbox 1530 740 1616 781; x_wconf 88' lang='grc' dir='ltr'><strong>κτλ.</strong></span> <span class='ocrx_word' id='word_1_73' title='bbox 1647 762 1700 769; x_wconf 89' lang='grc'>-</span> <span class='ocrx_word' id='word_1_74' title='bbox 1756 738 1784 778; x_wconf 92' lang='lat' dir='ltr'><strong>l.</strong></span> <span class='ocrx_word' id='word_1_75' title='bbox 1811 740 1849 779; x_wconf 82' lang='lat'><strong>5.</strong></span> <span class='ocrx_word' id='word_1_76' title='bbox 1891 736 2056 789; x_wconf 85' lang='lat' dir='ltr'><strong>Corrige</strong></span> 
     </span>
     <span class='ocr_line' id='line_1_8' title="bbox 157 803 2055 869; baseline -0.007 -10"><span class='ocrx_word' id='word_1_77' title='bbox 157 814 456 869; x_wconf 81' lang='grc' dir='ltr'>ψευδωνύμως.</span> <span class='ocrx_word' id='word_1_78' title='bbox 486 837 541 845; x_wconf 88' lang='grc'><strong>--</strong></span> <span class='ocrx_word' id='word_1_79' title='bbox 604 813 717 854; x_wconf 90' lang='grc'><strong>1.10.</strong></span> <span class='ocrx_word' id='word_1_80' title='bbox 762 813 930 865; x_wconf 87' lang='lat' dir='ltr'><strong>Repone</strong></span> <span class='ocrx_word' id='word_1_81' title='bbox 969 824 1019 850; x_wconf 87' lang='lat' dir='ltr'><strong>ex</strong></span> <span class='ocrx_word' id='word_1_82' title='bbox 1060 810 1164 850; x_wconf 91' lang='lat' dir='ltr'><strong>Ven.</strong></span> <span class='ocrx_word' id='word_1_83' title='bbox 1204 805 1284 852; x_wconf 83' lang='grc' dir='ltr'><strong>οἷπό</strong></span> <span class='ocrx_word' id='word_1_84' title='bbox 1323 809 1404 862; x_wconf 73' lang='grc' dir='ltr'>τῆς</span> <span class='ocrx_word' id='word_1_85' title='bbox 1444 803 1530 852; x_wconf 82' lang='grc' dir='ltr'><strong>ἅνω</strong></span> <span class='ocrx_word' id='word_1_86' title='bbox 1571 806 1799 863; x_wconf 83' lang='grc' dir='ltr'>δυνάμεως.</span> <span class='ocrx_word' id='word_1_87' title='bbox 1829 831 1886 839; x_wconf 89' lang='grc'>-</span> <span class='ocrx_word' id='word_1_88' title='bbox 1940 807 1968 847; x_wconf 90' lang='lat' dir='ltr'><strong>l.</strong></span> <span class='ocrx_word' id='word_1_89' title='bbox 1994 805 2055 848; x_wconf 86' lang='lat'><strong>17.</strong></span> 
     </span>
     <span class='ocr_line' id='line_1_9' title="bbox 157 874 2057 936; baseline -0.004 -8"><span class='ocrx_word' id='word_1_90' title='bbox 157 884 496 928; x_wconf 81' lang='lat' dir='ltr'><strong>Emendationem</strong></span> <span class='ocrx_word' id='word_1_91' title='bbox 522 897 654 924; x_wconf 85' lang='lat' dir='ltr'><strong>meam</strong></span> <span class='ocrx_word' id='word_1_92' title='bbox 678 878 741 925; x_wconf 79' lang='grc' dir='ltr'><strong>ἐπ’</strong></span> <span class='ocrx_word' id='word_1_93' title='bbox 767 879 951 936; x_wconf 76' lang='grc' dir='ltr'>ἐσχάτων</span> <span class='ocrx_word' id='word_1_94' title='bbox 977 880 1060 922; x_wconf 78' lang='grc' dir='ltr'><strong>τῶν</strong></span> <span class='ocrx_word' id='word_1_95' title='bbox 1086 875 1164 933; x_wconf 65' lang='grc' dir='ltr'><strong>τῖμ.</strong></span> <span class='ocrx_word' id='word_1_96' title='bbox 1197 879 1330 919; x_wconf 85' lang='lat' dir='ltr'><strong>firmat</strong></span> <span class='ocrx_word' id='word_1_97' title='bbox 1357 880 1503 919; x_wconf 85' lang='lat' dir='ltr'><strong>Venet.</strong></span> <span class='ocrx_word' id='word_1_98' title='bbox 1532 902 1587 909; x_wconf 88' lang='lat'>-</span> <span class='ocrx_word' id='word_1_99' title='bbox 1644 877 1744 918; x_wconf 82' lang='lat' dir='ltr'><strong>lbid.</strong></span> <span class='ocrx_word' id='word_1_100' title='bbox 1784 874 1843 926; x_wconf 70' lang='grc' dir='ltr'><strong>ὥς</strong></span> <span class='ocrx_word' id='word_1_101' title='bbox 1869 881 2057 931; x_wconf 77' lang='grc' dir='ltr'>προεῖπον</span> 
     </span>
     <span class='ocr_line' id='line_1_10' title="bbox 158 945 2056 1007; baseline -0.006 -9"><span class='ocrx_word' id='word_1_102' title='bbox 158 957 283 998; x_wconf 83' lang='lat' dir='ltr'><strong>habet</strong></span> <span class='ocrx_word' id='word_1_103' title='bbox 309 955 433 996; x_wconf 87' lang='lat' dir='ltr'><strong>etiam</strong></span> <span class='ocrx_word' id='word_1_104' title='bbox 458 955 558 996; x_wconf 88' lang='lat' dir='ltr'><strong>Ven.</strong></span> <span class='ocrx_word' id='word_1_105' title='bbox 588 976 643 984; x_wconf 91' lang='lat'><strong>-—-</strong></span> <span class='ocrx_word' id='word_1_106' title='bbox 699 953 728 993; x_wconf 87' lang='lat'><strong>1.</strong></span> <span class='ocrx_word' id='word_1_107' title='bbox 747 951 814 992; x_wconf 90' lang='grc'><strong>21.</strong></span> <span class='ocrx_word' id='word_1_108' title='bbox 843 946 1083 1007; x_wconf 76' lang='grc' dir='ltr'>ἀπέχονται,</span> <span class='ocrx_word' id='word_1_109' title='bbox 1125 948 1192 992; x_wconf 72' lang='grc' dir='ltr'><strong>ἵνα</strong></span> <span class='ocrx_word' id='word_1_110' title='bbox 1221 946 1291 993; x_wconf 76' lang='grc' dir='ltr'>διὰ</span> <span class='ocrx_word' id='word_1_111' title='bbox 1319 949 1399 1002; x_wconf 78' lang='grc' dir='ltr'>τῆς</span> <span class='ocrx_word' id='word_1_112' title='bbox 1425 948 1702 1002; x_wconf 80' lang='grc' dir='ltr'>προςποιητῆς</span> <span class='ocrx_word' id='word_1_113' title='bbox 1725 949 1827 988; x_wconf 90' lang='lat' dir='ltr'><strong>Ven.</strong></span> <span class='ocrx_word' id='word_1_114' title='bbox 1860 972 1911 979; x_wconf 96' lang='lat'>—</span> <span class='ocrx_word' id='word_1_115' title='bbox 1969 947 1995 986; x_wconf 92' lang='lat' dir='ltr'><strong>l.</strong></span> <span class='ocrx_word' id='word_1_116' title='bbox 2016 945 2056 988; x_wconf 87' lang='lat'><strong>9.</strong></span> 
     </span>
     <span class='ocr_line' id='line_1_11' title="bbox 159 1019 1404 1082; baseline -0.014 -11"><span class='ocrx_word' id='word_1_117' title='bbox 159 1023 350 1082; x_wconf 75' lang='grc' dir='ltr'>ἀγγέλοις</span> <span class='ocrx_word' id='word_1_118' title='bbox 376 1032 514 1066; x_wconf 85' lang='lat' dir='ltr'><strong>tuetur</strong></span> <span class='ocrx_word' id='word_1_119' title='bbox 543 1022 666 1063; x_wconf 86' lang='lat' dir='ltr'><strong>etiam</strong></span> <span class='ocrx_word' id='word_1_120' title='bbox 693 1023 796 1063; x_wconf 83' lang='lat' dir='ltr'><strong>ven.</strong></span> <span class='ocrx_word' id='word_1_121' title='bbox 1401 1019 1404 1022; x_wconf 77' lang='grc'><em>’</em></span> 
     </span>
    </p>

    <p class='ocr_par' dir='ltr' id='par_1_4' title="bbox 157 1080 2059 1361">
     <span class='ocr_line' id='line_1_12' title="bbox 268 1080 2058 1153; baseline -0.007 -17"><span class='ocrx_word' id='word_1_122' title='bbox 268 1097 399 1153; x_wconf 74' lang='lat' dir='ltr'><strong>Pag.</strong></span> <span class='ocrx_word' id='word_1_123' title='bbox 432 1095 556 1139; x_wconf 82' lang='lat'><strong>138.</strong></span> <span class='ocrx_word' id='word_1_124' title='bbox 613 1093 642 1134; x_wconf 93' lang='lat' dir='ltr'><strong>l.</strong></span> <span class='ocrx_word' id='word_1_125' title='bbox 662 1093 699 1136; x_wconf 92' lang='lat'><strong>7.</strong></span> <span class='ocrx_word' id='word_1_126' title='bbox 728 1089 759 1145; x_wconf 70' lang='grc' dir='ltr'>τί</span> <span class='ocrx_word' id='word_1_127' title='bbox 785 1089 864 1146; x_wconf 81' lang='grc' dir='ltr'><strong>γὰρ</strong></span> <span class='ocrx_word' id='word_1_128' title='bbox 887 1092 992 1132; x_wconf 90' lang='lat' dir='ltr'><strong>Ven.</strong></span> <span class='ocrx_word' id='word_1_129' title='bbox 1013 1113 1067 1122; x_wconf 92' lang='lat'><strong>--</strong></span> <span class='ocrx_word' id='word_1_130' title='bbox 1123 1090 1152 1133; x_wconf 91' lang='lat' dir='ltr'><strong>l.</strong></span> <span class='ocrx_word' id='word_1_131' title='bbox 1171 1089 1212 1132; x_wconf 88' lang='grc'><strong>9.</strong></span> <span class='ocrx_word' id='word_1_132' title='bbox 1243 1084 1273 1144; x_wconf 62' lang='grc' dir='ltr'><strong>ἦ</strong></span> <span class='ocrx_word' id='word_1_133' title='bbox 1303 1084 1474 1133; x_wconf 66' lang='grc' dir='ltr'>εὐδοκία</span> <span class='ocrx_word' id='word_1_134' title='bbox 1498 1090 1603 1129; x_wconf 86' lang='lat' dir='ltr'><strong>Ven.</strong></span> <span class='ocrx_word' id='word_1_135' title='bbox 1626 1112 1681 1119; x_wconf 90' lang='lat'><em>-</em></span> <span class='ocrx_word' id='word_1_136' title='bbox 1738 1088 1764 1128; x_wconf 89' lang='lat' dir='ltr'><strong>l.</strong></span> <span class='ocrx_word' id='word_1_137' title='bbox 1790 1084 1850 1129; x_wconf 76' lang='lat'><strong>14.</strong></span> <span class='ocrx_word' id='word_1_138' title='bbox 1868 1080 1938 1129; x_wconf 66' lang='lat' dir='ltr'><strong>”H</strong></span> <span class='ocrx_word' id='word_1_139' title='bbox 1963 1093 2058 1126; x_wconf 86' lang='lat' dir='ltr'><strong>ante</strong></span> 
     </span>
     <span class='ocr_line' id='line_1_13' title="bbox 158 1151 2058 1213; baseline -0.008 -2"><span class='ocrx_word' id='word_1_140' title='bbox 158 1164 306 1211; x_wconf 69' lang='grc' dir='ltr'>οὐκοῦν</span> <span class='ocrx_word' id='word_1_141' title='bbox 344 1165 562 1206; x_wconf 87' lang='lat' dir='ltr'><strong>delendum</strong></span> <span class='ocrx_word' id='word_1_142' title='bbox 587 1178 637 1205; x_wconf 82' lang='lat' dir='ltr'><strong>ex</strong></span> <span class='ocrx_word' id='word_1_143' title='bbox 664 1161 911 1204; x_wconf 81' lang='lat' dir='ltr'><strong>auctoritate</strong></span> <span class='ocrx_word' id='word_1_144' title='bbox 937 1160 1098 1202; x_wconf 82' lang='lat' dir='ltr'><strong>Veneti.</strong></span> <span class='ocrx_word' id='word_1_145' title='bbox 1128 1184 1179 1191; x_wconf 94' lang='lat'><strong>—</strong></span> <span class='ocrx_word' id='word_1_146' title='bbox 1236 1159 1263 1200; x_wconf 90' lang='lat' dir='ltr'><strong>l.</strong></span> <span class='ocrx_word' id='word_1_147' title='bbox 1298 1160 1358 1200; x_wconf 83' lang='lat'><strong>15.</strong></span> <span class='ocrx_word' id='word_1_148' title='bbox 1390 1151 1473 1213; x_wconf 79' lang='grc' dir='ltr'>ἆρα</span> <span class='ocrx_word' id='word_1_149' title='bbox 1509 1158 1574 1200; x_wconf 88' lang='lat' dir='ltr'><strong>ed.</strong></span> <span class='ocrx_word' id='word_1_150' title='bbox 1604 1158 1734 1213; x_wconf 83' lang='lat' dir='ltr'><strong>princ.</strong></span> <span class='ocrx_word' id='word_1_151' title='bbox 1765 1165 1806 1198; x_wconf 90' lang='lat' dir='ltr'><strong>et</strong></span> <span class='ocrx_word' id='word_1_152' title='bbox 1833 1159 1972 1197; x_wconf 82' lang='lat' dir='ltr'><strong>Petav.</strong></span> <span class='ocrx_word' id='word_1_153' title='bbox 2004 1179 2058 1188; x_wconf 90' lang='lat'><strong>—-</strong></span> 
     </span>
     <span class='ocr_line' id='line_1_14' title="bbox 158 1225 2059 1288; baseline -0.005 -11"><span class='ocrx_word' id='word_1_154' title='bbox 158 1237 185 1280; x_wconf 88' lang='lat'><strong>1.</strong></span> <span class='ocrx_word' id='word_1_155' title='bbox 211 1235 275 1278; x_wconf 92' lang='lat'><strong>19.</strong></span> <span class='ocrx_word' id='word_1_156' title='bbox 304 1231 510 1279; x_wconf 62' lang='lat' dir='ltr'><strong>dvrffieow</strong></span> <span class='ocrx_word' id='word_1_157' title='bbox 536 1230 669 1288; x_wconf 68' lang='grc' dir='ltr'>αὐτῆς</span> <span class='ocrx_word' id='word_1_158' title='bbox 690 1233 791 1273; x_wconf 82' lang='lat' dir='ltr'><strong>ven.</strong></span> <span class='ocrx_word' id='word_1_159' title='bbox 823 1254 879 1263; x_wconf 89' lang='lat'>—</span> <span class='ocrx_word' id='word_1_160' title='bbox 933 1230 959 1270; x_wconf 95' lang='lat' dir='ltr'><strong>l.</strong></span> <span class='ocrx_word' id='word_1_161' title='bbox 983 1231 1048 1271; x_wconf 84' lang='lat'><strong>21.</strong></span> <span class='ocrx_word' id='word_1_162' title='bbox 1081 1227 1163 1273; x_wconf 82' lang='grc' dir='ltr'>οἱπὸ</span> <span class='ocrx_word' id='word_1_163' title='bbox 1189 1229 1316 1270; x_wconf 86' lang='lat' dir='ltr'><strong>habet</strong></span> <span class='ocrx_word' id='word_1_164' title='bbox 1343 1231 1445 1270; x_wconf 91' lang='lat' dir='ltr'><strong>Ven.</strong></span> <span class='ocrx_word' id='word_1_165' title='bbox 1477 1252 1531 1260; x_wconf 90' lang='lat'><em>-</em></span> <span class='ocrx_word' id='word_1_166' title='bbox 1589 1227 1616 1269; x_wconf 93' lang='lat' dir='ltr'><strong>l.</strong></span> <span class='ocrx_word' id='word_1_167' title='bbox 1636 1227 1676 1270; x_wconf 88' lang='grc'><strong>6.</strong></span> <span class='ocrx_word' id='word_1_168' title='bbox 1707 1228 1757 1268; x_wconf 85' lang='lat' dir='ltr'><strong>ab</strong></span> <span class='ocrx_word' id='word_1_169' title='bbox 1783 1227 1904 1268; x_wconf 80' lang='lat' dir='ltr'><strong>infer.</strong></span> <span class='ocrx_word' id='word_1_170' title='bbox 1929 1225 2059 1281; x_wconf 85' lang='grc' dir='ltr'>λέγειν</span> 
     </span>
     <span class='ocr_line' id='line_1_15' title="bbox 157 1297 1603 1361; baseline -0.008 -11"><span class='ocrx_word' id='word_1_171' title='bbox 157 1305 268 1361; x_wconf 62' lang='grc' dir='ltr'>ἡμῖν</span> <span class='ocrx_word' id='word_1_172' title='bbox 289 1308 393 1348; x_wconf 90' lang='lat' dir='ltr'><strong>Ven.</strong></span> <span class='ocrx_word' id='word_1_173' title='bbox 421 1330 477 1338; x_wconf 90' lang='grc'><strong>--</strong></span> <span class='ocrx_word' id='word_1_174' title='bbox 529 1306 559 1347; x_wconf 89' lang='lat' dir='ltr'><strong>l.</strong></span> <span class='ocrx_word' id='word_1_175' title='bbox 591 1301 843 1358; x_wconf 86' lang='lat' dir='ltr'><strong>antepenult.</strong></span> <span class='ocrx_word' id='word_1_176' title='bbox 869 1303 973 1343; x_wconf 89' lang='lat' dir='ltr'><strong>Ven.</strong></span> <span class='ocrx_word' id='word_1_177' title='bbox 1005 1300 1127 1341; x_wconf 74' lang='lat' dir='ltr'><strong>etiam</strong></span> <span class='ocrx_word' id='word_1_178' title='bbox 1153 1300 1279 1340; x_wconf 78' lang='lat' dir='ltr'><strong>habet</strong></span> <span class='ocrx_word' id='word_1_179' title='bbox 1307 1297 1603 1348; x_wconf 78' lang='grc' dir='ltr'>κατοπτεύσας.</span> 
     </span>
    </p>

    <p class='ocr_par' dir='ltr' id='par_1_5' title="bbox 157 1360 2062 1712">
     <span class='ocr_line' id='line_1_16' title="bbox 269 1360 2059 1433; baseline -0.007 -12"><span class='ocrx_word' id='word_1_180' title='bbox 269 1378 401 1433; x_wconf 69' lang='lat' dir='ltr'><strong>rag.</strong></span> <span class='ocrx_word' id='word_1_181' title='bbox 421 1376 547 1420; x_wconf 83' lang='lat'><strong>140.</strong></span> <span class='ocrx_word' id='word_1_182' title='bbox 601 1373 629 1415; x_wconf 92' lang='lat' dir='ltr'><strong>l.</strong></span> <span class='ocrx_word' id='word_1_183' title='bbox 646 1373 685 1415; x_wconf 89' lang='grc'><strong>6.</strong></span> <span class='ocrx_word' id='word_1_184' title='bbox 714 1370 745 1428; x_wconf 70' lang='grc' dir='ltr'><em>ἦ</em></span> <span class='ocrx_word' id='word_1_185' title='bbox 771 1368 856 1416; x_wconf 86' lang='grc' dir='ltr'><strong>ἄνω</strong></span> <span class='ocrx_word' id='word_1_186' title='bbox 883 1368 1058 1424; x_wconf 81' lang='grc' dir='ltr'>δύναμις</span> <span class='ocrx_word' id='word_1_187' title='bbox 1081 1372 1182 1411; x_wconf 90' lang='lat' dir='ltr'><strong>Ven.</strong></span> <span class='ocrx_word' id='word_1_188' title='bbox 1213 1394 1267 1401; x_wconf 90' lang='lat'><strong>—</strong></span> <span class='ocrx_word' id='word_1_189' title='bbox 1323 1370 1350 1410; x_wconf 89' lang='lat'><strong>1.</strong></span> <span class='ocrx_word' id='word_1_190' title='bbox 1373 1369 1413 1411; x_wconf 88' lang='grc'><strong>8.</strong></span> <span class='ocrx_word' id='word_1_191' title='bbox 1444 1370 1615 1424; x_wconf 87' lang='lat' dir='ltr'><strong>Repone</strong></span> <span class='ocrx_word' id='word_1_192' title='bbox 1638 1365 1882 1420; x_wconf 74' lang='grc' dir='ltr'>κατασκευὴ</span> <span class='ocrx_word' id='word_1_193' title='bbox 1909 1360 2059 1409; x_wconf 74' lang='grc' dir='ltr'>σύστα-</span> 
     </span>
     <span class='ocr_line' id='line_1_17' title="bbox 159 1439 2059 1501; baseline -0.007 -11"><span class='ocrx_word' id='word_1_194' title='bbox 159 1461 248 1496; x_wconf 86' lang='grc' dir='ltr'>σις,</span> <span class='ocrx_word' id='word_1_195' title='bbox 292 1461 412 1501; x_wconf 83' lang='lat' dir='ltr'><strong>quam</strong></span> <span class='ocrx_word' id='word_1_196' title='bbox 449 1445 691 1500; x_wconf 82' lang='lat' dir='ltr'><strong>scripturam</strong></span> <span class='ocrx_word' id='word_1_197' title='bbox 729 1451 866 1483; x_wconf 83' lang='lat' dir='ltr'><strong>tuetur</strong></span> <span class='ocrx_word' id='word_1_198' title='bbox 905 1442 1027 1482; x_wconf 83' lang='lat' dir='ltr'><strong>etium</strong></span> <span class='ocrx_word' id='word_1_199' title='bbox 1057 1442 1160 1482; x_wconf 87' lang='lat' dir='ltr'><strong>Ven.</strong></span> <span class='ocrx_word' id='word_1_200' title='bbox 1192 1464 1247 1471; x_wconf 91' lang='lat'><strong>-—</strong></span> <span class='ocrx_word' id='word_1_201' title='bbox 1303 1440 1331 1480; x_wconf 89' lang='lat' dir='ltr'><strong>l.</strong></span> <span class='ocrx_word' id='word_1_202' title='bbox 1355 1440 1418 1483; x_wconf 88' lang='lat'><strong>17.</strong></span> <span class='ocrx_word' id='word_1_203' title='bbox 1448 1455 1487 1482; x_wconf 92' lang='grc' dir='ltr'><strong>τι</strong></span> <span class='ocrx_word' id='word_1_204' title='bbox 1514 1439 1658 1494; x_wconf 85' lang='grc' dir='ltr'>γέγονε</span> <span class='ocrx_word' id='word_1_205' title='bbox 1682 1440 1797 1480; x_wconf 85' lang='lat' dir='ltr'><strong>abest</strong></span> <span class='ocrx_word' id='word_1_206' title='bbox 1824 1453 1847 1479; x_wconf 89' lang='lat' dir='ltr'>a</span> <span class='ocrx_word' id='word_1_207' title='bbox 1873 1439 1975 1479; x_wconf 89' lang='lat' dir='ltr'><strong>Ven.</strong></span> <span class='ocrx_word' id='word_1_208' title='bbox 2007 1460 2059 1469; x_wconf 87' lang='lat'><strong>--</strong></span> 
     </span>
     <span class='ocr_line' id='line_1_18' title="bbox 157 1507 2061 1571; baseline -0.005 -14"><span class='ocrx_word' id='word_1_209' title='bbox 157 1517 184 1557; x_wconf 92' lang='lat' dir='ltr'><strong>l.</strong></span> <span class='ocrx_word' id='word_1_210' title='bbox 207 1516 270 1558; x_wconf 87' lang='lat'><strong>19.</strong></span> <span class='ocrx_word' id='word_1_211' title='bbox 316 1515 587 1571; x_wconf 80' lang='grc' dir='ltr'>δημιουργίαν</span> <span class='ocrx_word' id='word_1_212' title='bbox 628 1510 950 1567; x_wconf 85' lang='grc' dir='ltr'>συνδημιουργόν</span> <span class='ocrx_word' id='word_1_213' title='bbox 986 1509 1055 1554; x_wconf 79' lang='grc' dir='ltr'><strong>τὸν</strong></span> <span class='ocrx_word' id='word_1_214' title='bbox 1091 1507 1217 1554; x_wconf 71' lang='grc' dir='ltr'>αὐτοῦ</span> <span class='ocrx_word' id='word_1_215' title='bbox 1256 1512 1356 1551; x_wconf 90' lang='lat' dir='ltr'><strong>Ven.</strong></span> <span class='ocrx_word' id='word_1_216' title='bbox 1417 1510 1539 1561; x_wconf 88' lang='lat' dir='ltr'><strong>Quod</strong></span> <span class='ocrx_word' id='word_1_217' title='bbox 1579 1508 1861 1564; x_wconf 85' lang='lat' dir='ltr'><strong>reponendum</strong></span> <span class='ocrx_word' id='word_1_218' title='bbox 1904 1515 1978 1548; x_wconf 90' lang='lat' dir='ltr'><strong>est.</strong></span> <span class='ocrx_word' id='word_1_219' title='bbox 2006 1531 2061 1538; x_wconf 88' lang='lat'><strong>—-</strong></span> 
     </span>
     <span class='ocr_line' id='line_1_19' title="bbox 158 1576 2062 1640; baseline -0.003 -13"><span class='ocrx_word' id='word_1_220' title='bbox 158 1587 183 1627; x_wconf 92' lang='lat' dir='ltr'><strong>l.</strong></span> <span class='ocrx_word' id='word_1_221' title='bbox 204 1586 270 1627; x_wconf 89' lang='grc'><strong>22.</strong></span> <span class='ocrx_word' id='word_1_222' title='bbox 312 1584 388 1640; x_wconf 74' lang='grc' dir='ltr'><strong>τήν</strong></span> <span class='ocrx_word' id='word_1_223' title='bbox 419 1581 663 1639; x_wconf 75' lang='grc' dir='ltr'>ἀπολογίαν,</span> <span class='ocrx_word' id='word_1_224' title='bbox 706 1581 766 1632; x_wconf 76' lang='grc' dir='ltr'><strong>ὦς</strong></span> <span class='ocrx_word' id='word_1_225' title='bbox 793 1581 812 1626; x_wconf 83' lang='grc' dir='ltr'><em>ὃ</em></span> <span class='ocrx_word' id='word_1_226' title='bbox 840 1584 941 1623; x_wconf 88' lang='lat' dir='ltr'><strong>Ven.</strong></span> <span class='ocrx_word' id='word_1_227' title='bbox 969 1583 1092 1621; x_wconf 87' lang='lat' dir='ltr'><strong>Bene.</strong></span> <span class='ocrx_word' id='word_1_228' title='bbox 1123 1605 1177 1612; x_wconf 91' lang='lat'>—</span> <span class='ocrx_word' id='word_1_229' title='bbox 1232 1581 1259 1621; x_wconf 92' lang='lat' dir='ltr'><strong>l.</strong></span> <span class='ocrx_word' id='word_1_230' title='bbox 1293 1581 1356 1622; x_wconf 88' lang='lat'><strong>10.</strong></span> <span class='ocrx_word' id='word_1_231' title='bbox 1406 1586 1437 1620; x_wconf 78' lang='lat' dir='ltr'>A</span> <span class='ocrx_word' id='word_1_232' title='bbox 1467 1582 1570 1622; x_wconf 89' lang='lat' dir='ltr'><strong>Ven.</strong></span> <span class='ocrx_word' id='word_1_233' title='bbox 1599 1581 1715 1621; x_wconf 88' lang='lat' dir='ltr'><strong>abest</strong></span> <span class='ocrx_word' id='word_1_234' title='bbox 1743 1577 1839 1623; x_wconf 57' lang='grc' dir='ltr'>θεὸν</span> <span class='ocrx_word' id='word_1_235' title='bbox 1867 1586 1963 1619; x_wconf 81' lang='lat' dir='ltr'><strong>ante</strong></span> <span class='ocrx_word' id='word_1_236' title='bbox 1990 1576 2062 1621; x_wconf 74' lang='grc' dir='ltr'>καὶ</span> 
     </span>
     <span class='ocr_line' id='line_1_20' title="bbox 158 1650 1310 1712; baseline -0.009 -12"><span class='ocrx_word' id='word_1_237' title='bbox 158 1654 310 1712; x_wconf 79' lang='grc' dir='ltr'>κύριον.</span> <span class='ocrx_word' id='word_1_238' title='bbox 338 1679 394 1687; x_wconf 92' lang='lat'><strong>-—</strong></span> <span class='ocrx_word' id='word_1_239' title='bbox 449 1656 478 1696; x_wconf 89' lang='lat'><strong>1.</strong></span> <span class='ocrx_word' id='word_1_240' title='bbox 510 1655 581 1697; x_wconf 88' lang='lat' dir='ltr'><strong>ult.</strong></span> <span class='ocrx_word' id='word_1_241' title='bbox 613 1650 740 1697; x_wconf 73' lang='grc' dir='ltr'>αὐτοῦ</span> <span class='ocrx_word' id='word_1_242' title='bbox 770 1661 866 1708; x_wconf 89' lang='lat' dir='ltr'><strong>post</strong></span> <span class='ocrx_word' id='word_1_243' title='bbox 894 1656 1068 1707; x_wconf 76' lang='grc' dir='ltr'>γυναῖκα</span> <span class='ocrx_word' id='word_1_244' title='bbox 1096 1665 1176 1692; x_wconf 90' lang='lat' dir='ltr'><strong>om.</strong></span> <span class='ocrx_word' id='word_1_245' title='bbox 1209 1652 1310 1691; x_wconf 92' lang='lat' dir='ltr'><strong>Ven.</strong></span> 
     </span>
    </p>

    <p class='ocr_par' dir='ltr' id='par_1_6' title="bbox 154 1716 2064 2128">
     <span class='ocr_line' id='line_1_21' title="bbox 270 1716 2058 1783; baseline -0.004 -17"><span class='ocrx_word' id='word_1_246' title='bbox 270 1727 401 1783; x_wconf 76' lang='lat' dir='ltr'><strong>Pag.</strong></span> <span class='ocrx_word' id='word_1_247' title='bbox 428 1726 554 1770; x_wconf 73' lang='grc'><strong>142.</strong></span> <span class='ocrx_word' id='word_1_248' title='bbox 609 1724 637 1764; x_wconf 94' lang='lat'><strong>1.</strong></span> <span class='ocrx_word' id='word_1_249' title='bbox 670 1725 710 1765; x_wconf 78' lang='grc'><strong>8.</strong></span> <span class='ocrx_word' id='word_1_250' title='bbox 748 1725 851 1764; x_wconf 85' lang='lat' dir='ltr'><strong>ven.</strong></span> <span class='ocrx_word' id='word_1_251' title='bbox 868 1716 930 1764; x_wconf 69' lang='lat'><strong>‘¹0</strong></span> <span class='ocrx_word' id='word_1_252' title='bbox 957 1719 979 1765; x_wconf 71' lang='lat'><strong>0³</strong></span> <span class='ocrx_word' id='word_1_253' title='bbox 1003 1720 1103 1771; x_wconf 62' lang='grc' dir='ltr'>Βεὸς</span> <span class='ocrx_word' id='word_1_254' title='bbox 1128 1745 1153 1751; x_wconf 93' lang='grc'>-</span> <span class='ocrx_word' id='word_1_255' title='bbox 1180 1744 1203 1751; x_wconf 94' lang='grc'><strong>-</strong></span> <span class='ocrx_word' id='word_1_256' title='bbox 1229 1720 1455 1777; x_wconf 80' lang='grc' dir='ltr'><strong>χωριζέτω.</strong></span> <span class='ocrx_word' id='word_1_257' title='bbox 1514 1719 1625 1764; x_wconf 84' lang='grc' dir='ltr'>Εἶτα</span> <span class='ocrx_word' id='word_1_258' title='bbox 1652 1719 1674 1764; x_wconf 79' lang='grc' dir='ltr'>ὁ</span> <span class='ocrx_word' id='word_1_259' title='bbox 1702 1716 1830 1776; x_wconf 86' lang='grc' dir='ltr'><strong>ἅγιος.</strong></span> <span class='ocrx_word' id='word_1_260' title='bbox 1862 1744 1917 1751; x_wconf 89' lang='grc'>-</span> <span class='ocrx_word' id='word_1_261' title='bbox 1973 1719 1999 1760; x_wconf 93' lang='lat' dir='ltr'><strong>l.</strong></span> <span class='ocrx_word' id='word_1_262' title='bbox 2018 1717 2058 1761; x_wconf 90' lang='lat'><strong>9.</strong></span> 
     </span>
     <span class='ocr_line' id='line_1_22' title="bbox 159 1788 2063 1852; baseline -0.005 -11"><span class='ocrx_word' id='word_1_263' title='bbox 159 1795 181 1841; x_wconf 79' lang='grc' dir='ltr'>ὁ</span> <span class='ocrx_word' id='word_1_264' title='bbox 211 1794 346 1852; x_wconf 84' lang='grc' dir='ltr'>γάμος</span> <span class='ocrx_word' id='word_1_265' title='bbox 373 1794 414 1839; x_wconf 83' lang='grc' dir='ltr'><strong>ἐν</strong></span> <span class='ocrx_word' id='word_1_266' title='bbox 441 1794 544 1837; x_wconf 84' lang='grc' dir='ltr'>πᾶσι</span> <span class='ocrx_word' id='word_1_267' title='bbox 568 1792 641 1837; x_wconf 77' lang='grc' dir='ltr'>καὶ</span> <span class='ocrx_word' id='word_1_268' title='bbox 666 1795 766 1834; x_wconf 85' lang='lat' dir='ltr'><strong>ven.</strong></span> <span class='ocrx_word' id='word_1_269' title='bbox 800 1817 847 1823; x_wconf 91' lang='lat'>—</span> <span class='ocrx_word' id='word_1_270' title='bbox 909 1792 935 1833; x_wconf 90' lang='lat' dir='ltr'><strong>l.</strong></span> <span class='ocrx_word' id='word_1_271' title='bbox 959 1791 1020 1834; x_wconf 87' lang='lat'><strong>13.</strong></span> <span class='ocrx_word' id='word_1_272' title='bbox 1066 1795 1112 1832; x_wconf 91' lang='lat' dir='ltr'><strong>In</strong></span> <span class='ocrx_word' id='word_1_273' title='bbox 1142 1793 1242 1833; x_wconf 87' lang='lat' dir='ltr'><strong>ven.</strong></span> <span class='ocrx_word' id='word_1_274' title='bbox 1272 1792 1419 1832; x_wconf 84' lang='lat' dir='ltr'><strong>absunt</strong></span> <span class='ocrx_word' id='word_1_275' title='bbox 1451 1792 1574 1832; x_wconf 86' lang='lat' dir='ltr'><strong>verba</strong></span> <span class='ocrx_word' id='word_1_276' title='bbox 1603 1788 1705 1846; x_wconf 71' lang='grc' dir='ltr'><strong>ιῖπὲρ</strong></span> <span class='ocrx_word' id='word_1_277' title='bbox 1730 1792 1800 1835; x_wconf 84' lang='grc' dir='ltr'>τοῦ</span> <span class='ocrx_word' id='word_1_278' title='bbox 1830 1788 1977 1845; x_wconf 80' lang='grc' dir='ltr'><strong>γάμου.</strong></span> <span class='ocrx_word' id='word_1_279' title='bbox 2008 1814 2063 1821; x_wconf 93' lang='grc'><strong>-</strong></span> 
     </span>
     <span class='ocr_line' id='line_1_23' title="bbox 157 1855 2061 1913; baseline -0.003 -5"><span class='ocrx_word' id='word_1_280' title='bbox 157 1868 183 1908; x_wconf 84' lang='lat'><strong>1.</strong></span> <span class='ocrx_word' id='word_1_281' title='bbox 206 1866 268 1910; x_wconf 89' lang='grc'><strong>16.</strong></span> <span class='ocrx_word' id='word_1_282' title='bbox 312 1862 444 1913; x_wconf 70' lang='grc' dir='ltr'>αὐτὰς</span> <span class='ocrx_word' id='word_1_283' title='bbox 481 1864 616 1905; x_wconf 85' lang='lat' dir='ltr'><strong>firmat</strong></span> <span class='ocrx_word' id='word_1_284' title='bbox 655 1864 757 1904; x_wconf 91' lang='lat' dir='ltr'><strong>Ven.</strong></span> <span class='ocrx_word' id='word_1_285' title='bbox 794 1887 848 1894; x_wconf 91' lang='lat'>—</span> <span class='ocrx_word' id='word_1_286' title='bbox 904 1863 932 1902; x_wconf 92' lang='lat' dir='ltr'><strong>l.</strong></span> <span class='ocrx_word' id='word_1_287' title='bbox 960 1862 1028 1903; x_wconf 88' lang='grc'><strong>21.</strong></span> <span class='ocrx_word' id='word_1_288' title='bbox 1078 1860 1240 1905; x_wconf 82' lang='grc' dir='ltr'>σύνεσιν</span> <span class='ocrx_word' id='word_1_289' title='bbox 1282 1858 1360 1905; x_wconf 69' lang='grc' dir='ltr'><strong>ὑπὸ</strong></span> <span class='ocrx_word' id='word_1_290' title='bbox 1402 1862 1500 1904; x_wconf 64' lang='lat'>‘3205</span> <span class='ocrx_word' id='word_1_291' title='bbox 1530 1863 1633 1902; x_wconf 88' lang='lat' dir='ltr'><strong>Ven.</strong></span> <span class='ocrx_word' id='word_1_292' title='bbox 1659 1886 1714 1892; x_wconf 92' lang='grc'><strong>-</strong></span> <span class='ocrx_word' id='word_1_293' title='bbox 1769 1858 1884 1902; x_wconf 62' lang='lat'><strong>124.</strong></span> <span class='ocrx_word' id='word_1_294' title='bbox 1913 1855 2061 1903; x_wconf 81' lang='grc' dir='ltr'>Ἠλιοῦ</span> 
     </span>
     <span class='ocr_line' id='line_1_24' title="bbox 157 1926 2064 1986; baseline -0.003 -9"><span class='ocrx_word' id='word_1_295' title='bbox 157 1938 258 1977; x_wconf 91' lang='lat' dir='ltr'><strong>Ven.</strong></span> <span class='ocrx_word' id='word_1_296' title='bbox 289 1959 345 1966; x_wconf 90' lang='lat'>—</span> <span class='ocrx_word' id='word_1_297' title='bbox 400 1935 426 1975; x_wconf 89' lang='lat' dir='ltr'><strong>l.</strong></span> <span class='ocrx_word' id='word_1_298' title='bbox 446 1932 511 1975; x_wconf 89' lang='grc'><strong>29.</strong></span> <span class='ocrx_word' id='word_1_299' title='bbox 540 1927 812 1975; x_wconf 79' lang='grc' dir='ltr'>Ἐλεύσονται</span> <span class='ocrx_word' id='word_1_300' title='bbox 837 1931 909 1975; x_wconf 70' lang='grc' dir='ltr'>καὶ</span> <span class='ocrx_word' id='word_1_301' title='bbox 932 1927 1293 1986; x_wconf 66' lang='grc' dir='ltr'>α’νακληῖπήσονται</span> <span class='ocrx_word' id='word_1_302' title='bbox 1319 1930 1360 1974; x_wconf 81' lang='grc' dir='ltr'><strong>ἐν</strong></span> <span class='ocrx_word' id='word_1_303' title='bbox 1384 1931 1553 1980; x_wconf 77' lang='grc' dir='ltr'>κόλποις</span> <span class='ocrx_word' id='word_1_304' title='bbox 1577 1933 1679 1972; x_wconf 84' lang='lat' dir='ltr'><strong>ven.</strong></span> <span class='ocrx_word' id='word_1_305' title='bbox 1712 1955 1767 1963; x_wconf 89' lang='lat'>—</span> <span class='ocrx_word' id='word_1_306' title='bbox 1823 1931 1850 1971; x_wconf 93' lang='lat' dir='ltr'><strong>l.</strong></span> <span class='ocrx_word' id='word_1_307' title='bbox 1871 1930 1935 1973; x_wconf 82' lang='lat'><strong>30.</strong></span> <span class='ocrx_word' id='word_1_308' title='bbox 1968 1926 2064 1974; x_wconf 81' lang='grc' dir='ltr'>ἀνα-</span> 
     </span>
     <span class='ocr_line' id='line_1_25' title="bbox 154 1997 2063 2057; baseline -0.003 -9"><span class='ocrx_word' id='word_1_309' title='bbox 154 2007 283 2049; x_wconf 84' lang='grc' dir='ltr'>τολῶν</span> <span class='ocrx_word' id='word_1_310' title='bbox 309 2003 381 2047; x_wconf 75' lang='grc' dir='ltr'>καὶ</span> <span class='ocrx_word' id='word_1_311' title='bbox 404 2004 576 2057; x_wconf 84' lang='grc' dir='ltr'>δυσμῶν</span> <span class='ocrx_word' id='word_1_312' title='bbox 601 2003 703 2044; x_wconf 85' lang='lat' dir='ltr'><strong>ven.</strong></span> <span class='ocrx_word' id='word_1_313' title='bbox 733 2027 781 2033; x_wconf 97' lang='lat'><strong>—</strong></span> <span class='ocrx_word' id='word_1_314' title='bbox 844 2003 871 2042; x_wconf 92' lang='lat' dir='ltr'><strong>l.</strong></span> <span class='ocrx_word' id='word_1_315' title='bbox 901 2002 971 2042; x_wconf 90' lang='lat' dir='ltr'><strong>ult.</strong></span> <span class='ocrx_word' id='word_1_316' title='bbox 998 2004 1147 2043; x_wconf 86' lang='lat' dir='ltr'><strong>Venet.</strong></span> <span class='ocrx_word' id='word_1_317' title='bbox 1183 2016 1273 2042; x_wconf 91' lang='lat' dir='ltr'><strong>cum</strong></span> <span class='ocrx_word' id='word_1_318' title='bbox 1298 2002 1429 2043; x_wconf 83' lang='lat' dir='ltr'><strong>Vatic.</strong></span> <span class='ocrx_word' id='word_1_319' title='bbox 1458 2002 1628 2055; x_wconf 84' lang='lat' dir='ltr'><strong>praebet</strong></span> <span class='ocrx_word' id='word_1_320' title='bbox 1665 1997 1745 2045; x_wconf 77' lang='grc' dir='ltr'><strong>οἷπό</strong></span> <span class='ocrx_word' id='word_1_321' title='bbox 1776 2001 1858 2045; x_wconf 80' lang='grc' dir='ltr'><strong>τῶν</strong></span> <span class='ocrx_word' id='word_1_322' title='bbox 1886 2001 2063 2055; x_wconf 80' lang='grc' dir='ltr'>ψαλμῶν</span> 
     </span>
     <span class='ocr_line' id='line_1_26' title="bbox 155 2071 600 2128; baseline -0.009 -9"><span class='ocrx_word' id='word_1_323' title='bbox 155 2075 228 2119; x_wconf 81' lang='grc' dir='ltr'>καὶ</span> <span class='ocrx_word' id='word_1_324' title='bbox 255 2071 336 2119; x_wconf 77' lang='grc' dir='ltr'><strong>ἀπὸ</strong></span> <span class='ocrx_word' id='word_1_325' title='bbox 367 2076 451 2119; x_wconf 81' lang='grc' dir='ltr'><strong>τῶν</strong></span> <span class='ocrx_word' id='word_1_326' title='bbox 477 2087 600 2128; x_wconf 88' lang='grc' dir='ltr'><strong>προφ.</strong></span> 
     </span>
    </p>

    <p class='ocr_par' dir='ltr' id='par_1_7' title="bbox 265 2138 2064 2202">
     <span class='ocr_line' id='line_1_27' title="bbox 265 2138 2064 2202; baseline -0.004 -13"><span class='ocrx_word' id='word_1_327' title='bbox 265 2146 396 2202; x_wconf 77' lang='lat' dir='ltr'><strong>Pag.</strong></span> <span class='ocrx_word' id='word_1_328' title='bbox 427 2144 554 2189; x_wconf 80' lang='lat'><strong>144.</strong></span> <span class='ocrx_word' id='word_1_329' title='bbox 608 2143 636 2183; x_wconf 93' lang='lat'><strong>1.</strong></span> <span class='ocrx_word' id='word_1_330' title='bbox 661 2144 679 2184; x_wconf 92' lang='lat'><strong>1</strong></span> <span class='ocrx_word' id='word_1_331' title='bbox 712 2151 755 2183; x_wconf 92' lang='lat' dir='ltr'><strong>et</strong></span> <span class='ocrx_word' id='word_1_332' title='bbox 780 2142 817 2183; x_wconf 89' lang='grc'><strong>2.</strong></span> <span class='ocrx_word' id='word_1_333' title='bbox 849 2143 1081 2195; x_wconf 81' lang='grc' dir='ltr'>διαφωνοῦν</span> <span class='ocrx_word' id='word_1_334' title='bbox 1111 2138 1316 2197; x_wconf 85' lang='grc' dir='ltr'>οἶναμέσον</span> <span class='ocrx_word' id='word_1_335' title='bbox 1343 2143 1422 2196; x_wconf 77' lang='grc' dir='ltr'>τῆς</span> <span class='ocrx_word' id='word_1_336' title='bbox 1446 2144 1550 2184; x_wconf 79' lang='lat' dir='ltr'><strong>ven.</strong></span> <span class='ocrx_word' id='word_1_337' title='bbox 1580 2166 1634 2173; x_wconf 91' lang='lat'><strong>—</strong></span> <span class='ocrx_word' id='word_1_338' title='bbox 1690 2143 1718 2183; x_wconf 90' lang='lat'><strong>1.</strong></span> <span class='ocrx_word' id='word_1_339' title='bbox 1743 2143 1806 2184; x_wconf 88' lang='grc'><strong>10.</strong></span> <span class='ocrx_word' id='word_1_340' title='bbox 1856 2141 2064 2182; x_wconf 82' lang='lat' dir='ltr'><strong>Emenda-</strong></span> 
     </span>
    </p>
   </div>
   <div class='ocr_carea' id='block_1_3' title="bbox 156 2208 2063 2481">
    <p class='ocr_par' dir='ltr' id='par_1_8' title="bbox 156 2208 2063 2481">
     <span class='ocr_line' id='line_1_28' title="bbox 156 2208 2062 2268; baseline -0.002 -12"><span class='ocrx_word' id='word_1_341' title='bbox 156 2215 312 2256; x_wconf 85' lang='lat' dir='ltr'><strong>tionem</strong></span> <span class='ocrx_word' id='word_1_342' title='bbox 337 2211 532 2268; x_wconf 80' lang='grc' dir='ltr'>ἑκάτερος</span> <span class='ocrx_word' id='word_1_343' title='bbox 559 2212 692 2253; x_wconf 83' lang='lat' dir='ltr'><strong>firmat</strong></span> <span class='ocrx_word' id='word_1_344' title='bbox 721 2214 825 2254; x_wconf 86' lang='lat' dir='ltr'><strong>Ven.</strong></span> <span class='ocrx_word' id='word_1_345' title='bbox 855 2236 907 2243; x_wconf 87' lang='lat'><strong>——</strong></span> <span class='ocrx_word' id='word_1_346' title='bbox 971 2210 1031 2254; x_wconf 74' lang='lat'><strong>14.</strong></span> <span class='ocrx_word' id='word_1_347' title='bbox 1064 2208 1145 2256; x_wconf 75' lang='grc' dir='ltr'><strong>ἀπὸ</strong></span> <span class='ocrx_word' id='word_1_348' title='bbox 1175 2211 1332 2256; x_wconf 78' lang='grc' dir='ltr'>τούτων</span> <span class='ocrx_word' id='word_1_349' title='bbox 1362 2215 1444 2256; x_wconf 84' lang='grc' dir='ltr'><strong>τῶν</strong></span> <span class='ocrx_word' id='word_1_350' title='bbox 1477 2210 1670 2256; x_wconf 79' lang='grc' dir='ltr'>τοιούτων</span> <span class='ocrx_word' id='word_1_351' title='bbox 1699 2214 1799 2254; x_wconf 83' lang='lat' dir='ltr'><strong>ven.</strong></span> <span class='ocrx_word' id='word_1_352' title='bbox 1832 2237 1884 2244; x_wconf 91' lang='lat'><em>-</em></span> <span class='ocrx_word' id='word_1_353' title='bbox 1942 2213 1970 2253; x_wconf 89' lang='lat'><strong>1.</strong></span> <span class='ocrx_word' id='word_1_354' title='bbox 1998 2212 2062 2255; x_wconf 88' lang='grc'><strong>17.</strong></span> 
     </span>
     <span class='ocr_line' id='line_1_29' title="bbox 156 2279 2061 2339; baseline -0.004 -10"><span class='ocrx_word' id='word_1_355' title='bbox 156 2285 224 2329; x_wconf 77' lang='grc' dir='ltr'><strong>ἐπὶ</strong></span> <span class='ocrx_word' id='word_1_356' title='bbox 248 2284 301 2328; x_wconf 81' lang='grc' dir='ltr'>τοὶ</span> <span class='ocrx_word' id='word_1_357' title='bbox 326 2284 425 2339; x_wconf 76' lang='grc' dir='ltr'>ἑξῆς</span> <span class='ocrx_word' id='word_1_358' title='bbox 450 2284 579 2338; x_wconf 74' lang='grc' dir='ltr'>ἴωμεν</span> <span class='ocrx_word' id='word_1_359' title='bbox 594 2315 604 2335; x_wconf 93' lang='grc'><strong>,</strong></span> <span class='ocrx_word' id='word_1_360' title='bbox 636 2279 695 2332; x_wconf 70' lang='grc' dir='ltr'><strong>ὥς</strong></span> <span class='ocrx_word' id='word_1_361' title='bbox 719 2279 786 2337; x_wconf 88' lang='grc' dir='ltr'><strong>οἷγ.</strong></span> <span class='ocrx_word' id='word_1_362' title='bbox 810 2285 911 2323; x_wconf 88' lang='lat' dir='ltr'><strong>Ven.</strong></span> <span class='ocrx_word' id='word_1_363' title='bbox 943 2307 997 2314; x_wconf 84' lang='lat'><strong>—-</strong></span> <span class='ocrx_word' id='word_1_364' title='bbox 1054 2283 1081 2324; x_wconf 90' lang='lat' dir='ltr'><strong>l.</strong></span> <span class='ocrx_word' id='word_1_365' title='bbox 1100 2285 1165 2326; x_wconf 87' lang='grc'><strong>23.</strong></span> <span class='ocrx_word' id='word_1_366' title='bbox 1198 2279 1684 2339; x_wconf 82' lang='grc' dir='ltr'>οἷλεξανδρειοπολίχωρον</span> <span class='ocrx_word' id='word_1_367' title='bbox 1707 2286 1808 2325; x_wconf 88' lang='lat' dir='ltr'><strong>Ven.</strong></span> <span class='ocrx_word' id='word_1_368' title='bbox 1841 2307 1891 2314; x_wconf 86' lang='lat'><strong>—-</strong></span> <span class='ocrx_word' id='word_1_369' title='bbox 1950 2280 2061 2323; x_wconf 61' lang='lat'><strong>124.</strong></span> 
     </span>
     <span class='ocr_line' id='line_1_30' title="bbox 156 2346 2062 2410; baseline -0.001 -13"><span class='ocrx_word' id='word_1_370' title='bbox 156 2353 278 2410; x_wconf 83' lang='grc' dir='ltr'>νόμον</span> <span class='ocrx_word' id='word_1_371' title='bbox 316 2357 418 2397; x_wconf 89' lang='lat' dir='ltr'><strong>Ven.</strong></span> <span class='ocrx_word' id='word_1_372' title='bbox 463 2354 526 2410; x_wconf 88' lang='lat' dir='ltr'><strong>(in</strong></span> <span class='ocrx_word' id='word_1_373' title='bbox 554 2368 680 2408; x_wconf 88' lang='lat' dir='ltr'><strong>marg.</strong></span> <span class='ocrx_word' id='word_1_374' title='bbox 717 2353 758 2396; x_wconf 91' lang='grc' dir='ltr'>τί</span> <span class='ocrx_word' id='word_1_375' title='bbox 785 2354 976 2397; x_wconf 83' lang='grc' dir='ltr'>καλοῦσιν</span> <span class='ocrx_word' id='word_1_376' title='bbox 1017 2355 1053 2396; x_wconf 77' lang='grc' dir='ltr'><strong>οἱ</strong></span> <span class='ocrx_word' id='word_1_377' title='bbox 1093 2353 1301 2409; x_wconf 80' lang='grc' dir='ltr'>αίγύπτιοι</span> <span class='ocrx_word' id='word_1_378' title='bbox 1336 2353 1492 2408; x_wconf 82' lang='grc' dir='ltr'>νόμον).</span> <span class='ocrx_word' id='word_1_379' title='bbox 1522 2379 1578 2386; x_wconf 93' lang='lat'><strong>—-</strong></span> <span class='ocrx_word' id='word_1_380' title='bbox 1633 2355 1745 2396; x_wconf 64' lang='lat'><strong>125.</strong></span> <span class='ocrx_word' id='word_1_381' title='bbox 1775 2348 1909 2408; x_wconf 67' lang='grc' dir='ltr'>εὕροις</span> <span class='ocrx_word' id='word_1_382' title='bbox 1948 2348 1985 2396; x_wconf 89' lang='grc' dir='ltr'><strong>δ’</strong></span> <span class='ocrx_word' id='word_1_383' title='bbox 2013 2346 2062 2394; x_wconf 70' lang='grc' dir='ltr'><strong>ἄν</strong></span> 
     </span>
     <span class='ocr_line' id='line_1_31' title="bbox 156 2416 2063 2481; baseline -0.003 -13"><span class='ocrx_word' id='word_1_384' title='bbox 156 2425 231 2468; x_wconf 77' lang='grc' dir='ltr'>καὶ</span> <span class='ocrx_word' id='word_1_385' title='bbox 253 2425 373 2468; x_wconf 84' lang='grc' dir='ltr'>τοῦτο</span> <span class='ocrx_word' id='word_1_386' title='bbox 400 2416 438 2467; x_wconf 71' lang='grc' dir='ltr'><em>ὦ</em></span> <span class='ocrx_word' id='word_1_387' title='bbox 466 2426 548 2479; x_wconf 88' lang='grc' dir='ltr'><strong>φιλ.</strong></span> <span class='ocrx_word' id='word_1_388' title='bbox 577 2426 679 2465; x_wconf 88' lang='lat' dir='ltr'><strong>Ven.</strong></span> <span class='ocrx_word' id='word_1_389' title='bbox 709 2446 764 2455; x_wconf 93' lang='lat'>—</span> <span class='ocrx_word' id='word_1_390' title='bbox 820 2423 850 2463; x_wconf 92' lang='lat' dir='ltr'><strong>l.</strong></span> <span class='ocrx_word' id='word_1_391' title='bbox 868 2425 893 2464; x_wconf 78' lang='grc' dir='ltr'>ὃ</span> <span class='ocrx_word' id='word_1_392' title='bbox 918 2432 959 2464; x_wconf 87' lang='lat' dir='ltr'><strong>et</strong></span> <span class='ocrx_word' id='word_1_393' title='bbox 988 2424 1028 2466; x_wconf 89' lang='lat'><strong>6.</strong></span> <span class='ocrx_word' id='word_1_394' title='bbox 1057 2422 1302 2481; x_wconf 83' lang='grc' dir='ltr'>Βουβάστου</span> <span class='ocrx_word' id='word_1_395' title='bbox 1328 2422 1404 2479; x_wconf 71' lang='grc' dir='ltr'><strong>τήν</strong></span> <span class='ocrx_word' id='word_1_396' title='bbox 1430 2424 1670 2479; x_wconf 84' lang='grc' dir='ltr'>περίμετρον</span> <span class='ocrx_word' id='word_1_397' title='bbox 1697 2426 1799 2467; x_wconf 90' lang='lat' dir='ltr'><strong>Ven.</strong></span> <span class='ocrx_word' id='word_1_398' title='bbox 1829 2448 1883 2454; x_wconf 92' lang='lat'><strong>-—</strong></span> <span class='ocrx_word' id='word_1_399' title='bbox 1940 2423 1967 2463; x_wconf 95' lang='lat' dir='ltr'><strong>l.</strong></span> <span class='ocrx_word' id='word_1_400' title='bbox 1993 2437 2063 2462; x_wconf 86' lang='lat' dir='ltr'><strong>an-</strong></span> 
     </span>
    </p>
   </div>
   <div class='ocr_carea' id='block_1_4' title="bbox 154 2488 2064 3811">
    <p class='ocr_par' dir='ltr' id='par_1_9' title="bbox 156 2488 722 2551">
     <span class='ocr_line' id='line_1_32' title="bbox 156 2488 722 2551; baseline -0.005 -15"><span class='ocrx_word' id='word_1_401' title='bbox 156 2495 361 2551; x_wconf 89' lang='lat' dir='ltr'><strong>tepenult.</strong></span> <span class='ocrx_word' id='word_1_402' title='bbox 390 2488 519 2548; x_wconf 66' lang='grc' dir='ltr'>ἥγουν</span> <span class='ocrx_word' id='word_1_403' title='bbox 551 2493 590 2536; x_wconf 80' lang='grc' dir='ltr'><strong>ἐν</strong></span> <span class='ocrx_word' id='word_1_404' title='bbox 619 2495 722 2534; x_wconf 89' lang='lat' dir='ltr'><strong>Ven.</strong></span> 
     </span>
    </p>

    <p class='ocr_par' dir='ltr' id='par_1_10' title="bbox 154 2562 2064 3040">
     <span class='ocr_line' id='line_1_33' title="bbox 269 2562 2063 2622; baseline -0.001 -14"><span class='ocrx_word' id='word_1_405' title='bbox 269 2566 401 2622; x_wconf 79' lang='lat' dir='ltr'><strong>Pag.</strong></span> <span class='ocrx_word' id='word_1_406' title='bbox 421 2565 544 2608; x_wconf 75' lang='lat'><strong>146.</strong></span> <span class='ocrx_word' id='word_1_407' title='bbox 601 2563 628 2604; x_wconf 94' lang='lat' dir='ltr'><strong>l.</strong></span> <span class='ocrx_word' id='word_1_408' title='bbox 651 2563 687 2605; x_wconf 93' lang='lat'><strong>1.</strong></span> <span class='ocrx_word' id='word_1_409' title='bbox 725 2562 1009 2620; x_wconf 76' lang='grc' dir='ltr'>συσχολαστῆν</span> <span class='ocrx_word' id='word_1_410' title='bbox 1031 2565 1157 2606; x_wconf 82' lang='lat' dir='ltr'><strong>habet</strong></span> <span class='ocrx_word' id='word_1_411' title='bbox 1181 2566 1306 2606; x_wconf 87' lang='lat' dir='ltr'><strong>etiam</strong></span> <span class='ocrx_word' id='word_1_412' title='bbox 1329 2568 1432 2609; x_wconf 89' lang='lat' dir='ltr'><strong>Ven.</strong></span> <span class='ocrx_word' id='word_1_413' title='bbox 1458 2591 1511 2598; x_wconf 90' lang='lat'><strong>—-</strong></span> <span class='ocrx_word' id='word_1_414' title='bbox 1568 2567 1593 2606; x_wconf 91' lang='lat'><strong>1.</strong></span> <span class='ocrx_word' id='word_1_415' title='bbox 1616 2564 1652 2607; x_wconf 69' lang='lat'><strong>4.</strong></span> <span class='ocrx_word' id='word_1_416' title='bbox 1687 2564 1931 2620; x_wconf 81' lang='grc' dir='ltr'>συνεγείρειν</span> <span class='ocrx_word' id='word_1_417' title='bbox 1957 2565 2063 2618; x_wconf 78' lang='grc' dir='ltr'>πλῆ-</span> 
     </span>
     <span class='ocr_line' id='line_1_34' title="bbox 157 2633 2063 2691; baseline -0.002 -14"><span class='ocrx_word' id='word_1_418' title='bbox 157 2637 230 2684; x_wconf 56' lang='grc' dir='ltr'><strong>θος</strong></span> <span class='ocrx_word' id='word_1_419' title='bbox 254 2637 360 2677; x_wconf 87' lang='lat' dir='ltr'><strong>Ven.</strong></span> <span class='ocrx_word' id='word_1_420' title='bbox 382 2657 431 2666; x_wconf 89' lang='lat'><em>-</em></span> <span class='ocrx_word' id='word_1_421' title='bbox 471 2633 496 2674; x_wconf 95' lang='lat' dir='ltr'><strong>l.</strong></span> <span class='ocrx_word' id='word_1_422' title='bbox 518 2633 558 2676; x_wconf 88' lang='grc'><strong>6.</strong></span> <span class='ocrx_word' id='word_1_423' title='bbox 590 2633 715 2676; x_wconf 80' lang='grc' dir='ltr'>εἰπεῖν</span> <span class='ocrx_word' id='word_1_424' title='bbox 740 2634 857 2674; x_wconf 85' lang='lat' dir='ltr'><strong>abest</strong></span> <span class='ocrx_word' id='word_1_425' title='bbox 882 2649 905 2674; x_wconf 83' lang='lat' dir='ltr'>a</span> <span class='ocrx_word' id='word_1_426' title='bbox 927 2637 1027 2675; x_wconf 90' lang='lat' dir='ltr'><strong>Ven.</strong></span> <span class='ocrx_word' id='word_1_427' title='bbox 1055 2661 1109 2667; x_wconf 83' lang='lat'><strong>-—</strong></span> <span class='ocrx_word' id='word_1_428' title='bbox 1165 2637 1191 2677; x_wconf 91' lang='lat' dir='ltr'><strong>l.</strong></span> <span class='ocrx_word' id='word_1_429' title='bbox 1212 2637 1251 2680; x_wconf 89' lang='lat'><strong>7.</strong></span> <span class='ocrx_word' id='word_1_430' title='bbox 1283 2638 1364 2677; x_wconf 80' lang='lat' dir='ltr'><strong>Pro</strong></span> <span class='ocrx_word' id='word_1_431' title='bbox 1389 2635 1490 2691; x_wconf 61' lang='grc' dir='ltr'>’ἡμῖν</span> <span class='ocrx_word' id='word_1_432' title='bbox 1512 2637 1554 2676; x_wconf 88' lang='lat' dir='ltr'><strong>in</strong></span> <span class='ocrx_word' id='word_1_433' title='bbox 1579 2638 1681 2678; x_wconf 91' lang='lat' dir='ltr'><strong>Ven.</strong></span> <span class='ocrx_word' id='word_1_434' title='bbox 1707 2644 1770 2676; x_wconf 82' lang='lat' dir='ltr'><strong>est</strong></span> <span class='ocrx_word' id='word_1_435' title='bbox 1797 2634 1924 2689; x_wconf 80' lang='grc' dir='ltr'>ἐμεῖν,</span> <span class='ocrx_word' id='word_1_436' title='bbox 1953 2635 2063 2690; x_wconf 87' lang='lat' dir='ltr'><strong>quod</strong></span> 
     </span>
     <span class='ocr_line' id='line_1_35' title="bbox 155 2700 2062 2763; baseline -0.002 -16"><span class='ocrx_word' id='word_1_437' title='bbox 155 2718 327 2759; x_wconf 85' lang='lat' dir='ltr'><strong>repono.</strong></span> <span class='ocrx_word' id='word_1_438' title='bbox 353 2729 403 2735; x_wconf 90' lang='lat'><strong>—</strong></span> <span class='ocrx_word' id='word_1_439' title='bbox 445 2704 488 2763; x_wconf 19' lang='lat'><strong>⁷¹·</strong></span> <span class='ocrx_word' id='word_1_440' title='bbox 511 2703 572 2745; x_wconf 80' lang='lat'><strong>18.</strong></span> <span class='ocrx_word' id='word_1_441' title='bbox 602 2704 738 2745; x_wconf 81' lang='lat' dir='ltr'><strong>Verba</strong></span> <span class='ocrx_word' id='word_1_442' title='bbox 767 2704 839 2747; x_wconf 75' lang='grc' dir='ltr'>καὶ</span> <span class='ocrx_word' id='word_1_443' title='bbox 864 2700 998 2754; x_wconf 63' lang='grc' dir='ltr'>οὕτως</span> <span class='ocrx_word' id='word_1_444' title='bbox 1022 2706 1060 2748; x_wconf 86' lang='grc' dir='ltr'><strong>οἱ</strong></span> <span class='ocrx_word' id='word_1_445' title='bbox 1086 2703 1182 2749; x_wconf 54' lang='grc' dir='ltr'>καθ’</span> <span class='ocrx_word' id='word_1_446' title='bbox 1212 2705 1282 2749; x_wconf 78' lang='grc' dir='ltr'><strong>ἕνα</strong></span> <span class='ocrx_word' id='word_1_447' title='bbox 1306 2703 1474 2761; x_wconf 69' lang='grc' dir='ltr'>οὐρανὸν</span> <span class='ocrx_word' id='word_1_448' title='bbox 1502 2708 1649 2748; x_wconf 86' lang='lat' dir='ltr'><strong>absunt</strong></span> <span class='ocrx_word' id='word_1_449' title='bbox 1674 2721 1697 2747; x_wconf 87' lang='lat' dir='ltr'>a</span> <span class='ocrx_word' id='word_1_450' title='bbox 1714 2708 1814 2747; x_wconf 88' lang='lat' dir='ltr'><strong>Ven.</strong></span> <span class='ocrx_word' id='word_1_451' title='bbox 1839 2731 1893 2737; x_wconf 89' lang='lat'><em>-</em></span> <span class='ocrx_word' id='word_1_452' title='bbox 1947 2706 1973 2746; x_wconf 88' lang='lat' dir='ltr'><strong>l.</strong></span> <span class='ocrx_word' id='word_1_453' title='bbox 2001 2705 2062 2747; x_wconf 85' lang='lat'><strong>19.</strong></span> 
     </span>
     <span class='ocr_line' id='line_1_36' title="bbox 156 2772 2061 2829; baseline -0.002 -10"><span class='ocrx_word' id='word_1_454' title='bbox 156 2772 542 2822; x_wconf 63' lang='grc' dir='ltr'>κατασκευάὲτοντες</span> <span class='ocrx_word' id='word_1_455' title='bbox 567 2776 668 2815; x_wconf 90' lang='lat' dir='ltr'><strong>Ven.</strong></span> <span class='ocrx_word' id='word_1_456' title='bbox 690 2798 747 2806; x_wconf 89' lang='lat'><strong>—</strong></span> <span class='ocrx_word' id='word_1_457' title='bbox 802 2775 827 2813; x_wconf 92' lang='lat' dir='ltr'><strong>l.</strong></span> <span class='ocrx_word' id='word_1_458' title='bbox 847 2774 914 2816; x_wconf 90' lang='grc'><strong>20.</strong></span> <span class='ocrx_word' id='word_1_459' title='bbox 946 2774 1177 2829; x_wconf 76' lang='grc' dir='ltr'>ἐληλάκασι</span> <span class='ocrx_word' id='word_1_460' title='bbox 1211 2777 1337 2817; x_wconf 87' lang='lat' dir='ltr'><strong>habet</strong></span> <span class='ocrx_word' id='word_1_461' title='bbox 1371 2777 1494 2817; x_wconf 83' lang='lat' dir='ltr'><strong>etiam</strong></span> <span class='ocrx_word' id='word_1_462' title='bbox 1520 2779 1622 2818; x_wconf 89' lang='lat' dir='ltr'><strong>Ven.</strong></span> <span class='ocrx_word' id='word_1_463' title='bbox 1646 2802 1699 2808; x_wconf 91' lang='lat'><em>-</em></span> <span class='ocrx_word' id='word_1_464' title='bbox 1755 2777 1782 2816; x_wconf 91' lang='lat' dir='ltr'><strong>l.</strong></span> <span class='ocrx_word' id='word_1_465' title='bbox 1800 2775 1839 2818; x_wconf 89' lang='lat'><strong>9.</strong></span> <span class='ocrx_word' id='word_1_466' title='bbox 1865 2776 1916 2816; x_wconf 79' lang='lat' dir='ltr'><strong>ab</strong></span> <span class='ocrx_word' id='word_1_467' title='bbox 1942 2776 2061 2816; x_wconf 81' lang='lat' dir='ltr'><strong>infer.</strong></span> 
     </span>
     <span class='ocr_line' id='line_1_37' title="bbox 155 2840 2064 2902; baseline 0.002 -17"><span class='ocrx_word' id='word_1_468' title='bbox 155 2844 260 2901; x_wconf 79' lang='grc' dir='ltr'><strong>πρὸς</strong></span> <span class='ocrx_word' id='word_1_469' title='bbox 286 2844 339 2888; x_wconf 78' lang='grc' dir='ltr'>τὰ</span> <span class='ocrx_word' id='word_1_470' title='bbox 369 2846 471 2885; x_wconf 93' lang='lat' dir='ltr'><strong>Ven.</strong></span> <span class='ocrx_word' id='word_1_471' title='bbox 505 2868 560 2875; x_wconf 90' lang='lat'><strong>—-</strong></span> <span class='ocrx_word' id='word_1_472' title='bbox 618 2844 642 2883; x_wconf 94' lang='lat' dir='ltr'><strong>l.</strong></span> <span class='ocrx_word' id='word_1_473' title='bbox 670 2842 697 2885; x_wconf 97' lang='lat'><strong>7</strong></span> <span class='ocrx_word' id='word_1_474' title='bbox 725 2853 767 2884; x_wconf 91' lang='lat' dir='ltr'><strong>et</strong></span> <span class='ocrx_word' id='word_1_475' title='bbox 796 2845 833 2887; x_wconf 80' lang='lat'><strong>8.</strong></span> <span class='ocrx_word' id='word_1_476' title='bbox 882 2851 1157 2900; x_wconf 78' lang='grc' dir='ltr'>μαγγανικαῖς</span> <span class='ocrx_word' id='word_1_477' title='bbox 1185 2848 1375 2902; x_wconf 85' lang='grc' dir='ltr'>μαγείαις</span> <span class='ocrx_word' id='word_1_478' title='bbox 1400 2847 1656 2902; x_wconf 83' lang='grc' dir='ltr'>προςανέχων</span> <span class='ocrx_word' id='word_1_479' title='bbox 1684 2840 1733 2889; x_wconf 68' lang='grc' dir='ltr'><strong>ἄν</strong></span> <span class='ocrx_word' id='word_1_480' title='bbox 1756 2844 1967 2898; x_wconf 77' lang='grc' dir='ltr'>ἐψεύσατο</span> <span class='ocrx_word' id='word_1_481' title='bbox 1992 2845 2064 2888; x_wconf 77' lang='grc' dir='ltr'>καὶ</span> 
     </span>
     <span class='ocr_line' id='line_1_38' title="bbox 154 2914 2061 2969; baseline -0.001 -11"><span class='ocrx_word' id='word_1_482' title='bbox 154 2919 259 2958; x_wconf 89' lang='lat' dir='ltr'><strong>Ven.</strong></span> <span class='ocrx_word' id='word_1_483' title='bbox 287 2940 342 2947; x_wconf 92' lang='lat'><em>-</em></span> <span class='ocrx_word' id='word_1_484' title='bbox 396 2915 424 2956; x_wconf 89' lang='lat' dir='ltr'><strong>l.</strong></span> <span class='ocrx_word' id='word_1_485' title='bbox 445 2915 484 2957; x_wconf 84' lang='grc'><strong>8.</strong></span> <span class='ocrx_word' id='word_1_486' title='bbox 514 2915 564 2955; x_wconf 91' lang='lat' dir='ltr'><strong>ab</strong></span> <span class='ocrx_word' id='word_1_487' title='bbox 594 2915 668 2955; x_wconf 84' lang='lat' dir='ltr'><strong>inf.</strong></span> <span class='ocrx_word' id='word_1_488' title='bbox 697 2914 968 2969; x_wconf 85' lang='grc' dir='ltr'>περιεργείαις</span> <span class='ocrx_word' id='word_1_489' title='bbox 997 2917 1083 2956; x_wconf 85' lang='lat' dir='ltr'><strong>Bas.</strong></span> <span class='ocrx_word' id='word_1_490' title='bbox 1106 2940 1162 2947; x_wconf 89' lang='lat'>—</span> <span class='ocrx_word' id='word_1_491' title='bbox 1217 2918 1245 2957; x_wconf 85' lang='lat' dir='ltr'><strong>l.</strong></span> <span class='ocrx_word' id='word_1_492' title='bbox 1268 2920 1306 2959; x_wconf 79' lang='grc' dir='ltr'><strong>ὁ.</strong></span> <span class='ocrx_word' id='word_1_493' title='bbox 1336 2918 1387 2958; x_wconf 92' lang='lat' dir='ltr'><strong>ab</strong></span> <span class='ocrx_word' id='word_1_494' title='bbox 1416 2917 1490 2957; x_wconf 82' lang='lat' dir='ltr'><strong>ins.</strong></span> <span class='ocrx_word' id='word_1_495' title='bbox 1524 2914 1605 2960; x_wconf 77' lang='grc' dir='ltr'><strong>ἀπὸ</strong></span> <span class='ocrx_word' id='word_1_496' title='bbox 1635 2917 1742 2957; x_wconf 86' lang='lat' dir='ltr'><strong>tueri</strong></span> <span class='ocrx_word' id='word_1_497' title='bbox 1771 2917 1933 2957; x_wconf 86' lang='lat' dir='ltr'><strong>videtur</strong></span> <span class='ocrx_word' id='word_1_498' title='bbox 1958 2919 2061 2959; x_wconf 88' lang='lat' dir='ltr'><strong>Ven.</strong></span> 
     </span>
     <span class='ocr_line' id='line_1_39' title="bbox 157 2984 1033 3040; baseline -0.001 -14"><span class='ocrx_word' id='word_1_499' title='bbox 157 3011 206 3018; x_wconf 95' lang='lat'>—</span> <span class='ocrx_word' id='word_1_500' title='bbox 238 2987 263 3026; x_wconf 93' lang='lat' dir='ltr'><strong>l.</strong></span> <span class='ocrx_word' id='word_1_501' title='bbox 294 2985 449 3040; x_wconf 87' lang='lat' dir='ltr'><strong>penult.</strong></span> <span class='ocrx_word' id='word_1_502' title='bbox 484 2986 745 3039; x_wconf 63' lang='grc' dir='ltr'>συναριὸμῶν</span> <span class='ocrx_word' id='word_1_503' title='bbox 778 2984 901 3025; x_wconf 81' lang='lat' dir='ltr'><strong>etiam</strong></span> <span class='ocrx_word' id='word_1_504' title='bbox 930 2987 1033 3025; x_wconf 89' lang='lat' dir='ltr'><strong>Ven.</strong></span> 
     </span>
    </p>

    <p class='ocr_par' dir='ltr' id='par_1_11' title="bbox 154 3052 2062 3462">
     <span class='ocr_line' id='line_1_40' title="bbox 267 3052 2060 3114; baseline 0.001 -19"><span class='ocrx_word' id='word_1_505' title='bbox 267 3058 400 3114; x_wconf 74' lang='lat' dir='ltr'><strong>Pag.</strong></span> <span class='ocrx_word' id='word_1_506' title='bbox 428 3057 554 3100; x_wconf 82' lang='grc'><strong>148.</strong></span> <span class='ocrx_word' id='word_1_507' title='bbox 609 3055 634 3095; x_wconf 93' lang='lat' dir='ltr'><strong>l.</strong></span> <span class='ocrx_word' id='word_1_508' title='bbox 660 3059 694 3096; x_wconf 91' lang='lat'><strong>1.</strong></span> <span class='ocrx_word' id='word_1_509' title='bbox 728 3052 893 3110; x_wconf 70' lang='grc' dir='ltr'>κλήρων</span> <span class='ocrx_word' id='word_1_510' title='bbox 918 3058 1020 3096; x_wconf 91' lang='lat' dir='ltr'><strong>Ven.</strong></span> <span class='ocrx_word' id='word_1_511' title='bbox 1050 3058 1169 3099; x_wconf 85' lang='lat' dir='ltr'><strong>Bene.</strong></span> <span class='ocrx_word' id='word_1_512' title='bbox 1201 3081 1255 3088; x_wconf 83' lang='lat'><strong>—-</strong></span> <span class='ocrx_word' id='word_1_513' title='bbox 1311 3058 1339 3098; x_wconf 90' lang='lat' dir='ltr'><strong>l.</strong></span> <span class='ocrx_word' id='word_1_514' title='bbox 1360 3059 1398 3099; x_wconf 92' lang='grc'><strong>2.</strong></span> <span class='ocrx_word' id='word_1_515' title='bbox 1432 3057 1646 3101; x_wconf 86' lang='grc' dir='ltr'>λελακέναι</span> <span class='ocrx_word' id='word_1_516' title='bbox 1667 3057 1713 3101; x_wconf 79' lang='grc' dir='ltr'>τὸ</span> <span class='ocrx_word' id='word_1_517' title='bbox 1739 3059 1839 3099; x_wconf 90' lang='lat' dir='ltr'><strong>Ven.</strong></span> <span class='ocrx_word' id='word_1_518' title='bbox 1868 3083 1922 3089; x_wconf 92' lang='lat'><strong>—</strong></span> <span class='ocrx_word' id='word_1_519' title='bbox 1978 3059 2003 3098; x_wconf 91' lang='lat' dir='ltr'><strong>l.</strong></span> <span class='ocrx_word' id='word_1_520' title='bbox 2022 3058 2060 3101; x_wconf 89' lang='grc'><strong>6.</strong></span> 
     </span>
     <span class='ocr_line' id='line_1_41' title="bbox 157 3122 2061 3182; baseline -0.001 -11"><span class='ocrx_word' id='word_1_521' title='bbox 157 3124 284 3176; x_wconf 72' lang='grc' dir='ltr'>αὐτὸς</span> <span class='ocrx_word' id='word_1_522' title='bbox 314 3128 515 3180; x_wconf 85' lang='grc' dir='ltr'>παριστᾶν</span> <span class='ocrx_word' id='word_1_523' title='bbox 554 3126 655 3166; x_wconf 90' lang='lat' dir='ltr'><strong>Ven.</strong></span> <span class='ocrx_word' id='word_1_524' title='bbox 684 3149 737 3156; x_wconf 89' lang='lat'><strong>—</strong></span> <span class='ocrx_word' id='word_1_525' title='bbox 796 3126 822 3164; x_wconf 94' lang='lat' dir='ltr'><strong>l.</strong></span> <span class='ocrx_word' id='word_1_526' title='bbox 851 3125 911 3167; x_wconf 87' lang='lat'><strong>16.</strong></span> <span class='ocrx_word' id='word_1_527' title='bbox 944 3122 1082 3168; x_wconf 71' lang='grc' dir='ltr'>αὐτῶν</span> <span class='ocrx_word' id='word_1_528' title='bbox 1123 3125 1372 3177; x_wconf 80' lang='grc' dir='ltr'>ἐνεδείξαντο</span> <span class='ocrx_word' id='word_1_529' title='bbox 1397 3130 1498 3168; x_wconf 89' lang='lat' dir='ltr'><strong>Ven.</strong></span> <span class='ocrx_word' id='word_1_530' title='bbox 1531 3153 1583 3159; x_wconf 82' lang='lat'>-</span> <span class='ocrx_word' id='word_1_531' title='bbox 1641 3128 1667 3168; x_wconf 87' lang='lat' dir='ltr'><strong>l.</strong></span> <span class='ocrx_word' id='word_1_532' title='bbox 1689 3128 1754 3169; x_wconf 89' lang='grc'><strong>21.</strong></span> <span class='ocrx_word' id='word_1_533' title='bbox 1786 3123 1902 3182; x_wconf 68' lang='grc' dir='ltr'>Αὕτη</span> <span class='ocrx_word' id='word_1_534' title='bbox 1930 3125 1960 3182; x_wconf 72' lang='grc' dir='ltr'>τί</span> <span class='ocrx_word' id='word_1_535' title='bbox 1989 3128 2061 3171; x_wconf 79' lang='grc' dir='ltr'>τοῦ</span> 
     </span>
     <span class='ocr_line' id='line_1_42' title="bbox 155 3192 2062 3253; baseline 0.001 -15"><span class='ocrx_word' id='word_1_536' title='bbox 155 3200 259 3239; x_wconf 83' lang='lat' dir='ltr'><strong>Ven.</strong></span> <span class='ocrx_word' id='word_1_537' title='bbox 289 3221 342 3228; x_wconf 91' lang='lat'>-</span> <span class='ocrx_word' id='word_1_538' title='bbox 399 3197 424 3236; x_wconf 86' lang='lat' dir='ltr'><strong>l.</strong></span> <span class='ocrx_word' id='word_1_539' title='bbox 450 3196 515 3238; x_wconf 89' lang='grc'><strong>26.</strong></span> <span class='ocrx_word' id='word_1_540' title='bbox 559 3192 791 3238; x_wconf 55' lang='grc' dir='ltr'>πεπονθότα</span> <span class='ocrx_word' id='word_1_541' title='bbox 827 3197 929 3236; x_wconf 90' lang='lat' dir='ltr'><strong>Ven.</strong></span> <span class='ocrx_word' id='word_1_542' title='bbox 959 3218 1013 3225; x_wconf 90' lang='lat'>-</span> <span class='ocrx_word' id='word_1_543' title='bbox 1070 3196 1181 3238; x_wconf 60' lang='grc'><strong>128.</strong></span> <span class='ocrx_word' id='word_1_544' title='bbox 1216 3197 1421 3253; x_wconf 80' lang='grc' dir='ltr'>βαστάξαι</span> <span class='ocrx_word' id='word_1_545' title='bbox 1459 3200 1563 3239; x_wconf 89' lang='lat' dir='ltr'><strong>Ven.</strong></span> <span class='ocrx_word' id='word_1_546' title='bbox 1594 3222 1648 3229; x_wconf 90' lang='lat'><strong>—</strong></span> <span class='ocrx_word' id='word_1_547' title='bbox 1703 3198 1730 3239; x_wconf 88' lang='lat'><strong>1.</strong></span> <span class='ocrx_word' id='word_1_548' title='bbox 1761 3199 1828 3242; x_wconf 83' lang='lat'><strong>30.</strong></span> <span class='ocrx_word' id='word_1_549' title='bbox 1858 3197 2062 3252; x_wconf 84' lang='grc' dir='ltr'>μετεμόρ-</span> 
     </span>
     <span class='ocr_line' id='line_1_43' title="bbox 156 3265 2062 3322; baseline 0.001 -15"><span class='ocrx_word' id='word_1_550' title='bbox 156 3281 295 3322; x_wconf 86' lang='grc' dir='ltr'>φωσεν</span> <span class='ocrx_word' id='word_1_551' title='bbox 320 3275 457 3307; x_wconf 82' lang='lat' dir='ltr'><strong>tuetur</strong></span> <span class='ocrx_word' id='word_1_552' title='bbox 483 3268 585 3307; x_wconf 91' lang='lat' dir='ltr'><strong>Ven.</strong></span> <span class='ocrx_word' id='word_1_553' title='bbox 611 3290 664 3297; x_wconf 92' lang='lat'>—</span> <span class='ocrx_word' id='word_1_554' title='bbox 722 3266 746 3304; x_wconf 89' lang='lat' dir='ltr'><strong>l.</strong></span> <span class='ocrx_word' id='word_1_555' title='bbox 769 3265 835 3306; x_wconf 86' lang='lat'><strong>31.</strong></span> <span class='ocrx_word' id='word_1_556' title='bbox 879 3265 1154 3319; x_wconf 84' lang='grc' dir='ltr'>παραδέδωκε</span> <span class='ocrx_word' id='word_1_557' title='bbox 1189 3268 1290 3306; x_wconf 90' lang='lat' dir='ltr'><strong>Ven.</strong></span> <span class='ocrx_word' id='word_1_558' title='bbox 1347 3268 1568 3321; x_wconf 87' lang='grc' dir='ltr'>παρέδωκε</span> <span class='ocrx_word' id='word_1_559' title='bbox 1608 3283 1698 3308; x_wconf 89' lang='lat' dir='ltr'><strong>cum</strong></span> <span class='ocrx_word' id='word_1_560' title='bbox 1740 3268 1909 3322; x_wconf 86' lang='lat' dir='ltr'><strong>Rhedig.</strong></span> <span class='ocrx_word' id='word_1_561' title='bbox 1939 3269 2062 3308; x_wconf 87' lang='lat' dir='ltr'><strong>habet</strong></span> 
     </span>
     <span class='ocr_line' id='line_1_44' title="bbox 157 3330 2060 3392; baseline 0.002 -15"><span class='ocrx_word' id='word_1_562' title='bbox 157 3337 278 3378; x_wconf 75' lang='lat' dir='ltr'><strong>etiam</strong></span> <span class='ocrx_word' id='word_1_563' title='bbox 309 3340 394 3378; x_wconf 83' lang='lat' dir='ltr'><strong>Bas.</strong></span> <span class='ocrx_word' id='word_1_564' title='bbox 426 3361 478 3367; x_wconf 97' lang='lat'><strong>—</strong></span> <span class='ocrx_word' id='word_1_565' title='bbox 536 3337 563 3376; x_wconf 90' lang='lat' dir='ltr'><strong>l.</strong></span> <span class='ocrx_word' id='word_1_566' title='bbox 582 3335 648 3378; x_wconf 82' lang='lat'><strong>33.</strong></span> <span class='ocrx_word' id='word_1_567' title='bbox 681 3333 884 3388; x_wconf 78' lang='grc' dir='ltr'>ἀορίστως</span> <span class='ocrx_word' id='word_1_568' title='bbox 913 3333 934 3379; x_wconf 79' lang='grc' dir='ltr'>ὁ</span> <span class='ocrx_word' id='word_1_569' title='bbox 961 3330 1134 3388; x_wconf 82' lang='grc' dir='ltr'>Ἰησοῦς</span> <span class='ocrx_word' id='word_1_570' title='bbox 1157 3337 1258 3377; x_wconf 83' lang='lat' dir='ltr'><strong>Ven.</strong></span> <span class='ocrx_word' id='word_1_571' title='bbox 1289 3361 1343 3367; x_wconf 90' lang='lat'><strong>—-</strong></span> <span class='ocrx_word' id='word_1_572' title='bbox 1400 3338 1427 3378; x_wconf 91' lang='lat' dir='ltr'><strong>l.</strong></span> <span class='ocrx_word' id='word_1_573' title='bbox 1449 3336 1485 3379; x_wconf 77' lang='lat'><strong>4.</strong></span> <span class='ocrx_word' id='word_1_574' title='bbox 1512 3338 1561 3378; x_wconf 86' lang='lat' dir='ltr'><strong>ab</strong></span> <span class='ocrx_word' id='word_1_575' title='bbox 1590 3337 1663 3377; x_wconf 83' lang='lat' dir='ltr'><strong>inf.</strong></span> <span class='ocrx_word' id='word_1_576' title='bbox 1696 3338 1864 3391; x_wconf 89' lang='lat' dir='ltr'><strong>Repone</strong></span> <span class='ocrx_word' id='word_1_577' title='bbox 1892 3334 2060 3392; x_wconf 79' lang='grc' dir='ltr'>ἀνέπτη,</span> 
     </span>
     <span class='ocr_line' id='line_1_45' title="bbox 154 3402 1584 3462; baseline -0.001 -14"><span class='ocrx_word' id='word_1_578' title='bbox 154 3422 231 3462; x_wconf 89' lang='lat' dir='ltr'><strong>pro</strong></span> <span class='ocrx_word' id='word_1_579' title='bbox 259 3405 440 3461; x_wconf 70' lang='grc' dir='ltr'>ἀνέστη,</span> <span class='ocrx_word' id='word_1_580' title='bbox 472 3422 521 3447; x_wconf 88' lang='lat' dir='ltr'><strong>ex</strong></span> <span class='ocrx_word' id='word_1_581' title='bbox 548 3408 721 3459; x_wconf 79' lang='lat' dir='ltr'><strong>Veneto.</strong></span> <span class='ocrx_word' id='word_1_582' title='bbox 754 3429 804 3435; x_wconf 93' lang='lat'>—</span> <span class='ocrx_word' id='word_1_583' title='bbox 863 3405 888 3444; x_wconf 90' lang='lat' dir='ltr'><strong>l.</strong></span> <span class='ocrx_word' id='word_1_584' title='bbox 921 3405 1075 3458; x_wconf 83' lang='lat' dir='ltr'><strong>penult.</strong></span> <span class='ocrx_word' id='word_1_585' title='bbox 1108 3402 1202 3461; x_wconf 71' lang='grc' dir='ltr'>ου’χί</span> <span class='ocrx_word' id='word_1_586' title='bbox 1233 3403 1255 3448; x_wconf 76' lang='grc' dir='ltr'>ὁ</span> <span class='ocrx_word' id='word_1_587' title='bbox 1284 3402 1456 3460; x_wconf 79' lang='grc' dir='ltr'>Ἰησοῦς</span> <span class='ocrx_word' id='word_1_588' title='bbox 1482 3409 1584 3448; x_wconf 90' lang='lat' dir='ltr'><strong>Ven.</strong></span> 
     </span>
    </p>

    <p class='ocr_par' dir='ltr' id='par_1_12' title="bbox 155 3471 2060 3811">
     <span class='ocr_line' id='line_1_46' title="bbox 265 3471 2058 3534; baseline 0.001 -18"><span class='ocrx_word' id='word_1_589' title='bbox 265 3478 397 3534; x_wconf 71' lang='lat' dir='ltr'><strong>Pag.</strong></span> <span class='ocrx_word' id='word_1_590' title='bbox 429 3478 554 3521; x_wconf 80' lang='lat'><strong>150.</strong></span> <span class='ocrx_word' id='word_1_591' title='bbox 609 3477 634 3516; x_wconf 88' lang='lat' dir='ltr'><strong>l.</strong></span> <span class='ocrx_word' id='word_1_592' title='bbox 664 3478 726 3517; x_wconf 83' lang='lat'><strong>10.</strong></span> <span class='ocrx_word' id='word_1_593' title='bbox 770 3471 1030 3519; x_wconf 79' lang='grc' dir='ltr'>ἐκδιδάσκων</span> <span class='ocrx_word' id='word_1_594' title='bbox 1074 3476 1177 3517; x_wconf 81' lang='lat' dir='ltr'><strong>ven.</strong></span> <span class='ocrx_word' id='word_1_595' title='bbox 1237 3476 1359 3525; x_wconf 89' lang='lat' dir='ltr'><strong>Quod</strong></span> <span class='ocrx_word' id='word_1_596' title='bbox 1401 3478 1683 3531; x_wconf 86' lang='lat' dir='ltr'><strong>reponendum</strong></span> <span class='ocrx_word' id='word_1_597' title='bbox 1725 3486 1798 3517; x_wconf 89' lang='lat' dir='ltr'><strong>est.</strong></span> <span class='ocrx_word' id='word_1_598' title='bbox 1829 3502 1883 3508; x_wconf 88' lang='lat'><strong>—-</strong></span> <span class='ocrx_word' id='word_1_599' title='bbox 1939 3480 1965 3519; x_wconf 89' lang='grc'><strong>1.</strong></span> <span class='ocrx_word' id='word_1_600' title='bbox 1993 3481 2058 3521; x_wconf 85' lang='grc'><strong>21.</strong></span> 
     </span>
     <span class='ocr_line' id='line_1_47' title="bbox 156 3542 2058 3602; baseline 0.002 -14"><span class='ocrx_word' id='word_1_601' title='bbox 156 3548 327 3602; x_wconf 86' lang='lat' dir='ltr'><strong>Repone</strong></span> <span class='ocrx_word' id='word_1_602' title='bbox 367 3561 416 3586; x_wconf 84' lang='lat' dir='ltr'><strong>ex</strong></span> <span class='ocrx_word' id='word_1_603' title='bbox 459 3548 620 3587; x_wconf 85' lang='lat' dir='ltr'><strong>Veneto</strong></span> <span class='ocrx_word' id='word_1_604' title='bbox 661 3548 738 3589; x_wconf 80' lang='grc' dir='ltr'><strong>Δεῖ</strong></span> <span class='ocrx_word' id='word_1_605' title='bbox 777 3545 904 3588; x_wconf 87' lang='grc' dir='ltr'>τοίνυν</span> <span class='ocrx_word' id='word_1_606' title='bbox 944 3542 1184 3599; x_wconf 58' lang='grc' dir='ltr'>ἀρνεῖσθαι,</span> <span class='ocrx_word' id='word_1_607' title='bbox 1227 3545 1298 3588; x_wconf 83' lang='grc' dir='ltr'>καὶ</span> <span class='ocrx_word' id='word_1_608' title='bbox 1337 3543 1395 3599; x_wconf 72' lang='grc' dir='ltr'><strong>μή</strong></span> <span class='ocrx_word' id='word_1_609' title='bbox 1440 3548 1631 3599; x_wconf 81' lang='grc' dir='ltr'>προαλῶς</span> <span class='ocrx_word' id='word_1_610' title='bbox 1675 3545 1962 3602; x_wconf 55' lang='grc' dir='ltr'>ἀποθνήσκειν.</span> <span class='ocrx_word' id='word_1_611' title='bbox 2007 3575 2058 3580; x_wconf 91' lang='grc'>-</span> 
     </span>
     <span class='ocr_line' id='line_1_48' title="bbox 156 3611 2060 3672; baseline 0.002 -15"><span class='ocrx_word' id='word_1_612' title='bbox 156 3618 182 3657; x_wconf 95' lang='lat' dir='ltr'><strong>l.</strong></span> <span class='ocrx_word' id='word_1_613' title='bbox 201 3617 266 3658; x_wconf 82' lang='lat'><strong>25.</strong></span> <span class='ocrx_word' id='word_1_614' title='bbox 299 3630 351 3670; x_wconf 85' lang='grc' dir='ltr'><strong>με</strong></span> <span class='ocrx_word' id='word_1_615' title='bbox 381 3615 609 3670; x_wconf 61' lang='grc' dir='ltr'>ἔμπροσῦεν</span> <span class='ocrx_word' id='word_1_616' title='bbox 633 3618 715 3659; x_wconf 83' lang='grc' dir='ltr'><strong>τῶν</strong></span> <span class='ocrx_word' id='word_1_617' title='bbox 737 3617 839 3655; x_wconf 89' lang='lat' dir='ltr'><strong>Ven.</strong></span> <span class='ocrx_word' id='word_1_618' title='bbox 869 3639 920 3646; x_wconf 91' lang='lat'><em>-</em></span> <span class='ocrx_word' id='word_1_619' title='bbox 979 3616 1079 3656; x_wconf 89' lang='lat' dir='ltr'><strong>lbid.</strong></span> <span class='ocrx_word' id='word_1_620' title='bbox 1110 3616 1245 3656; x_wconf 84' lang='lat' dir='ltr'><strong>Verba</strong></span> <span class='ocrx_word' id='word_1_621' title='bbox 1272 3611 1390 3670; x_wconf 84' lang='grc' dir='ltr'><strong>κοῖγώ</strong></span> <span class='ocrx_word' id='word_1_622' title='bbox 1419 3613 1542 3659; x_wconf 66' lang='grc' dir='ltr'>αὐτὸν</span> <span class='ocrx_word' id='word_1_623' title='bbox 1570 3632 1649 3658; x_wconf 89' lang='lat' dir='ltr'><strong>non</strong></span> <span class='ocrx_word' id='word_1_624' title='bbox 1679 3618 1863 3672; x_wconf 81' lang='lat' dir='ltr'><strong>agnoscit</strong></span> <span class='ocrx_word' id='word_1_625' title='bbox 1887 3621 1987 3660; x_wconf 90' lang='lat' dir='ltr'><strong>Ven.</strong></span> <span class='ocrx_word' id='word_1_626' title='bbox 2006 3644 2060 3652; x_wconf 92' lang='lat'><strong>--</strong></span> 
     </span>
     <span class='ocr_line' id='line_1_49' title="bbox 155 3685 2059 3744; baseline 0.002 -17"><span class='ocrx_word' id='word_1_627' title='bbox 155 3687 180 3727; x_wconf 89' lang='lat' dir='ltr'><strong>l.</strong></span> <span class='ocrx_word' id='word_1_628' title='bbox 202 3687 269 3729; x_wconf 92' lang='grc'><strong>27.</strong></span> <span class='ocrx_word' id='word_1_629' title='bbox 299 3685 452 3740; x_wconf 73' lang='grc' dir='ltr'>φησὶν,</span> <span class='ocrx_word' id='word_1_630' title='bbox 485 3687 543 3735; x_wconf 79' lang='grc' dir='ltr'><strong>εἴς</strong></span> <span class='ocrx_word' id='word_1_631' title='bbox 567 3701 640 3740; x_wconf 87' lang='grc' dir='ltr'><strong>μεν</strong></span> <span class='ocrx_word' id='word_1_632' title='bbox 667 3687 703 3729; x_wconf 84' lang='grc' dir='ltr'><strong>οἱ</strong></span> <span class='ocrx_word' id='word_1_633' title='bbox 728 3688 827 3726; x_wconf 91' lang='lat' dir='ltr'><strong>Ven.</strong></span> <span class='ocrx_word' id='word_1_634' title='bbox 861 3709 913 3716; x_wconf 93' lang='grc'>-</span> <span class='ocrx_word' id='word_1_635' title='bbox 971 3685 1082 3728; x_wconf 50' lang='lat'><strong>128.</strong></span> <span class='ocrx_word' id='word_1_636' title='bbox 1116 3685 1263 3742; x_wconf 82' lang='grc' dir='ltr'>βάλετε</span> <span class='ocrx_word' id='word_1_637' title='bbox 1292 3687 1393 3727; x_wconf 89' lang='lat' dir='ltr'><strong>Ven.</strong></span> <span class='ocrx_word' id='word_1_638' title='bbox 1420 3712 1474 3718; x_wconf 90' lang='grc'>-</span> <span class='ocrx_word' id='word_1_639' title='bbox 1530 3687 1556 3727; x_wconf 89' lang='lat'><strong>1.</strong></span> <span class='ocrx_word' id='word_1_640' title='bbox 1577 3687 1641 3728; x_wconf 88' lang='lat'><strong>30.</strong></span> <span class='ocrx_word' id='word_1_641' title='bbox 1673 3689 1726 3744; x_wconf 78' lang='grc' dir='ltr'>τῇ</span> <span class='ocrx_word' id='word_1_642' title='bbox 1759 3687 1907 3733; x_wconf 77' lang='grc' dir='ltr'>ἑαυτοῦ</span> <span class='ocrx_word' id='word_1_643' title='bbox 1935 3691 2059 3732; x_wconf 83' lang='lat' dir='ltr'><strong>habet</strong></span> 
     </span>
     <span class='ocr_line' id='line_1_50' title="bbox 159 3753 1577 3811; baseline -0.001 -14"><span class='ocrx_word' id='word_1_644' title='bbox 159 3756 280 3797; x_wconf 83' lang='lat' dir='ltr'><strong>etiam</strong></span> <span class='ocrx_word' id='word_1_645' title='bbox 309 3757 411 3795; x_wconf 89' lang='lat' dir='ltr'><strong>Ven.</strong></span> <span class='ocrx_word' id='word_1_646' title='bbox 444 3781 494 3786; x_wconf 87' lang='lat'>—</span> <span class='ocrx_word' id='word_1_647' title='bbox 553 3757 577 3796; x_wconf 91' lang='lat' dir='ltr'><strong>l.</strong></span> <span class='ocrx_word' id='word_1_648' title='bbox 610 3757 765 3811; x_wconf 84' lang='lat' dir='ltr'><strong>penult.</strong></span> <span class='ocrx_word' id='word_1_649' title='bbox 798 3753 901 3799; x_wconf 74' lang='grc' dir='ltr'><strong>ἀλλά</strong></span> <span class='ocrx_word' id='word_1_650' title='bbox 932 3755 1004 3797; x_wconf 82' lang='grc' dir='ltr'>καὶ</span> <span class='ocrx_word' id='word_1_651' title='bbox 1035 3755 1156 3811; x_wconf 70' lang='grc' dir='ltr'>σιγὴν</span> <span class='ocrx_word' id='word_1_652' title='bbox 1189 3756 1293 3811; x_wconf 77' lang='grc' dir='ltr'>ἔχειν</span> <span class='ocrx_word' id='word_1_653' title='bbox 1325 3757 1425 3796; x_wconf 90' lang='lat' dir='ltr'><strong>Ven.</strong></span> <span class='ocrx_word' id='word_1_654' title='bbox 1460 3759 1577 3798; x_wconf 87' lang='lat' dir='ltr'><strong>Bene.</strong></span> 
     </span>
    </p>
   </div>
   <div class='ocr_carea' id='block_1_5' title="bbox 266 3822 2058 3890">
    <p class='ocr_par' dir='ltr' id='par_1_13' title="bbox 266 3822 2058 3890">
     <span class='ocr_line' id='line_1_51' title="bbox 266 3822 2058 3890; baseline 0.004 -18"><span class='ocrx_word' id='word_1_655' title='bbox 266 3827 396 3884; x_wconf 76' lang='lat' dir='ltr'><strong>Pag.</strong></span> <span class='ocrx_word' id='word_1_656' title='bbox 420 3827 545 3872; x_wconf 73' lang='lat'><strong>152.</strong></span> <span class='ocrx_word' id='word_1_657' title='bbox 600 3827 627 3870; x_wconf 90' lang='lat' dir='ltr'><strong>l.</strong></span> <span class='ocrx_word' id='word_1_658' title='bbox 651 3828 685 3870; x_wconf 90' lang='grc'><strong>1.</strong></span> <span class='ocrx_word' id='word_1_659' title='bbox 715 3832 800 3877; x_wconf 83' lang='grc' dir='ltr'>τοῖς</span> <span class='ocrx_word' id='word_1_660' title='bbox 825 3826 974 3871; x_wconf 77' lang='grc' dir='ltr'>ἑαυτοῦ</span> <span class='ocrx_word' id='word_1_661' title='bbox 998 3842 1040 3882; x_wconf 82' lang='grc' dir='ltr'><strong>μ.</strong></span> <span class='ocrx_word' id='word_1_662' title='bbox 1067 3829 1101 3872; x_wconf 87' lang='grc' dir='ltr'><strong>λ.</strong></span> <span class='ocrx_word' id='word_1_663' title='bbox 1133 3822 1221 3881; x_wconf 75' lang='grc' dir='ltr'>ὅτι,</span> <span class='ocrx_word' id='word_1_664' title='bbox 1254 3824 1322 3873; x_wconf 75' lang='grc' dir='ltr'><strong>Σὺ</strong></span> <span class='ocrx_word' id='word_1_665' title='bbox 1347 3824 1501 3879; x_wconf 78' lang='grc' dir='ltr'>πάντας</span> <span class='ocrx_word' id='word_1_666' title='bbox 1524 3828 1727 3888; x_wconf 84' lang='grc' dir='ltr'>γίνωσκε,</span> <span class='ocrx_word' id='word_1_667' title='bbox 1760 3829 1808 3878; x_wconf 82' lang='grc' dir='ltr'><strong>σὲ</strong></span> <span class='ocrx_word' id='word_1_668' title='bbox 1831 3831 1879 3878; x_wconf 84' lang='grc' dir='ltr'><strong>δὲ</strong></span> <span class='ocrx_word' id='word_1_669' title='bbox 1906 3832 2058 3890; x_wconf 83' lang='grc' dir='ltr'>μηδεὶς</span> 
     </span>
    </p>
   </div>
  </div>
 </body>
</html>
