2508 4134
544 266 769 309 PANARII
796 267 901 309 Lm.
927 267 999 307 111.
1029 267 1162 308 ToM.
1189 268 1241 309 11.
1269 267 1434 309 ΗΑΕΒ.
1461 267 1677 309 Lxxvn.
1955 258 2055 308 359

158 365 218 417 iis
250 382 370 433 quae
399 365 477 416 vel
506 364 565 415 ab
592 364 686 416 illis
718 364 797 416 vel
829 364 888 414 ab
922 363 1029 414 aliis
1060 364 1357 428 audivimus,
1410 374 1462 415 ut
1490 366 1723 416 adversus
1753 381 1838 415 eos
1871 364 2056 433 scribe-

160 465 319 501 remus
347 448 526 500 inducti
551 448 730 510 simuS‚
771 448 854 498 sed
881 456 930 498 et
959 446 1150 497 aliunde
1181 447 1367 515 planum
1397 449 1568 499 factum
1601 449 1689 511 sit,
1746 447 1861 499 nihil
1891 466 1979 500 nos
2004 448 2054 500 in

157 533 286 601 ipsos
315 532 609 583 calumniose
650 531 940 595 contulisse,
993 531 1217 599 deinceps
1257 541 1528 600 susceptam
1557 532 1603 582 in
1631 533 1740 583 illos
1773 532 2054 602 disputatio-

157 633 264 667 nem
293 625 534 685 repetam,
571 634 630 666 ne
659 615 737 667 vel
762 614 1090 667 tenuissimam
1122 615 1180 664 de
1211 614 1348 665 uobis
1383 616 1646 666 calumniae
1680 625 1849 668 contra
1878 618 2053 669 fratres

157 708 349 752 nostros
387 700 707 769 suspicionem
739 699 1026 767 relinquam.
1103 696 1401 766 Quamquam
1446 698 1663 766 equidem
1711 700 1800 751 hoc
1841 700 2053 770 ipsorum

156 801 327 835 caussa
354 784 610 835 etiamnum
642 800 832 852 precor,
875 791 925 833 ut
949 798 1071 850 qnae
1098 782 1349 833 molestiae
1376 782 1591 833 nonnihil
1621 783 1758 834 nobis
1784 785 2049 850 attulerint,

155 868 408 936 aliquando
452 867 724 936 corrigant,
781 883 840 918 ne
879 875 929 917 et
954 866 1020 916 illi
1052 866 1203 916 nostri
1233 874 1282 916 et
1306 866 1495 916 illorum
1530 884 1616 916 nos
1642 866 1872 919 iacturam
1908 870 2054 921 facia-

155 969 278 1003 muS.
354 950 462 1002 Hoc
504 953 629 1002 enim
669 967 1020 1020 saepenumero
1048 967 1133 1019 per
1165 950 1350 1018 legatos
1387 949 1445 1000 ab
1477 949 1536 1000 iis
1564 951 1908 1019 postulavimus
1942 953 2053 1004 hor-

153 1036 333 1104 tatique
373 1053 565 1100 sumuS,
620 1044 669 1086 et
712 1036 834 1086 idem
872 1035 1131 1103 impetrare
1178 1035 1319 1085 modo
1360 1034 1635 1098 studemuS,
1690 1043 1742 1085 ut
1780 1038 1908 1087 omni
1938 1054 2053 1088 con-

153 1120 366 1170 tentione
393 1120 606 1183 sublata,
647 1119 970 1189 apostolorum
1004 1119 1408 1186 evangelistarum
1440 1135 1496 1168 ac
1525 1126 1707 1187 patrum
1736 1119 1910 1171 divinis
1940 1139 2052 1172 san-

151 1203 388 1255 ctionibus
416 1203 658 1268 insistant,
689 1221 744 1254 ac
772 1204 1010 1267 sincerae,
1052 1201 1252 1265 solidae,
1293 1203 1612 1253 inconcussae
1644 1211 1691 1252 et
1718 1204 2050 1273 undecumque

150 1287 442 1339 iustissimae
479 1287 589 1339 fidei
627 1287 975 1356 professionem
1012 1295 1323 1339 conservent.

291 1368 521 1423 Ceterum
552 1371 744 1423 memini
775 1371 865 1422 hoc
891 1389 918 1421 a
949 1371 1228 1439 quibusdam
1257 1388 1320 1421 ex
1357 1371 1545 1422 illorum
1577 1389 1726 1440 grege
1756 1372 1911 1423 minus
1941 1391 2051 1425 esse

150 1465 412 1519 narratum,
445 1453 691 1508 Christum
720 1455 961 1506 dominum
988 1472 1083 1505 non
1107 1454 1228 1506 hanc
1253 1464 1465 1506 nostram
1488 1457 1808 1524 assumpsisse
1834 1474 2046 1522 carnem,

149 1541 231 1591 sed
263 1540 442 1592 diversi
469 1541 664 1609 generis
693 1540 855 1590 aliam.
932 1538 1073 1607 Quod
1101 1539 1282 1589 utinam
1317 1557 1380 1591 ex
1420 1540 1594 1591 affectu
1635 1540 1857 1592 laudandi
1899 1542 2049 1593 hono-

147 1624 378 1692 randique
421 1625 676 1675 iactarent.
751 1622 878 1675 Nam
916 1632 965 1674 et
1006 1641 1092 1674 nos
1130 1633 1346 1675 sanctum
1386 1624 1498 1675 illud
1535 1642 1645 1675 esse
1678 1643 1852 1695 corpus
1896 1626 2049 1677 illiba-

148 1717 342 1776 tumque
366 1708 596 1773 dicimus3
633 1707 804 1776 quippe
834 1708 959 1775 quod
987 1711 1166 1757 nullum
1196 1727 1394 1774 unquam
1414 1719 1654 1774 peceatum
1683 1714 1923 1771 commisit,
1964 1717 2300 1766 nee1·Pet·²,2²·

147 1797 195 1842 in
222 1798 320 1842 eius
347 1811 427 1842 ore
450 1796 584 1842 dolus
612 1796 822 1842 inventus
855 1802 951 1853 est‚·
1010 1793 1133 1859 quod
1178 1792 1366 1860 quidem
1405 1811 1546 1844 nemo
1583 1813 1676 1844 non
1712 1794 1938 1863 intelligit
1968 1797 2048 1863 qui

146 1878 203 1927 de
232 1873 427 1928 Christo
470 1877 544 1944 pie
577 1877 856 1946 profiteatur
882 1893 936 1926 ac
965 1876 1160 1927 sentiat.
1241 1875 1423 1927 Verum
1455 1878 1546 1928 etsi
1577 1897 1745 1947 purum
1783 1880 2048 1947 integrum·-

145 1978 236 2029 que
266 1978 439 2029 corpus
467 1959 623 2023 itlius,
665 1961 788 2028 quod
823 1961 1109 2029 assumpsit,
1150 1961 1275 2011 idem
1306 1979 1416 2012 esse
1447 1980 1551 2012 cum
1588 1971 1754 2013 nostro
1789 1964 2043 2029 fateamur,

145 2054 220 2096 est
260 2045 349 2096 hoc
379 2045 531 2114 ipsum
563 2053 723 2095 tamen
754 2044 801 2094 in
835 2044 1001 2108 nobis,
1058 2045 1136 2112 qui
1164 2046 1353 2113 quidem
1382 2047 1715 2114 peccavimus,
1771 2048 2045 2100 conditione

143 2146 199 2179 ac
222 2129 453 2195 dignitate
486 2129 681 2180 multum
715 2129 945 2191 inferius,
988 2147 1083 2179 non
1115 2130 1237 2197 quod
1269 2130 1474 2181 alienum
1507 2131 1564 2181 ab
1595 2132 1676 2182 illo
1707 2132 1770 2182 sit
1800 2140 1846 2181 et
1872 2132 2045 2183 abhor-

143 2230 287 2276 renS,
344 2215 427 2264 sed
469 2214 590 2281 quod
635 2222 828 2282 peccata
874 2221 985 2263 sunt
1012 2231 1036 2263 a
1069 2214 1207 2265 nobis
1247 2215 1514 2282 delictaque
1544 2216 1886 2283 quamplurima
1916 2236 2046 2268 com-

142 2298 305 2349 missa.
376 2295 541 2364 Quare
581 2315 676 2348 non
715 2298 839 2348 aliud
884 2315 940 2347 ac
975 2315 1062 2350 nos
1106 2298 1335 2349 habemus
1367 2317 1392 2350 a
1426 2296 1622 2351 Christo
1653 2318 1827 2368 corpus
1857 2319 2043 2352 assum-

142 2389 270 2449 ptum
294 2390 398 2444 est,
451 2382 535 2432 sed
575 2381 698 2432 idem
736 2382 931 2432 omnino
975 2400 1148 2451 corpus
1181 2393 1255 2434 est
1293 2385 1415 2451 quod
1450 2384 1496 2434 in
1527 2385 1607 2434 illo
1633 2394 1877 2435 servatum
1909 2394 1959 2436 et
1984 2386 2042 2436 ab

144 2466 271 2515 omni
311 2465 597 2532 contagione
627 2465 917 2517 vindicatum
957 2475 1049 2517 est.

280 2547 543 2599 Praeterea
589 2559 700 2600 sunt
741 2551 867 2601 inter
905 2551 1013 2601 illos
1053 2550 1196 2619 aliqui
1229 2552 1285 2602 ad
1326 2552 1415 2603 hoc
1446 2570 1597 2621 usque
1631 2563 1816 2623 tempus
1844 2564 2043 2606 conten-
2119 2565 2219 2617 Cap.

145 2632 288 2683 tionis
316 2632 442 2683 avidi
473 2650 529 2683 ac
557 2634 861 2701 perabsurdis
890 2635 1195 2703 opinionibus
1221 2635 1414 2700 irretiti,
1458 2656 1550 2688 non
1581 2639 1828 2690 doctrinae
1856 2648 2042 2708 patrum
2115 2622 2209 2663 XV·

142 2716 451 2768 inhaerentes
471 2757 483 2781 ‚
538 2721 823 2783 neqnefidei
858 2729 997 2784 eaput
1030 2723 1306 2780 retinentes,
1361 2741 1421 2770 εει·
1458 2741 1546 2788 quo
1587 2743 1716 2773 omne
1749 2743 1917 2790 eorpus
1949 2743 2040 2790 per
2061 2731 2156 2777 Eph.
2183 2734 2217 2778 4,
2242 2732 2293 2768 16-

141 2820 383 2867 compages
414 2812 460 2850 et
484 2805 666 2851 vincula
692 2806 1028 2867 suppeditatum
1054 2814 1103 2852 et
1123 2816 1489 2869 coagmentatum
1523 2818 1727 2872 augetur·
1763 2813 2041 2858 incremento

140 2890 242 2946 dei,
299 2894 350 2936 ut
390 2886 595 2954 apostoli
637 2886 799 2936 verbis
845 2895 979 2949 utar,
1034 2888 1117 2937 sed
1161 2905 1303 2940 aures
1341 2907 1453 2941 suas
1493 2892 1755 2943 alienorum
1797 2893 2040 2943 hominum

143 2970 498 3020 narrationibus
557 2970 824 3038 perturbari
879 2971 1141 3038 patientes,
1206 2990 1301 3022 non
1355 2974 1575 3025 dissimili
1625 2994 1681 3026 ac
1730 2976 2037 3040 Valentinus,

139 3052 328 3105 Marcio
356 3052 770 3122 Manichaeusque
798 3056 1016 3118 ratione,
1070 3055 1273 3106 conficta
1304 3060 1562 3125 quaedam,
1604 3061 1649 3110 in
1682 3062 1912 3111 honorem
1945 3061 2039 3111 sci-

139 3138 251 3189 licet
280 3135 482 3202 Christi,
525 3139 771 3189 mendacia
802 3156 887 3207 pro
918 3139 1046 3189 veris
1077 3139 1375 3206 dogmatibus
1407 3142 1683 3194 obtrudunt.
1762 3142 1884 3195 Cum
1911 3146 2038 3196 enim

138 3222 325 3273 anobis
368 3223 566 3274 audiunt
593 3220 837 3297 Christum
879 3232 1044 3274 nostro
1092 3223 1240 3273 fuisse
1283 3243 1484 3294 corpore
1523 3229 1821 3296 praeditum,
1878 3230 2037 3281 statim

135 3422 335 3470 proposuit
370 3422 470 3460 hanc
495 3417 650 3488 ῌμεῖς
689 3418 735 3462 δὲ
774 3418 846 3461 καὶ
880 3434 980 3461 αυτο
1013 3417 1059 3463 τὸ
1119 3421 1266 3474 quod·
1254 3435 1342 3475 ipse
1363 3424 1562 3477 suscepit,
1604 3433 1646 3465 at
1675 3440 1772 3479 prae
1812 3426 1924 3466 illo
1911 3427 2037 3494 ipsius

140 3476 264 3528 σῶμα
292 3474 473 3545 λέγομενζ
505 3491 605 3528 οπερ
630 3475 702 3518 καὶ
728 3473 827 3518 αυτό
854 3477 913 3530 τῷ
935 3473 1058 3528 ημῶ)
1115 3491 1218 3529 puro
1250 3493 1443 3531 corpore,
1474 3480 1515 3519 in
1546 3481 1663 3520 nobis
1698 3482 1763 3535 qui
1796 3485 2038 3538 transgressi

137 3532 286 3599 εἴληφε
314 3533 397 3599 (vel
419 3531 520 3575 αυτό
547 3533 608 3587 τῷ
639 3529 762 3586 ημῶ)
790 3530 835 3574 τὸ
871 3534 995 3599 σῶμα
1024 3533 1055 3572 λ.
1114 3547 1263 3581 sumus,
1296 3548 1376 3574 non
1410 3536 1520 3588 quod
1550 3537 1724 3577 alienum
1754 3548 1824 3579 aut
1853 3540 1952 3580 alius
1982 3541 2036 3581 sit

137 3582 214 3630 ’ὅπε
219 3601 240 3637 ρ
282 3602 317 3628 κ.
345 3584 472 3636 αυτὸς
511 3589 678 3642 εἴληφε)
712 3584 806 3655 παρ’
838 3583 937 3630 αυτό
973 3586 1055 3641 [δὲ]
1113 3590 1285 3641 generis,
1314 3590 1505 3630 deficiens
1533 3607 1580 3632 ac
1614 3593 1780 3634 inferius
1809 3611 1920 3647 esse,
1961 3598 2036 3638 sed

137 3641 183 3685 τὸ
211 3639 302 3698 ἅχρ.
330 3640 455 3685 αυτοῦ
488 3645 639 3697 σῶμα,
670 3643 710 3686 ἐν
734 3641 835 3697 ημῖν
863 3649 943 3684 cett.
962 3674 973 3693 ,
1017 3648 1058 3682 ut
1113 3654 1374 3698 peccatorum
1413 3662 1461 3687 ac
1513 3648 1754 3691 delictorum
1801 3661 2036 3694 nostrorum

137 3711 268 3740 sensus
306 3705 398 3739 esset
443 3701 529 3740 Nos
570 3709 706 3739 autem
748 3700 907 3739 etiamsi
949 3699 1057 3738 idem
1113 3702 1398 3744 tantummodo
1428 3714 1629 3760 respectu.

140 3769 226 3795 esse
256 3769 346 3797 cum
374 3763 516 3796 nostro
559 3770 705 3812 corpus
746 3756 845 3797 illud
874 3755 1054 3806 dicimus,
