2508 4134
235 2010 321 2049 pag.
336 1999 415 2037 972.

457 249 559 304 292

453 365 586 432 θεῷ,
636 355 671 426 ἢ
700 355 755 411 τὸ
787 355 1139 428 ὄμολογητικὸν
1163 363 1265 411 τῶν
1289 355 1448 412 ὄντων
1470 359 1606 430 αὐτῷ
1631 360 2007 428 προςείληπται,
2061 362 2144 413 ἵνα
2170 358 2228 414 τό
2260 360 2392 429 μετέ-

454 465 596 497 πειτα
620 444 822 497 κτισθὲν
849 441 905 496 τό
935 442 1136 511 ἀμεινον
1156 448 1264 516 θεῷ
1295 445 1618 517 Τπροςφέρῃ,
1668 445 1754 497 καὶ
1780 442 2052 515 ἀκραιφνὲς
2076 443 2159 499 ὄιά
2192 451 2285 500 τοῦ
2309 443 2393 499 ἀπ’

454 532 644 585 ἐκείνου
682 527 810 599 πρὸς
835 533 988 581 ταῦτα
1016 534 1300 599 στερητικοῦ
1328 551 1380 583 τε
1406 531 1491 583 καὶ
1527 527 1864 598 ἀμεταβλήτου
1895 535 1921 566 ⁸
1937 530 2201 584 έπινοοῖτο.
2272 529 2393 584 Ἀλλ’

455 613 530 671 ὅτι
553 616 685 669 ἐστὶν
710 612 786 667 ἀεὶ
812 612 933 667 αὐτὸ
963 612 1021 668 ὃν
1051 613 1168 668 ὅλον
1198 612 1343 681 δόξα,
1395 616 1480 668 καὶ
1521 614 1637 669 ὅλον
1679 613 2012 686 ἀπερίληπτον
2052 612 2154 670 find
2190 614 2394 675 πάντων

451 707 550 755 τῶν
574 698 659 754 ὑπ’
690 700 848 754 αὐτοῦ
872 701 1223 769 κεκτισμένων,
1261 699 1387 754 κατά
1418 698 1473 754 τὸ
1503 701 1680 771 μέτρον
1705 705 1806 754 τῶν
1836 698 1964 771 πρὸς
1990 699 2079 769 τὴν
2108 704 2394 772 δοξολογίαν

453 788 892 856 έπεκτεινομένων,
942 784 1355 857 δοξολογούμενον
1376 784 1491 857 παρ’
1517 783 1738 857 ἀγγέλοις
1763 785 1852 854 μὲν
1886 784 2013 840 κατά
2050 784 2142 856 τὴν
2175 783 2393 858 ἀγγέλων

448 880 690 945 γλῶσσαν,
727 871 819 940 τὴν
839 869 976 943 παρά
999 877 1068 945 τῷ
1091 871 1348 946 ἀποστόλῳ
1378 872 1676 943 προκριτέαν
1697 877 1795 925 τῶν
1821 869 2110 943 ἀνθρώπων
2135 880 2392 946 καταγγελ-

449 960 688 1028 λομένην,
745 959 870 1012 θκαὶ
899 955 1026 1011 κατά
1058 956 1149 1026 τὴν
1179 964 1278 1012 τῶν
1314 956 1607 1029 ἀνθρώπων
1637 963 1859 1028 γλῶσσαν
1894 956 1986 1027 τὴν
2016 955 2391 1028 ὑποβεβηκυῖαν

449 1050 519 1118 τῷ
557 1045 745 1117 μέτρῳ,
796 1044 880 1097 καὶ
920 1042 1045 1096 κατά
1085 1041 1176 1111 τήν
1212 1049 1311 1097 τῶν
1348 1045 1417 1097 ἔτι
1457 1040 1848 1111 ὖποβεβηκότων
1887 1041 2109 1112 δύναμιν.
2186 1047 2289 1099 Καὶ
2330 1044 2394 1101 οὖ

449 1128 651 1192 πάντως
675 1131 728 1182 ἐν
750 1127 939 1202 ἑκάστῳ
963 1132 1188 1198 κτίσματι
1213 1126 1465 1200 ἀναλόγως
1489 1125 1804 1197 ὑποβέβηκεν
1823 1125 1859 1196 ἦ
1881 1132 2154 1202 δοξολογία,
2189 1129 2224 1200 ἢ
2249 1152 2391 1200 μετα-

448 1217 704 1286 βέβληται·
744 1211 840 1267 ἀλλ’
867 1217 967 1268 ἔστι
997 1215 1084 1283 μὲν
1115 1217 1167 1268 έν
1188 1216 1337 1288 ἑαυτῇ
1363 1213 1714 1283 ἀμετάβλητος,
1757 1217 2204 1285 10στερισκομένης
2228 1215 2393 1285 πάσης

451 1305 654 1365 κτίσεως
693 1298 820 1372 πρὸς
863 1298 919 1354 τὸ
953 1298 1159 1371 ἄπειρον
1194 1302 1560 1354 έπεκτείνεσθαι
1588 1301 1640 1352 ἐν
1664 1301 1950 1373 δοξολογίᾳ,
1997 1298 2393 1372 ὖπερβαινούσης

451 1387 530 1441 ἀεὶ
553 1387 716 1441 πάντα
742 1392 866 1440 νοῦν
889 1392 976 1455 τῆς
1000 1383 1232 1439 ἀνωτάτω
1267 1385 1467 1452 οὐσίας,
1506 1384 1568 1439 οὗ
1598 1382 1681 1438 διά
1708 1390 1807 1438 τῶν
1835 1386 2108 1456 λεγομένων
2138 1383 2238 1441 ὖπό
2266 1386 2391 1441 πάν-

447 1495 546 1527 των
585 1474 760 1537 ἐξεῖναι
796 1470 922 1544 αὐτῇ
960 1469 995 1539 ἢ
1015 1470 1231 1542 τροπήν,
1282 1470 1318 1541 ἢ
1343 1468 1646 1541 μεταβολὴν,
1694 1467 1730 1539 ἢ
1754 1468 2016 1542 προκοπὴν
2044 1473 2391 1544 περιποιουμέ-

448 1581 550 1628 νης.
623 1555 688 1610 Ἠ
719 1555 812 1629 γάρ
867 1554 991 1624 αὐτή
1027 1556 1212 1627 θεότης
1250 1556 1464 1626 ἀμείνων
1514 1557 1644 1622 ἐστὶ,
1695 1557 1780 1610 καὶ
1817 1555 2135 1629 ἀσύγκριτος,
2191 1561 2278 1613 καὶ
2313 1561 2390 1612 δε-

449 1645 737 1714 δοξασμένη.
2316 1666 2318 1668 ’

1166 256 1276 302 SAN
1282 256 1373 303 ΟΤΙ
1402 255 1687 303 ΕΡῙΡΗΑΝῘῙ
1767 271 1770 274 ’

587 1983 773 2040 Ἀετίου
801 1987 972 2052 κεφοίλ.
994 1984 1076 2039 κε’.
1154 1987 1226 2038 Εἰ
1259 1983 1314 2039 τὸ
1342 1983 1605 2056 ἀγέννητον
1642 1986 1785 2053 δηλοῖ
1820 1986 2044 2057 στέρησιν
2073 1985 2142 2055 μή
2174 1991 2387 2057 προςοῦ-

447 2089 539 2127 σαν
581 2078 602 2110 1
623 2076 757 2146 θεῷ,
797 2078 906 2135 πῶς
942 2071 1210 2142 ἀγέννητον
1245 2067 1367 2124 εἶναι
1401 2073 1623 2142 λέγομεν,
1659 2068 1895 2142 γεννητόν
1931 2071 1984 2124 δὲ
2019 2069 2090 2140 μὴ
2126 2068 2278 2137 εἷναις

621 2241 808 2314 Ἀνατρ.
875 2240 1172 2314 Ἀγέννητόν
1216 2243 1316 2295 έστι
1361 2242 1450 2310 μὲν
1491 2235 1608 2308 οῦν,
1659 2244 1842 2314 ἐρρέθη
1882 2243 1936 2295 δὲ
1985 2240 2238 2311 οὐδαμοῦ,
2294 2244 2388 2298 οὐκ

450 2327 592 2384 Ξάπό
639 2352 727 2384 του
768 2327 1060 2400 προφήτου,
1114 2327 1207 2381 οὐκ
1255 2325 1353 2381 ἀπὸ
1397 2326 1703 2394 ἀποστόλου,
1759 2326 1854 2382 οὐκ
1893 2326 1992 2383 ἀπὸ
2034 2327 2386 2399 εὐαγγελιστοῦ.

452 2418 632 2483 Θαῦμα
671 2413 764 2486 γάρ
814 2413 972 2467 θοῦδὲ
1007 2417 1066 2467 *ἓν
1102 2406 1167 2482 ἦν
1205 2419 1351 2467 τοῦτο
1389 2415 1503 2484 περὶ
1538 2420 1666 2467 θεοῦ
1700 2415 1867 2485 λέγειν’.
1947 2419 2150 2487 Προςῆν
2188 2414 2281 2486 γάρ
2318 2421 2387 2489 τῷ

448 2500 642 2569 εὐσεβεῖ
685 2502 898 2572 λογισμῷ
947 2496 1073 2551 4ἀπ’
1111 2499 1270 2552 αὐτοῦ
1313 2504 1403 2552 τοῦ
1451 2498 1577 2553 κατά
1614 2498 1705 2568 τήν
1752 2498 1905 2566 φύσιν
1951 2500 2126 2569 νόμου.
2198 2498 2278 2553 Σύ
2314 2500 2385 2566 δὲ,

446 2582 623 2651 Ἀέτιε,
663 2591 809 2639 τοῦτο
839 2582 959 2653 ἡμῖν
981 2583 1344 2653 καινοτομήσας
1366 2585 1519 2655 λέγειν
1549 2582 1615 2648 ὥς
1639 2591 1814 2654 θαῦμα
1841 2586 2208 2657 προςειςφέρειν
2244 2603 2386 2640 σεαυ-

445 2676 515 2745 τῷ
551 2674 775 2739 νομίζεις.
851 2672 1153 2742 Συνέφυρας
1194 2671 1248 2724 δὲ
1289 2671 1372 2723 καὶ
1414 2672 1671 2740 συνέμιξας
1710 2677 1778 2744 τῷ
1824 2670 2016 2741 εὐσεβεῖ
2053 2677 2142 2739 τῆς
2186 2669 2387 2738 φύσεως

444 2755 583 2830 νόμῳ
622 2758 709 2810 καὶ
745 2762 815 2829 τῷ
842 2763 933 2825 τῆς
970 2760 1176 2820 πίστεως
1214 2761 1412 2828 θεσμῷ,
1462 2763 1530 2830 τῷ
1569 2759 1650 2812 ἐπὶ
1689 2757 1957 2832 προςθήκῃ
1995 2754 2292 2825 βελτιώσεως
2329 2758 2384 2811 ἐκ

443 2848 574 2896 θεοῦ
598 2843 954 2915 κεχαρισμένῳ,
1003 2841 1059 2896 τό
1089 2848 1157 2915 τῷ
1190 2839 1437 2915 ἀγεννήτῳ
1476 2842 1708 2912 γεννητόν
1733 2846 1988 2913 ἐπινοῆσαι
2028 2841 2383 2911 ὗέξισούμενον

445 2935 515 3002 τῷ
543 2927 804 2997 ἀξιώματι,
841 2930 925 2981 ἵνα
956 2926 985 2981 ὁ
1012 2926 1147 2999 παρά
1175 2929 1256 2981 σοὶ
1282 2927 1714 2998 προςκυνούμενος
1751 2928 1987 2999 ἀνόμοιος
2011 2931 2121 2991 ἴσος
2152 2925 2381 2999 εὑρεθείη

444 3020 513 3088 τῷ
545 3013 670 3069 κατά
712 3015 764 3068 σὲ
802 3011 1051 3081 ἀνομοίως
1091 3014 1452 3086 κηρυττομένῳ.
1527 3017 1600 3067 Εἰ
1633 3016 1719 3083 μὲν
1756 3009 1850 3069 οὖν
1882 3011 2273 3085 προςκυνήσειας
2297 3012 2385 3069 τᾶν

449 3102 638 3173 πατέρα
665 3105 790 3174 ψιλῇ
815 3096 1080 3172 ὀνομασίᾳ,
1133 3102 1356 3172 εἰρωνεία
1381 3096 1472 3167 τήν
1497 3098 1644 3169 τιμὴν
1677 3100 2021 3172 προςήνεγκας.
2097 3101 2198 3153 Καὶ
2226 3102 2272 3153 εἰ
2296 3099 2385 3154 τᾶν

504 3245 544 3289 7.
562 3244 785 3300 προςφέρει
810 3246 922 3286 codd.
950 3257 1038 3285 mss.
1068 3250 1104 3286 et
1126 3247 1186 3286 ed.
1206 3248 1332 3296 princ.

504 3301 766 3349 8.,ἐπινοεῐτο
789 3304 873 3344 cod.
890 3303 1054 3352 Rhediy.
1095 3305 1282 3342 Petavius
1305 3314 1389 3343 cor-

448 3361 542 3411 rigit
566 3357 866 3413 ἐπινοουμένου.
924 3361 1140 3399 Cornarius
1169 3362 1281 3411 vertit
1305 3372 1387 3413 quo

448 3415 493 3455 id
519 3416 631 3471 quod
655 3426 802 3471 postea
827 3424 1010 3457 creatum
1039 3423 1103 3455 est
1127 3415 1279 3456 offerre
1305 3415 1387 3456 deo

449 3471 494 3511 id
518 3472 628 3527 quod
653 3473 796 3513 melius
825 3481 888 3513 est
914 3480 956 3512 et
981 3472 1197 3522 sincerum,
1230 3485 1303 3526 per
1330 3472 1385 3512 il-

448 3527 529 3568 lam
550 3529 825 3583 privationem
849 3538 892 3569 et
912 3529 1287 3569 immutabilitatem
1314 3542 1386 3569 ex·

451 3586 663 3640 cogitavit,
685 3589 788 3628 unde
812 3599 899 3627 eum
921 3591 1028 3637 patet
1051 3588 1247 3639 effinxisse
1271 3600 1390 3640 προς-

451 3641 590 3695 φέρειν
618 3642 691 3686 καὶ
721 3640 815 3696 οἷκρ.
847 3646 932 3685 κτλ.

507 3698 546 3738 9.
578 3699 650 3742 καὶ
685 3697 794 3742 κατὰ
830 3703 970 3751 scripsi
999 3713 1078 3754 pro
1103 3697 1238 3754 κατὰ,
1283 3702 1387 3751 quod

449 3756 566 3805 vulyo
601 3761 729 3807 extat,
783 3759 1001 3806 particula*
1018 3757 1091 3800 καὶ
1127 3770 1175 3798 ex
1211 3762 1386 3808 sequente

453 3807 577 3865 κατὰ,
607 3823 682 3862 quo
706 3816 890 3863 absorpta
913 3818 1010 3865 erat,
1036 3818 1211 3865 repetita.
1270 3815 1388 3856 Peta-

1445 3248 1534 3287 vius
1559 3248 1688 3287 deesse
1709 3249 1866 3297 putavit
1890 3243 2004 3299 παρὰ
2027 3243 2076 3289 δὲ
2106 3249 2190 3292 τῶν
2218 3243 2383 3303 ἀνδρῶν
2417 3275 2419 3277 ·

1445 3316 1532 3344 πων
1559 3308 1648 3344 ante
1673 3299 1783 3345 κατὰ
1806 3300 1883 3357 τήν
1907 3303 1989 3346 τῶν
2018 3297 2133 3357 οἷνὲρ.
2164 3308 2383 3348 Carnarius

1443 3363 1555 3400 vertit
1579 3358 1834 3414 glorificetur
1860 3358 1964 3399 item
1991 3361 2215 3403 secundum
2247 3361 2383 3403 homi-

1443 3429 1541 3456 uum
1564 3416 1744 3471 linguam
1770 3430 1960 3456 mensura
1983 3416 2225 3459 inferiorem
2250 3423 2336 3460 cett.
2357 3458 2360 3462 .

1502 3474 1565 3515 10.
1597 3475 1746 3523 Scripsi
1786 3473 2112 3528 στερισκομένης
2147 3489 2221 3526 pro
2249 3488 2380 3529 στερι-

1444 3529 1655 3583 σκομένη,
1691 3531 1796 3580 quod
1828 3535 1934 3571 extat
1952 3535 1992 3572 in
2021 3533 2135 3573 edilis
2160 3537 2195 3573 et
2228 3535 2270 3573 in
2294 3533 2380 3573 cod.

1446 3589 1538 3638 len„
1563 3590 1773 3639 praeeunte
1803 3589 1993 3628 cornerio
2021 3591 2089 3639 qui
2115 3591 2228 3630 vertit
2256 3601 2381 3644 quum

1445 3643 1629 3697 privetur
1649 3641 1780 3684 omnis
1803 3652 1990 3684 creatura
2015 3658 2065 3685 eo
2092 3653 2137 3685 ut
2155 3659 2200 3685 se
2223 3643 2264 3685 in
2289 3643 2381 3699 glo-

1442 3698 1672 3740 rificatione
1728 3698 1778 3739 ad
1826 3698 2032 3741 infinitum
2081 3700 2300 3749 extendat;
2345 3706 2380 3743 et

1437 3760 1608 3807 postulat
1628 3759 1824 3797 sententia.
1867 3757 2144 3812 περισκομένη
2172 3757 2241 3813 (cf.
2256 3770 2378 3809 supra

1440 3825 1536 3865 pay.
1560 3813 1655 3856 963.
1698 3815 1830 3854 adnot.
1859 3813 1921 3869 9.)
1953 3816 2065 3856 habet
2103 3815 2186 3856 cod.
2217 3816 2376 3866 Rhediy.
