2508 4134
458 320 680 361 PANARn
710 320 807 359 Lm.
840 319 908 358 111.
938 318 1070 359 ToM.
1100 319 1152 358 11.
1183 318 1343 358 HAER.
1373 317 1579 357 Lxxlx.
1873 306 1973 356 453

79 394 154 470 ter
181 418 431 470 admodum
469 435 532 469 ex
561 415 758 468 canonis
787 414 1085 484 praescripto
1111 424 1184 466 est
1210 433 1265 466 ac
1292 416 1458 482 regula
1486 415 1774 465 consultum.
1851 412 1973 465 Pro-

78 512 239 572 pterea
269 519 328 553 ne
359 506 489 568 loqm'
507 506 684 568 quidem
714 505 760 550 in
789 503 981 549 ecclesia
1008 502 1218 558 mulieri,
1274 507 1354 548 aut
1391 498 1438 548 in
1479 498 1610 548 viros
1643 498 1973 549 auctoritatem

76 587 254 638 babere
283 602 453 638 sacrae
479 585 647 636 literae
678 583 974 653 permittunt.
1053 579 1151 634 Sed
1179 583 1237 633 de
1260 582 1348 632 hac
1379 591 1475 632 tota
1505 599 1559 631 re
1583 582 1717 649 plura
1743 582 1974 650 disputari

76 679 294 739 possunt.

214 752 336 805 Illud
375 770 494 804 vero
539 753 792 820 diligenter
830 749 1184 802 observandum
1230 757 1332 812 est,
1399 749 1553 799 solum
1592 748 1972 800 diaconissarum

76 838 277 888 officium
321 837 379 888 ad
421 836 798 887 ecclesiasticum
841 834 1055 886 ordinem
1102 833 1430 883 necessarium
1477 834 1656 897 fuisse,
1715 852 1769 883 ac
1810 835 1977 885 viduas

76 921 262 988 quidem
293 920 569 971 nominatim
598 937 877 988 expressas,
919 927 968 969 et
994 918 1121 968 inter
1145 917 1271 980 illas,
1314 934 1433 984 quae
1466 934 1586 967 anus
1620 926 1802 979 essent,
1844 935 1977 986 pres-

74 1005 262 1074 bytidas
288 1014 503 1067 vocatas,
536 1021 775 1071 nunquam
801 1002 1157 1072 presbyteridas
1186 1009 1267 1051 aut
1294 1001 1643 1052 sacerdotissas
1667 1019 1774 1051 esse
1800 1003 1971 1052 factaS.

74 1083 200 1140 Nam
228 1106 381 1156 neque
408 1087 621 1138 diaconis
645 1087 831 1155 quidem
860 1086 977 1156 ipsis
1006 1086 1148 1136 ullum
1182 1084 1229 1135 in
1260 1085 1591 1135 ecclesiastico
1623 1086 1790 1135 ordine
1815 1103 1977 1136 sacra-

75 1182 283 1223 mentum
312 1172 543 1241 perficere
571 1171 877 1235 conceditur,
919 1171 1002 1221 sed
1032 1170 1120 1220 boc
1148 1170 1399 1230 duntaxat,
1443 1177 1494 1219 ut
1522 1186 1688 1219 eorum
1717 1186 1837 1236 quae
1870 1187 1977 1237 per-

7 1268 20 1276 *
75 1256 296 1307 ficiuntur
342 1255 546 1307 ministri
590 1257 702 1306 sint.
780 1253 1029 1306 Undenam
1064 1254 1209 1322 igitur
1249 1270 1421 1303 recens
1450 1252 1531 1303 illa
1569 1252 1706 1303 nobis
1738 1263 1810 1302 est
1842 1254 1976 1303 exci-

74 1349 168 1391 tata
201 1340 390 1391 fabula?
460 1339 598 1392 Unde
625 1339 700 1390 bic
730 1340 979 1390 mulierum
1011 1340 1191 1400 fastuS‚
1232 1338 1311 1389 vel
1341 1337 1587 1388 muliebris
1622 1337 1779 1405 potius
1811 1338 1976 1387 furor?

72 1422 209 1476 Unde
251 1441 367 1474 vero
409 1423 616 1492 nequitia
647 1423 753 1486 illa,
808 1440 947 1490 quam
986 1422 1142 1473 denuo
1176 1421 1349 1472 mulier
1377 1422 1461 1472 alit
1492 1438 1546 1472 ac
1578 1423 1736 1483 fovet,
1794 1421 1976 1471 effemi-

73 1517 230 1559 natum
276 1507 400 1559 istud
444 1509 612 1576 dogma
655 1506 825 1558 animis
871 1506 1111 1558 bominum
1151 1505 1420 1567 instillans,
1476 1524 1530 1556 ac
1561 1506 1803 1556 libidinem
1840 1524 1974 1556 suam

74 1610 354 1661 exequenS‚
409 1592 587 1642 infelici
622 1591 814 1660 generis
848 1591 1038 1642 humani
1071 1599 1268 1640 naturae
1303 1590 1396 1640 vim
1427 1590 1606 1640 inferre
1640 1598 1870 1652 conatur,
1903 1599 1977 1642 >ut

72 1695 98 1727 a
132 1677 378 1745 proposito
412 1694 558 1743 scopo
591 1676 858 1726 desciscat?
933 1672 1031 1726 Sed
1072 1692 1159 1725 nos
1194 1672 1295 1724 lobi
1341 1674 1538 1743 spiritus
1567 1674 1674 1724 illos
1708 1674 1867 1724 animo
1899 1691 1976 1724 ca-

71 1761 285 1830 piamus,
339 1770 386 1811 et
425 1760 630 1810 athletae
663 1759 911 1810 fortissimi
938 1758 1114 1809 robore
1142 1758 1274 1809 velut
1302 1759 1450 1808 armis
1481 1758 1760 1820 induamur,
1814 1776 1869 1808 ac
1898 1775 1976 1808 re-

2025 442 2055 475 1.
2081 440 2165 474 Cor.

2052 483 2102 526 Η,
2124 483 2174 517 34.

2009 750 2108 806 Cap.
2133 753 2200 793 IV.

71 1862 249 1914 sponso
288 1844 413 1896 illius
454 1853 670 1907 utamur,
728 1848 959 1909 Tanquam
999 1861 1090 1891 una
1131 1862 1156 1891 e
1191 1846 1373 1891 stolidis
1409 1844 1678 1891 mulieribus
1716 1845 1870 1891 locuta
1900 1860 1964 1890 es.
1994 1865 2071 1899 lob.
2095 1864 2128 1910 2,
2154 1866 2204 1901 lo.

71 1928 264 1980 Etenim
306 1945 464 1979 nonne
506 1927 735 1979 furiosum
779 1928 892 1978 illud
934 1944 989 1977 ac
1024 1927 1282 1977 vecordiae
1310 1927 1498 1995 plenum
1531 1927 1703 1993 dogma
1735 1926 1978 1976 videbitur

70 2013 130 2064 iis
162 2014 239 2081 qui
271 2011 498 2063 divinitus
535 2020 732 2080 accepta
772 2011 1004 2079 sapientia
1039 2011 1238 2078 praediti
1272 2012 1416 2061 sunt?
1489 2009 1668 2060 Nonne
1704 2009 1974 2060 institutum

70 2097 182 2149 illud
212 2115 316 2147 cum
359 2096 625 2147 idololatria
655 2095 960 2146 coniunctum
994 2113 1049 2145 ac
1088 2095 1353 2145 diabolicus
1391 2104 1591 2145 conatus
1627 2094 1974 2144 existimandus

71 2182 179 2232 est?
250 2179 374 2231 Nam
401 2180 618 2231 diabolus
648 2180 735 2231 sub
761 2179 974 2231 iustitiae
1007 2179 1169 2248 specie
1199 2187 1429 2247 perpetuo
1461 2178 1701 2229 hominum
1736 2178 1974 2228 mentibus

70 2265 335 2334 obrepenS‚
388 2282 441 2315 ac
487 2265 733 2315 mortalem
771 2273 989 2315 naturam
1026 2263 1199 2314 divinis
1226 2263 1489 2313 bonoribus
1520 2279 1844 2324 consecranS‚
1888 2262 1974 2312 hu-

69 2366 234 2400 manas
271 2348 450 2416 effigies
491 2348 797 2399 artificiorum
829 2348 1066 2399 varietate
1100 2347 1359 2416 perpolitas
1388 2347 1630 2397 hominum
1659 2347 1810 2397 oculis
1841 2346 1974 2396 obie-

70 2434 153 2484 cit.
231 2432 396 2500 Quare
431 2451 534 2483 cum
574 2432 640 2482 illi
683 2432 773 2501 ipsi
814 2432 892 2500 qui
931 2433 1191 2482 adorantur
1222 2431 1395 2482 mortui
1429 2432 1555 2494 sint,
1608 2448 1773 2481 eorum
1813 2440 1974 2481 tamen

70 2517 324 2567 simulacra
346 2556 359 2581 ‚
414 2533 535 2584 quae
575 2517 702 2567 vitae
733 2516 846 2566 nibil
879 2533 1085 2584 unquam
1115 2515 1384 2566 babuerunt
1422 2518 1601 2583 (neque
1628 2516 1751 2565 enim
1783 2523 1973 2565 mortua

71 2601 163 2651 dici
191 2609 392 2670 possunt
418 2601 496 2651 illa
523 2617 643 2668 quae
676 2618 915 2668 nunquam
949 2600 1047 2651 vita
1077 2600 1290 2668 praedita
1326 2600 1545 2666 suerint),
1587 2599 1832 2650 adoranda
1864 2616 1974 2667 pro-

69 2694 281 2754 ponunt,
337 2684 406 2735 sic
447 2693 499 2735 ut
538 2685 724 2735 animus
769 2685 1009 2734 bominum
1051 2685 1108 2735 ab
1152 2702 1247 2734 uno
1279 2684 1476 2751 soloque
1508 2685 1597 2734 deo
1636 2684 1823 2734 nefario
1858 2702 1975 2750 quo-

71 2771 175 2820 dam
203 2770 438 2820 adulterio
466 2767 729 2831 desciscat3
772 2769 905 2818 velut
934 2769 1184 2833 meretrix,
1227 2786 1347 2836 quae
1374 2785 1577 2836 corpore
1607 2786 1695 2818 suo
1723 2778 1973 2835 quaestum

70 2854 251 2904 faciens
282 2853 615 2921 multiplicibus
648 2853 947 2920 promiscuae
978 2853 1173 2903 veneris
1201 2852 1406 2903 stimulis
1437 2853 1623 2921 agitur,
1667 2861 1714 2903 et
1747 2853 1886 2902 unius
1919 2868 1973 2901 ac

71 2938 269 3005 legitimi
296 2936 587 2988 matrimonii
621 2936 889 2986 castitatem
929 2937 1164 3004 repudiat.
1244 2933 1475 2987 Sanctum
1507 2945 1610 2986 erat
1641 2935 1830 2986 Mariae
1866 2952 1975 2984 cor-

72 3040 187 3090 pus,
232 3023 413 3085 fateor,
456 3039 549 3072 non
576 3029 733 3070 tamen
764 3021 878 3069 deus
903 3019 983 3070 illa
1015 3020 1120 3070 fuit.
1196 3018 1378 3070 Eadem
1410 3029 1457 3071 et
1484 3020 1622 3087 virgo
1655 3020 1844 3082 extitit3
1886 3018 1974 3068 mi-

72 3107 197 3157 nime
227 3114 382 3156 tamen
411 3105 548 3156 nobis
578 3105 635 3154 ad
670 3104 962 3154 adorandum
995 3103 1264 3171 proposita,
1320 3105 1403 3154 sed
1437 3121 1544 3154 eum
1585 3105 1792 3155 adorans
1818 3104 1971 3170 ipsum

73 3191 149 3257 qui
179 3207 204 3240 e
228 3208 314 3240 sua
343 3207 488 3240 carne
516 3188 728 3257 genitus,
773 3205 797 3238 e
824 3188 959 3237 coelo
988 3205 1043 3237 ac
1068 3196 1268 3255 paterno
1290 3188 1398 3239 sinu
1428 3189 1762 3239 descenderat.
1807 3184 1971 3252 Quare

72 3283 286 3324 sanctum
313 3291 501 3343 quoque
532 3290 619 3323 nos
650 3271 950 3339 evangelium
978 3272 1281 3339 praemunire
1309 3272 1489 3335 voluit3
1530 3272 1578 3321 in
1611 3289 1702 3339 quo
1733 3271 1798 3321 ita
1830 3267 1973 3321 Chri-

74 3367 175 3409 stus
219 3358 457 3426 loquitur:
514 3361 635 3421 Quid
669 3360 785 3406 mz'lez'
820 3366 864 3405 et
905 3358 992 3404 tz‘bz'
1028 3358 1228 3404 mulier?
1298 3359 1512 3405 Nondum
1552 3360 1676 3404 venit
1700 3359 1815 3403 hora
1848 3372 1963 3403 mea.
1986 3366 2201 3408 loann.2‚4.

71 3439 163 3493 Ubi
191 3441 369 3492 idcirco
400 3442 647 3493 mulierem
679 3440 962 3509 appellavit,
1023 3442 1144 3502 Quid
1167 3442 1306 3499 mz’lzz‘,
1364 3439 1545 3507 inquit,
1588 3450 1637 3487 et
1664 3441 1752 3487 tz'be'
1771 3442 1973 3488 mulier?

74 3542 133 3575 ne
164 3526 268 3592 quis
313 3526 497 3576 beatam
537 3525 773 3594 virginem
807 3523 1169 3575 excellentioris
1201 3523 1402 3574 alicuius
1432 3540 1542 3573 esse
1573 3531 1773 3573 naturae
1805 3524 1971 3573 crede-

74 3616 173 3671 ret,
226 3626 378 3676 eoque
419 3610 654 3660 vocabulo
697 3609 831 3677 quasi
861 3607 1130 3658 vaticinans
1170 3608 1225 3657 ad
1255 3624 1312 3657 ea
1354 3607 1612 3657 schismata
1651 3606 1972 3675 haeresesque

75 3693 350 3743 refutandas
383 3711 497 3744 usus
528 3703 600 3745 est
630 3711 747 3763 quas
774 3695 821 3744 in
851 3692 967 3743 orbe
998 3700 1234 3743 terrarum
1265 3691 1374 3742 olim
1408 3691 1690 3743 excitandas
1730 3709 1972 3758 cognove-
