2508 4134
784 291 1319 334 ANACEPHALAEOSIS.
1905 284 2009 335 579

101 393 284 464 lyridas
306 393 540 461 quasdam
569 391 810 455 offerunt,
850 391 1021 458 quibus
1052 400 1430 443 consentaneum
1462 410 1525 444 ex
1557 411 1612 443 ea
1647 411 1699 445 re
1726 409 1903 444 nomen
1934 394 2009 445 in-

101 478 336 542 didimus²
378 478 487 528 dum
528 472 883 544 Collyridianos
920 474 1030 526 illos
1067 473 1430 544 appellavimuS.

239 643 548 706 Massaliani‚
589 660 709 712 quos
734 643 1043 712 interpretari
1076 661 1329 711 possumus
1360 643 1643 696 Precantes.
1719 646 1811 697 His
1842 647 2011 698 adiuu-

103 739 282 797 guntur
305 746 337 779 >e
362 729 611 796 gentilium
652 728 801 779 sectis
837 745 956 795 quos
989 726 1303 797 Euphemitas
1343 739 1390 779 et
1426 727 1759 799 Martyrianos
1788 740 1835 782 et
1867 729 2011 783 Sata-

103 815 273 865 nianos
311 813 579 864 nominant.
757 876 766 888 .

241 895 439 948 Summa
481 896 600 947 haec
639 904 715 948 est
751 896 865 947 tomi
898 895 1088 964 septimi
1119 914 1175 947 ac
1207 896 1347 947 trium
1392 896 1622 948 librorum
1659 899 1785 950 finis,
1863 897 2014 951 Colli-

102 989 279 1049 guntur
302 982 532 1032 haereses
563 978 789 1031 LXXX.
869 977 971 1031 Sub
1001 981 1142 1031 finem
1168 981 1297 1031 tertii
1323 981 1428 1031 libri
1457 981 1742 1050 septimique
1770 984 1885 1034 tomi
1915 986 2013 1034 l'or-

103 1066 230 1116 mula
268 1065 377 1116 fidei
405 1082 542 1133 quam
571 1065 776 1116 ecclesia
808 1065 1040 1116 catholica
1075 1066 1327 1133 profitetur
1351 1065 1566 1116 subiecta
1597 1076 1699 1131 est,
1753 1085 1809 1118 ac
1834 1069 2015 1119 verita-

105 1150 166 1200 tis
205 1149 424 1200 defensio
456 1158 504 1199 et
544 1149 785 1217 evangelii
814 1146 999 1201 Christi
1037 1149 1364 1217 praedicatio,
1418 1167 1474 1200 ac
1503 1151 1707 1218 denique
1745 1152 2015 1203 catholicae

103 1233 339 1285 ecclesiae
367 1235 548 1297 forma,
592 1250 711 1301 quae
739 1251 845 1283 cum
875 1233 932 1283 ab
960 1241 1161 1284 aeterno
1191 1234 1364 1297 fuerit,
1404 1236 1716 1286 successione
1749 1244 2015 1305 temporum

102 1326 210 1387 post
244 1317 624 1370 incarnationem
666 1314 847 1370 Christi
886 1317 1248 1368 evidentissime
1286 1319 1528 1386 patefacta
1565 1328 1657 1370 est.

246 1485 404 1554 Quam
433 1487 578 1538 multa
612 1504 730 1538 vero
762 1486 820 1537 ab
851 1486 1069 1538 humanis
1100 1486 1308 1554 ingeniis
1338 1486 1498 1555 colligi
1530 1496 1732 1555 possunt
1760 1489 1818 1538 de
1851 1488 1910 1539 iis
1937 1489 2017 1555 qui

107 1570 227 1621 tanti
253 1588 308 1621 ac
335 1581 430 1622 tam
458 1573 757 1623 excellentes
786 1571 1054 1634 habentur,
1112 1580 1160 1621 et
1197 1570 1277 1638 qui
1322 1572 1378 1622 ad
1415 1572 1719 1623 laudabilium
1753 1576 2018 1622 adolescen—

109 1658 313 1705 tularum
340 1674 498 1724 genus
530 1656 736 1707 adscribi
770 1655 945 1706 debent
970 1674 1166 1720 quarum
1194 1674 1285 1704 non
1313 1666 1386 1704 est
1411 1662 1663 1706 numerus!
1735 1655 1862 1707 Nam
1893 1657 2017 1707 aliae

106 1741 514 1791 commendandae
540 1749 682 1803 sunt,
735 1740 856 1790 aliae
888 1740 1239 1808 vituperatione
1271 1739 1463 1807 dignae.
1540 1739 1668 1792 Nam
1697 1740 1911 1791 nonnulli
1941 1758 2019 1791 re-

108 1824 356 1891 periuntur
385 1823 465 1892 qui
493 1842 557 1875 ex
596 1824 784 1892 privato
812 1824 1006 1890 ingenio
1036 1841 1259 1874 severam
1291 1825 1526 1892 quandam
1557 1825 1686 1895 *vitae
1718 1825 2015 1894 disciplinam

107 1926 162 1958 ac
191 1908 346 1975 legem
384 1908 695 1976 sibimetipsis
737 1907 1082 1972 condiderunt,
1124 1927 1181 1959 ac
1213 1908 1477 1977 prolixiore
1514 1927 1651 1959 coma
1689 1910 1839 1978 palam
1885 1919 1932 1960 et
1969 1911 2019 1960 in

108 1992 317 2043 omnium
347 1992 498 2043 oculis
527 1993 811 2061 procedunt.
888 1991 987 2043 Alii
1030 2010 1146 2043 vero
1188 1994 1346 2043 sancti
1389 1995 1564 2044 fratres
1600 1994 1647 2043 in
1679 1993 1837 2044 cilicio
1874 2003 1922 2044 et
1952 1995 2018 2044 ci-

109 2093 226 2127 nere
271 2077 397 2127 domi
435 2093 545 2128 sese
587 2077 866 2139 continent,
925 2077 1003 2127 alii
1033 2077 1237 2145 denique
1268 2078 1533 2145 asperrimo
1566 2078 1760 2128 vivendi
1799 2079 2019 2129 instituto

111 2178 167 2211 ac
196 2160 463 2211 durissimis
501 2160 695 2212 ieiuniis
736 2170 785 2211 et
809 2161 1051 2211 laboribus
1079 2161 1153 2211 dei
1193 2179 1365 2212 caussa
1403 2162 1640 2230 susceptis
1672 2162 1873 2213 iuvenili
1904 2180 2020 2231 qua-

111 2246 214 2295 dam
249 2245 527 2296 fortitudine
558 2254 607 2296 et
636 2246 846 2312 perfecta
875 2263 993 2313 erga
1020 2263 1250 2313 sponsum
1279 2245 1578 2297 conscientia
1605 2247 1826 2297 omnibus
1854 2263 2022 2297 nume-

112 2330 180 2381 ris
209 2329 474 2380 absolutam
516 2330 662 2381 vitam
696 2329 992 2398 exprimunt.
1045 2329 1143 2380 Alii
1183 2331 1392 2394 demum,
1426 2331 1549 2398 quod
1586 2331 1723 2399 paulo
1754 2340 1866 2383 ante
1896 2332 2018 2397 dixi,

113 2431 208 2463 non
238 2413 455 2477 sincere,
496 2414 580 2464 sed
612 2414 935 2464 obstinatione
967 2416 1168 2482 quadam
1199 2415 1365 2477 animi,
1407 2415 1541 2465 velut
1572 2416 1841 2484 tyrannice,
1883 2434 2020 2483 prae-

115 2505 190 2547 ter
231 2496 483 2547 veritatem
522 2497 790 2548 insolenter
828 2499 1115 2549 efferuntur.
1194 2497 1442 2549 Eiusmodi
1480 2498 1761 2551 Zacchaeus
1795 2501 1876 2551 ille
1911 2501 2019 2564 fuit,

114 2581 193 2649 qui
220 2598 374 2650 nuper
401 2580 451 2630 in
481 2590 706 2632 montana
729 2581 929 2649 regione
958 2583 1017 2633 ad
1045 2582 1384 2652 Hierosolyma
1419 2592 1636 2635 mortuus
1670 2594 1764 2648 est,
1805 2585 1884 2652 qui
1913 2603 2021 2636 cum

115 2665 307 2716 nemine
349 2682 556 2733 unquam
602 2666 828 2733 precandi
867 2667 1202 2718 communione
1231 2668 1457 2736 coniungi
1486 2686 1539 2719 se
1568 2686 1740 2737 passus
1770 2679 1873 2734 est,
1926 2670 2022 2721 imo

117 2767 236 2801 vcro
274 2766 340 2800 ex
374 2750 544 2799 eodem
586 2749 804 2800 instituto
838 2750 1001 2803 divina
1028 2753 1288 2820 mysteria,
1343 2771 1449 2804 cum
1489 2753 1641 2803 laicus
1688 2762 1837 2816 esset,
1878 2754 2025 2804 attin-

117 2851 236 2900 gere
265 2851 321 2884 ac
350 2833 586 2884 sacrificia
614 2834 860 2886 celebrare
894 2837 1081 2887 nefario
1113 2854 1233 2888 ausu
1266 2835 1321 2887 ac
1350 2838 1609 2888 temerario
1635 2847 1709 2888 est
1735 2855 2020 2905 aggressus,

119 2916 351 2968 Iuventus
382 2926 457 2969 est
483 2926 530 2968 et
553 2918 703 2982 aliuS,
743 2919 1025 2987 quicumque
1054 2920 1136 2971 ille
1162 2923 1350 2973 tandem
1386 2922 1490 2986 fuit,
1532 2922 1793 2973 excellenti
1820 2923 2023 2990 quodam

120 3003 249 3054 vitae
277 3019 485 3071 genere,
527 3002 604 3070 qui
632 3002 681 3052 in
706 3002 918 3071 Aegypti
949 3004 1205 3055 solitudine
1235 3006 1282 3056 in
1314 3005 1610 3057 monasterio
1637 3007 1870 3075 degebat3
1910 3007 2025 3057 item

122 3087 241 3138 alius
282 3087 341 3137 ad
368 3084 535 3138 Sinam
577 3095 787 3137 montem
817 3087 1056 3139 habitans.
1135 3086 1229 3155 Qui
1257 3091 1396 3140 ambo
1428 3090 1594 3141 nescio
1623 3090 1793 3158 quibus
1823 3090 2025 3140 somniis

123 3188 181 3221 eo
210 3170 497 3222 temeritatis
537 3170 725 3221 adducti
757 3179 870 3221 sunt
906 3180 956 3221 ut
994 3181 1219 3240 suscepta
1258 3175 1314 3224 ad
1345 3173 1557 3242 episcopi
1600 3175 1894 3224 functionem
1926 3190 2026 3223 ma-

124 3273 267 3305 nuum
292 3255 597 3323 impositione
624 3255 795 3305 sedere
820 3263 866 3304 et
893 3255 1226 3323 episcoporum
1254 3275 1427 3308 munus
1458 3258 1592 3308 obire
1615 3276 1709 3308 non
1743 3258 2022 3308 dubitarint.

126 3338 244 3403 Alii,
275 3347 324 3390 et
351 3338 397 3389 bi
426 3338 613 3407 quidem
642 3356 736 3389 non
766 3339 925 3407 pauci,
966 3348 1183 3390 castrare
1213 3342 1499 3409 semetipsos
1527 3341 1859 3408 contradeges
1890 3341 2027 3392 iuve-

125 3450 209 3505 dei)
238 3447 469 3501 pa9.1094.
1102 3454 1236 3492 Petav.
1296 3450 1526 3506 ἐπισκοπῆς
1555 3447 1601 3495 013
1626 3454 1828 3493 videbatur
1856 3456 2029 3494 Petavio.

182 3506 250 3549 97.
281 3503 410 3557 ψαύει
433 3505 506 3549 καὶ
529 3505 737 3561 ἱερουργία
762 3508 874 3547 codd.
898 3519 987 3547 mss.
1016 3511 1050 3547 et
1163 3506 1252 3549 100.
1273 3505 1487 3561 ἐπισκόπῳ
1511 3510 1621 3549 codd.
1645 3511 1722 3549 Ien.
1751 3514 1784 3548 et
1808 3511 1969 3560 Rhediy.
1996 3514 2030 3550 et

127 3565 217 3604 edit.
243 3565 365 3613 princ.
1105 3565 1192 3604 edit.
1227 3566 1350 3613 princ.
1385 3562 1620 3607 ἐπισκόπων
1645 3566 1734 3604 edit.
1763 3566 1900 3606 Petav.

184 3617 252 3659 98.
281 3631 344 3666 τις
379 3612 426 3667 ὅς
459 3633 558 3662 ποτε
591 3621 704 3661 codd.
728 3632 816 3660 mss.
877 3613 927 3667 ὅς
952 3633 1052 3662 ποτε
1165 3620 1243 3660 100
1260 3627 1294 3660 ὃ.
1326 3622 1386 3659 Ita
1412 3622 1522 3661 codd.
1548 3632 1638 3659 mss.
1671 3625 1840 3672 uterque,
1869 3626 1903 3661 et
1941 3623 2031 3662 edit.

130 3675 218 3714 edit.
246 3676 370 3724 princ.
1102 3678 1227 3727 princ.
1284 3677 1386 3715 Edit.
1401 3678 1535 3717 Petav.
1561 3678 1671 3716 habet
1696 3675 1768 3718 καὶ
1797 3672 1915 3720 αὐτοὶ
1939 3676 2031 3720 ἐπε·

187 3727 253 3771 99.
285 3726 520 3773 ἐπισκόπων
545 3732 629 3772 cod.
654 3734 731 3773 Ien.
756 3736 790 3772 et
814 3733 902 3772 edit.
927 3734 1051 3782 princ.
1106 3730 1280 3787 χείρουν.

133 3783 365 3828 ἐπισκοπῶν
390 3788 474 3828 cod.
490 3788 649 3839 Rhediq.
708 3785 938 3840 ἐπισκοπῆς
965 3789 1054 3828 edit.

1581 3858 1695 3913 37*
