2508 4134
770 284 1303 327 ANACEPHALAEOffls.
1881 276 1982 325 567

89 383 298 433 stantino
337 382 600 450 imperante
640 382 790 446 vixit,
844 382 891 432 in
935 382 1152 433 omnibus
1198 382 1464 434 Marcionis
1506 383 1725 450 vestigiis
1753 382 1980 434 inhaesit.

88 464 192 515 Etsi
232 466 508 532 quibusdam
548 466 746 518 adiectis
785 466 1070 516 cumulatius
1110 466 1284 534 aliquid
1323 468 1498 518 docere
1537 467 1735 517 studuit.

225 631 514 701 Apelleiani.
592 634 789 702 Apelles
829 632 1049 683 similiter
1087 643 1230 700 atque-
1262 633 1451 684 Marcio
1493 643 1541 684 et
1572 633 1819 686 Lucianus
1851 634 1983 703 quic-

85 716 193 784 quid
240 718 480 768 conditum
525 727 600 769 est
640 735 744 769 cum
787 716 890 786 ipso
926 716 1174 767 conditore
1217 718 1474 785 vituperat.
1550 717 1664 768 Non
1695 728 1852 770 tamen
1893 719 1984 769 tria

85 809 135 850 ut
163 801 229 850 illi
260 802 517 870 principia,
575 803 657 852 sed
700 819 843 852 unum
885 809 1065 851 tantum
1107 801 1322 864 invexu3
1377 802 1637 870 itidemque
1670 805 1808 853 deum
1838 821 1980 855 unum

82 902 138 933 ac
178 902 450 952 supremum
496 895 543 936 et
578 885 782 936 nominis
826 895 1106 952 expertem,
1168 885 1243 952 qui
1290 885 1581 952 singularem
1625 886 1827 936 alterum
1873 905 1981 956 pro-

82 969 339 1018 creaverit.
419 967 512 1036 Qui
545 988 650 1019 cum
680 969 829 1019 malus
869 969 1136 1032 evasisset,
1193 970 1414 1020 mundum
1447 988 1534 1020 sua
1568 970 1646 1021 illa
1676 970 1981 1039 improbitate

80 1052 309 1102 condidit.

218 1133 493 1186 Severiani.
570 1135 786 1188 Severus
826 1137 899 1187 hic
932 1136 1118 1205 Apellis
1163 1137 1348 1187 assecla
1392 1138 1554 1188 vinum
1588 1156 1643 1188 ac
1672 1137 1819 1189 vitem
1846 1139 1981 1208 peni-

80 1228 157 1270 tus
187 1220 409 1284 damnat,
464 1238 585 1288 quae
618 1239 681 1271 ex
715 1219 926 1272 Satanae
962 1221 1204 1287 serpentis
1244 1229 1291 1271 et
1318 1230 1478 1271 terrae
1513 1240 1779 1290 congressu
1812 1241 1982 1292 propa-

78 1314 186 1371 gata
220 1305 369 1373 fingit.
446 1303 733 1356 Muliebrem
763 1323 949 1373 quoque
989 1323 1160 1355 sexum
1192 1305 1438 1373 repudiat,
1494 1307 1617 1373 quod
1648 1307 1703 1358 ad
1734 1306 1979 1358 sinistram

78 1389 302 1439 virtutem
340 1390 592 1457 pertineat.
668 1387 944 1458 Principum
978 1389 1210 1440 vocabula
1244 1391 1474 1457 quaedam
1508 1399 1650 1458 atque
1679 1391 1980 1460 apocryphos

77 1473 223 1523 libros
270 1473 468 1523 inducit.
562 1471 614 1523 ln
652 1482 948 1523 mortuorum
994 1473 1352 1524 resurrectione
1395 1475 1643 1542 veterique
1691 1484 1979 1527 testamento

78 1557 340 1607 refellendo
379 1575 482 1607 cum
523 1557 629 1608 aliis
669 1557 949 1608 haeresibus
987 1558 1246 1608 consentit.

215 1639 426 1691 Tatiani.
518 1641 754 1692 Tatianus
796 1642 996 1710 primum
1047 1660 1152 1692 cum
1207 1651 1376 1693 sancto
1432 1641 1616 1692 Iustino
1664 1654 1877 1712 martyre
1922 1662 1979 1695 ao

75 1725 352 1793 philosopho
393 1725 531 1776 vixit.
607 1724 726 1776 Post
764 1726 898 1777 cuius
939 1726 1117 1776 obitum
1155 1727 1442 1795 contagione
1473 1723 1744 1778 Marcionis
1784 1729 1978 1795 dogma-

76 1819 171 1860 tum
203 1810 384 1861 afflatus
417 1810 521 1859 eius
548 1810 805 1877 discipulus
841 1811 955 1871 fuit,
1011 1813 1066 1859 ad
1098 1828 1249 1878 eaque
1281 1829 1402 1879 quae
1440 1830 1545 1862 cum
1576 1829 1633 1862 eo
1661 1812 1981 1863 communiter

75 1894 228 1943 tenuit
261 1911 384 1943 nova
415 1895 612 1962 insuper
640 1895 834 1945 addidit.
911 1892 1101 1944 Ferunt
1129 1913 1152 1944 e
1181 1893 1536 1963 Mesopotamia
1566 1897 1819 1947 oriundum
1853 1897 1978 1947 hunc

74 1977 239 2028 fuisse.

214 2060 343 2112 Haec
371 2071 445 2113 est
473 2080 655 2114 summa
682 2063 786 2113 libri
810 2060 873 2127 1.,
917 2072 1014 2114 tres
1038 2072 1191 2114 tomos
1219 2064 1492 2127 continens,
1528 2063 1758 2116 haereses
1778 2062 1973 2116 XLVI.

210 2233 259 2281 ln
293 2230 451 2299 priore
481 2248 599 2283 vero
635 2240 762 2281 tomo
793 2231 896 2281 libri
928 2229 1017 2295 IL,
1074 2232 1152 2300 qui
1183 2233 1442 2284 secundum
1481 2231 1749 2283 institutum
1781 2251 1805 2283 a
1837 2234 1974 2284 nobis

71 2313 207 2364 initio
240 2323 474 2365 tomorum
515 2316 728 2365 ordinem
775 2325 971 2383 quartus
1017 2325 1120 2379 est,
1176 2317 1404 2367 haereses
1444 2317 1753 2367 continentur
1794 2316 1975 2370 XVIII

72 2398 160 2449 hoc
200 2399 358 2449 modo.

210 2481 489 2532 Encratitae
523 2482 719 2534 Tatiaui
764 2486 991 2552 quaedam
1039 2485 1170 2535 velut
1208 2486 1467 2554 appendix.
1554 2484 1618 2535 Hi
1662 2485 1849 2554 nuptias
1894 2486 1974 2536 da-

70 2575 262 2629 mnant,
322 2584 438 2634 quas
468 2563 710 2618 Sathanae
755 2569 985 2619 tribuunt.
1062 2569 1139 2619 Ab
1176 2570 1492 2621 animatorum
1536 2569 1745 2620 omnium
1775 2588 1864 2621 usu
1892 2570 1973 2621 ab·

68 2651 340 2701 stinendum
381 2668 491 2700 esse
531 2652 761 2703 sentiunt.

207 2732 572 2803 Cataphryges‚
630 2737 705 2802 qui
738 2745 785 2786 et
813 2735 1173 2800 Montanistae‚
1230 2747 1481 2807 utrumque
1524 2747 1859 2789 testamentum
1894 2757 1975 2807 ap-

70 2817 299 2885 probant,
353 2821 435 2868 sed
470 2837 622 2869 novos
656 2821 911 2888 prophetas
944 2823 1000 2871 ad
1034 2831 1255 2889 receptos
1289 2832 1336 2873 et
1362 2824 1582 2892 antiquos
1611 2823 1865 2886 adiiciunt,
1917 2841 1972 2873 ac

71 2900 356 2952 Montanum
397 2905 630 2970 quendam
672 2914 717 2953 et
755 2902 1020 2955 Priscillam
1062 2907 1356 2973 praedicant.

204 2985 496 3055 pepuziani,
537 2987 614 3053 qui
644 2997 692 3038 et
721 2986 1020 3054 Quintilliani
1049 2990 1298 3053 (licuntur,
1340 2991 1510 3058 quihus
1539 2992 1771 3041 accedunt
1798 2999 1846 3042 et
1876 2991 1972 3042 Ar-

69 3070 325 3139 totyritae,
379 3071 707 3139 superioribus
746 3073 931 3139 quidem
963 3073 1083 3136 illis,
1138 3074 1226 3124 hoc-
1255 3084 1327 3125 est
1355 3072 1768 3143 Cataphrygibus,
1821 3093 1974 3125 annu-

68 3155 282 3205 merandi
313 3164 452 3217 suut3
507 3156 588 3205 sed
616 3156 672 3204 ab
700 3156 756 3205 iis
792 3165 947 3205 tamen
983 3156 1176 3208 diversa
1206 3160 1431 3210 nonnulla
1465 3159 1695 3210 sentiunt.
1775 3159 1849 3209 Ac
1879 3157 1973 3209 Pe-

66 3257 235 3307 puzam
278 3239 518 3290 desertum
561 3240 791 3307 quoddam
835 3240 1053 3308 oppidum
1092 3240 1331 3292 Galatiam
1373 3243 1498 3292 inter
1538 3252 1586 3292 et
1619 3240 1970 3311 Cappadociam

66 3340 119 3372 ac
150 3320 403 3391 Phrygiam
438 3324 578 3373 situm
622 3324 796 3373 divinis
837 3324 1096 3374 honoribus
1125 3326 1395 3388 extollunt,
1452 3344 1650 3393 eamque
1684 3326 1970 3396 Hierosoly-

67 3423 185 3455 mam
233 3424 341 3456 esse
384 3407 545 3457 dicunt
589 3410 686 3471 (est
727 3416 884 3457 autem
928 3417 976 3457 et
1017 3409 1108 3458 alia
1153 3407 1393 3475 Pepuza).
1470 3408 1758 3461 Mulieribus
1804 3429 1969 3463 sacros

68 3490 375 3557 magistratus
399 3509 452 3541 ac
482 3492 751 3542 sacerdotia
779 3491 1017 3542 deferunt.
1097 3489 1259 3543 Certis
1288 3493 1539 3543 initiantur
1560 3496 1824 3563 mysteriis,
1867 3496 1969 3563 qui-

63 3604 185 3651 princ.
243 3600 341 3644 τάτε
385 3601 426 3644 ἐν
466 3598 581 3656 αὐτῷ
620 3605 701 3642 cod.
739 3605 897 3652 Rhediy.
955 3605 998 3643 In
1111 3602 1178 3643 39.
1209 3606 1357 3653 Repone
1387 3603 1696 3648 Κυϊντιλλιανοὶ.

66 3660 154 3697 edit.
184 3659 318 3698 Petav.
349 3670 395 3697 ea
423 3662 539 3698 verba
569 3663 656 3699 sunt
685 3661 838 3698 omissa.
1102 3656 1166 3698 40.
1210 3658 1431 3711 ἱερατεύειν
1483 3660 1702 3713 (ἱρατεύειν
1753 3667 1837 3705 cod.
1873 3666 1970 3719 len.)

119 3712 186 3753 38.
220 3708 416 3766 &pimiofz-c)
458 3717 567 3756 codd.
608 3727 697 3755 mss.
738 3719 916 3764 uterque,
962 3718 996 3755 et
1052 3718 1160 3755 codd.
1192 3728 1280 3755 mss.
1312 3720 1477 3766 uterque.
1535 3715 1705 3770 ἱερεύειν
1738 3723 1842 3760 editi.

64 3771 152 3809 edit.
180 3771 368 3819 princeps.
1094 3768 1159 3815 41.
1192 3771 1360 3830 μύονται
1387 3774 1497 3814 codd.
1528 3786 1615 3814 mss.
1647 3779 1681 3815 et
1707 3778 1795 3818 edit.
1822 3780 1946 3831 princ.
