2508 4134
922 273 1103 315 INDEX
1132 272 1342 315 RERUM.

242 369 447 427 principes
486 370 728 426 prodierunt
769 373 808 410 6.
840 393 891 403 --
961 379 1106 425 poste-

240 453 378 482 rorum
405 440 555 482 Noemi
587 440 631 481 in
669 439 800 482 varias
830 440 938 481 orbis
964 440 1102 495 regio-

244 524 315 550 nes
345 509 543 564 digressio
575 513 612 550 7.
852 499 858 508 ’

187 579 369 620 Noemus
411 579 510 634 quid
545 578 748 633 signifioet
775 582 869 620 159.
896 602 953 610 -
1006 580 1105 620 item

242 657 283 688 et
309 648 462 689 Sebeth
488 648 546 691 ib.
575 672 628 683 -·-
687 648 893 703 utriusque
923 648 1105 690 Christus

224 755 228 758 .
243 717 450 772 exemplam
461 717 575 761 jbid.

186 787 364 828 Noemus
392 797 606 829 excusatur
633 787 746 843 qnod
772 788 897 835 fuerit
923 788 1103 829 inebria-

241 865 307 897 tus
337 859 432 898 523.

184 926 483 968 Noetianorum
527 927 704 969 haeresis
741 931 807 968 37.
847 935 942 981 post
988 926 1105 967 Chri—

241 996 517 1048 stianismum,
560 996 646 1037 sive
679 995 1009 1052 quinquagesima
1033 1011 1095 1036 se‘

241 1066 369 1120 ptima
393 1069 488 1108 479.
513 1090 562 1098 --
605 1066 783 1121 quando,
815 1066 882 1107 ubi
906 1074 948 1106 et
972 1081 996 1106 a
1023 1080 1104 1120 quo

240 1136 321 1176 orti
344 1136 441 1176 ibid.

183 1206 311 1247 Noeti
336 1206 507 1248 historia
534 1208 627 1248 480.
655 1228 702 1236 -—
740 1205 791 1246 ab
816 1204 987 1246 ecclesia
1014 1205 1104 1259 pul-

238 1290 304 1316 sus
321 1284 362 1316 et
378 1276 609 1331 sepulturae
632 1274 791 1317 honore
809 1275 991 1329 privatur
1005 1274 1103 1316 ibid.

183 1346 380 1388 Noetiani
411 1345 553 1401 quibus
592 1344 902 1386 auctoritatibus
939 1352 1106 1385 utuntur

238 1415 337 1457 ibid.

183 1485 359 1526 Noetius
375 1484 512 1539 potius
527 1484 722 1526 dicendus
741 1489 922 1527 Anoetus
938 1488 1031 1526 481.
1051 1509 1101 1516 —

239 1555 324 1596 eius
352 1554 550 1596 refutatio
578 1557 674 1595 482.

182 1624 309 1667 Nomi
327 1624 570 1679 Aegyptiaci
592 1625 689 1679 quid
713 1624 801 1666 sint
818 1626 928 1680 apud.
949 1626 1103 1678 isaiam,

237 1702 282 1736 et
306 1694 406 1736 alios
438 1698 502 1736 68.

181 1765 360 1807 Nomina
391 1780 466 1820 per
501 1764 767 1819 antiphrasim
795 1765 933 1807 multis
964 1766 1098 1821 impo-

238 1843 391 1876 nuntur
417 1838 514 1876 485.

183 1904 364 1946 Nomina
391 1919 496 1959 quae
527 1905 608 1947 deo
637 1905 913 1948 attribuuntur
942 1907 994 1947 ab
1020 1908 1103 1947 He·

237 1974 383 2023 braeis,
414 1983 457 2015 et
486 1989 625 2016 eorum
653 1976 943 2031 interpretatio
974 1979 1066 2017 296.

182 2043 336 2085 Fabula
365 2044 519 2087 Noriae
559 2045 772 2088 insidentis
801 2061 920 2088 arcae
953 2047 1104 2088 Noemi

239 2118 307 2156 83.

181 2185 311 2226 Noria
353 2185 500 2226 coniux
528 2186 707 2234 Noemi,
753 2187 859 2227 unde
898 2187 1008 2228 dicta
1034 2202 1102 2227 se-

240 2254 415 2295 cundum
449 2255 689 2307 Gnosticos,
733 2264 775 2297 et
798 2270 850 2297 an
881 2256 1025 2297 eadem
1052 2257 1103 2298 sit

238 2324 394 2379 Pyrrha
423 2327 490 2365 82.

181 2394 338 2437 Novati
368 2395 437 2448 qui
466 2404 609 2438 auctor
634 2395 902 2438 Catharorum
928 2397 1007 2437 fuit
1033 2397 1102 2437 hi-

237 2463 366 2504 storia
393 2467 487 2504 493.
519 2489 572 2498 -
629 2466 712 2508 eius
739 2466 917 2508 haeresis
945 2467 1045 2507 ibid.

181 2533 350 2574 Numeri
376 2534 418 2574 in
446 2535 657 2590 scripturis
695 2536 874 2590 expressi
909 2536 1099 2578 conside--

236 2603 398 2645 ratione
426 2603 539 2658 digni
566 2613 661 2646 sunt
692 2609 812 2646 1080.

182 2673 360 2728 Nuptiae
396 2673 505 2715 inter
534 2675 723 2716 Iudaeum
759 2685 803 2716 et
834 2676 1102 2717 Christianam

237 2743 495 2797 prohibitae,
525 2753 568 2785 et
598 2754 684 2786 erat
707 2745 774 2786 lex
798 2746 999 2802 quaedam
1028 2747 1102 2787 du-

239 2811 337 2852 dum
365 2813 473 2854 inter
502 2814 642 2855 fideles
673 2818 769 2856 510.

181 2882 428 2937 Nuptiarum
457 2886 734 2939 propugnatio
771 2894 912 2928 contra
949 2885 1100 2927 Hiera-

237 2953 338 2995 citas
368 2957 460 2995 714.
776 3001 780 3006 ,

182 3023 363 3079 Nuptiae
392 3025 597 3066 secundae
626 3025 786 3075 licitae,
816 3034 998 3067 attamen
1020 3026 1100 3066 im-

238 3094 410 3148 pediunt
438 3109 488 3135 ne
517 3096 602 3149 quis
638 3096 871 3136 sacerdotio
912 3096 1103 3150 fungatur

237 3167 333 3204 410.

182 3233 428 3288 Nuptiarum
467 3234 653 3275 defensio
684 3244 826 3276 contra
856 3235 1102 3275 Saturnilum

240 3308 307 3345 66.
351 3329 402 3335 —-

239 3374 380 3428 gnatio
407 3383 548 3416 contra
578 3374 751 3415 eundem
784 3378 849 3415 67.

476 3305 767 3359 prophetarum
807 3305 904 3345 item
943 3319 1102 3359 propu-

183 3443 363 3499 Nuptiae
387 3445 471 3485 sive
495 3445 794 3485 matrimonium
820 3445 1027 3499 quomodo
1051 3445 1100 3485 ab

240 3515 407 3556 ecclesia
436 3515 677 3565 reiciantur,
724 3523 764 3555 et
794 3515 999 3571 quomodo
1030 3530 1101 3555 ca-

239 3583 355 3625 stitas
384 3586 435 3626 ab
465 3600 512 3626 ea
542 3585 738 3639 probetur
767 3587 859 3626 508.

183 3653 427 3709 Nuptiarum
458 3655 730 3710 propugnatio
759 3663 899 3696 contra
927 3663 1100 3709 aposto-

241 3723 341 3765 licos
371 3725 595 3767 haereticos
627 3729 704 3765 507
713 3756 721 3765 .

1976 258 2076 313 767

1594 425 1642 464 0.

1163 508 1344 563 Odrysus
1373 506 1674 562 antiquissimus
1713 519 1782 546 rex
1808 504 2012 546 Thracum
2039 507 2077 544 8.
2128 511 2131 514 ’

1163 577 1402 632 Ophitarum
1457 575 1637 617 haeresis
1691 574 1848 616 decima
1907 573 2080 629 septima

1217 655 1311 701 post
1335 654 1522 688 exortum
1546 644 1893 687 Christianismum
1913 646 2008 684 267.
2026 668 2076 673 —-

1219 715 1325 756 unde
1346 716 1424 757 orti
1456 719 1549 758 268.
1568 740 1608 746 -
1652 714 1760 756 unde
1785 714 1883 755 dicti
1908 713 2007 754 ibid.
2026 737 2078 743 —

1218 800 1357 826 eorum
1383 785 1697 827 abominandum
1717 784 1947 826 institutum
1979 782 2081 830 ibid.

1217 879 1270 886 -
1301 865 1533 909 serpentem
1561 854 1700 896 colunt
1724 856 1818 894 270,
1852 877 1901 884 -—-
1942 851 2080 893 fabula

1218 938 1356 965 eorum
1383 925 1435 965 de
1450 924 1622 966 hominis
1653 924 1859 965 creatione
1880 930 1923 962 ot
1942 921 2080 963 Ialda-

1217 994 1342 1035 baoth
1372 999 1464 1036 271.
1492 1020 1547 1046 -Ι
1601 1008 1652 1035 ex
1676 992 1879 1035 intestinis
1905 991 2080 1033 hominis

1215 1066 1416 1118 serpentis
1436 1065 1744 1105 similitudinem
1766 1063 1964 1116 colligunt
1979 1060 2078 1102 ibid.

1219 1159 1266 1166 -
1300 1143 1530 1189 serpentem
1557 1149 1662 1190 pane
1688 1134 1826 1187 alunt,
1872 1142 1915 1174 et
1942 1132 1984 1172 in
2017 1131 2077 1171 ci-

1216 1212 1279 1244 sta
1313 1205 1549 1246 custodiunt
1577 1208 1669 1245 272.

1161 1263 1401 1328 Ophitarum
1438 1274 1638 1316 refutatio
1672 1277 1763 1315 272.
1797 1296 1851 1304 -
1908 1287 1983 1313 nec
2009 1286 2081 1312 eos

1217 1358 1384 1398 serpens
1423 1344 1578 1399 Moysis
1609 1352 1772 1385 excusat
1802 1346 1895 1386 273.
1926 1366 1974 1374 -—
2036 1351 2073 1382 et

1224 1428 1293 1454 cur
1322 1429 1346 1454 a
1366 1415 1513 1468 Moyse
1541 1422 1700 1455 erectus
1728 1413 1826 1454 ibid.

1162 1484 1303 1524 Oratio
1324 1483 1623 1525 haereticorum
1648 1483 1795 1525 blanda
1814 1491 1856 1524 et
1868 1483 1972 1524 fuco
1990 1497 2077 1523 mu-

1215 1553 1332 1594 liebri
1359 1554 1591 1603 simillima,
1622 1553 1673 1595 ab
1699 1567 1828 1609 eaque
1858 1552 2078 1594 cavendum

1216 1626 1308 1664 564.

1161 1693 1343 1748 Origenis
1369 1694 1548 1734 haeresis
1579 1708 1739 1735 veneno
1766 1694 1933 1735 rubetae
1962 1706 2078 1734 com-

1216 1773 1357 1818 parata
1389 1767 1482 1805 604.
1514 1788 1564 1796 —
1621 1764 1728 1805 idem
1755 1763 1895 1804 similis
1924 1764 2079 1818 Myoxo

1217 1833 1365 1874 dicitur
1388 1834 1486 1874 ibid.
1508 1859 1555 1864 —
1587 1849 1706 1889 quam
1728 1834 1780 1875 sit
1804 1832 2079 1888 deplorandus

1220 1907 1313 1944 607.

1162 1974 1346 2028 Origenis
1382 1989 1497 2015 error
1523 1975 1732 2016 refutatur
1768 1974 1819 2015 ab
1847 1972 2079 2028 Epiphanio

1216 2048 1315 2086 591.
1346 2068 1394 2076 -—·
1452 2044 1503 2085 ab
1541 2059 1591 2086 eo
1617 2058 1689 2085 sex
1720 2043 1847 2086 millia
1883 2043 2079 2085 librorum

1220 2115 1451 2171 conscripta
1478 2113 1575 2155 ibid.

1162 2185 1355 2239 Origenes
1383 2194 1521 2226 censet
1546 2194 1725 2227 creatum
1752 2183 1878 2244 filium
1902 2187 1998 2225 531.
2024 2207 2077 2215 —

1216 2253 1385 2310 γενητόν
1413 2263 1453 2296 et
1468 2252 1658 2310 γεννητόν
1675 2255 1893 2296 confundit
1913 2258 2006 2296 532.
2029 2279 2077 2286 —-

1215 2326 1266 2366 de
1294 2326 1592 2366 resurrectione
1626 2333 1880 2366 mortuorum
1908 2325 2077 2375 incerta,

1216 2405 1257 2436 et
1282 2396 1470 2451 ambigua
1494 2395 1655 2437 disserit
1678 2399 1772 2436 533.
1798 2398 1891 2435 534.
1916 2419 1963 2426 --
1993 2394 2079 2435 eius

1217 2466 1395 2520 epitome
1411 2481 1460 2507 ex
1476 2466 1692 2507 Methodio
1714 2465 1813 2507 ibid.
1843 2474 1885 2506 et
1911 2467 2004 2508 535.
2036 2473 2078 2505 et

1215 2550 1328 2591 seqq.
1360 2560 1409 2567 --
1482 2536 1524 2577 in
1562 2536 1860 2577 resurrectione
1904 2549 2078 2590 corpora

1216 2615 1427 2660 resurgent
1461 2606 1712 2660 perfectiore
1737 2605 1888 2656 modo,
1932 2613 1975 2646 et
2000 2619 2078 2660 qua

1215 2676 1375 2717 ratione
1400 2676 1444 2716 id
1468 2676 1642 2731 intelligi
1667 2676 1799 2731 possit
1822 2679 1916 2717 537.
1943 2699 1997 2707 —
2026 2675 2077 2715 si-

1215 2747 1443 2788 militudine
1466 2746 1582 2801 grani
1608 2745 1801 2787 frumenti
1825 2746 2079 2786 demonstra-

1215 2826 1282 2857 tur
1307 2820 1403 2858 539.
1427 2841 1477 2847 —-
1537 2816 1872 2870 Origenianorum
1897 2814 2077 2856 obiectio

1218 2889 1311 2927 553.

1161 2957 1344 3011 Origenis
1358 2956 1559 2997 sententia
1577 2954 1841 2996 similitudine
1865 2955 1981 3010 pellis
2003 2970 2076 2996 ac-
2096 2974 2098 2976 >

1217 3027 1474 3067 commodata
1503 3025 1665 3080 corpori
1693 3029 1787 3068 561.

1161 3096 1348 3150 Origenis
1376 3111 1490 3137 error
1517 3096 1618 3137 alius
1648 3111 1738 3136 cum
1766 3111 1886 3138 carne
1911 3096 2077 3137 destitui

1216 3167 1303 3206 vult
1328 3166 1513 3207 homines
1538 3166 1581 3206 in
1607 3166 1918 3216 resurrectione,
1949 3175 1991 3207 et
2019 3166 2077 3207 si-

1215 3236 1329 3276 miles
1360 3237 1449 3277 fore
1478 3236 1632 3290 angelis
1662 3239 1757 3277 556.

1161 3306 1496 3360 Origenianorum
1540 3306 1716 3347 haeresis
1765 3307 1832 3361 qui
1877 3315 1919 3347 et
1963 3306 2075 3347 foedi

1214 3375 1500 3425 nominantur,
1553 3384 1693 3430 estque
1748 3384 1844 3430 post
1883 3386 2074 3418 *exortum

1216 3446 1509 3486 Christianismi
1538 3445 1843 3500 quadragesima
1873 3447 2006 3501 tertia,
2034 3456 2076 3488 et

1214 3515 1356 3556 ordine
1404 3516 1653 3570 sexagesima
1707 3516 1828 3557 tertia
1883 3520 1976 3558 520.
2023 3542 2075 3549 —-

1216 3586 1319 3625 unde
1360 3586 1412 3625 sit
1456 3587 1651 3627 nominati
1682 3586 1779 3626 ibid.
1811 3609 1865 3618 -·-
1934 3601 2074 3628 eorum

1214 3655 1406 3709 dogmata
1432 3656 1528 3699 ibid.
1559 3680 1608 3688 -
1636 3657 1764 3711 turpis
1795 3665 1835 3696 et
1866 3657 1990 3698 foeda
2018 3657 2073 3698 li-

1213 3725 1312 3765 bido
1337 3733 1459 3780 atque
1488 3726 1756 3768 abominanda
1784 3730 1879 3768 521.
1902 3751 1951 3759 —
1996 3728 2073 3783 fla-
