2508 4134
199 679 311 733 Κεφ.
342 676 398 726 ς’.

197 1986 283 2024 pag.
307 1976 408 2012 1⁰73.

427 221 528 271 472
1141 229 1343 272 SANCTI
1372 231 1653 273 EPIPHANII

429 332 592 396 ρεῦσι,
632 324 713 378 διά
744 325 981 395 ἀπαρχῶν
1008 348 1057 378 τε
1083 328 1168 379 καὶ
1192 334 1517 398 προςφορῶν,
1569 330 1653 382 καὶ
1679 334 1777 383 τῶν
1806 328 1989 396 ἀλλων,
2028 324 2098 384 ὧν
2131 333 2354 394 ἐξουσίαν

427 413 612 479 ἔχοντες
642 413 695 463 οἱ
722 413 775 465 έκ
804 418 933 464 θεοῦ
973 409 1089 473 τούς
1119 411 1272 475 λαούς
1301 410 1496 483 ὁδηγεῖν
1532 417 1968 484 προςτεταγμένοι,
2021 414 2136 470 οὐδὲ
2160 414 2354 479 τούτοις

425 498 681 567 κέχρηνται
719 495 1038 567 κατακόρως,
1078 499 1129 550 οἱ
1160 504 1267 570 θεῷ
1303 502 1491 561 τελείως
1526 497 1798 570 εὐαρεστεῖν
1835 500 2247 571 ἐπαγγελλόμενοι.

575 668 670 719 Καὶ
698 665 791 737 γάρ
821 669 869 730 ἐξ
903 664 1066 720 αὐτῶν
1086 674 1175 721 τοῦ
1203 674 1329 722 θεοῦ
1354 667 1521 738 ἱερέων
1546 670 1631 722 καὶ
1656 670 1798 723 αὐτοὶ
1834 668 1953 738 μετά
1982 677 2072 724 τοῦ
2104 671 2356 743 κηρύγμα-

424 774 508 815 τος
537 758 627 806 τοῦ
664 752 814 822 λόγου
857 751 1148 821 μιμούμενοι
1177 752 1262 807 τὸν
1289 752 1430 824 ἅγιον
1468 754 1634 808 αὐτῶν
1664 752 1781 822 μετὰ
1811 754 1896 808 τὸν
1922 754 2048 810 θεόν
2076 759 2128 810 ἐν
2157 762 2356 830 Χριστῷ

426 839 658 908 πατέρα,
689 838 818 905 φημὶ
860 838 912 891 δὲ
947 844 1153 891 Παῦλον
1191 837 1292 892 τόν
1314 838 1457 909 ἅγιον
1497 839 1818 906 ἀπόστολον,
1848 842 1935 893 καὶ
1970 838 2109 894 αὐτοὶ
2149 840 2357 896 κατὰτὸ

428 923 666 989 δυνατὸν,
707 926 751 976 εἰ
774 925 858 977 καὶ
895 921 961 991 μή
991 922 1197 989 πάντες,
1237 921 1338 978 ἀλλ’
1365 927 1417 977 οἱ
1440 928 1638 986 πλείους
1663 932 1770 987 ταῖς
1801 927 1949 988 ἰδίαις
1979 927 2138 996 χερσὶν
2168 925 2356 996 ἐργαζό-

428 1031 592 1079 μενοι,
643 1012 757 1062 οἱάν
798 1007 840 1061 δ’
867 1009 1123 1081 ἀναλόγως
1163 1011 1547 1080 συμπρέπουσαν
1588 1016 1657 1083 τῷ
1686 1009 1925 1079 ἀξιώματι
1955 1013 2039 1064 καὶ
2065 1017 2154 1080 τῆς
2191 1014 2357 1080 ἐκκλη-

428 1101 682 1163 σιαστικῆς
711 1099 978 1165 φροντίδος
1007 1098 1268 1168 ἐνδελεχείᾳ
1307 1094 1496 1164 εὕροιεν
1521 1097 1715 1164 τέχνην,
1768 1095 1908 1159 ὅπως
1942 1095 2061 1165 μετὰ
2091 1103 2179 1150 τοῦ
2210 1095 2360 1168 λόγου

427 1183 509 1235 καὶ
541 1188 631 1234 τοῦ
660 1180 975 1251 κηρύγματος
1000 1179 1032 1249 ἦ
1062 1184 1337 1248 συνείδησις
1369 1184 1532 1254 χαίρῃ,
1572 1183 1655 1234 καὶ
1689 1181 1771 1236 διά
1803 1188 1974 1253 χειρῶν
2003 1185 2143 1236 ἰδίων
2174 1204 2361 1252 καρπο-

428 1273 656 1338 φοροῦσα
680 1268 762 1320 καὶ
804 1268 952 1339 ἑαυτῇ
994 1267 1363 1336 έπαρκουμένη,
1413 1273 1519 1328 τοῖς
1566 1272 1583 1302 ¹
1606 1287 1655 1319 τε
1686 1267 1921 1334 ἀδελφοῖς
1947 1269 2030 1321 καὶ
2058 1269 2362 1336 ένδεομένοις

427 1352 518 1421 τὴν
550 1350 668 1421 μετὰ
693 1358 857 1422 χεῖρας
890 1354 1200 1419 οἰκονομίαν,
1240 1350 1475 1423 ἀπαρχῶν
1502 1352 1580 1417 δὲ,
1619 1356 1774 1421 φημὶ,
1812 1354 1893 1406 καὶ
1928 1359 2243 1424 προςφορῶν,
2275 1356 2361 1407 καὶ

430 1441 479 1502 ἐξ
511 1438 677 1491 αὐτῶν
705 1444 804 1490 τῶν
842 1436 925 1489 διά
961 1443 1134 1506 χειρῶν
1175 1439 1505 1507 εἰργασμένων
1541 1436 1602 1491 δι’
1630 1436 1906 1508 ὑπερβολήν
1933 1440 2204 1503 διαθέσεως
2236 1438 2363 1510 πρὸς

428 1522 579 1589 θεὸν,
616 1524 702 1576 καὶ
729 1530 833 1585 τοῖς
859 1523 1008 1584 πέλας
1031 1524 1270 1584 ἑκουσίως
1300 1526 1655 1590 μεταδιδοῦσα·
1694 1527 1778 1577 καί
1808 1527 1886 1578 τοί
1912 1545 1966 1595 γε
1996 1524 2063 1593 μὴ
2094 1523 2362 1596 ἀναγκαζο-

429 1611 589 1677 μένων
633 1607 799 1661 αὐτῶν
812 1651 826 1673 ,
877 1606 997 1676 μήτε
1037 1609 1494 1678 κατακρινομένων,
1549 1608 1669 1663 ἀλλά
1702 1608 2021 1678 δικαιοσύνης
2060 1609 2249 1673 πόνους
2276 1612 2364 1664 καὶ

429 1697 660 1764 ἐργασίαν
689 1691 1091 1762 ἔκκλησιαστικὴν
1133 1692 1370 1762 ἐχόντων,
1419 1696 1502 1748 καὶ
1533 1693 1656 1748 κατά
1688 1693 2009 1763 δικαιοσύνην
2040 1697 2361 1764 σιτουμένων,

430 1779 492 1834 δι’
536 1777 818 1850 ’ὑπερβολὴν
863 1779 916 1833 δὲ
953 1781 1286 1851 προαιρέσεως
1327 1786 1472 1834 τοῦτο
1517 1778 1681 1834 αὐτῶν
1721 1779 2013 1835 ποιούντων.
2099 1779 2370 1835 Ἐπιποθεῖ

429 1864 522 1937 γάρ
565 1865 731 1919 αὐτῶν
765 1863 800 1933 ἦ
826 1868 1002 1928 ἔνθεος
1034 1863 1197 1934 ψυχὴ,
1251 1868 1338 1918 καὶ
1369 1867 1420 1919 έν
1448 1865 1595 1939 φόβῳ
1632 1871 1760 1919 θεοῦ
1799 1867 2144 1937 έστηριγμένη,
2194 1868 2279 1920 καὶ
2310 1869 2365 1921 ἐκ

430 1950 713 2020 πνεύματος
750 1949 897 2022 ’ἁγίου
939 1949 1028 2019 τήν
1077 1958 1255 2022 γνῶσιν
1298 1953 1597 2020 κεκτημένη,
1655 1951 1871 2006 πλούτου
1925 1954 2225 2022 ἐπουρανίου
2274 1958 2366 2006 τοῦ

428 2036 554 2091 κατά
592 2036 913 2105 δικαιοσύνην
953 2035 1072 2105 μετά
1117 2039 1325 2090 ἐπαίνου
1361 2038 1446 2090 καὶ
1487 2039 1660 2100 κλέους
1699 2040 1784 2091 καὶ
1831 2035 2097 2108 ἀριστείας,
2153 2043 2241 2091 τοῦ
2279 2034 2363 2090 διὰ

429 2126 586 2177 θείων
626 2121 886 2193 δογμάτων
924 2125 1009 2176 καὶ
1049 2126 1193 2185 θείας
1236 2123 1434 2191 μελέτης
1477 2120 1617 2194 ἁγίας
1652 2128 1848 2194 γραφῆς
1875 2125 1960 2176 καὶ
1998 2126 2175 2193 λογίων
2215 2127 2360 2187 θεοῦ,

420 2213 739 2283 ,ψαλμῳδιῶν
765 2231 815 2262 τε
843 2210 924 2262 καὶ
951 2207 1224 2273 συνάξεων,
1264 2205 1416 2278 ἁγίων
1446 2214 1681 2276 νηστειῶν
1708 2229 1758 2261 τε
1786 2211 1871 2262 καὶ
1896 2206 2090 2279 ἁγνείας
2118 2209 2242 2261 2καὶ
2272 2229 2364 2262 πο-

430 2299 634 2359 λιτείας,
673 2296 756 2348 καὶ
786 2300 874 2363 τῆς
902 2293 985 2348 διοὶ
1021 2299 1195 2365 χειρῶν
1231 2294 1393 2347 ἕνεκεν
1426 2292 1745 2361 δικαιοσύνης
1778 2292 1896 2362 μετά
1930 2294 2259 2365 προαιρέσεως
2288 2295 2364 2363 έρ-

431 2383 617 2451 γασίας.
690 2378 827 2433 Ἀλλὰ
867 2381 951 2433 καὶ
995 2378 1119 2451 ἄλλῳ
1158 2377 1591 2448 3προελήφθησαν
1623 2378 1762 2453 τύπῳ
1805 2382 1857 2432 οἱ
1879 2379 2022 2432 αὐτοὶ
2049 2383 2198 2447 τίμιοι
2225 2376 2365 2447 ἡμῶν

434 2466 668 2532 ἀδελφοὶ,
708 2468 761 2519 οἷ
787 2464 910 2518 κατὰ
940 2467 1336 2531 Μεσοποταμίαν
1370 2466 1422 2517 ἐν
1453 2469 1796 2535 μοναστηρίοις
1824 2463 2146 2535 ὑπάρχοντες,
2201 2467 2365 2518 εἷ’τουν

433 2557 459 2588 4
477 2550 746 2622 Μάνδραις
774 2557 797 2586 ⁵
816 2551 1164 2618 καλουμέναις,
1221 2556 1243 2587 ⁶
1262 2548 1435 2617 κώμας
1456 2549 1746 2620 γυναικικάς
1775 2549 2188 2622 προβαλλόμενοι,
2239 2551 2364 2603 7καὶ

432 2635 601 2710 σάκκῳ
631 2644 885 2707 προφανεῖ
913 2634 1290 2705 ἐπερειδόμενοι.
1348 2632 1489 2688 ’Έδει
1519 2636 1572 2689 δὲ
1600 2635 1659 2688 τοὶ
1692 2643 1778 2705 τῆς
1806 2634 1948 2707 ἁγίας
1975 2637 2236 2706 παρθένου
2275 2658 2364 2704 μη-

431 2720 547 2792 τρὸς
576 2719 718 2790 ἡμῶν
758 2727 845 2790 τῆς
884 2723 1138 2789 ἐκκλησίας
1173 2718 1413 2790 ὑπάρχειν
1448 2722 1592 2774 τέκνα
1628 2721 1805 2790 σεμνοὶ,
1860 2719 2095 2791 οἰκουρᾶ,
2147 2727 2252 2794 θεῷ
2280 2727 2359 2773 λα-

429 2806 666 2879 τρεύοντα
697 2811 924 2878 κρυφίως
950 2813 1018 2881 τῷ
1044 2806 1192 2861 εἰδότι
1219 2805 1278 2859 τοὶ
1309 2805 1524 2878 κρύφια,
1562 2809 1647 2860 καὶ
1679 2807 1970 2861 ἀποδιδόντι
1999 2808 2067 2884 ἐν.
2083 2814 2186 2868 τοῖς
2217 2826 2361 2871 φανε-

432 2901 567 2964 ροῖς,
618 2891 742 2947 κατά
781 2892 836 2947 τὸ
865 2894 1221 2964 γεγραμμένον,
1273 2894 1358 2945 καὶ
1396 2893 1709 2961 εὐσχημόνως
1748 2891 1831 2947 διά
1858 2891 1976 2954 τούς
2009 2893 2127 2957 ἔξω,
2153 2892 2263 2945 ικαὶ
2294 2888 2362 2958 μὴ

429 2978 698 3048 βούλεσθαι
725 2982 891 3047 λαβεῖν
921 2976 1020 3032 ἀπὸ
1046 2984 1144 3032 τῶν
1173 2975 1405 3048 ὁρώντων
1434 2977 1520 3031 τόν
1552 2978 1762 3046 μισθόν,
1802 2981 1885 3032 καὶ
1916 2977 2005 3046 τήν
2034 2977 2188 3048 χάριν.
2255 2975 2363 3029 Ἀλ-

431 3064 628 3137 λότριον
657 3065 749 3136 γάρ
781 3067 881 3119 ἐστι
908 3071 997 3132 τῆς
1024 3069 1299 3132 καθολικῆς
1325 3066 1582 3131 ἐκκλησίας
1609 3063 1793 3126 σάκκος
1820 3062 2112 3134 προφανὴς,
2164 3063 2248 3114 καὶ
2277 3062 2362 3114 κό-

432 3174 498 3219 μη
547 3149 654 3218 8μὴ
702 3151 1029 3218 έκτεμνομένη
1075 3148 1173 3203 ἀπὸ
1215 3154 1304 3202 τοῦ
1347 3148 1660 3219 κηρύγματος
1704 3156 1802 3203 τῶν
1844 3146 2142 3202 ἀποστόλων.
2215 3144 2360 3217 Ἀνὴρ

431 3235 550 3306 γάρ,
589 3237 739 3304 φησὶ,
780 3236 874 3290 οὐκ
913 3234 1094 3302 ὀφείλει
1132 3241 1320 3303 κομᾶν,
1363 3233 1510 3287 εἰκών
1547 3237 1631 3288 καὶ
1669 3234 1790 3298 δόξα
1826 3239 1952 3287 θεοῦ
1989 3230 2238 3302 ύπάρχων.

491 3338 588 3378 CAP.
618 3340 686 3379 VI.
717 3363 771 3369 —
832 3339 868 3379 1.
902 3337 950 3382 δὲ
979 3340 1061 3379 cod.
1095 3340 1256 3389 Rhediy.
1428 3349 1550 3378 manu
1580 3336 1854 3391 καλουμέναις
1880 3339 2091 3376 correctum
2121 3339 2187 3375 est.

487 3395 528 3435 2.
560 3394 635 3437 καὶ
659 3395 870 3444 πολιτείας
897 3398 1015 3436 verba
1044 3408 1122 3436 non
1151 3398 1265 3435 habet
1287 3395 1371 3435 cod.
1484 3393 1523 3435 6.
1561 3393 1712 3448 κώμας
1729 3389 1973 3447 γυναικικὰς
1997 3396 2244 3432 correxerunt
2271 3393 2363 3433 Gor-

431 3454 593 3504 Rhediy.
1428 3454 1565 3491 narius
1590 3453 1644 3504 (in
1664 3453 1835 3491 versione
1854 3451 1963 3498 Lat.)
1987 3452 2020 3487 et
2040 3450 2237 3489 Petavius.
2295 3450 2363 3488 Li-

489 3508 529 3550 3.
575 3506 905 3563 προελῆφὲῑησαν
950 3507 1068 3563 τύπῳ
1117 3510 1230 3548 codd.
1280 3520 1370 3549 mss.
1429 3510 1487 3548 bri
1514 3510 1653 3548 habent
1680 3505 1845 3559 κώμαις
1872 3508 2141 3558 γυναικικαῖς.

433 3570 601 3616 uterque.
660 3565 779 3622 τύπῳ
809 3564 1137 3620 προελῆφῧησαν
1168 3566 1272 3605 editi.
1484 3564 1522 3606 7.
1557 3565 1768 3605 Cornarius
1789 3564 1901 3602 vertit
1926 3568 1968 3599 et
1991 3574 2111 3601 sacco
2137 3561 2360 3616 conspicuo

490 3618 529 3662 4.
565 3619 743 3675 μάνδρες
772 3626 882 3663 codd.
913 3636 1003 3663 mss.
1032 3627 1199 3672 uterque.
1426 3620 1638 3661 incedunt.

492 3679 530 3717 Ξ).
558 3679 807 3732 καλουμέναι
832 3683 914 3721 cod.
939 3682 1100 3729 Rhediy.
1146 3679 1259 3728 Quod
1281 3679 1371 3718 ideo
1482 3681 1521 3718 ὅ.
1553 3673 1611 3730 μή
1643 3673 1922 3727 ἐκτεμνομένη
1956 3676 2174 3715 emendavit
2201 3677 2361 3716 Salma-

434 3737 703 3775 adnotandum
741 3739 840 3777 duxi
883 3739 985 3788 quod
1018 3739 1136 3776 eliam
1174 3737 1258 3774 cod.
1290 3737 1367 3775 Ien.
1426 3736 1506 3773 sius
1544 3735 1665 3783 Epist.
1707 3732 1760 3770 ad
1798 3733 1973 3770 Colvium
2013 3743 2128 3781 super
2168 3745 2253 3781 cap.
2297 3731 2359 3771 11.

434 3805 481 3833 ea
504 3794 614 3842 prius
650 3798 731 3832 erat
770 3797 962 3844 scriptura
1001 3804 1120 3845 quam
1155 3794 1204 3832 ab
1232 3793 1369 3831 eadem
1419 3793 1574 3842 primae
1617 3790 1671 3828 ad
1717 3789 1884 3828 Corinth.
1926 3789 2046 3839 Epist.
2087 3801 2181 3841 pay.
2211 3787 2266 3831 92
2287 3801 2343 3840 sq.
