2508 4134
437 270 664 311 PANARII
693 270 798 310 Lm.
825 271 897 310 ΙΙΙ.
926 270 1063 310 ΤΟΜ.
1088 271 1136 310 ll.
1164 270 1353 309 EXPOS.
1383 269 1488 310 FID.
1519 267 1754 308 CATHOL.
1942 257 2040 307 505

139 372 387 438 saczferum
426 385 568 431 esse,
627 368 850 419 mundum
883 367 1035 435 ipsum
1077 367 1401 429 initiatorum,
1454 367 1613 417 afflatu
1649 365 1890 417 numinum
1936 382 2042 414 cor·

144 462 335 522 reptos,
377 453 757 503 ceremoniarum
797 469 852 502 ac
891 451 1065 502 rituum
1105 451 1257 501 vicem
1298 451 1534 502 obtinere.

281 535 496 588 Perseus
537 535 726 588 Zenoni
764 535 954 604 penitus
994 535 1275 603 astipulatus
1314 544 1405 585 est.

283 617 585 707 Chrysippus
613 619 832 671 Solensis
866 619 1078 669 nefarias
1108 628 1154 668 et
1188 618 1378 668 illicitas
1415 619 1547 686 leges
1580 618 1760 668 sanxit.
1836 615 1963 668 Nam
1996 625 2042 666 et

146 704 266 754 lilios
296 722 401 755 cum
424 681 661 755 matribus
689 713 737 755 et
765 721 870 754 cum
907 703 1092 754 filiabus
1123 711 1283 770 patres
1321 703 1634 752 commiscere
1671 719 1874 769 corpora
1909 701 2042 752 vole-

142 788 240 838 bat.
319 787 372 838 ln
406 789 582 839 ceteris
621 806 726 839 eum
757 785 981 839 Cittiensi
1017 786 1218 837 Zenone
1247 786 1503 835 sentiebat.
1584 787 1805 836 Addebat
1830 794 1879 835 et
1906 786 2040 846 illud,

146 881 194 921 ut
223 872 439 922 humanis
470 873 696 924 carnibus
725 872 1016 923 vescendum
1048 879 1303 922 statueret.
1379 869 1607 921 Ultimum
1637 870 1870 920 bonorum
1904 870 2041 920 finem

144 955 287 1006 animi
325 956 620 1007 iucunditate
658 956 963 1007 metiebatur.

283 1037 534 1108 Diogenes
573 1038 869 1110 Babylonius
908 1039 1068 1090 omnia
1108 1055 1170 1089 ex
1209 1039 1453 1107 voluptate
1493 1047 1716 1088 constare
1756 1038 2003 1089 censebat.

282 1206 546 1260 Panaetius
575 1208 793 1260 Rhodius
834 1209 1058 1259 mundum
1086 1207 1344 1258 affirmabat
1374 1208 1722 1270 immortalem,
1782 1223 1938 1274 neque
1969 1223 2046 1257 se-

142 1292 222 1342 nio
251 1310 307 1343 ac
341 1301 579 1344 vetustate
615 1293 804 1344 confici.
883 1292 1242 1344 Divinationem
1287 1293 1499 1343 funditus
1528 1291 1826 1360 repudiabat.
1907 1288 2045 1356 Quae

142 1377 200 1427 de
233 1377 322 1427 deo
353 1386 667 1440 asseruntur,
710 1378 977 1428 evertebat.
1056 1375 1304 1428 Summum
1343 1376 1549 1428 hominis
1580 1376 1755 1426 bonum
1785 1376 1834 1425 in
1866 1374 2045 1426 divitiis

142 1478 197 1511 ac
236 1462 445 1512 sanitate
483 1462 709 1530 ponebat.
1295 1531 1297 1533 „

280 1544 572 1596 Posidonius
616 1546 905 1614 Apamensis
947 1564 1182 1597 summum
1227 1545 1433 1596 hominis
1477 1545 1654 1596 bonum
1694 1545 1742 1594 in
1783 1543 1962 1594 divitiis
2000 1551 2049 1593 et

141 1630 346 1680 sanitate
386 1630 610 1699 ponebat.

281 1714 625 1765 Athenodorus
654 1714 919 1765 Tarsensis
950 1715 1115 1765 eadem
1146 1732 1251 1765 cum
1275 1712 1549 1783 Chrysippo
1583 1731 1638 1764 ac
1674 1712 1877 1764 Zenone
1933 1713 2047 1779 dog-

141 1806 268 1848 mata
304 1798 474 1849 tenuit.

281 1881 550 1950 Epicurus,
590 1881 793 1933 Neoclis
825 1883 979 1946 filius,
1021 1883 1229 1933 Athenis
1259 1884 1490 1934 educatus
1514 1882 1866 1952 voluptuariam
1897 1881 2042 1931 vitam

99 2000 101 2002 -
142 1967 392 2035 amplexus
436 1976 528 2017 est.
623 1965 789 2034 ltaque
839 1986 942 2017 cum
987 1968 1320 2018 meretricibus
1362 1968 1547 2036 publice
1591 1968 1695 2018 sine
1732 1967 1828 2017 ullo
1869 1965 2047 2015 rubore

142 2051 540 2102 consuetudinem
583 2052 777 2116 habuit3
832 2062 1029 2120 praeter
1070 2070 1127 2102 ea
1169 2070 1290 2120 quae
1332 2053 1388 2102 de
1427 2052 1508 2102 illo
1548 2053 1707 2120 operis
1741 2050 1879 2102 huius
1911 2049 2047 2099 initio

141 2135 440 2203 scripsimus.
518 2135 656 2187 Deos
700 2153 810 2187 esse
843 2137 998 2186 nullos
1032 2137 1219 2199 aiebat,
1276 2137 1359 2187 sed
1391 2138 1613 2187 fortunae
1646 2135 1845 2187 arbitrio
1876 2143 2048 2184 cuncta

141 2220 421 2286 gubernari.
512 2220 649 2271 Nihil
691 2221 738 2270 in
781 2222 957 2271 mundo
1000 2221 1322 2271 voluntarium
1368 2239 1423 2271 ac
1466 2220 1665 2272 liberum
1701 2221 1896 2284 inesse,
1952 2237 2048 2269 non

142 2303 468 2372 disciplinam,
525 2323 617 2355 non
671 2305 991 2374 imperitiam,
1050 2324 1142 2356 non
1183 2306 1307 2356 aliud
1352 2307 1634 2373 quicquam,
1688 2306 1772 2356 sed
1826 2304 2047 2354 omnibus

143 2388 302 2438 omnia
346 2398 541 2456 praeter
581 2390 880 2440 voluntatem
924 2391 1163 2440 accidere.
1250 2389 1508 2441 Neminem
1549 2391 1730 2440 idcireo
1769 2389 2047 2457 vituperan-

142 2474 280 2535 dum,
337 2482 420 2523 aut
456 2474 820 2524 collaudandum
865 2492 1002 2538 esse,
1057 2493 1114 2525 eo
1159 2476 1282 2542 quod
1322 2475 1435 2524 nihil
1479 2474 1748 2525 istiusmodi
1789 2491 1855 2524 ex
1893 2473 2046 2523 libero

143 2557 287 2607 animi
333 2558 528 2608 decreto
569 2558 814 2627 suscipiat.
907 2558 1118 2610 Mortem
1160 2560 1366 2627 negabat
1412 2578 1616 2627 unquam
1665 2576 1774 2609 esse
1822 2557 2047 2627 pertime-

141 2643 386 2693 scendam.
465 2639 626 2705 Idem,
682 2651 730 2692 ut
768 2653 907 2694 antea
947 2644 1074 2708 dixi,
1136 2661 1200 2694 ex
1232 2645 1402 2696 atomis
1442 2653 1590 2695 totum
1637 2644 1726 2693 hoc
1767 2644 2044 2695 universum

142 2736 396 2790 constare,
438 2735 486 2776 et
522 2727 569 2776 in
608 2726 793 2777 infinito
831 2729 985 2796 spatio
1024 2730 1247 2778 mundum
1290 2746 1398 2780 esse
1438 2729 1770 2797 profitebatur.

281 2810 346 2860 Hi
382 2821 495 2861 sunt
534 2820 774 2861 sectarum
818 2813 936 2880 apud
983 2810 1202 2863 Graecos
1242 2814 1546 2877 conditores,
1607 2831 1726 2881 quos
1771 2813 2038 2881 comperire

142 2879 400 2963 potuimus.
480 2892 619 2961 Quod
648 2896 702 2945 ad
731 2896 850 2945 alios
880 2906 1095 2964 spectat,
1139 2899 1216 2964 qui
1242 2898 1370 2948 inter
1395 2898 1660 2960 barbarOS,
1705 2906 1786 2947 aut
1813 2897 1861 2947 in
1891 2896 2045 2949 Grae-

142 2980 216 3029 cia
245 2997 301 3030 ac
332 2979 663 3030 Romanorum
694 2980 894 3047 regione
931 2980 1100 3032 aliisve
1142 2982 1301 3031 mnndi
1345 2983 1577 3032 tractibus
1613 2990 1945 3042 emerserunt,
1998 2982 2048 3032 in

142 3061 370 3114 Indorum
416 3065 611 3113 natione
648 3062 853 3114 LXXll
896 3064 1267 3117 absurdissimae
1307 3066 1638 3134 philosophiae
1677 3074 1838 3115 sectae
1881 3082 2047 3115 nume-

141 3156 335 3212 rantur,
377 3149 508 3198 velut
539 3148 1056 3216 Gymnosophistarum
1091 3159 1136 3198 et
1171 3147 1612 3212 Brachmanorum,
1667 3166 1787 3216 quae
1820 3149 1953 3198 solae
1983 3166 2048 3199 ex

143 3233 362 3282 omnibus
398 3233 665 3283 laudandae
708 3241 837 3282 sunt.
927 3231 1051 3282 Tum
1096 3231 1728 3295 Pseudobraehmanorum,
1787 3242 1832 3282 et
1876 3250 2043 3283 eorum

143 3317 220 3383 qui
248 3326 543 3368 mortuorum
576 3318 892 3367 cadaveribus
919 3325 1210 3379 vescuntur,
1265 3327 1311 3367 et
1339 3318 1419 3385 qui
1453 3317 1777 3368 foedissimam
1807 3334 1907 3367 rem
1937 3334 2045 3385 per-

142 3487 230 3524 edit.
257 3488 380 3534 princ.
439 3481 587 3539 οἶγτῖρω
613 3488 830 3526 emendavit
857 3488 972 3524 etiam
994 3487 1064 3524 Ios.
1178 3482 1245 3525 24.
1275 3482 1519 3532 ποσιδώνιος
1551 3487 1662 3525 codd.
1692 3498 1780 3525 mss.
1805 3490 1984 3536 uterque,
2014 3491 2048 3526 et

143 3543 327 3591 Scaliger.
400 3544 608 3582 Carnarius
647 3545 756 3582 vertit
794 3540 1066 3580 immortalem
1123 3544 1208 3582 edit.
1236 3544 1359 3591 princ.

144 3604 185 3634 et
225 3596 542 3647 immutabilem,
587 3603 628 3637 ut
663 3593 858 3650 ἄτρεπτον
888 3599 1067 3637 videatur
1180 3598 1244 3637 25.
1278 3594 1347 3638 τὸν
1376 3600 1485 3637 codd.
1517 3610 1603 3637 mss.

143 3655 359 3703 suspicatus
389 3666 476 3693 esse.
1177 3653 1243 3693 26.
1274 3651 1464 3700 νεοκλεύς
1493 3655 1604 3693 codd.
1634 3666 1722 3694 mss.
1754 3658 1788 3694 et
1812 3657 1900 3694 edit.
1921 3657 2046 3704 princ.

198 3708 263 3750 23.
296 3707 391 3751 ἓεόν
421 3711 502 3749 cod.
531 3711 690 3759 Rhediy.
1178 3709 1244 3749 27.
1279 3707 1350 3749 καὶ
1390 3714 1573 3749 omissum
1607 3712 1641 3749 h.
1671 3713 1694 3748 l.
1722 3713 1763 3750 in
1789 3713 1876 3750 edit.
1909 3713 2043 3751 Petav.

1126 3767 1252 3810 Coton.
1282 3770 1398 3816 repet.
1428 3770 1461 3806 et
1486 3770 1572 3819 post
1601 3762 1768 3821 ἀτόμων
1806 3769 2043 3807 collocatum.

2080 2828 2178 2882 Cap.
2209 2827 2265 2868 X.
