<?xml version="1.0" encoding="UTF-8"?>
<!DOCTYPE html PUBLIC "-//W3C//DTD XHTML 1.0 Transitional//EN"
    "http://www.w3.org/TR/xhtml1/DTD/xhtml1-transitional.dtd">
<html xmlns="http://www.w3.org/1999/xhtml" xml:lang="en" lang="en">
 <head>
  <title>
</title>
<meta http-equiv="Content-Type" content="text/html;charset=utf-8" />
  <meta name='ocr-system' content='tesseract 3.04.00' />
  <meta name='ocr-capabilities' content='ocr_page ocr_carea ocr_par ocr_line ocrx_word'/>
</head>
<body>
  <div class='ocr_page' id='page_1' title='image "./pt3corporishaere02epipuoft_0674.png"; bbox 0 0 2508 4134; ppageno 0'>
   <div class='ocr_carea' id='block_1_1' title="bbox 463 202 1817 263">
    <p class='ocr_par' dir='ltr' id='par_1_1' title="bbox 463 202 1817 263">
     <span class='ocr_line' id='line_1_1' title="bbox 463 202 1817 263; baseline -0.003 -10"><span class='ocrx_word' id='word_1_1' title='bbox 463 202 566 253; x_wconf 86' lang='grc'>664</span> <span class='ocrx_word' id='word_1_2' title='bbox 1024 208 1308 263; x_wconf 75' lang='lat' dir='ltr'><strong>ADDENDA</strong></span> <span class='ocrx_word' id='word_1_3' title='bbox 1335 208 1411 251; x_wconf 83' lang='grc' dir='ltr'>ΕΤ</span> <span class='ocrx_word' id='word_1_4' title='bbox 1443 208 1817 250; x_wconf 79' lang='lat' dir='ltr'><strong>coRmGENDA.</strong></span> 
     </span>
    </p>
   </div>
   <div class='ocr_carea' id='block_1_2' title="bbox 458 302 2401 3781">
    <p class='ocr_par' dir='ltr' id='par_1_2' title="bbox 459 302 2388 434">
     <span class='ocr_line' id='line_1_2' title="bbox 461 302 2388 366; baseline 0.001 -15"><span class='ocrx_word' id='word_1_5' title='bbox 461 310 488 351; x_wconf 94' lang='lat'>1.</span> <span class='ocrx_word' id='word_1_6' title='bbox 509 310 550 351; x_wconf 92' lang='lat'>5.</span> <span class='ocrx_word' id='word_1_7' title='bbox 578 309 629 350; x_wconf 81' lang='lat' dir='ltr'>ab</span> <span class='ocrx_word' id='word_1_8' title='bbox 655 307 734 351; x_wconf 83' lang='lat' dir='ltr'><strong>inf.</strong></span> <span class='ocrx_word' id='word_1_9' title='bbox 765 305 840 352; x_wconf 76' lang='grc' dir='ltr'>καὶ</span> <span class='ocrx_word' id='word_1_10' title='bbox 869 302 1042 363; x_wconf 67' lang='grc' dir='ltr'>οἷγαὲιῶν</span> <span class='ocrx_word' id='word_1_11' title='bbox 1062 308 1117 365; x_wconf 76' lang='grc' dir='ltr'>τῇ</span> <span class='ocrx_word' id='word_1_12' title='bbox 1138 308 1265 366; x_wconf 68' lang='grc' dir='ltr'>ιῴυχῇ</span> <span class='ocrx_word' id='word_1_13' title='bbox 1289 306 1363 353; x_wconf 79' lang='grc' dir='ltr'>καὶ</span> <span class='ocrx_word' id='word_1_14' title='bbox 1395 308 1538 353; x_wconf 75' lang='grc' dir='ltr'>κακῶν</span> <span class='ocrx_word' id='word_1_15' title='bbox 1565 310 1671 351; x_wconf 88' lang='lat' dir='ltr'><strong>Ven.</strong></span> <span class='ocrx_word' id='word_1_16' title='bbox 1729 306 1844 349; x_wconf 84' lang='lat' dir='ltr'><strong>Idem</strong></span> <span class='ocrx_word' id='word_1_17' title='bbox 1870 307 1899 350; x_wconf 90' lang='lat' dir='ltr'>l.</span> <span class='ocrx_word' id='word_1_18' title='bbox 1918 305 1960 352; x_wconf 84' lang='lat'>4.</span> <span class='ocrx_word' id='word_1_19' title='bbox 1985 308 2037 351; x_wconf 83' lang='lat' dir='ltr'>ab</span> <span class='ocrx_word' id='word_1_20' title='bbox 2062 308 2141 354; x_wconf 81' lang='lat' dir='ltr'><strong>ins.</strong></span> <span class='ocrx_word' id='word_1_21' title='bbox 2174 305 2388 365; x_wconf 79' lang='grc' dir='ltr'>διάγοντες</span> 
     </span>
     <span class='ocr_line' id='line_1_3' title="bbox 459 377 719 434; baseline -0.004 -11"><span class='ocrx_word' id='word_1_22' title='bbox 459 377 719 434; x_wconf 85' lang='grc' dir='ltr'>ημάρτομεν.</span> 
     </span>
    </p>

    <p class='ocr_par' dir='ltr' id='par_1_3' title="bbox 458 443 2393 1074">
     <span class='ocr_line' id='line_1_4' title="bbox 574 443 2386 508; baseline 0.001 -15"><span class='ocrx_word' id='word_1_23' title='bbox 574 450 707 508; x_wconf 69' lang='lat' dir='ltr'><strong>rag.</strong></span> <span class='ocrx_word' id='word_1_24' title='bbox 726 449 855 494; x_wconf 83' lang='lat'><strong>314.</strong></span> <span class='ocrx_word' id='word_1_25' title='bbox 910 448 938 491; x_wconf 93' lang='grc'>1.</span> <span class='ocrx_word' id='word_1_26' title='bbox 962 449 1003 491; x_wconf 92' lang='grc'>2.</span> <span class='ocrx_word' id='word_1_27' title='bbox 1031 444 1083 492; x_wconf 74' lang='grc' dir='ltr'>ἵν’</span> <span class='ocrx_word' id='word_1_28' title='bbox 1111 445 1321 506; x_wconf 86' lang='grc' dir='ltr'>οἷκηρατον</span> <span class='ocrx_word' id='word_1_29' title='bbox 1350 451 1455 494; x_wconf 88' lang='lat' dir='ltr'><strong>Ven.</strong></span> <span class='ocrx_word' id='word_1_30' title='bbox 1519 450 1631 504; x_wconf 83' lang='lat' dir='ltr'><strong>Idem</strong></span> <span class='ocrx_word' id='word_1_31' title='bbox 1669 451 1699 492; x_wconf 84' lang='lat'>1.</span> <span class='ocrx_word' id='word_1_32' title='bbox 1724 450 1764 493; x_wconf 91' lang='lat'>3.</span> <span class='ocrx_word' id='word_1_33' title='bbox 1800 443 1963 506; x_wconf 85' lang='grc' dir='ltr'>πληρις</span> <span class='ocrx_word' id='word_1_34' title='bbox 1994 473 2051 489; x_wconf 71' lang='grc' dir='ltr'>-ι-</span> <span class='ocrx_word' id='word_1_35' title='bbox 2105 451 2135 493; x_wconf 89' lang='lat' dir='ltr'>l.</span> <span class='ocrx_word' id='word_1_36' title='bbox 2162 449 2203 495; x_wconf 98' lang='lat'>6.</span> <span class='ocrx_word' id='word_1_37' title='bbox 2236 449 2287 495; x_wconf 75' lang='grc' dir='ltr'>ἐκ</span> <span class='ocrx_word' id='word_1_38' title='bbox 2314 450 2386 494; x_wconf 84' lang='grc' dir='ltr'>τοῦ</span> 
     </span>
     <span class='ocr_line' id='line_1_5' title="bbox 460 511 2388 578; baseline 0.003 -14"><span class='ocrx_word' id='word_1_39' title='bbox 460 519 597 575; x_wconf 80' lang='grc' dir='ltr'>τρίτου</span> <span class='ocrx_word' id='word_1_40' title='bbox 627 518 716 576; x_wconf 82' lang='grc' dir='ltr'><strong>έκβ.</strong></span> <span class='ocrx_word' id='word_1_41' title='bbox 745 515 936 574; x_wconf 79' lang='grc' dir='ltr'>ουρανοῦ,</span> <span class='ocrx_word' id='word_1_42' title='bbox 969 515 1061 564; x_wconf 63' lang='lat' dir='ltr'>dvi?</span> <span class='ocrx_word' id='word_1_43' title='bbox 1089 511 1146 565; x_wconf 70' lang='grc' dir='ltr'>ὧν</span> <span class='ocrx_word' id='word_1_44' title='bbox 1174 519 1445 578; x_wconf 70' lang='grc' dir='ltr'>παρήκουσαν</span> <span class='ocrx_word' id='word_1_45' title='bbox 1474 526 1580 567; x_wconf 89' lang='lat' dir='ltr'><strong>Ven.</strong></span> <span class='ocrx_word' id='word_1_46' title='bbox 1641 521 1757 563; x_wconf 88' lang='lat' dir='ltr'><strong>Idem</strong></span> <span class='ocrx_word' id='word_1_47' title='bbox 1782 521 1811 562; x_wconf 91' lang='lat'>1.</span> <span class='ocrx_word' id='word_1_48' title='bbox 1832 520 1873 564; x_wconf 89' lang='grc'>8.</span> <span class='ocrx_word' id='word_1_49' title='bbox 1904 516 2166 568; x_wconf 76' lang='grc' dir='ltr'>πιστεύσειε.</span> <span class='ocrx_word' id='word_1_50' title='bbox 2188 546 2239 554; x_wconf 93' lang='grc'>-</span> <span class='ocrx_word' id='word_1_51' title='bbox 2297 521 2327 563; x_wconf 85' lang='lat' dir='ltr'>l.</span> <span class='ocrx_word' id='word_1_52' title='bbox 2346 520 2388 570; x_wconf 66' lang='grc'><strong>9,..</strong></span> 
     </span>
     <span class='ocr_line' id='line_1_6' title="bbox 460 591 2388 649; baseline -0.001 -13"><span class='ocrx_word' id='word_1_53' title='bbox 460 592 709 636; x_wconf 58' lang='grc' dir='ltr'>ἐκτίὲωνται</span> <span class='ocrx_word' id='word_1_54' title='bbox 732 592 838 632; x_wconf 85' lang='lat' dir='ltr'><strong>Ven.</strong></span> <span class='ocrx_word' id='word_1_55' title='bbox 871 591 1016 632; x_wconf 86' lang='lat' dir='ltr'><strong>Recte.</strong></span> <span class='ocrx_word' id='word_1_56' title='bbox 1043 615 1097 623; x_wconf 92' lang='lat'><em>-</em></span> <span class='ocrx_word' id='word_1_57' title='bbox 1126 591 1153 633; x_wconf 87' lang='lat' dir='ltr'>l.</span> <span class='ocrx_word' id='word_1_58' title='bbox 1172 593 1237 634; x_wconf 90' lang='grc'>10.</span> <span class='ocrx_word' id='word_1_59' title='bbox 1268 592 1336 637; x_wconf 75' lang='grc' dir='ltr'>ἵνα</span> <span class='ocrx_word' id='word_1_60' title='bbox 1364 591 1434 648; x_wconf 75' lang='grc' dir='ltr'>δή,</span> <span class='ocrx_word' id='word_1_61' title='bbox 1467 593 1578 649; x_wconf 89' lang='lat' dir='ltr'><strong>quod</strong></span> <span class='ocrx_word' id='word_1_62' title='bbox 1603 592 1780 642; x_wconf 85' lang='lat' dir='ltr'><strong>restitui,</strong></span> <span class='ocrx_word' id='word_1_63' title='bbox 1810 606 1919 633; x_wconf 87' lang='lat' dir='ltr'><strong>nunc</strong></span> <span class='ocrx_word' id='word_1_64' title='bbox 1948 593 2195 649; x_wconf 83' lang='lat' dir='ltr'><strong>comprobat</strong></span> <span class='ocrx_word' id='word_1_65' title='bbox 2215 594 2388 637; x_wconf 86' lang='lat' dir='ltr'><strong>Ven.—</strong></span> 
     </span>
     <span class='ocr_line' id='line_1_7' title="bbox 458 659 2391 728; baseline 0.001 -24"><span class='ocrx_word' id='word_1_66' title='bbox 458 663 488 704; x_wconf 91' lang='lat'>1.</span> <span class='ocrx_word' id='word_1_67' title='bbox 524 663 587 704; x_wconf 92' lang='lat'>12.</span> <span class='ocrx_word' id='word_1_68' title='bbox 617 659 671 706; x_wconf 86' lang='grc' dir='ltr'>τά</span> <span class='ocrx_word' id='word_1_69' title='bbox 700 660 900 718; x_wconf 62' lang='grc' dir='ltr'>λεχὲέντα</span> <span class='ocrx_word' id='word_1_70' title='bbox 925 663 1029 703; x_wconf 90' lang='lat' dir='ltr'><strong>Ven.</strong></span> <span class='ocrx_word' id='word_1_71' title='bbox 1059 686 1113 696; x_wconf 86' lang='lat'><strong>—</strong></span> <span class='ocrx_word' id='word_1_72' title='bbox 1171 663 1277 706; x_wconf 87' lang='lat' dir='ltr'><strong>lbid.</strong></span> <span class='ocrx_word' id='word_1_73' title='bbox 1308 663 1468 719; x_wconf 84' lang='lat' dir='ltr'>corrige</span> <span class='ocrx_word' id='word_1_74' title='bbox 1495 660 1802 718; x_wconf 89' lang='grc' dir='ltr'>Ἑδοκίμασας.</span> <span class='ocrx_word' id='word_1_75' title='bbox 1833 686 1884 695; x_wconf 90' lang='grc'><strong>-</strong></span> <span class='ocrx_word' id='word_1_76' title='bbox 1942 664 1971 706; x_wconf 94' lang='lat'>1.</span> <span class='ocrx_word' id='word_1_77' title='bbox 2004 667 2063 708; x_wconf 86' lang='lat'>15.</span> <span class='ocrx_word' id='word_1_78' title='bbox 2094 664 2260 728; x_wconf 59' lang='grc' dir='ltr'>θλίψεις</span> <span class='ocrx_word' id='word_1_79' title='bbox 2283 659 2391 708; x_wconf 58' lang='lat' dir='ltr'>&amp;vd-2</span> 
     </span>
     <span class='ocr_line' id='line_1_8' title="bbox 460 731 2392 794; baseline 0.003 -21"><span class='ocrx_word' id='word_1_80' title='bbox 460 749 549 778; x_wconf 76' lang='grc' dir='ltr'>πιον</span> <span class='ocrx_word' id='word_1_81' title='bbox 576 731 702 789; x_wconf 63' lang='grc' dir='ltr'>ἡμῶν</span> <span class='ocrx_word' id='word_1_82' title='bbox 729 735 832 774; x_wconf 86' lang='lat' dir='ltr'><strong>Ven.</strong></span> <span class='ocrx_word' id='word_1_83' title='bbox 860 756 916 764; x_wconf 94' lang='lat'><em>-</em></span> <span class='ocrx_word' id='word_1_84' title='bbox 973 732 1001 773; x_wconf 90' lang='lat' dir='ltr'>l.</span> <span class='ocrx_word' id='word_1_85' title='bbox 1029 733 1096 776; x_wconf 84' lang='lat'>21.</span> <span class='ocrx_word' id='word_1_86' title='bbox 1126 734 1210 781; x_wconf 78' lang='grc' dir='ltr'>τῶν</span> <span class='ocrx_word' id='word_1_87' title='bbox 1236 731 1437 790; x_wconf 69' lang='grc' dir='ltr'>οὐρανίων</span> <span class='ocrx_word' id='word_1_88' title='bbox 1478 732 1746 778; x_wconf 88' lang='grc' dir='ltr'>κατάπτωσιν</span> <span class='ocrx_word' id='word_1_89' title='bbox 1777 732 1840 783; x_wconf 86' lang='grc' dir='ltr'>εἰς</span> <span class='ocrx_word' id='word_1_90' title='bbox 1870 731 1940 779; x_wconf 78' lang='grc' dir='ltr'>τὸν</span> <span class='ocrx_word' id='word_1_91' title='bbox 1966 735 2078 794; x_wconf 77' lang='grc' dir='ltr'>βίον,</span> <span class='ocrx_word' id='word_1_92' title='bbox 2118 733 2392 793; x_wconf 78' lang='grc' dir='ltr'>διερχομένης</span> 
     </span>
     <span class='ocr_line' id='line_1_9' title="bbox 461 802 2392 862; baseline -0.001 -14"><span class='ocrx_word' id='word_1_93' title='bbox 461 806 567 848; x_wconf 90' lang='lat' dir='ltr'><strong>Ven.</strong></span> <span class='ocrx_word' id='word_1_94' title='bbox 627 802 900 860; x_wconf 78' lang='grc' dir='ltr'>διερχομένης</span> <span class='ocrx_word' id='word_1_95' title='bbox 931 803 1073 859; x_wconf 84' lang='lat' dir='ltr'><strong>utique</strong></span> <span class='ocrx_word' id='word_1_96' title='bbox 1112 805 1413 846; x_wconf 87' lang='lat' dir='ltr'><strong>restituendum</strong></span> <span class='ocrx_word' id='word_1_97' title='bbox 1458 814 1534 846; x_wconf 89' lang='lat' dir='ltr'><strong>est.</strong></span> <span class='ocrx_word' id='word_1_98' title='bbox 1564 829 1620 836; x_wconf 88' lang='lat'><strong>—</strong></span> <span class='ocrx_word' id='word_1_99' title='bbox 1677 804 1705 845; x_wconf 90' lang='lat'>1.</span> <span class='ocrx_word' id='word_1_100' title='bbox 1733 803 1799 846; x_wconf 85' lang='lat'>25.</span> <span class='ocrx_word' id='word_1_101' title='bbox 1829 806 1878 845; x_wconf 90' lang='lat' dir='ltr'>In</span> <span class='ocrx_word' id='word_1_102' title='bbox 1903 806 2086 862; x_wconf 84' lang='lat' dir='ltr'>margine</span> <span class='ocrx_word' id='word_1_103' title='bbox 2118 807 2210 849; x_wconf 90' lang='lat' dir='ltr'><strong>cod.</strong></span> <span class='ocrx_word' id='word_1_104' title='bbox 2239 806 2392 848; x_wconf 85' lang='lat' dir='ltr'><strong>Veneti</strong></span> 
     </span>
     <span class='ocr_line' id='line_1_10' title="bbox 459 872 2392 933; baseline 0.003 -16"><span class='ocrx_word' id='word_1_105' title='bbox 459 876 504 918; x_wconf 90' lang='lat' dir='ltr'>h.</span> <span class='ocrx_word' id='word_1_106' title='bbox 530 875 558 917; x_wconf 90' lang='lat'>1.</span> <span class='ocrx_word' id='word_1_107' title='bbox 586 874 840 930; x_wconf 85' lang='lat' dir='ltr'><strong>adscriptum</strong></span> <span class='ocrx_word' id='word_1_108' title='bbox 867 874 1018 929; x_wconf 82' lang='lat' dir='ltr'><strong>legitur</strong></span> <span class='ocrx_word' id='word_1_109' title='bbox 1042 875 1156 931; x_wconf 80' lang='grc' dir='ltr'>Περὶ</span> <span class='ocrx_word' id='word_1_110' title='bbox 1180 877 1251 920; x_wconf 82' lang='grc' dir='ltr'>τοῦ</span> <span class='ocrx_word' id='word_1_111' title='bbox 1283 876 1569 931; x_wconf 88' lang='grc' dir='ltr'>Παραδείσου.</span> <span class='ocrx_word' id='word_1_112' title='bbox 1599 898 1655 906; x_wconf 93' lang='grc'>--</span> <span class='ocrx_word' id='word_1_113' title='bbox 1711 875 1740 915; x_wconf 86' lang='grc'>1.</span> <span class='ocrx_word' id='word_1_114' title='bbox 1768 875 1836 919; x_wconf 93' lang='grc'>27.</span> <span class='ocrx_word' id='word_1_115' title='bbox 1867 872 2143 933; x_wconf 86' lang='grc' dir='ltr'>οἷφορισμένος</span> <span class='ocrx_word' id='word_1_116' title='bbox 2166 878 2292 932; x_wconf 83' lang='grc' dir='ltr'>δῆλον</span> <span class='ocrx_word' id='word_1_117' title='bbox 2317 872 2392 933; x_wconf 78' lang='grc' dir='ltr'>ἀφ’</span> 
     </span>
     <span class='ocr_line' id='line_1_11' title="bbox 463 943 2393 1006; baseline -0.001 -15"><span class='ocrx_word' id='word_1_118' title='bbox 463 961 510 992; x_wconf 88' lang='grc' dir='ltr'>ου</span> <span class='ocrx_word' id='word_1_119' title='bbox 540 943 714 989; x_wconf 80' lang='grc' dir='ltr'>καὶτὸν</span> <span class='ocrx_word' id='word_1_120' title='bbox 744 945 889 1001; x_wconf 84' lang='grc' dir='ltr'>Τίγριν</span> <span class='ocrx_word' id='word_1_121' title='bbox 926 948 1030 990; x_wconf 84' lang='lat' dir='ltr'><strong>ven.</strong></span> <span class='ocrx_word' id='word_1_122' title='bbox 1061 971 1117 978; x_wconf 94' lang='lat'>--</span> <span class='ocrx_word' id='word_1_123' title='bbox 1175 947 1204 988; x_wconf 91' lang='grc'>1.</span> <span class='ocrx_word' id='word_1_124' title='bbox 1232 946 1300 990; x_wconf 87' lang='lat'>31.</span> <span class='ocrx_word' id='word_1_125' title='bbox 1342 944 1657 1003; x_wconf 81' lang='grc' dir='ltr'>καταχεώμενοι</span> <span class='ocrx_word' id='word_1_126' title='bbox 1685 947 1833 989; x_wconf 88' lang='lat' dir='ltr'><strong>Venet.</strong></span> <span class='ocrx_word' id='word_1_127' title='bbox 1867 971 1919 979; x_wconf 96' lang='lat'><strong>—</strong></span> <span class='ocrx_word' id='word_1_128' title='bbox 1977 947 2006 989; x_wconf 90' lang='lat'>1.</span> <span class='ocrx_word' id='word_1_129' title='bbox 2034 948 2189 1004; x_wconf 79' lang='lat' dir='ltr'><strong>penult.</strong></span> <span class='ocrx_word' id='word_1_130' title='bbox 2206 948 2393 1006; x_wconf 87' lang='lat' dir='ltr'><strong>Corrige</strong></span> 
     </span>
     <span class='ocr_line' id='line_1_12' title="bbox 464 1016 625 1074; baseline -0.013 -11"><span class='ocrx_word' id='word_1_131' title='bbox 464 1016 625 1074; x_wconf 81' lang='grc' dir='ltr'>μηνύει</span> 
     </span>
    </p>

    <p class='ocr_par' dir='ltr' id='par_1_4' title="bbox 461 1077 2399 2000">
     <span class='ocr_line' id='line_1_13' title="bbox 575 1077 2392 1155; baseline 0.002 -24"><span class='ocrx_word' id='word_1_132' title='bbox 575 1090 710 1146; x_wconf 77' lang='lat' dir='ltr'><strong>Pag.</strong></span> <span class='ocrx_word' id='word_1_133' title='bbox 736 1089 865 1134; x_wconf 80' lang='grc'><strong>316.</strong></span> <span class='ocrx_word' id='word_1_134' title='bbox 920 1088 947 1129; x_wconf 92' lang='lat' dir='ltr'>l.</span> <span class='ocrx_word' id='word_1_135' title='bbox 970 1088 1010 1130; x_wconf 94' lang='grc'>2.</span> <span class='ocrx_word' id='word_1_136' title='bbox 1041 1090 1147 1131; x_wconf 90' lang='lat' dir='ltr'><strong>Ven.</strong></span> <span class='ocrx_word' id='word_1_137' title='bbox 1173 1088 1333 1144; x_wconf 85' lang='lat' dir='ltr'><strong>plenius</strong></span> <span class='ocrx_word' id='word_1_138' title='bbox 1360 1084 1642 1144; x_wconf 68' lang='grc' dir='ltr'>ἅναληφὲῐέντι</span> <span class='ocrx_word' id='word_1_139' title='bbox 1667 1084 1839 1143; x_wconf 84' lang='grc' dir='ltr'>ουρανόν</span> <span class='ocrx_word' id='word_1_140' title='bbox 1867 1088 2107 1155; x_wconf 85' lang='grc' dir='ltr'>πεφηνέναι.</span> <span class='ocrx_word' id='word_1_141' title='bbox 2166 1087 2334 1133; x_wconf 84' lang='lat' dir='ltr'><strong>Ideml.</strong></span> <span class='ocrx_word' id='word_1_142' title='bbox 2352 1077 2392 1134; x_wconf 89' lang='lat'>5.</span> 
     </span>
     <span class='ocr_line' id='line_1_14' title="bbox 461 1150 2394 1218; baseline -0.001 -14"><span class='ocrx_word' id='word_1_143' title='bbox 461 1158 714 1215; x_wconf 82' lang='grc' dir='ltr'>παράδεισον</span> <span class='ocrx_word' id='word_1_144' title='bbox 738 1151 864 1209; x_wconf 57' lang='lat' dir='ltr'><strong>eumq</strong></span> <span class='ocrx_word' id='word_1_145' title='bbox 883 1158 1038 1214; x_wconf 80' lang='grc' dir='ltr'>ἑτέραν.</span> <span class='ocrx_word' id='word_1_146' title='bbox 1062 1185 1114 1192; x_wconf 82' lang='lat'>-—</span> <span class='ocrx_word' id='word_1_147' title='bbox 1146 1159 1173 1202; x_wconf 92' lang='lat' dir='ltr'>l.</span> <span class='ocrx_word' id='word_1_148' title='bbox 1191 1158 1231 1201; x_wconf 89' lang='lat'><strong>6.</strong></span> <span class='ocrx_word' id='word_1_149' title='bbox 1260 1157 1531 1214; x_wconf 84' lang='grc' dir='ltr'>Τερατισμός</span> <span class='ocrx_word' id='word_1_150' title='bbox 1556 1175 1627 1203; x_wconf 87' lang='grc' dir='ltr'>ουν</span> <span class='ocrx_word' id='word_1_151' title='bbox 1655 1158 1744 1203; x_wconf 75' lang='grc' dir='ltr'>ἔστι</span> <span class='ocrx_word' id='word_1_152' title='bbox 1767 1158 1841 1203; x_wconf 77' lang='grc' dir='ltr'>καὶ</span> <span class='ocrx_word' id='word_1_153' title='bbox 1864 1150 2202 1218; x_wconf 79' lang='grc' dir='ltr'>τραγικαιολογία</span> <span class='ocrx_word' id='word_1_154' title='bbox 2220 1163 2326 1205; x_wconf 89' lang='lat' dir='ltr'><strong>Ven.</strong></span> <span class='ocrx_word' id='word_1_155' title='bbox 2339 1185 2394 1194; x_wconf 85' lang='lat'>-—</span> 
     </span>
     <span class='ocr_line' id='line_1_15' title="bbox 462 1225 2393 1289; baseline 0.001 -15"><span class='ocrx_word' id='word_1_156' title='bbox 462 1232 489 1274; x_wconf 87' lang='lat'><strong>1</strong></span> <span class='ocrx_word' id='word_1_157' title='bbox 522 1232 585 1274; x_wconf 90' lang='grc'>12.</span> <span class='ocrx_word' id='word_1_158' title='bbox 615 1228 867 1286; x_wconf 81' lang='grc' dir='ltr'>ἐδιδάξαμεν</span> <span class='ocrx_word' id='word_1_159' title='bbox 891 1231 1060 1280; x_wconf 78' lang='grc' dir='ltr'>ἱκανῶς.</span> <span class='ocrx_word' id='word_1_160' title='bbox 1091 1225 1195 1274; x_wconf 80' lang='grc' dir='ltr'>αυτὸ</span> <span class='ocrx_word' id='word_1_161' title='bbox 1226 1227 1272 1273; x_wconf 81' lang='grc' dir='ltr'>τὸ</span> <span class='ocrx_word' id='word_1_162' title='bbox 1301 1232 1427 1285; x_wconf 83' lang='grc' dir='ltr'>σῶμα</span> <span class='ocrx_word' id='word_1_163' title='bbox 1451 1233 1554 1273; x_wconf 85' lang='lat' dir='ltr'><strong>V.en</strong></span> <span class='ocrx_word' id='word_1_164' title='bbox 1613 1230 1730 1272; x_wconf 88' lang='lat' dir='ltr'><strong>Idem</strong></span> <span class='ocrx_word' id='word_1_165' title='bbox 1759 1230 1786 1272; x_wconf 96' lang='lat' dir='ltr'>l.</span> <span class='ocrx_word' id='word_1_166' title='bbox 1815 1230 1877 1273; x_wconf 88' lang='lat'>13.</span> <span class='ocrx_word' id='word_1_167' title='bbox 1909 1233 2036 1287; x_wconf 86' lang='grc' dir='ltr'>σῶμα</span> <span class='ocrx_word' id='word_1_168' title='bbox 2064 1237 2270 1289; x_wconf 84' lang='grc' dir='ltr'>συμφυειν</span> <span class='ocrx_word' id='word_1_169' title='bbox 2296 1234 2393 1288; x_wconf 81' lang='grc' dir='ltr'>τῆς,</span> 
     </span>
     <span class='ocr_line' id='line_1_16' title="bbox 463 1296 2397 1361; baseline 0.002 -17"><span class='ocrx_word' id='word_1_170' title='bbox 463 1311 506 1344; x_wconf 89' lang='lat' dir='ltr'>et</span> <span class='ocrx_word' id='word_1_171' title='bbox 529 1302 654 1358; x_wconf 81' lang='lat' dir='ltr'><strong>paulo</strong></span> <span class='ocrx_word' id='word_1_172' title='bbox 678 1310 776 1357; x_wconf 87' lang='lat' dir='ltr'><strong>post</strong></span> <span class='ocrx_word' id='word_1_173' title='bbox 799 1297 865 1346; x_wconf 81' lang='grc' dir='ltr'>ότι</span> <span class='ocrx_word' id='word_1_174' title='bbox 887 1300 934 1345; x_wconf 82' lang='grc' dir='ltr'>τὸ</span> <span class='ocrx_word' id='word_1_175' title='bbox 964 1300 1290 1357; x_wconf 83' lang='grc' dir='ltr'>συναμφότερον.</span> <span class='ocrx_word' id='word_1_176' title='bbox 1321 1325 1378 1333; x_wconf 93' lang='lat'>—</span> <span class='ocrx_word' id='word_1_177' title='bbox 1434 1301 1462 1342; x_wconf 89' lang='lat' dir='ltr'>l.</span> <span class='ocrx_word' id='word_1_178' title='bbox 1486 1300 1550 1344; x_wconf 90' lang='lat'>16.</span> <span class='ocrx_word' id='word_1_179' title='bbox 1583 1297 1661 1345; x_wconf 70' lang='grc' dir='ltr'>οὐκ</span> <span class='ocrx_word' id='word_1_180' title='bbox 1684 1299 1864 1358; x_wconf 81' lang='grc' dir='ltr'>ἐχόντων</span> <span class='ocrx_word' id='word_1_181' title='bbox 1889 1296 2099 1347; x_wconf 79' lang='grc' dir='ltr'>ἀκίνδυνον</span> <span class='ocrx_word' id='word_1_182' title='bbox 2124 1300 2397 1361; x_wconf 78' lang='grc' dir='ltr'>έπιχειρησας</span> 
     </span>
     <span class='ocr_line' id='line_1_17' title="bbox 462 1367 2395 1429; baseline 0.002 -14"><span class='ocrx_word' id='word_1_183' title='bbox 462 1375 567 1415; x_wconf 90' lang='lat' dir='ltr'><strong>Ven.</strong></span> <span class='ocrx_word' id='word_1_184' title='bbox 598 1398 655 1406; x_wconf 91' lang='lat'>—</span> <span class='ocrx_word' id='word_1_185' title='bbox 711 1373 739 1415; x_wconf 91' lang='lat'>1.</span> <span class='ocrx_word' id='word_1_186' title='bbox 762 1373 829 1415; x_wconf 90' lang='grc'>20.</span> <span class='ocrx_word' id='word_1_187' title='bbox 859 1367 1055 1429; x_wconf 68' lang='grc' dir='ltr'>ἥκαμεν,</span> <span class='ocrx_word' id='word_1_188' title='bbox 1099 1368 1403 1428; x_wconf 83' lang='grc' dir='ltr'>άπογυμνῶσαι</span> <span class='ocrx_word' id='word_1_189' title='bbox 1441 1368 1534 1416; x_wconf 88' lang='grc' dir='ltr'>κατ’</span> <span class='ocrx_word' id='word_1_190' title='bbox 1576 1368 1714 1427; x_wconf 71' lang='grc' dir='ltr'>αὐτῆς</span> <span class='ocrx_word' id='word_1_191' title='bbox 1752 1368 1897 1423; x_wconf 67' lang='grc' dir='ltr'>αὐτοῖς</span> <span class='ocrx_word' id='word_1_192' title='bbox 1921 1375 2023 1416; x_wconf 89' lang='lat' dir='ltr'><strong>Ven.</strong></span> <span class='ocrx_word' id='word_1_193' title='bbox 2053 1397 2110 1406; x_wconf 90' lang='lat'>—</span> <span class='ocrx_word' id='word_1_194' title='bbox 2164 1374 2193 1416; x_wconf 91' lang='lat'>1.</span> <span class='ocrx_word' id='word_1_195' title='bbox 2207 1374 2280 1420; x_wconf 84' lang='lat'>21.</span> <span class='ocrx_word' id='word_1_196' title='bbox 2308 1373 2395 1427; x_wconf 78' lang='grc' dir='ltr'>καὶ,</span> 
     </span>
     <span class='ocr_line' id='line_1_18' title="bbox 464 1441 2396 1502; baseline 0.001 -15"><span class='ocrx_word' id='word_1_197' title='bbox 464 1453 561 1487; x_wconf 87' lang='lat' dir='ltr'><strong>ante</strong></span> <span class='ocrx_word' id='word_1_198' title='bbox 604 1442 851 1499; x_wconf 80' lang='grc' dir='ltr'>ἐπύρωσας,</span> <span class='ocrx_word' id='word_1_199' title='bbox 899 1459 979 1486; x_wconf 88' lang='lat' dir='ltr'>om.</span> <span class='ocrx_word' id='word_1_200' title='bbox 1009 1446 1114 1486; x_wconf 86' lang='lat' dir='ltr'><strong>Ven.</strong></span> <span class='ocrx_word' id='word_1_201' title='bbox 1144 1469 1196 1475; x_wconf 93' lang='lat'>--</span> <span class='ocrx_word' id='word_1_202' title='bbox 1256 1444 1285 1485; x_wconf 95' lang='lat' dir='ltr'>l.</span> <span class='ocrx_word' id='word_1_203' title='bbox 1310 1443 1378 1487; x_wconf 88' lang='lat'>23.</span> <span class='ocrx_word' id='word_1_204' title='bbox 1408 1442 1456 1488; x_wconf 78' lang='grc' dir='ltr'>τὸ</span> <span class='ocrx_word' id='word_1_205' title='bbox 1489 1441 1619 1488; x_wconf 79' lang='grc' dir='ltr'>πολλοὶ</span> <span class='ocrx_word' id='word_1_206' title='bbox 1645 1443 1725 1500; x_wconf 72' lang='grc' dir='ltr'>γάρ</span> <span class='ocrx_word' id='word_1_207' title='bbox 1768 1443 1859 1488; x_wconf 82' lang='grc' dir='ltr'>ἐστι</span> <span class='ocrx_word' id='word_1_208' title='bbox 1900 1445 2028 1501; x_wconf 86' lang='lat' dir='ltr'><strong>(corr.</strong></span> <span class='ocrx_word' id='word_1_209' title='bbox 2054 1443 2135 1502; x_wconf 79' lang='grc' dir='ltr'>γὰρ</span> <span class='ocrx_word' id='word_1_210' title='bbox 2165 1444 2269 1500; x_wconf 79' lang='grc' dir='ltr'>ἔστι)</span> <span class='ocrx_word' id='word_1_211' title='bbox 2298 1441 2396 1495; x_wconf 56' lang='grc' dir='ltr'><strong><em>καῖ</em></strong></span> 
     </span>
     <span class='ocr_line' id='line_1_19' title="bbox 461 1513 2397 1575; baseline -0.001 -14"><span class='ocrx_word' id='word_1_212' title='bbox 461 1515 582 1575; x_wconf 63' lang='grc' dir='ltr'>ἡμᾶς</span> <span class='ocrx_word' id='word_1_213' title='bbox 609 1516 651 1562; x_wconf 79' lang='grc' dir='ltr'>ἐν</span> <span class='ocrx_word' id='word_1_214' title='bbox 675 1516 961 1572; x_wconf 77' lang='grc' dir='ltr'>προφητείαις,</span> <span class='ocrx_word' id='word_1_215' title='bbox 993 1514 1133 1559; x_wconf 82' lang='grc' dir='ltr'>πίστει</span> <span class='ocrx_word' id='word_1_216' title='bbox 1158 1514 1239 1571; x_wconf 79' lang='grc' dir='ltr'>γὰρ</span> <span class='ocrx_word' id='word_1_217' title='bbox 1266 1515 1518 1570; x_wconf 80' lang='grc' dir='ltr'>πληροῦνται</span> <span class='ocrx_word' id='word_1_218' title='bbox 1542 1517 1648 1557; x_wconf 89' lang='lat' dir='ltr'><strong>Ven.</strong></span> <span class='ocrx_word' id='word_1_219' title='bbox 1675 1517 1801 1557; x_wconf 89' lang='lat' dir='ltr'><strong>Bene.</strong></span> <span class='ocrx_word' id='word_1_220' title='bbox 1833 1540 1886 1548; x_wconf 91' lang='lat'>—</span> <span class='ocrx_word' id='word_1_221' title='bbox 1944 1516 1974 1558; x_wconf 87' lang='lat'>1.</span> <span class='ocrx_word' id='word_1_222' title='bbox 1993 1513 2064 1559; x_wconf 86' lang='grc'>24.</span> <span class='ocrx_word' id='word_1_223' title='bbox 2100 1516 2269 1572; x_wconf 81' lang='lat' dir='ltr'><strong>Corn‘ge</strong></span> <span class='ocrx_word' id='word_1_224' title='bbox 2292 1530 2397 1572; x_wconf 84' lang='grc' dir='ltr'>προ-</span> 
     </span>
     <span class='ocr_line' id='line_1_20' title="bbox 463 1583 2397 1645; baseline -0.003 -13"><span class='ocrx_word' id='word_1_225' title='bbox 463 1588 645 1645; x_wconf 86' lang='grc' dir='ltr'>φητείαι.</span> <span class='ocrx_word' id='word_1_226' title='bbox 679 1612 735 1619; x_wconf 94' lang='grc'>-</span> <span class='ocrx_word' id='word_1_227' title='bbox 779 1583 1203 1636; x_wconf 70' lang='grc' dir='ltr'>16ἰᾶ.καὶευκλεῶς</span> <span class='ocrx_word' id='word_1_228' title='bbox 1229 1585 1302 1630; x_wconf 77' lang='grc' dir='ltr'>καὶ</span> <span class='ocrx_word' id='word_1_229' title='bbox 1328 1585 1482 1642; x_wconf 79' lang='grc' dir='ltr'>ἐρρωμ.</span> <span class='ocrx_word' id='word_1_230' title='bbox 1512 1588 1614 1629; x_wconf 89' lang='lat' dir='ltr'><strong>Ven.</strong></span> <span class='ocrx_word' id='word_1_231' title='bbox 1644 1610 1701 1618; x_wconf 91' lang='lat'>—</span> <span class='ocrx_word' id='word_1_232' title='bbox 1745 1586 1774 1627; x_wconf 94' lang='lat' dir='ltr'>l.</span> <span class='ocrx_word' id='word_1_233' title='bbox 1799 1586 1866 1630; x_wconf 95' lang='grc'>25.</span> <span class='ocrx_word' id='word_1_234' title='bbox 1898 1587 2005 1645; x_wconf 58' lang='grc' dir='ltr'>θεῷ,</span> <span class='ocrx_word' id='word_1_235' title='bbox 2037 1602 2097 1637; x_wconf 89' lang='grc' dir='ltr'>ως</span> <span class='ocrx_word' id='word_1_236' title='bbox 2126 1586 2194 1632; x_wconf 78' lang='grc' dir='ltr'>ἵνα</span> <span class='ocrx_word' id='word_1_237' title='bbox 2222 1588 2325 1629; x_wconf 86' lang='lat' dir='ltr'><strong>Ven.</strong></span> <span class='ocrx_word' id='word_1_238' title='bbox 2340 1609 2397 1618; x_wconf 94' lang='lat'>—</span> 
     </span>
     <span class='ocr_line' id='line_1_21' title="bbox 461 1655 2399 1715; baseline -0.001 -12"><span class='ocrx_word' id='word_1_239' title='bbox 461 1661 491 1702; x_wconf 92' lang='lat'>1.</span> <span class='ocrx_word' id='word_1_240' title='bbox 520 1660 587 1703; x_wconf 87' lang='grc'>26.</span> <span class='ocrx_word' id='word_1_241' title='bbox 617 1655 794 1715; x_wconf 82' lang='grc' dir='ltr'>ηλέγξαι</span> <span class='ocrx_word' id='word_1_242' title='bbox 818 1660 906 1699; x_wconf 82' lang='lat' dir='ltr'><strong>Bas.</strong></span> <span class='ocrx_word' id='word_1_243' title='bbox 936 1683 991 1691; x_wconf 89' lang='lat'><em>-</em></span> <span class='ocrx_word' id='word_1_244' title='bbox 1048 1658 1077 1699; x_wconf 93' lang='lat' dir='ltr'>l.</span> <span class='ocrx_word' id='word_1_245' title='bbox 1107 1658 1175 1702; x_wconf 92' lang='grc'>27.</span> <span class='ocrx_word' id='word_1_246' title='bbox 1207 1655 1509 1712; x_wconf 70' lang='grc' dir='ltr'>ἐπισκήψασὲτε</span> <span class='ocrx_word' id='word_1_247' title='bbox 1539 1659 1641 1701; x_wconf 82' lang='lat' dir='ltr'><strong>ven.</strong></span> <span class='ocrx_word' id='word_1_248' title='bbox 1700 1658 1816 1699; x_wconf 88' lang='lat' dir='ltr'><strong>Idem</strong></span> <span class='ocrx_word' id='word_1_249' title='bbox 1843 1658 1968 1715; x_wconf 83' lang='lat' dir='ltr'><strong>paulo</strong></span> <span class='ocrx_word' id='word_1_250' title='bbox 1995 1667 2092 1714; x_wconf 89' lang='lat' dir='ltr'><strong>post</strong></span> <span class='ocrx_word' id='word_1_251' title='bbox 2120 1656 2217 1714; x_wconf 74' lang='grc' dir='ltr'>περὶ</span> <span class='ocrx_word' id='word_1_252' title='bbox 2244 1672 2399 1714; x_wconf 86' lang='grc' dir='ltr'>μαρτυ-</span> 
     </span>
     <span class='ocr_line' id='line_1_22' title="bbox 465 1718 2398 1787; baseline -0.001 -13"><span class='ocrx_word' id='word_1_253' title='bbox 465 1731 563 1787; x_wconf 78' lang='grc' dir='ltr'>ριῶν</span> <span class='ocrx_word' id='word_1_254' title='bbox 611 1730 713 1784; x_wconf 80' lang='grc' dir='ltr'>(τῶν</span> <span class='ocrx_word' id='word_1_255' title='bbox 740 1729 877 1783; x_wconf 84' lang='lat' dir='ltr'><strong>deest)</strong></span> <span class='ocrx_word' id='word_1_256' title='bbox 918 1728 991 1772; x_wconf 79' lang='grc' dir='ltr'>καὶ</span> <span class='ocrx_word' id='word_1_257' title='bbox 1032 1746 1053 1774; x_wconf 90' lang='lat'><em>0</em></span> <span class='ocrx_word' id='word_1_258' title='bbox 1087 1730 1197 1772; x_wconf 83' lang='grc' dir='ltr'><strong>Σαλ.</strong></span> <span class='ocrx_word' id='word_1_259' title='bbox 1227 1752 1282 1760; x_wconf 93' lang='lat'>—-</span> <span class='ocrx_word' id='word_1_260' title='bbox 1337 1728 1365 1769; x_wconf 94' lang='lat' dir='ltr'>l</span> <span class='ocrx_word' id='word_1_261' title='bbox 1392 1729 1461 1771; x_wconf 88' lang='lat'>29.</span> <span class='ocrx_word' id='word_1_262' title='bbox 1491 1743 1619 1784; x_wconf 89' lang='grc' dir='ltr'>ηυρεν</span> <span class='ocrx_word' id='word_1_263' title='bbox 1649 1730 1753 1773; x_wconf 90' lang='lat' dir='ltr'><strong>Ven.</strong></span> <span class='ocrx_word' id='word_1_264' title='bbox 1785 1755 1838 1761; x_wconf 92' lang='lat'><strong>—</strong></span> <span class='ocrx_word' id='word_1_265' title='bbox 1896 1729 1925 1771; x_wconf 93' lang='lat' dir='ltr'>l.</span> <span class='ocrx_word' id='word_1_266' title='bbox 1946 1728 1973 1772; x_wconf 90' lang='lat'><strong>6</strong></span> <span class='ocrx_word' id='word_1_267' title='bbox 1997 1730 2048 1781; x_wconf 77' lang='lat' dir='ltr'>ab</span> <span class='ocrx_word' id='word_1_268' title='bbox 2077 1729 2155 1772; x_wconf 83' lang='lat' dir='ltr'><strong>inf.</strong></span> <span class='ocrx_word' id='word_1_269' title='bbox 2185 1718 2398 1785; x_wconf 81' lang='grc' dir='ltr'>εἰρημένον</span> 
     </span>
     <span class='ocr_line' id='line_1_23' title="bbox 463 1795 2399 1856; baseline 0 -12"><span class='ocrx_word' id='word_1_270' title='bbox 463 1817 551 1844; x_wconf 83' lang='grc' dir='ltr'>ιιοιι</span> <span class='ocrx_word' id='word_1_271' title='bbox 589 1802 719 1843; x_wconf 87' lang='lat' dir='ltr'><strong>habet</strong></span> <span class='ocrx_word' id='word_1_272' title='bbox 757 1803 861 1844; x_wconf 87' lang='lat' dir='ltr'><strong>Ven.</strong></span> <span class='ocrx_word' id='word_1_273' title='bbox 889 1824 945 1832; x_wconf 92' lang='lat'>—-</span> <span class='ocrx_word' id='word_1_274' title='bbox 1012 1800 1040 1842; x_wconf 91' lang='lat' dir='ltr'>l.</span> <span class='ocrx_word' id='word_1_275' title='bbox 1067 1798 1094 1842; x_wconf 98' lang='grc'><strong>4</strong></span> <span class='ocrx_word' id='word_1_276' title='bbox 1123 1800 1174 1841; x_wconf 84' lang='lat' dir='ltr'>ab</span> <span class='ocrx_word' id='word_1_277' title='bbox 1200 1799 1276 1840; x_wconf 81' lang='lat' dir='ltr'><strong>inf.</strong></span> <span class='ocrx_word' id='word_1_278' title='bbox 1319 1798 1510 1844; x_wconf 85' lang='grc' dir='ltr'>κατέπιον</span> <span class='ocrx_word' id='word_1_279' title='bbox 1548 1797 1692 1856; x_wconf 84' lang='grc' dir='ltr'>ημᾶς·</span> <span class='ocrx_word' id='word_1_280' title='bbox 1737 1795 1821 1856; x_wconf 82' lang='grc' dir='ltr'>ἄρα</span> <span class='ocrx_word' id='word_1_281' title='bbox 1858 1798 1906 1846; x_wconf 78' lang='grc' dir='ltr'>τὸ</span> <span class='ocrx_word' id='word_1_282' title='bbox 1947 1795 2062 1856; x_wconf 71' lang='grc' dir='ltr'>ὕδωρ</span> <span class='ocrx_word' id='word_1_283' title='bbox 2088 1798 2399 1856; x_wconf 81' lang='grc' dir='ltr'>κατεπόντησεν</span> 
     </span>
     <span class='ocr_line' id='line_1_24' title="bbox 465 1869 2398 1930; baseline -0.001 -16"><span class='ocrx_word' id='word_1_284' title='bbox 465 1874 570 1930; x_wconf 87' lang='lat' dir='ltr'><strong>(sic,</strong></span> <span class='ocrx_word' id='word_1_285' title='bbox 602 1887 679 1929; x_wconf 90' lang='lat' dir='ltr'>pro</span> <span class='ocrx_word' id='word_1_286' title='bbox 707 1869 1016 1926; x_wconf 85' lang='grc' dir='ltr'>κατεπόντισεν)</span> <span class='ocrx_word' id='word_1_287' title='bbox 1046 1870 1193 1927; x_wconf 82' lang='grc' dir='ltr'>ημᾶς,</span> <span class='ocrx_word' id='word_1_288' title='bbox 1223 1870 1446 1927; x_wconf 82' lang='grc' dir='ltr'>χείμαρρον</span> <span class='ocrx_word' id='word_1_289' title='bbox 1478 1871 1558 1928; x_wconf 83' lang='lat' dir='ltr'><strong>(ita</strong></span> <span class='ocrx_word' id='word_1_290' title='bbox 1590 1873 1679 1913; x_wconf 85' lang='lat' dir='ltr'><strong>Bas.</strong></span> <span class='ocrx_word' id='word_1_291' title='bbox 1711 1885 1874 1928; x_wconf 87' lang='lat' dir='ltr'><strong>quoque</strong></span> <span class='ocrx_word' id='word_1_292' title='bbox 1901 1872 2202 1916; x_wconf 82' lang='lat' dir='ltr'><strong>restituendum</strong></span> <span class='ocrx_word' id='word_1_293' title='bbox 2229 1871 2398 1928; x_wconf 84' lang='lat' dir='ltr'><strong>suadet)</strong></span> 
     </span>
     <span class='ocr_line' id='line_1_25' title="bbox 464 1945 967 2000; baseline -0.01 -11"><span class='ocrx_word' id='word_1_294' title='bbox 464 1946 637 2000; x_wconf 61' lang='grc' dir='ltr'>διῆλὲεν</span> <span class='ocrx_word' id='word_1_295' title='bbox 667 1952 790 2000; x_wconf 85' lang='lat' dir='ltr'><strong>auget</strong></span> <span class='ocrx_word' id='word_1_296' title='bbox 820 1945 967 1986; x_wconf 89' lang='lat' dir='ltr'><strong>Venet.</strong></span> 
     </span>
    </p>

    <p class='ocr_par' dir='ltr' id='par_1_5' title="bbox 463 2012 2401 2997">
     <span class='ocr_line' id='line_1_26' title="bbox 576 2012 2397 2074; baseline -0.003 -12"><span class='ocrx_word' id='word_1_297' title='bbox 576 2017 710 2074; x_wconf 69' lang='lat' dir='ltr'><strong>Peg.</strong></span> <span class='ocrx_word' id='word_1_298' title='bbox 735 2016 864 2062; x_wconf 81' lang='lat'><strong>318.</strong></span> <span class='ocrx_word' id='word_1_299' title='bbox 919 2015 948 2056; x_wconf 95' lang='lat'>1.</span> <span class='ocrx_word' id='word_1_300' title='bbox 974 2013 1012 2058; x_wconf 93' lang='lat'>6.</span> <span class='ocrx_word' id='word_1_301' title='bbox 1043 2014 1181 2057; x_wconf 82' lang='lat' dir='ltr'><strong>Verba</strong></span> <span class='ocrx_word' id='word_1_302' title='bbox 1211 2012 1310 2059; x_wconf 56' lang='grc' dir='ltr'>ἔθου</span> <span class='ocrx_word' id='word_1_303' title='bbox 1340 2014 1507 2068; x_wconf 58' lang='grc' dir='ltr'>θλίψεις</span> <span class='ocrx_word' id='word_1_304' title='bbox 1542 2013 1611 2058; x_wconf 76' lang='grc' dir='ltr'>ἐπὶ</span> <span class='ocrx_word' id='word_1_305' title='bbox 1651 2013 1722 2060; x_wconf 84' lang='grc' dir='ltr'>τόν</span> <span class='ocrx_word' id='word_1_306' title='bbox 1761 2016 1887 2060; x_wconf 77' lang='grc' dir='ltr'>νῶτον</span> <span class='ocrx_word' id='word_1_307' title='bbox 1931 2013 2056 2070; x_wconf 78' lang='grc' dir='ltr'>ημῶν</span> <span class='ocrx_word' id='word_1_308' title='bbox 2094 2029 2180 2057; x_wconf 88' lang='grc' dir='ltr'>ιιοιι</span> <span class='ocrx_word' id='word_1_309' title='bbox 2208 2013 2397 2071; x_wconf 83' lang='lat' dir='ltr'><strong>agnoscit</strong></span> 
     </span>
     <span class='ocr_line' id='line_1_27' title="bbox 464 2084 2398 2143; baseline 0.001 -15"><span class='ocrx_word' id='word_1_310' title='bbox 464 2089 614 2128; x_wconf 89' lang='lat' dir='ltr'><strong>Venet.</strong></span> <span class='ocrx_word' id='word_1_311' title='bbox 642 2111 699 2119; x_wconf 94' lang='grc'>-</span> <span class='ocrx_word' id='word_1_312' title='bbox 754 2087 783 2128; x_wconf 91' lang='lat' dir='ltr'>l.</span> <span class='ocrx_word' id='word_1_313' title='bbox 807 2088 846 2131; x_wconf 89' lang='lat'>7-</span> <span class='ocrx_word' id='word_1_314' title='bbox 878 2088 979 2128; x_wconf 87' lang='lat' dir='ltr'><strong>Post</strong></span> <span class='ocrx_word' id='word_1_315' title='bbox 1008 2084 1273 2143; x_wconf 58' lang='lat' dir='ltr'>&amp;xssktssdvreg</span> <span class='ocrx_word' id='word_1_316' title='bbox 1302 2100 1461 2142; x_wconf 89' lang='lat' dir='ltr'><strong>repone</strong></span> <span class='ocrx_word' id='word_1_317' title='bbox 1495 2086 1621 2128; x_wconf 87' lang='lat' dir='ltr'><strong>verba</strong></span> <span class='ocrx_word' id='word_1_318' title='bbox 1658 2101 1763 2141; x_wconf 88' lang='lat' dir='ltr'><strong>quae</strong></span> <span class='ocrx_word' id='word_1_319' title='bbox 1793 2085 2034 2128; x_wconf 85' lang='lat' dir='ltr'><strong>exciderunt</strong></span> <span class='ocrx_word' id='word_1_320' title='bbox 2072 2086 2147 2130; x_wconf 75' lang='grc' dir='ltr'>καὶ</span> <span class='ocrx_word' id='word_1_321' title='bbox 2178 2085 2398 2141; x_wconf 55' lang='grc' dir='ltr'>πυρωθέν-</span> 
     </span>
     <span class='ocr_line' id='line_1_28' title="bbox 463 2152 2399 2215; baseline 0.001 -14"><span class='ocrx_word' id='word_1_322' title='bbox 463 2175 545 2210; x_wconf 91' lang='grc' dir='ltr'><strong>τες.</strong></span> <span class='ocrx_word' id='word_1_323' title='bbox 585 2184 635 2192; x_wconf 87' lang='lat'>—-</span> <span class='ocrx_word' id='word_1_324' title='bbox 694 2160 722 2202; x_wconf 83' lang='lat'>1.</span> <span class='ocrx_word' id='word_1_325' title='bbox 751 2159 791 2201; x_wconf 90' lang='grc'>8.</span> <span class='ocrx_word' id='word_1_326' title='bbox 821 2155 902 2213; x_wconf 90' lang='grc' dir='ltr'>γάρ</span> <span class='ocrx_word' id='word_1_327' title='bbox 931 2172 998 2212; x_wconf 89' lang='grc' dir='ltr'>με,</span> <span class='ocrx_word' id='word_1_328' title='bbox 1030 2157 1140 2213; x_wconf 79' lang='grc' dir='ltr'>φησὶ</span> <span class='ocrx_word' id='word_1_329' title='bbox 1166 2159 1270 2199; x_wconf 88' lang='lat' dir='ltr'><strong>Ven.</strong></span> <span class='ocrx_word' id='word_1_330' title='bbox 1329 2157 1500 2199; x_wconf 90' lang='lat' dir='ltr'><strong>Ideml.</strong></span> <span class='ocrx_word' id='word_1_331' title='bbox 1523 2156 1562 2200; x_wconf 91' lang='lat'>9.</span> <span class='ocrx_word' id='word_1_332' title='bbox 1593 2154 1714 2201; x_wconf 78' lang='grc' dir='ltr'>καὶο</span> <span class='ocrx_word' id='word_1_333' title='bbox 1739 2152 1950 2215; x_wconf 80' lang='grc' dir='ltr'>Ἀβραὰμ.</span> <span class='ocrx_word' id='word_1_334' title='bbox 1982 2182 2036 2189; x_wconf 91' lang='grc'>-</span> <span class='ocrx_word' id='word_1_335' title='bbox 2094 2153 2399 2214; x_wconf 78' lang='grc' dir='ltr'><strong>1.13.ὄἸῶβ</strong></span> 
     </span>
     <span class='ocr_line' id='line_1_29' title="bbox 463 2222 2401 2284; baseline -0.001 -10"><span class='ocrx_word' id='word_1_336' title='bbox 463 2234 568 2275; x_wconf 89' lang='lat' dir='ltr'><strong>Ven.</strong></span> <span class='ocrx_word' id='word_1_337' title='bbox 597 2256 652 2263; x_wconf 93' lang='lat'>—</span> <span class='ocrx_word' id='word_1_338' title='bbox 709 2231 736 2272; x_wconf 90' lang='lat'>1.</span> <span class='ocrx_word' id='word_1_339' title='bbox 760 2226 823 2272; x_wconf 87' lang='grc'>14.</span> <span class='ocrx_word' id='word_1_340' title='bbox 856 2229 1030 2279; x_wconf 90' lang='grc' dir='ltr'>λέλακος</span> <span class='ocrx_word' id='word_1_341' title='bbox 1054 2243 1131 2284; x_wconf 90' lang='lat' dir='ltr'>pro</span> <span class='ocrx_word' id='word_1_342' title='bbox 1159 2228 1356 2278; x_wconf 85' lang='grc' dir='ltr'>λαίλαπος</span> <span class='ocrx_word' id='word_1_343' title='bbox 1384 2229 1512 2270; x_wconf 85' lang='lat' dir='ltr'><strong>habet</strong></span> <span class='ocrx_word' id='word_1_344' title='bbox 1540 2230 1629 2270; x_wconf 86' lang='lat' dir='ltr'><strong>Bas.</strong></span> <span class='ocrx_word' id='word_1_345' title='bbox 1659 2252 1716 2261; x_wconf 88' lang='lat'>—</span> <span class='ocrx_word' id='word_1_346' title='bbox 1776 2228 1803 2269; x_wconf 92' lang='lat' dir='ltr'>l.</span> <span class='ocrx_word' id='word_1_347' title='bbox 1827 2229 1892 2272; x_wconf 91' lang='lat'>15.</span> <span class='ocrx_word' id='word_1_348' title='bbox 1925 2223 2055 2272; x_wconf 81' lang='grc' dir='ltr'>αυτοῦ</span> <span class='ocrx_word' id='word_1_349' title='bbox 2083 2230 2155 2273; x_wconf 82' lang='grc' dir='ltr'>τοῦ</span> <span class='ocrx_word' id='word_1_350' title='bbox 2184 2229 2309 2284; x_wconf 56' lang='grc' dir='ltr'>θεοῦ,</span> <span class='ocrx_word' id='word_1_351' title='bbox 2327 2222 2401 2277; x_wconf 62' lang='lat' dir='ltr'>”H</span> 
     </span>
     <span class='ocr_line' id='line_1_30' title="bbox 464 2296 2398 2358; baseline -0.002 -13"><span class='ocrx_word' id='word_1_352' title='bbox 464 2302 579 2358; x_wconf 91' lang='lat' dir='ltr'><strong>(cod.</strong></span> <span class='ocrx_word' id='word_1_353' title='bbox 602 2299 651 2357; x_wconf 83' lang='grc' dir='ltr'>η)</span> <span class='ocrx_word' id='word_1_354' title='bbox 677 2302 753 2346; x_wconf 78' lang='grc' dir='ltr'>οἴει</span> <span class='ocrx_word' id='word_1_355' title='bbox 777 2315 829 2356; x_wconf 90' lang='grc' dir='ltr'>με</span> <span class='ocrx_word' id='word_1_356' title='bbox 855 2302 960 2343; x_wconf 89' lang='lat' dir='ltr'><strong>Ven.</strong></span> <span class='ocrx_word' id='word_1_357' title='bbox 1018 2300 1135 2341; x_wconf 89' lang='lat' dir='ltr'><strong>Idem</strong></span> <span class='ocrx_word' id='word_1_358' title='bbox 1165 2300 1190 2341; x_wconf 93' lang='lat' dir='ltr'>l.</span> <span class='ocrx_word' id='word_1_359' title='bbox 1212 2299 1276 2343; x_wconf 91' lang='grc'>16.</span> <span class='ocrx_word' id='word_1_360' title='bbox 1303 2299 1371 2343; x_wconf 72' lang='grc' dir='ltr'>ἵνα</span> <span class='ocrx_word' id='word_1_361' title='bbox 1399 2296 1632 2357; x_wconf 84' lang='grc' dir='ltr'>άναφανης,</span> <span class='ocrx_word' id='word_1_362' title='bbox 1664 2300 1756 2342; x_wconf 87' lang='lat' dir='ltr'><strong>etl.</strong></span> <span class='ocrx_word' id='word_1_363' title='bbox 1782 2300 1846 2344; x_wconf 87' lang='lat'><strong>17.</strong></span> <span class='ocrx_word' id='word_1_364' title='bbox 1878 2315 1937 2350; x_wconf 87' lang='grc' dir='ltr'>ως</span> <span class='ocrx_word' id='word_1_365' title='bbox 1961 2300 2143 2358; x_wconf 84' lang='grc' dir='ltr'>χρυσίον.</span> <span class='ocrx_word' id='word_1_366' title='bbox 2178 2323 2229 2332; x_wconf 91' lang='grc'>-</span> <span class='ocrx_word' id='word_1_367' title='bbox 2286 2299 2316 2342; x_wconf 92' lang='lat'>1.</span> <span class='ocrx_word' id='word_1_368' title='bbox 2331 2299 2398 2342; x_wconf 90' lang='grc'>21.</span> 
     </span>
     <span class='ocr_line' id='line_1_31' title="bbox 463 2369 2399 2427; baseline -0.003 -8"><span class='ocrx_word' id='word_1_369' title='bbox 463 2373 540 2424; x_wconf 78' lang='grc' dir='ltr'>δὸς</span> <span class='ocrx_word' id='word_1_370' title='bbox 567 2374 694 2417; x_wconf 80' lang='grc' dir='ltr'>εἰπεῖν</span> <span class='ocrx_word' id='word_1_371' title='bbox 723 2374 831 2415; x_wconf 90' lang='lat' dir='ltr'><strong>Ven.</strong></span> <span class='ocrx_word' id='word_1_372' title='bbox 890 2373 1006 2413; x_wconf 92' lang='lat' dir='ltr'><strong>Idem</strong></span> <span class='ocrx_word' id='word_1_373' title='bbox 1035 2371 1159 2427; x_wconf 81' lang='lat' dir='ltr'><strong>paulo</strong></span> <span class='ocrx_word' id='word_1_374' title='bbox 1195 2380 1292 2426; x_wconf 88' lang='lat' dir='ltr'><strong>post</strong></span> <span class='ocrx_word' id='word_1_375' title='bbox 1318 2370 1640 2426; x_wconf 87' lang='grc' dir='ltr'>παντοκράτωρ,</span> <span class='ocrx_word' id='word_1_376' title='bbox 1673 2387 1693 2415; x_wconf 94' lang='grc' dir='ltr'>ο</span> <span class='ocrx_word' id='word_1_377' title='bbox 1719 2370 1864 2427; x_wconf 85' lang='grc' dir='ltr'>μέγας,</span> <span class='ocrx_word' id='word_1_378' title='bbox 1899 2388 1919 2415; x_wconf 93' lang='grc' dir='ltr'>ο</span> <span class='ocrx_word' id='word_1_379' title='bbox 1950 2369 2127 2420; x_wconf 80' lang='grc' dir='ltr'>αἰώνιος.</span> <span class='ocrx_word' id='word_1_380' title='bbox 2159 2395 2214 2403; x_wconf 89' lang='grc'>-</span> <span class='ocrx_word' id='word_1_381' title='bbox 2269 2370 2298 2412; x_wconf 92' lang='lat'>1.</span> <span class='ocrx_word' id='word_1_382' title='bbox 2330 2370 2399 2415; x_wconf 85' lang='grc'>23.</span> 
     </span>
     <span class='ocr_line' id='line_1_32' title="bbox 464 2439 2397 2499; baseline -0.003 -11"><span class='ocrx_word' id='word_1_383' title='bbox 464 2444 538 2488; x_wconf 72' lang='grc' dir='ltr'>καὶ</span> <span class='ocrx_word' id='word_1_384' title='bbox 565 2445 649 2488; x_wconf 79' lang='grc' dir='ltr'>τῶν</span> <span class='ocrx_word' id='word_1_385' title='bbox 681 2440 1009 2499; x_wconf 77' lang='grc' dir='ltr'>ῥημάτων’(εἰο)</span> <span class='ocrx_word' id='word_1_386' title='bbox 1041 2442 1101 2491; x_wconf 86' lang='grc' dir='ltr'>εἰς</span> <span class='ocrx_word' id='word_1_387' title='bbox 1130 2440 1208 2497; x_wconf 70' lang='grc' dir='ltr'>τήν</span> <span class='ocrx_word' id='word_1_388' title='bbox 1241 2456 1387 2485; x_wconf 89' lang='grc' dir='ltr'>καυστ.</span> <span class='ocrx_word' id='word_1_389' title='bbox 1414 2442 1762 2499; x_wconf 59' lang='grc' dir='ltr'>μεταβληὲέντων</span> <span class='ocrx_word' id='word_1_390' title='bbox 1794 2440 1920 2498; x_wconf 78' lang='grc' dir='ltr'>φύσιν</span> <span class='ocrx_word' id='word_1_391' title='bbox 1949 2439 2266 2494; x_wconf 71' lang='grc' dir='ltr'>ὁπεξαλύσαντα</span> <span class='ocrx_word' id='word_1_392' title='bbox 2291 2443 2397 2486; x_wconf 76' lang='lat' dir='ltr'><strong>Ven-</strong></span> 
     </span>
     <span class='ocr_line' id='line_1_33' title="bbox 463 2508 2400 2571; baseline -0.002 -14"><span class='ocrx_word' id='word_1_393' title='bbox 463 2519 510 2557; x_wconf 90' lang='lat' dir='ltr'>In</span> <span class='ocrx_word' id='word_1_394' title='bbox 542 2518 632 2556; x_wconf 86' lang='lat' dir='ltr'><strong>Bas.</strong></span> <span class='ocrx_word' id='word_1_395' title='bbox 661 2524 723 2556; x_wconf 86' lang='lat' dir='ltr'>est</span> <span class='ocrx_word' id='word_1_396' title='bbox 749 2511 1067 2568; x_wconf 70' lang='grc' dir='ltr'>ιῖπεξαληξαντι.</span> <span class='ocrx_word' id='word_1_397' title='bbox 1096 2538 1147 2544; x_wconf 83' lang='lat'>-</span> <span class='ocrx_word' id='word_1_398' title='bbox 1207 2513 1236 2554; x_wconf 96' lang='lat' dir='ltr'>l.</span> <span class='ocrx_word' id='word_1_399' title='bbox 1260 2511 1326 2555; x_wconf 90' lang='grc'>24.</span> <span class='ocrx_word' id='word_1_400' title='bbox 1359 2510 1566 2569; x_wconf 76' lang='grc' dir='ltr'>ἐξήγαγες</span> <span class='ocrx_word' id='word_1_401' title='bbox 1591 2511 1710 2569; x_wconf 62' lang='grc' dir='ltr'>ἡμᾶς</span> <span class='ocrx_word' id='word_1_402' title='bbox 1737 2513 1798 2563; x_wconf 87' lang='grc' dir='ltr'>εἰς</span> <span class='ocrx_word' id='word_1_403' title='bbox 1823 2509 2030 2571; x_wconf 83' lang='grc' dir='ltr'>οἷνάψυχιν</span> <span class='ocrx_word' id='word_1_404' title='bbox 2058 2508 2318 2570; x_wconf 74' lang='grc' dir='ltr'>(ἀναψυχὴν,</span> <span class='ocrx_word' id='word_1_405' title='bbox 2346 2527 2400 2554; x_wconf 85' lang='lat' dir='ltr'>an</span> 
     </span>
     <span class='ocr_line' id='line_1_34' title="bbox 464 2582 2398 2640; baseline 0.001 -15"><span class='ocrx_word' id='word_1_406' title='bbox 464 2583 667 2639; x_wconf 71' lang='grc' dir='ltr'>ἅνάῲυξιν</span> <span class='ocrx_word' id='word_1_407' title='bbox 682 2585 738 2639; x_wconf 84' lang='lat'><strong>‘?).</strong></span> <span class='ocrx_word' id='word_1_408' title='bbox 796 2585 873 2638; x_wconf 75' lang='grc' dir='ltr'>Σῆ</span> <span class='ocrx_word' id='word_1_409' title='bbox 906 2585 965 2640; x_wconf 82' lang='grc' dir='ltr'>(Ιι.</span> <span class='ocrx_word' id='word_1_410' title='bbox 993 2599 1026 2624; x_wconf 92' lang='lat' dir='ltr'>e.</span> <span class='ocrx_word' id='word_1_411' title='bbox 1058 2582 1131 2639; x_wconf 78' lang='grc' dir='ltr'>Σῆ</span> <span class='ocrx_word' id='word_1_412' title='bbox 1148 2615 1161 2634; x_wconf 86' lang='grc'>,</span> <span class='ocrx_word' id='word_1_413' title='bbox 1191 2593 1237 2625; x_wconf 89' lang='lat' dir='ltr'>ut</span> <span class='ocrx_word' id='word_1_414' title='bbox 1262 2583 1392 2639; x_wconf 85' lang='lat' dir='ltr'><strong>edidi)</strong></span> <span class='ocrx_word' id='word_1_415' title='bbox 1419 2583 1499 2640; x_wconf 84' lang='grc' dir='ltr'>γὰρ</span> <span class='ocrx_word' id='word_1_416' title='bbox 1530 2585 1633 2626; x_wconf 85' lang='lat' dir='ltr'><strong>ven.</strong></span> <span class='ocrx_word' id='word_1_417' title='bbox 1692 2585 1818 2626; x_wconf 81' lang='lat' dir='ltr'><strong>Paulo</strong></span> <span class='ocrx_word' id='word_1_418' title='bbox 1845 2593 1944 2640; x_wconf 91' lang='lat' dir='ltr'><strong>post</strong></span> <span class='ocrx_word' id='word_1_419' title='bbox 1971 2583 2130 2640; x_wconf 80' lang='lat' dir='ltr'><strong>corrige</strong></span> <span class='ocrx_word' id='word_1_420' title='bbox 2156 2600 2207 2626; x_wconf 86' lang='lat' dir='ltr'>ex</span> <span class='ocrx_word' id='word_1_421' title='bbox 2235 2586 2398 2631; x_wconf 88' lang='lat' dir='ltr'><strong>Veneto</strong></span> 
     </span>
     <span class='ocr_line' id='line_1_35' title="bbox 465 2651 2400 2715; baseline -0.003 -14"><span class='ocrx_word' id='word_1_422' title='bbox 465 2656 536 2701; x_wconf 80' lang='grc' dir='ltr'>ἐὰν</span> <span class='ocrx_word' id='word_1_423' title='bbox 565 2656 797 2715; x_wconf 81' lang='grc' dir='ltr'>διαβαίνῃς.</span> <span class='ocrx_word' id='word_1_424' title='bbox 826 2680 876 2687; x_wconf 86' lang='grc'>-</span> <span class='ocrx_word' id='word_1_425' title='bbox 934 2655 961 2695; x_wconf 92' lang='lat' dir='ltr'>l.</span> <span class='ocrx_word' id='word_1_426' title='bbox 985 2654 1053 2697; x_wconf 85' lang='grc'>25.</span> <span class='ocrx_word' id='word_1_427' title='bbox 1094 2655 1167 2698; x_wconf 80' lang='grc' dir='ltr'>καὶ</span> <span class='ocrx_word' id='word_1_428' title='bbox 1198 2654 1417 2711; x_wconf 78' lang='grc' dir='ltr'>διαβαίνῃς</span> <span class='ocrx_word' id='word_1_429' title='bbox 1455 2657 1558 2697; x_wconf 86' lang='lat' dir='ltr'><strong>Ven.</strong></span> <span class='ocrx_word' id='word_1_430' title='bbox 1589 2679 1644 2688; x_wconf 90' lang='lat'>—-</span> <span class='ocrx_word' id='word_1_431' title='bbox 1700 2656 1729 2697; x_wconf 91' lang='lat' dir='ltr'>l.</span> <span class='ocrx_word' id='word_1_432' title='bbox 1754 2656 1821 2700; x_wconf 89' lang='grc'>27.</span> <span class='ocrx_word' id='word_1_433' title='bbox 1856 2658 1954 2697; x_wconf 89' lang='lat' dir='ltr'><strong>Post</strong></span> <span class='ocrx_word' id='word_1_434' title='bbox 1979 2651 2027 2700; x_wconf 72' lang='grc' dir='ltr'>οὗ</span> <span class='ocrx_word' id='word_1_435' title='bbox 2058 2653 2120 2712; x_wconf 70' lang='grc' dir='ltr'>μὴ</span> <span class='ocrx_word' id='word_1_436' title='bbox 2158 2654 2400 2712; x_wconf 81' lang='lat' dir='ltr'><strong>reponenda</strong></span> 
     </span>
     <span class='ocr_line' id='line_1_36' title="bbox 465 2723 2399 2783; baseline 0 -13"><span class='ocrx_word' id='word_1_437' title='bbox 465 2737 561 2770; x_wconf 89' lang='lat' dir='ltr'><strong>sunt</strong></span> <span class='ocrx_word' id='word_1_438' title='bbox 589 2728 714 2769; x_wconf 79' lang='lat' dir='ltr'><strong>verba</strong></span> <span class='ocrx_word' id='word_1_439' title='bbox 743 2727 1033 2783; x_wconf 60' lang='grc' dir='ltr'>κατακαυθῇς,</span> <span class='ocrx_word' id='word_1_440' title='bbox 1064 2724 1171 2781; x_wconf 78' lang='grc' dir='ltr'>φλὸξ</span> <span class='ocrx_word' id='word_1_441' title='bbox 1198 2723 1260 2781; x_wconf 68' lang='grc' dir='ltr'>οὐ,</span> <span class='ocrx_word' id='word_1_442' title='bbox 1290 2741 1395 2782; x_wconf 84' lang='lat' dir='ltr'><strong>quae</strong></span> <span class='ocrx_word' id='word_1_443' title='bbox 1423 2727 1680 2769; x_wconf 83' lang='lat' dir='ltr'><strong>exciderunt.</strong></span> <span class='ocrx_word' id='word_1_444' title='bbox 1744 2729 1789 2768; x_wconf 92' lang='lat' dir='ltr'>In</span> <span class='ocrx_word' id='word_1_445' title='bbox 1818 2729 1922 2768; x_wconf 84' lang='lat' dir='ltr'><strong>Ven.</strong></span> <span class='ocrx_word' id='word_1_446' title='bbox 1954 2727 2105 2783; x_wconf 84' lang='lat' dir='ltr'><strong>legitur</strong></span> <span class='ocrx_word' id='word_1_447' title='bbox 2130 2724 2177 2771; x_wconf 77' lang='grc' dir='ltr'>οὗ</span> <span class='ocrx_word' id='word_1_448' title='bbox 2203 2725 2263 2783; x_wconf 75' lang='grc' dir='ltr'>μή</span> <span class='ocrx_word' id='word_1_449' title='bbox 2297 2741 2399 2770; x_wconf 88' lang='grc' dir='ltr'>καυ-</span> 
     </span>
     <span class='ocr_line' id='line_1_37' title="bbox 466 2793 2398 2856; baseline -0.001 -16"><span class='ocrx_word' id='word_1_450' title='bbox 466 2798 550 2854; x_wconf 69' lang='grc' dir='ltr'>ἓιής</span> <span class='ocrx_word' id='word_1_451' title='bbox 581 2800 703 2855; x_wconf 87' lang='lat' dir='ltr'><strong>(sie),</strong></span> <span class='ocrx_word' id='word_1_452' title='bbox 751 2796 859 2854; x_wconf 79' lang='grc' dir='ltr'>φλὸξ</span> <span class='ocrx_word' id='word_1_453' title='bbox 883 2794 931 2841; x_wconf 75' lang='grc' dir='ltr'>οὔ</span> <span class='ocrx_word' id='word_1_454' title='bbox 957 2796 1242 2841; x_wconf 76' lang='grc' dir='ltr'>κατακαύσειέ</span> <span class='ocrx_word' id='word_1_455' title='bbox 1271 2812 1319 2841; x_wconf 90' lang='grc' dir='ltr'>σε</span> <span class='ocrx_word' id='word_1_456' title='bbox 1336 2830 1349 2847; x_wconf 89' lang='grc'>,</span> <span class='ocrx_word' id='word_1_457' title='bbox 1389 2794 1520 2841; x_wconf 78' lang='grc' dir='ltr'>Ἀλλὰ</span> <span class='ocrx_word' id='word_1_458' title='bbox 1546 2800 1634 2841; x_wconf 90' lang='grc' dir='ltr'><strong>κτλ.</strong></span> <span class='ocrx_word' id='word_1_459' title='bbox 1676 2822 1720 2830; x_wconf 87' lang='lat'>-</span> <span class='ocrx_word' id='word_1_460' title='bbox 1778 2798 1805 2839; x_wconf 93' lang='lat' dir='ltr'>l.</span> <span class='ocrx_word' id='word_1_461' title='bbox 1826 2798 1893 2842; x_wconf 89' lang='grc'>28.</span> <span class='ocrx_word' id='word_1_462' title='bbox 1924 2793 2016 2848; x_wconf 81' lang='grc' dir='ltr'>ἅλις</span> <span class='ocrx_word' id='word_1_463' title='bbox 2041 2798 2129 2856; x_wconf 81' lang='grc' dir='ltr'>ἔχει</span> <span class='ocrx_word' id='word_1_464' title='bbox 2155 2813 2239 2840; x_wconf 89' lang='grc' dir='ltr'>ιιοιι</span> <span class='ocrx_word' id='word_1_465' title='bbox 2266 2811 2398 2854; x_wconf 80' lang='lat' dir='ltr'><strong>agno-</strong></span> 
     </span>
     <span class='ocr_line' id='line_1_38' title="bbox 466 2860 2399 2924; baseline -0.001 -12"><span class='ocrx_word' id='word_1_466' title='bbox 466 2872 544 2913; x_wconf 86' lang='lat' dir='ltr'><strong>scit</strong></span> <span class='ocrx_word' id='word_1_467' title='bbox 573 2873 674 2912; x_wconf 89' lang='lat' dir='ltr'><strong>Ven.</strong></span> <span class='ocrx_word' id='word_1_468' title='bbox 737 2870 852 2910; x_wconf 91' lang='lat' dir='ltr'><strong>Idem</strong></span> <span class='ocrx_word' id='word_1_469' title='bbox 882 2869 910 2909; x_wconf 91' lang='lat'>1.</span> <span class='ocrx_word' id='word_1_470' title='bbox 929 2868 994 2911; x_wconf 90' lang='lat'>29.</span> <span class='ocrx_word' id='word_1_471' title='bbox 1034 2869 1211 2924; x_wconf 85' lang='lat' dir='ltr'><strong>praebet</strong></span> <span class='ocrx_word' id='word_1_472' title='bbox 1243 2866 1540 2924; x_wconf 84' lang='grc' dir='ltr'>πολυμόρφοις.</span> <span class='ocrx_word' id='word_1_473' title='bbox 1585 2893 1640 2901; x_wconf 87' lang='grc'>-</span> <span class='ocrx_word' id='word_1_474' title='bbox 1697 2869 1723 2910; x_wconf 96' lang='lat' dir='ltr'>l.</span> <span class='ocrx_word' id='word_1_475' title='bbox 1750 2866 1778 2912; x_wconf 90' lang='grc'><strong>4</strong></span> <span class='ocrx_word' id='word_1_476' title='bbox 1801 2869 1853 2911; x_wconf 85' lang='lat' dir='ltr'>ab</span> <span class='ocrx_word' id='word_1_477' title='bbox 1879 2870 1957 2911; x_wconf 84' lang='lat' dir='ltr'><strong>inf.</strong></span> <span class='ocrx_word' id='word_1_478' title='bbox 2007 2860 2200 2924; x_wconf 78' lang='grc' dir='ltr'>σαρκῖνος</span> <span class='ocrx_word' id='word_1_479' title='bbox 2239 2871 2326 2912; x_wconf 83' lang='lat' dir='ltr'><strong>Bas.</strong></span> <span class='ocrx_word' id='word_1_480' title='bbox 2354 2876 2399 2911; x_wconf 87' lang='lat' dir='ltr'>et</span> 
     </span>
     <span class='ocr_line' id='line_1_39' title="bbox 465 2939 2356 2997; baseline -0.002 -12"><span class='ocrx_word' id='word_1_481' title='bbox 465 2945 587 2993; x_wconf 86' lang='lat' dir='ltr'><strong>Ven.‚</strong></span> <span class='ocrx_word' id='word_1_482' title='bbox 620 2941 688 2997; x_wconf 89' lang='lat' dir='ltr'>qui</span> <span class='ocrx_word' id='word_1_483' title='bbox 715 2941 772 2982; x_wconf 81' lang='lat' dir='ltr'>ita</span> <span class='ocrx_word' id='word_1_484' title='bbox 798 2940 926 2982; x_wconf 84' lang='lat' dir='ltr'><strong>etiam</strong></span> <span class='ocrx_word' id='word_1_485' title='bbox 953 2949 1114 2995; x_wconf 87' lang='lat' dir='ltr'><strong>postea.</strong></span> <span class='ocrx_word' id='word_1_486' title='bbox 1147 2964 1203 2972; x_wconf 88' lang='lat'>—-</span> <span class='ocrx_word' id='word_1_487' title='bbox 1259 2940 1287 2982; x_wconf 93' lang='lat'>1.</span> <span class='ocrx_word' id='word_1_488' title='bbox 1315 2941 1353 2983; x_wconf 89' lang='lat'>3.</span> <span class='ocrx_word' id='word_1_489' title='bbox 1385 2941 1437 2981; x_wconf 80' lang='lat' dir='ltr'>ab</span> <span class='ocrx_word' id='word_1_490' title='bbox 1466 2941 1540 2982; x_wconf 89' lang='lat' dir='ltr'><strong>inf.</strong></span> <span class='ocrx_word' id='word_1_491' title='bbox 1572 2939 1671 2995; x_wconf 79' lang='grc' dir='ltr'>καὶ,</span> <span class='ocrx_word' id='word_1_492' title='bbox 1702 2948 1798 2981; x_wconf 82' lang='lat' dir='ltr'><strong>ante</strong></span> <span class='ocrx_word' id='word_1_493' title='bbox 1827 2939 2111 2996; x_wconf 61' lang='grc' dir='ltr'>κυριεύεσὲαι,</span> <span class='ocrx_word' id='word_1_494' title='bbox 2143 2955 2224 2982; x_wconf 89' lang='lat' dir='ltr'>om.</span> <span class='ocrx_word' id='word_1_495' title='bbox 2252 2942 2356 2981; x_wconf 85' lang='lat' dir='ltr'><strong>Ven.</strong></span> 
     </span>
    </p>

    <p class='ocr_par' dir='ltr' id='par_1_6' title="bbox 467 3007 2397 3781">
     <span class='ocr_line' id='line_1_40' title="bbox 580 3007 2395 3070; baseline -0.002 -12"><span class='ocrx_word' id='word_1_496' title='bbox 580 3014 712 3070; x_wconf 78' lang='lat' dir='ltr'><strong>Pag.</strong></span> <span class='ocrx_word' id='word_1_497' title='bbox 745 3013 872 3057; x_wconf 75' lang='lat'><strong>320.</strong></span> <span class='ocrx_word' id='word_1_498' title='bbox 929 3011 955 3052; x_wconf 94' lang='lat' dir='ltr'>l.</span> <span class='ocrx_word' id='word_1_499' title='bbox 985 3014 1019 3052; x_wconf 96' lang='lat'>1.</span> <span class='ocrx_word' id='word_1_500' title='bbox 1050 3010 1098 3056; x_wconf 80' lang='grc' dir='ltr'>τὸ</span> <span class='ocrx_word' id='word_1_501' title='bbox 1119 3044 1129 3063; x_wconf 95' lang='grc'>,</span> <span class='ocrx_word' id='word_1_502' title='bbox 1161 3020 1257 3052; x_wconf 86' lang='lat' dir='ltr'><strong>ante</strong></span> <span class='ocrx_word' id='word_1_503' title='bbox 1292 3007 1412 3067; x_wconf 84' lang='grc' dir='ltr'>Ἐγώ</span> <span class='ocrx_word' id='word_1_504' title='bbox 1441 3009 1490 3056; x_wconf 76' lang='grc' dir='ltr'>δὲ</span> <span class='ocrx_word' id='word_1_505' title='bbox 1519 3016 1712 3066; x_wconf 78' lang='grc' dir='ltr'>σαρκῖνος</span> <span class='ocrx_word' id='word_1_506' title='bbox 1750 3012 1829 3068; x_wconf 88' lang='lat' dir='ltr'><strong>(sic</strong></span> <span class='ocrx_word' id='word_1_507' title='bbox 1860 3012 1968 3053; x_wconf 88' lang='lat' dir='ltr'><strong>enim</strong></span> <span class='ocrx_word' id='word_1_508' title='bbox 1998 3020 2062 3053; x_wconf 90' lang='lat' dir='ltr'>est</span> <span class='ocrx_word' id='word_1_509' title='bbox 2090 3012 2133 3053; x_wconf 91' lang='lat' dir='ltr'>in</span> <span class='ocrx_word' id='word_1_510' title='bbox 2155 3011 2284 3067; x_wconf 87' lang='lat' dir='ltr'><strong>Ven.)</strong></span> <span class='ocrx_word' id='word_1_511' title='bbox 2313 3025 2395 3054; x_wconf 89' lang='lat' dir='ltr'>om.</span> 
     </span>
     <span class='ocr_line' id='line_1_41' title="bbox 467 3074 2397 3139; baseline -0.002 -11"><span class='ocrx_word' id='word_1_512' title='bbox 467 3087 572 3129; x_wconf 79' lang='lat' dir='ltr'><strong>ven.</strong></span> <span class='ocrx_word' id='word_1_513' title='bbox 631 3084 746 3124; x_wconf 74' lang='lat' dir='ltr'><strong>mem</strong></span> <span class='ocrx_word' id='word_1_514' title='bbox 772 3083 799 3124; x_wconf 92' lang='lat'>1.</span> <span class='ocrx_word' id='word_1_515' title='bbox 824 3083 864 3125; x_wconf 81' lang='lat'>2.</span> <span class='ocrx_word' id='word_1_516' title='bbox 895 3078 1015 3139; x_wconf 74' lang='grc' dir='ltr'>Ἐγώ</span> <span class='ocrx_word' id='word_1_517' title='bbox 1042 3081 1090 3127; x_wconf 77' lang='grc' dir='ltr'>δὲ</span> <span class='ocrx_word' id='word_1_518' title='bbox 1119 3081 1234 3135; x_wconf 65' lang='grc' dir='ltr'><strong>ἔζων.</strong></span> <span class='ocrx_word' id='word_1_519' title='bbox 1262 3107 1315 3114; x_wconf 80' lang='grc'>-</span> <span class='ocrx_word' id='word_1_520' title='bbox 1351 3083 1399 3123; x_wconf 72' lang='grc'>,1.</span> <span class='ocrx_word' id='word_1_521' title='bbox 1421 3082 1460 3125; x_wconf 88' lang='lat'>3.</span> <span class='ocrx_word' id='word_1_522' title='bbox 1492 3084 1649 3138; x_wconf 79' lang='grc' dir='ltr'>Θαῦμα</span> <span class='ocrx_word' id='word_1_523' title='bbox 1677 3081 1750 3138; x_wconf 69' lang='grc' dir='ltr'>μὲν</span> <span class='ocrx_word' id='word_1_524' title='bbox 1776 3074 1845 3127; x_wconf 68' lang='grc' dir='ltr'>οὖν</span> <span class='ocrx_word' id='word_1_525' title='bbox 1868 3088 1957 3133; x_wconf 77' lang='grc' dir='ltr'>τοῖς</span> <span class='ocrx_word' id='word_1_526' title='bbox 1982 3085 2088 3124; x_wconf 75' lang='lat' dir='ltr'><strong>ven.</strong></span> <span class='ocrx_word' id='word_1_527' title='bbox 2149 3082 2264 3123; x_wconf 71' lang='lat' dir='ltr'>mem</span> <span class='ocrx_word' id='word_1_528' title='bbox 2291 3082 2397 3124; x_wconf 72' lang='lat' dir='ltr'><strong>liber</strong></span> 
     </span>
     <span class='ocr_line' id='line_1_42' title="bbox 467 3150 2396 3210; baseline 0.002 -16"><span class='ocrx_word' id='word_1_529' title='bbox 467 3156 580 3197; x_wconf 85' lang='lat' dir='ltr'><strong>delet</strong></span> <span class='ocrx_word' id='word_1_530' title='bbox 604 3169 692 3197; x_wconf 89' lang='lat' dir='ltr'><strong>voc.</strong></span> <span class='ocrx_word' id='word_1_531' title='bbox 722 3150 861 3199; x_wconf 68' lang='grc' dir='ltr'>αὐτῶν</span> <span class='ocrx_word' id='word_1_532' title='bbox 887 3163 985 3210; x_wconf 81' lang='lat' dir='ltr'><strong>post</strong></span> <span class='ocrx_word' id='word_1_533' title='bbox 1015 3154 1232 3210; x_wconf 84' lang='grc' dir='ltr'>λεγόντων,</span> <span class='ocrx_word' id='word_1_534' title='bbox 1262 3163 1304 3195; x_wconf 92' lang='lat' dir='ltr'>et</span> <span class='ocrx_word' id='word_1_535' title='bbox 1331 3154 1484 3196; x_wconf 85' lang='lat' dir='ltr'><strong>deinde</strong></span> <span class='ocrx_word' id='word_1_536' title='bbox 1510 3169 1600 3196; x_wconf 90' lang='lat' dir='ltr'><strong>voc.</strong></span> <span class='ocrx_word' id='word_1_537' title='bbox 1638 3151 1854 3206; x_wconf 62' lang='grc' dir='ltr'>ὑπεδύετο.</span> <span class='ocrx_word' id='word_1_538' title='bbox 1884 3179 1938 3186; x_wconf 90' lang='grc'>-</span> <span class='ocrx_word' id='word_1_539' title='bbox 1995 3154 2023 3195; x_wconf 94' lang='lat' dir='ltr'>l.</span> <span class='ocrx_word' id='word_1_540' title='bbox 2039 3151 2079 3196; x_wconf 88' lang='grc'>4.</span> <span class='ocrx_word' id='word_1_541' title='bbox 2110 3151 2396 3209; x_wconf 76' lang='grc' dir='ltr'>φανερώτερον</span> 
     </span>
     <span class='ocr_line' id='line_1_43' title="bbox 467 3223 2394 3281; baseline 0 -13"><span class='ocrx_word' id='word_1_542' title='bbox 467 3229 572 3269; x_wconf 91' lang='lat' dir='ltr'><strong>Ven.</strong></span> <span class='ocrx_word' id='word_1_543' title='bbox 605 3251 658 3258; x_wconf 92' lang='lat'>-</span> <span class='ocrx_word' id='word_1_544' title='bbox 717 3227 744 3267; x_wconf 93' lang='lat' dir='ltr'>l.</span> <span class='ocrx_word' id='word_1_545' title='bbox 770 3226 809 3269; x_wconf 91' lang='grc'>8.</span> <span class='ocrx_word' id='word_1_546' title='bbox 840 3223 1073 3280; x_wconf 83' lang='grc' dir='ltr'>οἷνατρέῴαι</span> <span class='ocrx_word' id='word_1_547' title='bbox 1099 3228 1204 3267; x_wconf 89' lang='lat' dir='ltr'><strong>Ven.</strong></span> <span class='ocrx_word' id='word_1_548' title='bbox 1236 3251 1288 3257; x_wconf 93' lang='lat'><strong>—</strong></span> <span class='ocrx_word' id='word_1_549' title='bbox 1334 3227 1363 3269; x_wconf 91' lang='lat'>1.</span> <span class='ocrx_word' id='word_1_550' title='bbox 1394 3228 1454 3269; x_wconf 92' lang='grc'>10.</span> <span class='ocrx_word' id='word_1_551' title='bbox 1487 3224 1748 3281; x_wconf 70' lang='grc' dir='ltr'>λοιδορήσεις</span> <span class='ocrx_word' id='word_1_552' title='bbox 1771 3223 1818 3269; x_wconf 82' lang='grc' dir='ltr'>τὸ</span> <span class='ocrx_word' id='word_1_553' title='bbox 1845 3224 2026 3280; x_wconf 61' lang='grc' dir='ltr'>έπῆλῦον</span> <span class='ocrx_word' id='word_1_554' title='bbox 2052 3227 2156 3267; x_wconf 88' lang='lat' dir='ltr'><strong>Ven.</strong></span> <span class='ocrx_word' id='word_1_555' title='bbox 2187 3249 2239 3256; x_wconf 91' lang='lat'><strong>—</strong></span> <span class='ocrx_word' id='word_1_556' title='bbox 2279 3225 2394 3268; x_wconf 83' lang='grc'><strong>1.13.</strong></span> 
     </span>
     <span class='ocr_line' id='line_1_44' title="bbox 470 3290 2396 3353; baseline -0.002 -11"><span class='ocrx_word' id='word_1_557' title='bbox 470 3295 693 3353; x_wconf 77' lang='grc' dir='ltr'>σώματος,</span> <span class='ocrx_word' id='word_1_558' title='bbox 726 3296 817 3341; x_wconf 77' lang='grc' dir='ltr'>ἐπεὶ</span> <span class='ocrx_word' id='word_1_559' title='bbox 844 3297 880 3340; x_wconf 82' lang='grc' dir='ltr'>εἰ</span> <span class='ocrx_word' id='word_1_560' title='bbox 913 3292 1097 3352; x_wconf 77' lang='grc' dir='ltr'>ἄληπτος</span> <span class='ocrx_word' id='word_1_561' title='bbox 1125 3299 1241 3348; x_wconf 88' lang='lat' dir='ltr'><strong>Ven.‚</strong></span> <span class='ocrx_word' id='word_1_562' title='bbox 1272 3312 1364 3339; x_wconf 86' lang='lat' dir='ltr'><strong>voc.</strong></span> <span class='ocrx_word' id='word_1_563' title='bbox 1397 3290 1529 3352; x_wconf 68' lang='grc' dir='ltr'>οὖσα,</span> <span class='ocrx_word' id='word_1_564' title='bbox 1565 3306 1661 3352; x_wconf 91' lang='lat' dir='ltr'><strong>post</strong></span> <span class='ocrx_word' id='word_1_565' title='bbox 1691 3293 1822 3353; x_wconf 72' lang='grc' dir='ltr'>ψυχὴ,</span> <span class='ocrx_word' id='word_1_566' title='bbox 1856 3296 2018 3337; x_wconf 87' lang='lat' dir='ltr'><strong>omisso.</strong></span> <span class='ocrx_word' id='word_1_567' title='bbox 2051 3319 2104 3326; x_wconf 90' lang='lat'><em>-</em></span> <span class='ocrx_word' id='word_1_568' title='bbox 2159 3295 2188 3336; x_wconf 90' lang='lat' dir='ltr'>l.</span> <span class='ocrx_word' id='word_1_569' title='bbox 2222 3296 2287 3337; x_wconf 86' lang='lat'>15.</span> <span class='ocrx_word' id='word_1_570' title='bbox 2318 3291 2396 3341; x_wconf 66' lang='grc' dir='ltr'>οὐκ</span> 
     </span>
     <span class='ocr_line' id='line_1_45' title="bbox 470 3363 2396 3426; baseline -0.003 -13"><span class='ocrx_word' id='word_1_571' title='bbox 470 3368 530 3413; x_wconf 78' lang='grc' dir='ltr'>ἔτι</span> <span class='ocrx_word' id='word_1_572' title='bbox 555 3365 740 3423; x_wconf 79' lang='grc' dir='ltr'>ἄληπτος</span> <span class='ocrx_word' id='word_1_573' title='bbox 761 3372 864 3412; x_wconf 87' lang='lat' dir='ltr'><strong>Ven.</strong></span> <span class='ocrx_word' id='word_1_574' title='bbox 900 3393 948 3400; x_wconf 94' lang='lat'>—-</span> <span class='ocrx_word' id='word_1_575' title='bbox 1008 3369 1035 3408; x_wconf 94' lang='lat' dir='ltr'>l.</span> <span class='ocrx_word' id='word_1_576' title='bbox 1064 3370 1126 3412; x_wconf 91' lang='lat'>17.</span> <span class='ocrx_word' id='word_1_577' title='bbox 1160 3364 1296 3424; x_wconf 70' lang='grc' dir='ltr'>ὥςπερ</span> <span class='ocrx_word' id='word_1_578' title='bbox 1322 3368 1376 3426; x_wconf 75' lang='grc' dir='ltr'>δὴ</span> <span class='ocrx_word' id='word_1_579' title='bbox 1409 3368 1481 3412; x_wconf 75' lang='grc' dir='ltr'>καὶ</span> <span class='ocrx_word' id='word_1_580' title='bbox 1502 3367 1579 3424; x_wconf 78' lang='grc' dir='ltr'>πρὸ</span> <span class='ocrx_word' id='word_1_581' title='bbox 1611 3370 1713 3410; x_wconf 89' lang='lat' dir='ltr'><strong>Ven.</strong></span> <span class='ocrx_word' id='word_1_582' title='bbox 1774 3367 1890 3409; x_wconf 89' lang='lat' dir='ltr'><strong>Idem</strong></span> <span class='ocrx_word' id='word_1_583' title='bbox 1917 3367 1946 3409; x_wconf 88' lang='lat' dir='ltr'>l.</span> <span class='ocrx_word' id='word_1_584' title='bbox 1968 3366 2030 3408; x_wconf 89' lang='grc'>18.</span> <span class='ocrx_word' id='word_1_585' title='bbox 2063 3366 2198 3407; x_wconf 77' lang='lat' dir='ltr'><strong>omitt.</strong></span> <span class='ocrx_word' id='word_1_586' title='bbox 2224 3363 2271 3411; x_wconf 81' lang='grc' dir='ltr'>τὸ</span> <span class='ocrx_word' id='word_1_587' title='bbox 2299 3376 2396 3408; x_wconf 84' lang='lat' dir='ltr'><strong>ante</strong></span> 
     </span>
     <span class='ocr_line' id='line_1_46' title="bbox 471 3436 2396 3497; baseline -0.001 -14"><span class='ocrx_word' id='word_1_588' title='bbox 471 3441 598 3495; x_wconf 77' lang='grc' dir='ltr'>σῶμα</span> <span class='ocrx_word' id='word_1_589' title='bbox 625 3438 773 3497; x_wconf 83' lang='grc' dir='ltr'><strong>ἐλάμβ.</strong></span> <span class='ocrx_word' id='word_1_590' title='bbox 805 3464 860 3473; x_wconf 90' lang='grc'><strong>-</strong></span> <span class='ocrx_word' id='word_1_591' title='bbox 916 3440 944 3483; x_wconf 92' lang='lat' dir='ltr'>l.</span> <span class='ocrx_word' id='word_1_592' title='bbox 963 3440 1029 3482; x_wconf 87' lang='lat'>20.</span> <span class='ocrx_word' id='word_1_593' title='bbox 1059 3441 1176 3492; x_wconf 78' lang='grc' dir='ltr'>πῶς,</span> <span class='ocrx_word' id='word_1_594' title='bbox 1222 3450 1318 3481; x_wconf 83' lang='lat' dir='ltr'><strong>ante</strong></span> <span class='ocrx_word' id='word_1_595' title='bbox 1348 3441 1528 3495; x_wconf 82' lang='grc' dir='ltr'>μᾶλλον,</span> <span class='ocrx_word' id='word_1_596' title='bbox 1575 3453 1654 3480; x_wconf 93' lang='lat' dir='ltr'>om.</span> <span class='ocrx_word' id='word_1_597' title='bbox 1682 3441 1786 3480; x_wconf 87' lang='lat' dir='ltr'><strong>Ven.</strong></span> <span class='ocrx_word' id='word_1_598' title='bbox 1847 3437 1960 3479; x_wconf 91' lang='lat' dir='ltr'><strong>Idem</strong></span> <span class='ocrx_word' id='word_1_599' title='bbox 1992 3436 2115 3492; x_wconf 88' lang='lat' dir='ltr'><strong>paulo</strong></span> <span class='ocrx_word' id='word_1_600' title='bbox 2154 3446 2251 3492; x_wconf 89' lang='lat' dir='ltr'><strong>post</strong></span> <span class='ocrx_word' id='word_1_601' title='bbox 2287 3436 2396 3492; x_wconf 75' lang='grc' dir='ltr'>μετὰ</span> 
     </span>
     <span class='ocr_line' id='line_1_47' title="bbox 467 3504 2396 3567; baseline -0.002 -13"><span class='ocrx_word' id='word_1_602' title='bbox 467 3514 540 3555; x_wconf 79' lang='grc' dir='ltr'>τοῦ</span> <span class='ocrx_word' id='word_1_603' title='bbox 569 3510 776 3566; x_wconf 81' lang='grc' dir='ltr'>σώματος.</span> <span class='ocrx_word' id='word_1_604' title='bbox 810 3535 861 3542; x_wconf 90' lang='lat'>--</span> <span class='ocrx_word' id='word_1_605' title='bbox 920 3511 947 3551; x_wconf 94' lang='lat' dir='ltr'>l.</span> <span class='ocrx_word' id='word_1_606' title='bbox 978 3512 1045 3553; x_wconf 89' lang='lat'>22.</span> <span class='ocrx_word' id='word_1_607' title='bbox 1076 3509 1123 3555; x_wconf 79' lang='grc' dir='ltr'>τὸ</span> <span class='ocrx_word' id='word_1_608' title='bbox 1153 3509 1213 3567; x_wconf 71' lang='grc' dir='ltr'>μὴ</span> <span class='ocrx_word' id='word_1_609' title='bbox 1242 3512 1494 3555; x_wconf 70' lang='grc' dir='ltr'>πιστεῦσὲῐαι</span> <span class='ocrx_word' id='word_1_610' title='bbox 1517 3510 1680 3556; x_wconf 57' lang='lat' dir='ltr'><strong>motos.</strong></span> <span class='ocrx_word' id='word_1_611' title='bbox 1741 3506 1807 3565; x_wconf 78' lang='grc' dir='ltr'>ἐφ’</span> <span class='ocrx_word' id='word_1_612' title='bbox 1831 3506 1932 3563; x_wconf 76' lang='grc' dir='ltr'>τῖμῖν</span> <span class='ocrx_word' id='word_1_613' title='bbox 1960 3504 2007 3551; x_wconf 80' lang='grc' dir='ltr'>τὸ</span> <span class='ocrx_word' id='word_1_614' title='bbox 2039 3507 2396 3562; x_wconf 57' lang='grc' dir='ltr'>κατορθώσασὲαι</span> 
     </span>
     <span class='ocr_line' id='line_1_48' title="bbox 470 3577 2394 3638; baseline 0.001 -16"><span class='ocrx_word' id='word_1_615' title='bbox 470 3584 572 3622; x_wconf 89' lang='lat' dir='ltr'><strong>Ven.</strong></span> <span class='ocrx_word' id='word_1_616' title='bbox 590 3614 603 3637; x_wconf 88' lang='lat'><strong><em>,</em></strong></span> <span class='ocrx_word' id='word_1_617' title='bbox 635 3582 794 3623; x_wconf 77' lang='lat' dir='ltr'><strong>omissis</strong></span> <span class='ocrx_word' id='word_1_618' title='bbox 823 3582 959 3623; x_wconf 86' lang='lat' dir='ltr'><strong>verbis</strong></span> <span class='ocrx_word' id='word_1_619' title='bbox 987 3580 1035 3626; x_wconf 78' lang='grc' dir='ltr'>τὸ</span> <span class='ocrx_word' id='word_1_620' title='bbox 1062 3585 1285 3626; x_wconf 80' lang='grc' dir='ltr'>πιστεῦσαι</span> <span class='ocrx_word' id='word_1_621' title='bbox 1314 3599 1352 3626; x_wconf 91' lang='grc' dir='ltr'>κ.</span> <span class='ocrx_word' id='word_1_622' title='bbox 1379 3599 1416 3626; x_wconf 90' lang='grc' dir='ltr'>κ.</span> <span class='ocrx_word' id='word_1_623' title='bbox 1446 3598 1481 3626; x_wconf 92' lang='grc' dir='ltr'>τ.</span> <span class='ocrx_word' id='word_1_624' title='bbox 1510 3592 1552 3638; x_wconf 85' lang='grc' dir='ltr'>μ.</span> <span class='ocrx_word' id='word_1_625' title='bbox 1577 3598 1639 3638; x_wconf 82' lang='grc' dir='ltr'>π.,</span> <span class='ocrx_word' id='word_1_626' title='bbox 1668 3577 1735 3637; x_wconf 81' lang='grc' dir='ltr'>ἐφ’</span> <span class='ocrx_word' id='word_1_627' title='bbox 1761 3579 1874 3635; x_wconf 61' lang='grc' dir='ltr'>ἡμῖν.</span> <span class='ocrx_word' id='word_1_628' title='bbox 1934 3581 1980 3618; x_wconf 86' lang='lat' dir='ltr'>In</span> <span class='ocrx_word' id='word_1_629' title='bbox 2007 3578 2154 3619; x_wconf 89' lang='lat' dir='ltr'><strong>eodem</strong></span> <span class='ocrx_word' id='word_1_630' title='bbox 2181 3579 2287 3620; x_wconf 87' lang='lat' dir='ltr'><strong>libro</strong></span> <span class='ocrx_word' id='word_1_631' title='bbox 2315 3580 2394 3621; x_wconf 90' lang='lat' dir='ltr'>de-</span> 
     </span>
     <span class='ocr_line' id='line_1_49' title="bbox 470 3647 2395 3709; baseline 0.002 -17"><span class='ocrx_word' id='word_1_632' title='bbox 470 3662 564 3693; x_wconf 89' lang='lat' dir='ltr'><strong>sunt</strong></span> <span class='ocrx_word' id='word_1_633' title='bbox 599 3654 723 3694; x_wconf 83' lang='lat' dir='ltr'><strong>etiam</strong></span> <span class='ocrx_word' id='word_1_634' title='bbox 746 3654 871 3696; x_wconf 83' lang='lat' dir='ltr'><strong>verba</strong></span> <span class='ocrx_word' id='word_1_635' title='bbox 903 3653 975 3697; x_wconf 77' lang='grc' dir='ltr'>καὶ</span> <span class='ocrx_word' id='word_1_636' title='bbox 1006 3651 1352 3709; x_wconf 61' lang='grc' dir='ltr'>οἱμαρτήσασὲαι.</span> <span class='ocrx_word' id='word_1_637' title='bbox 1384 3677 1441 3685; x_wconf 91' lang='lat'>--</span> <span class='ocrx_word' id='word_1_638' title='bbox 1496 3653 1524 3695; x_wconf 80' lang='lat'>1.</span> <span class='ocrx_word' id='word_1_639' title='bbox 1544 3651 1611 3695; x_wconf 81' lang='grc'>24.</span> <span class='ocrx_word' id='word_1_640' title='bbox 1642 3650 1689 3696; x_wconf 85' lang='grc' dir='ltr'><em>τό</em></span> <span class='ocrx_word' id='word_1_641' title='bbox 1720 3647 1880 3706; x_wconf 60' lang='grc' dir='ltr'>ἀγαθὸν</span> <span class='ocrx_word' id='word_1_642' title='bbox 1906 3649 2080 3702; x_wconf 76' lang='grc' dir='ltr'>ποιῆσαι</span> <span class='ocrx_word' id='word_1_643' title='bbox 2105 3649 2178 3693; x_wconf 79' lang='grc' dir='ltr'>καὶ</span> <span class='ocrx_word' id='word_1_644' title='bbox 2201 3666 2395 3695; x_wconf 82' lang='grc' dir='ltr'>κακοποι·</span> 
     </span>
     <span class='ocr_line' id='line_1_50' title="bbox 470 3717 2386 3781; baseline -0.001 -17"><span class='ocrx_word' id='word_1_645' title='bbox 470 3723 575 3780; x_wconf 74' lang='grc' dir='ltr'>ἧσαι</span> <span class='ocrx_word' id='word_1_646' title='bbox 603 3722 663 3780; x_wconf 66' lang='grc' dir='ltr'>(τὸ</span> <span class='ocrx_word' id='word_1_647' title='bbox 691 3725 843 3781; x_wconf 90' lang='lat' dir='ltr'><strong>deest).</strong></span> <span class='ocrx_word' id='word_1_648' title='bbox 901 3721 1030 3769; x_wconf 77' lang='grc' dir='ltr'>Ἀλλὰ</span> <span class='ocrx_word' id='word_1_649' title='bbox 1058 3727 1132 3768; x_wconf 82' lang='grc' dir='ltr'>καὶ</span> <span class='ocrx_word' id='word_1_650' title='bbox 1158 3727 1264 3767; x_wconf 88' lang='lat' dir='ltr'><strong>Ven.</strong></span> <span class='ocrx_word' id='word_1_651' title='bbox 1298 3749 1350 3757; x_wconf 91' lang='lat'><strong>—</strong></span> <span class='ocrx_word' id='word_1_652' title='bbox 1408 3725 1437 3767; x_wconf 89' lang='lat'>1.</span> <span class='ocrx_word' id='word_1_653' title='bbox 1460 3723 1487 3767; x_wconf 82' lang='lat'><strong>3</strong></span> <span class='ocrx_word' id='word_1_654' title='bbox 1516 3725 1567 3768; x_wconf 84' lang='lat' dir='ltr'>ab</span> <span class='ocrx_word' id='word_1_655' title='bbox 1594 3723 1669 3763; x_wconf 86' lang='lat' dir='ltr'><strong>inf.</strong></span> <span class='ocrx_word' id='word_1_656' title='bbox 1700 3717 1957 3767; x_wconf 84' lang='grc' dir='ltr'>κατάπαυσιν</span> <span class='ocrx_word' id='word_1_657' title='bbox 1985 3717 2055 3766; x_wconf 72' lang='grc' dir='ltr'>τὸν</span> <span class='ocrx_word' id='word_1_658' title='bbox 2078 3720 2174 3778; x_wconf 77' lang='grc' dir='ltr'>περὶ</span> <span class='ocrx_word' id='word_1_659' title='bbox 2202 3724 2308 3765; x_wconf 86' lang='lat' dir='ltr'><strong>Ven.</strong></span> <span class='ocrx_word' id='word_1_660' title='bbox 2342 3746 2386 3755; x_wconf 89' lang='lat'><em>-</em></span> 
     </span>
    </p>
   </div>
  </div>
 </body>
</html>
