2508 4134
635 309 859 350 PANAnn
886 309 990 349 Lm.
1017 309 1087 348 ιιι.
1118 309 1253 350 ΤοΜ.
1278 310 1308 350 1.
1337 308 1500 348 HAER.
1524 306 1572 348 1..
1999 295 2057 344 11

154 419 297 478 atque
332 405 595 475 ignominia
632 406 863 468 affectuS,
919 422 1074 472 aequo
1117 406 1276 454 animo
1316 405 1579 466 tolerabat,
1631 411 1774 470 atquc
1813 402 1878 452 ita
1905 402 1985 453 diu
2015 402 2063 452 in

154 492 394 544 ecciesiae
417 490 753 541 communione
778 488 1004 556 perstitit,
1046 489 1198 538 donec
1227 488 1562 538 vehementius
1586 485 1757 536 offensi
1787 484 1976 552 quidam
2003 484 2064 535 ob

155 592 237 627 eas
261 591 461 625 caussas
489 573 727 623 hominem
756 572 1037 622 exturbant.
1095 570 1190 637 Qui
1218 564 1526 630 nihilominus
1554 571 1646 620 ista
1671 570 1938 630 sustinenS,
1980 568 2065 618 sed

153 659 210 709 ad
241 657 494 708 veritatem
523 655 859 724 perferendam
888 655 1048 705 acrius
1078 652 1578 716 intentusffstudebat
1602 652 1794 703 interim
1822 652 1880 703 ab
1910 652 2067 702 eccle-

153 741 255 792 siae
299 739 564 790 catholicae
607 737 947 788 coniunctione
995 755 1052 788 ac
1088 737 1329 790 societate
1359 734 1569 793 ..minime
1621 736 1796 786 divelli.
1885 733 2067 785 Verum

154 842 258 874 cum
290 821 393 891 ipse
419 839 527 872 cum
558 821 661 872 suis
692 821 971 888 vapularet,
1028 829 1076 870 et
1107 821 1298 887 indigna
1334 813 1609 887 pateretur,
1667 819 1737 868 bis
1769 818 1904 869 malis
1932 819 2068 885 inge-

155 906 396 968 miscenS,
448 922 514 955 cx
553 904 720 954 harum
765 904 1084 954 calamitatum
1127 921 1183 954 ac
1217 902 1615 953 contumeliarum
1649 901 1878 952 violentia
1910 902 2068 952 consi-

154 990 267 1040 lium
300 990 455 1056 cepit.
524 985 691 1054 Quare
722 987 934 1055 seipsum
961 986 1020 1037 ab
1053 986 1261 1036 ecclesia
1293 985 1603 1053 segregavit,
1655 993 1799 1051 atque
1829 985 1894 1035 ita
1924 985 2069 1053 pluri-

153 1073 242 1123 bus
268 1089 373 1122 cum
403 1071 483 1121 illo
513 1070 896 1121 desciscentibus
936 1087 1112 1120 novum
1143 1069 1201 1119 ab
1233 1086 1291 1119 eo
1321 1068 1577 1119 divortium
1615 1068 1889 1118 conflatum.
1964 1066 2069 1119 Ne-

154 1172 245 1223 que
275 1171 394 1205 vero
425 1154 515 1204 ulla
555 1154 602 1203 in
639 1170 692 1203 re
720 1154 780 1203 ab
814 1161 946 1203 recta
974 1153 1065 1203 fide
1103 1152 1331 1216 discedit,
1386 1152 1469 1202 sed
1504 1152 1605 1219 ipse
1635 1169 1742 1202 cum
1779 1151 1880 1201 suis
1912 1150 2069 1202 since-

152 1255 256 1289 ram
290 1238 339 1288 in
367 1236 588 1287 omnibus
627 1235 909 1303 religionem
941 1234 1110 1286 tenuit.
1189 1234 1489 1302 Quamquam
1521 1244 1594 1285 est
1625 1234 1844 1302 quiddam
1876 1235 2070 1302 perexi-

153 1338 324 1389 guum,
361 1320 409 1370 in
449 1337 542 1387 qno
580 1320 719 1387 paulo
758 1319 1059 1387 pervicacius
1096 1319 1450 1370 conflictantur.

293 1402 430 1470 Ergo
466 1412 514 1453 et
543 1403 601 1454 de
630 1411 793 1471 patre,
847 1402 942 1453 lilio
970 1419 1025 1452 ac
1054 1402 1226 1470 spiritu
1259 1411 1429 1452 sancto
1467 1401 1719 1470 praeclare
1747 1412 1794 1452 et
1825 1418 1887 1452 ex
1917 1401 2072 1451 eccle·
2117 1409 2214 1462 Cap.
2245 1409 2294 1448 ΙΙ.

155 1489 258 1540 siae
285 1486 552 1538 catholicae
576 1486 875 1555 praescripto
903 1486 1149 1548 sentiunt,
1194 1502 1285 1536 nec
1318 1494 1647 1536 transversum
1680 1486 1738 1536 ab
1772 1502 1831 1536 eo
1861 1502 2070 1552 unguem

156 1571 442 1633 deflectunt,
483 1578 533 1621 et
560 1578 634 1620 est
665 1570 899 1637 reliquum
929 1568 1059 1619 vitae
1084 1569 1178 1620 illis
1207 1570 1476 1619 institutum
1505 1586 1624 1619 sane
1653 1586 1791 1636 quam
1821 1569 2072 1636 egregium

158 1663 206 1705 et
244 1654 603 1716 admirandum,
663 1654 784 1703 adeo
832 1661 882 1702 nt
909 1670 1004 1703 non
1036 1653 1139 1720 ipse
1179 1653 1321 1703 modo
1354 1654 1437 1703 sed
1467 1662 1516 1703 et
1545 1653 1621 1720 qui
1652 1653 1718 1703 illi
1747 1652 2074 1703 adhaeserunt

155 1737 397 1806 episcopi,
450 1736 750 1805 presbyteri,
805 1753 862 1786 ac
892 1735 1064 1802 reliqui
1108 1753 1277 1787 omnes
1309 1738 1367 1786 de
1404 1754 1628 1787 manuum
1671 1754 1865 1787 suarum
1907 1736 2072 1786 labore

154 1822 396 1871 victitent.
473 1817 796 1887 Posteaquam
820 1836 938 1869 vero
965 1819 1023 1870 ab
1050 1820 1256 1870 ecclesia
1282 1820 1446 1888 pulsus
1476 1829 1570 1885 est,
1613 1820 1671 1871 ab
1700 1820 1926 1889 episcopo
1955 1837 2073 1887 quo-

155 1906 260 1955 dam
279 1942 293 1967 ,
348 1903 425 1971 qui
451 1902 512 1953 ob
540 1904 732 1954 easdem
762 1903 1101 1953 contentiones
1132 1905 1190 1953 ab
1219 1904 1425 1954 ecclesia
1456 1913 1760 1967 recesserat,
1816 1904 2072 1973 episcopus

156 1987 404 2038 ordinatus
433 1995 526 2037 est.
604 1984 789 2038 Verum
822 1995 872 2036 ut
899 1986 957 2036 ab
986 1986 1075 2036 hoc
1106 1987 1392 2037 diverticulo
1436 1989 1491 2037 ad
1525 1987 1635 2037 illud
1667 1989 1967 2037 tractandum
1999 2004 2074 2039 mc

155 2073 364 2122 referam
395 2070 521 2138 quod
548 2086 681 2121 cram
706 2087 989 2138 aggressuS,
1023 2070 1271 2120 sciendum
1305 2080 1379 2120 est
1406 2072 1640 2138 quandam
1669 2071 1777 2121 illos
1805 2073 2074 2139 scripturae

157 2171 326 2206 vocem
359 2155 556 2204 duriore
603 2155 809 2221 quodam
852 2162 897 2204 et
928 2153 1227 2222 imperitiore
1262 2155 1402 2204 modo
1445 2163 1494 2204 et
1520 2171 1640 2204 vero
1678 2154 1974 2223 pertinacius
2002 2156 2074 2204 in-

156 2237 433 2307 terpretari.
485 2236 615 2288 Nam
640 2237 764 2305 quod
792 2240 856 2286 ad
877 2241 1121 2302 imaginem
1146 2241 1217 2287 dez
1244 2247 1431 2287 creatus
1455 2238 1674 2288 Adamns
1701 2237 1894 2302 dicitur,
1936 2254 2075 2306 prae-

157 2323 310 2372 fracte
348 2321 416 2372 illi
453 2322 762 2371 referendum
808 2323 866 2372 ad
905 2339 1081 2390 corpus
1122 2322 1426 2373 existimant.
1504 2318 1626 2372 Cum
1672 2321 1799 2372 enim
1845 2323 2075 2390 scriptum

156 2405 247 2469 sit,
287 2409 535 2455 Faciamus
562 2407 786 2454 hominem
817 2408 881 2454 ad
908 2409 1154 2470 imaginem
1181 2416 1388 2455 nostram
1421 2415 1468 2454 et
1495 2409 1867 2465 similitudinem,
1911 2406 2071 2456 statim
2096 2418 2190 2453 Gen.
2219 2418 2249 2461 1,
2272 2418 2325 2452 27.

154 2489 271 2540 illud
298 2488 578 2551 subiicitur,
634 2489 772 2539 deum
811 2498 1002 2557 sumpto
1030 2491 1087 2539 de
1118 2497 1246 2540 terra
1275 2490 1476 2558 pulvere
1514 2490 1753 2539 hominem
1788 2489 2070 2540 fabricasse.
2099 2503 2197 2536 Gen.
2218 2502 2251 2546 2,
2273 2501 2306 2536 τ,

158 2570 281 2625 Cum
312 2572 459 2640 igitur
494 2572 733 2623 bominem
769 2574 827 2624 de
859 2582 987 2623 terra
1033 2575 1282 2624 formatum
1326 2581 1545 2635 asserat,
1603 2573 1737 2623 vides
1778 2582 1926 2623 totum
1963 2573 2075 2623 illud

158 2663 353 2706 eterra
396 2656 653 2706 conflatum
692 2657 947 2708 verissime
988 2657 1227 2707 bominem
1268 2658 1452 2707 vocari.
1531 2655 1612 2707 Ex
1648 2674 1742 2724 quo
1770 2657 1987 2724 sequitur
2018 2656 2076 2705 de

160 2749 356 2790 terreno
396 2738 479 2789 illo
523 2740 820 2806 praedictum
862 2742 964 2791 fore
1006 2749 1056 2790 ut
1091 2742 1148 2791 ad
1183 2741 1442 2807 imaginem
1480 2741 1553 2791 dei
1587 2743 1897 2791 conderetur.
1975 2738 2077 2791 Ve-

158 2841 260 2874 rum
294 2831 370 2873 est
397 2822 539 2885 illud,
591 2823 658 2872 uti
698 2823 830 2887 dixi,
886 2825 1027 2892 paulo
1056 2825 1223 2876 durius
1253 2843 1310 2875 ac
1341 2825 1633 2892 simplicius,
1692 2824 1892 2874 delinire
1926 2824 2076 2874 homi-

157 2923 267 2957 nem
300 2907 480 2957 audere
520 2923 721 2973 quanam
753 2907 800 2956 in
831 2907 1035 2958 bominis
1076 2918 1209 2976 parte
1252 2909 1316 2959 sit
1343 2908 1568 2976 imaginis
1599 2909 1677 2959 illa
1710 2908 1969 2958 constituta
2001 2925 2078 2958 ra-

157 2991 255 3053 tio,
314 2990 354 3041 si
402 2998 560 3039 tamen
601 2991 924 3058 appellatione
966 2993 1116 3060 partis
1159 2993 1388 3043 utendum
1418 3001 1519 3055 est,
1575 3009 1634 3042 eo
1674 2993 1797 3059 quod
1840 2992 2074 3060 plerique,

159 3074 282 3141 quod
310 3074 368 3124 ad
397 3073 519 3123 hanc
545 3091 715 3124 vocem
746 3075 945 3135 attinet,
999 3076 1242 3126 hominum
1273 3076 1618 3143 intelligentiae
1647 3075 1885 3141 refragari
1910 3074 2077 3123 viden-

158 3166 262 3216 tur,
303 3174 361 3207 ac
388 3155 537 3207 variis
568 3158 932 3225 quaestionibus
964 3157 1216 3226 implicari.
1292 3158 1423 3210 Nam
1452 3168 1535 3210 aut
1566 3159 1905 3227 aspectabilem
1935 3158 2076 3207 deum

158 3240 390 3291 faciemus
429 3257 485 3290 ac
520 3258 838 3309 corporeum,
893 3242 933 3293 si
962 3242 1008 3291 in
1042 3259 1245 3309 corpore
1283 3252 1452 3293 nostro
1487 3259 1720 3310 corporea
1764 3242 1960 3309 perinde
1999 3260 2077 3293 ra-

159 3325 291 3375 tione
319 3342 375 3374 ac
407 3324 556 3391 ligura
595 3325 866 3376 istiusmodi
909 3326 1165 3391 imaginem
1198 3327 1523 3377 collocandam
1557 3335 1804 3391 putemuS‚
1863 3334 1946 3375 aut
1971 3344 2075 3376 cum

162 3408 252 3458 deo
282 3407 521 3457 bominem
549 3409 949 3476 adaequabimus,
1006 3409 1046 3458 si
1078 3409 1195 3459 haec
1222 3427 1447 3460 asserere
1477 3409 1702 3459 velimus.
1780 3406 1945 3475 Quare
1981 3429 2075 3461 non

164 3500 237 3542 est
276 3492 373 3542 ullo
412 3491 553 3541 modo
594 3492 913 3543 deliniendum
957 3501 1037 3542 aut
1076 3494 1402 3543 affirmandum
1446 3509 1646 3559 quanam
1674 3491 1723 3541 in
1757 3502 1891 3560 parte
1917 3493 2075 3561 imago

213 3658 253 3698 2.
294 3658 390 3710 περὶ
433 3658 480 3702 δὲ
520 3650 567 3700 οὗ
607 3662 827 3708 suspicatus
866 3665 920 3700 est
961 3662 1097 3701 Petav.
1210 3658 1250 3700 3.
1280 3659 1340 3714 τῷ
1371 3671 1443 3698 om.
1477 3661 1536 3699 ed.
1567 3661 1702 3700 Petav.
1745 3662 1874 3700 Calon.
1903 3664 2075 3711 repetita.

162 3716 372 3754 Cor-narius
408 3718 519 3754 vertit
549 3714 736 3753 Ceterum
777 3715 828 3754 de
852 3729 933 3769 quo
961 3715 1098 3754 dicere
1210 3713 1249 3755 4.
1279 3728 1326 3756 τε
1354 3713 1426 3756 καὶ
1450 3716 1531 3755 cod.
1562 3717 1721 3767 Rhediy.

161 3769 324 3825 incepi,
357 3769 687 3826 qnandoquidem
716 3774 797 3814 cett.
