2508 4134
461 284 564 334 470
1155 293 1375 336 ’ΒΑΝοΤῐ
1403 296 1693 348 ΕΡΙΡΗΑΝΠ

459 387 660 459 γραφὴν
687 389 1098 460 ἀπαγγέλλουσιν,
1148 391 1332 459 ἀκμητί
1374 412 1423 444 τε
1461 395 1540 446 καὶ
1575 393 1773 456 ἀόκνως
1800 393 1978 463 συχνάς
2010 401 2269 449 ποιοῦνται
2297 392 2386 456 τοὶς

462 474 767 544 ἀγρυπνίας,
804 480 947 527 τοῦτο
979 475 1067 542 μὲν
1097 477 1149 529 ἐν
1180 476 1366 545 εὐχαῖς,
1404 483 1547 531 τοῦτο
1583 479 1635 532 δὲ
1669 481 1721 532 ἐν
1743 483 2083 552 ψαλμῳδίαις,
2134 482 2389 548 ἐνδελεχῶς

464 559 517 612 δὲ
555 558 643 621 τοὶς
668 558 969 621 συνελεύσεις
1009 558 1098 622 τάς
1130 563 1177 624 ἐξ
1209 564 1363 624 ἔθους
1391 564 1643 630 ἐνθέσμως
1684 565 1994 633 τεταγμένας,
2045 565 2390 635 διημερεύουσί

462 666 514 697 τε
552 643 760 697 πάντοτε
797 643 884 706 τοὶς
933 645 1314 709 θάδιαλείπτους
1352 646 1476 701 κατά
1515 646 1758 715 διάστημα
1804 647 1938 719 ὥρας
1979 648 2066 712 τάς
2101 648 2246 719 εὐχάς
2282 655 2390 723 θεῷ

465 727 852 799 ἀκαταγνώστως
890 728 1010 796 μετὰ
1047 732 1505 802 ταπεινοφροσύνης
1538 739 1719 799 πολλῆς
1760 734 1845 784 καὶ
1889 735 2106 804 οἰμωγῆς
2147 735 2390 799 ἐπιπόνου

469 819 618 887 Ὶθεςὸ
659 814 1060 882 ἀναπέμποντες,
1110 825 1215 879 ταῖς
1254 838 1302 870 τε
1331 820 1478 879 ἰδίαις
1517 819 1702 885 χερσὶν,
1755 815 1822 879 ῶς
1860 820 2014 885 ἔφην,
2063 819 2389 891 ἐργαζόμενοι,

466 898 585 968 μετὰ
614 901 701 953 καὶ
733 906 822 968 τῆς
859 909 1193 970 πνευματικῆς
1236 905 1487 973 ἐργασίας·
1537 905 1619 955 ἵνα
1652 901 1720 969 μή
1754 905 1962 964 ἐπιδεεῖς
1997 905 2256 973 γένωνται,
2306 907 2392 958 καὶ

463 988 533 1048 εἰς
557 983 841 1056 ’ὑποκρίσεις
868 982 1191 1055 ἀνθρωπίνας
1221 990 1488 1054 ἐμπέσωσι,
1538 988 1624 1039 καὶ
1654 988 1821 1041 οὐκέτι
1849 994 1917 1061 τῷ
1946 986 2205 1057 ἀσεβοῦντι
2242 988 2392 1044 δυνά-

466 1091 603 1138 μενοι
629 1069 688 1123 τά
717 1069 889 1139 ἀληθῆ
915 1073 1094 1141 λέγειν,
1148 1071 1260 1126 οὔτε
1300 1071 1440 1134 ἐκτὸς
1469 1071 1634 1141 ῥύπου
1670 1070 1794 1126 εἶναι
1824 1079 1924 1126 τῶν
1953 1073 2055 1129 ἀπὸ
2084 1074 2280 1137 ἀδικίας
2309 1074 2394 1127 ἆν-

464 1155 693 1226 θρῶπων
722 1160 971 1210 πλουσίων
1003 1159 1086 1209 καὶ
1113 1159 1535 1211 πλεονεκτούντων
1569 1156 1686 1219 τούς
1717 1159 1955 1226 πένητας,
2009 1158 2120 1213 οὔτε
2158 1158 2298 1223 ἐκτός
2322 1177 2391 1213 σι·

463 1245 582 1295 τίων
621 1240 810 1295 τούτων
837 1245 1086 1312 γίνεσθαι,
1142 1242 1209 1310 μῆ
1245 1241 1551 1310 8δυνάμενοι
1579 1244 1634 1296 ἐκ
1665 1247 1869 1297 δικαίων
1900 1245 2070 1298 πόνων
2097 1243 2187 1313 τὴν
2212 1244 2394 1313 ἐφήμε-

466 1349 556 1398 ρον
592 1328 716 1396 ἔχειν
757 1325 977 1397 τροφὴν,
1035 1326 1134 1381 ἀλλ’
1179 1327 1591 1398 ἀναγκαζόμενοι,
1644 1327 1726 1382 διά
1766 1327 1821 1383 τὸ
1863 1330 2021 1392 ἐνδεὲς
2060 1337 2148 1398 τῆς
2180 1330 2392 1401 ἀεργίας,

465 1414 707 1484 τραπέζης
744 1416 990 1465 πλουσίων
1029 1415 1250 1480 μετέχειν.

238 1506 350 1562 Κεφ.
383 1504 430 1550 ε’.
614 1496 708 1550 Διὸ
735 1499 1047 1567 παραγγέλλει
1075 1496 1103 1551 ὁ
1127 1506 1267 1560 θεῖος
1296 1497 1460 1570 λόγος,
1513 1497 1749 1564 φάσκων,
1804 1498 1901 1568 Μὴ
1937 1498 2172 1567 ἐπιθύμει
2200 1499 2397 1569 βρωμά-

465 1606 563 1638 των
591 1590 690 1636 τῶν
716 1588 989 1650 πλουσίων,
1045 1590 1199 1636 ταῦτα
1238 1583 1331 1654 γάρ
1375 1586 1528 1652 ἔχεται
1572 1591 1698 1652 ζωῆς
1726 1589 1962 1652 ψευδοῦς.
2039 1587 2140 1638 Καὶ
2166 1585 2314 1639 πάλιν
2346 1588 2398 1640 ἐν

466 1668 592 1742 ἄλλῳ
617 1669 755 1741 τόπῳ
773 1712 786 1734 ,
825 1668 900 1722 ὅτι
926 1668 1158 1731 τοιαύτας
1192 1671 1287 1723 ἔδει
1314 1668 1721 1739 παρασκευάζειν,
1780 1673 1850 1723 Εἰ
1874 1671 1926 1724 δὲ
1953 1669 2312 1741 άπληστότερος
2337 1669 2396 1737 εἷ,

467 1753 798 1823 μὴ-ἐπιθύμει
836 1761 934 1807 τῶν
970 1755 1127 1808 αὐτοῦ
1159 1753 1451 1825 βρωμάτων.
1522 1753 1604 1807 Ἐν
1631 1755 1824 1818 τούτοις
1856 1754 1949 1827 γάρ
1982 1755 2324 1824 ἐδοξάσθησαν
2351 1759 2403 1811 οἰ

465 1843 638 1903 παῖδες
669 1842 720 1893 οἱ
745 1842 796 1893 ἐν
822 1846 882 1913 τῇ
916 1843 1204 1908 Βαβυλῶνι,
1254 1838 1586 1911 ἀρνησάμενοι
1625 1839 1865 1910 τράπεζαν
1899 1843 2160 1910 βασιλέως,
2209 1843 2295 1896 καὶ
2323 1844 2399 1895 αἱ·

466 1924 734 1997 ρησάμενοι
772 1927 1045 1994 σπέρμασιν
1090 1923 1378 1995 ἀρκεῖσθαι,
1433 1924 1469 1994 ἢ
1504 1928 1718 1999 τραπέζῃ
1757 1929 1839 1979 καὶ
1882 1926 2109 1998 βρώμασι
2123 1971 2137 1993 ,
2190 1926 2400 1996 χρήμασι

465 2013 550 2064 καὶ
582 2010 702 2085 δόξῃ
736 2010 1124 2078 ἀποταξάμενοι,
1176 2010 1244 2074 ὥς
1277 2017 1509 2080 Μωῦσῆς
1550 2017 1729 2079 μᾶλλον
1770 2015 1918 2065 εἵλετο
1954 2020 2399 2081 συγκακουχεῖσθαι

467 2103 536 2170 τῷ
562 2103 662 2170 λαῷ
692 2104 780 2150 τοῦ
807 2102 934 2150 θεοῦ
965 2095 1089 2166 ἥπερ
1135 2097 1402 2150 ἀπολαύειν
1431 2103 1529 2150 τῶν
1561 2099 1612 2150 ἐν
1639 2096 1877 2170 Αἰγύπτῳ
1908 2103 2206 2167 θησαυρῶν,
2259 2099 2395 2168 ἐργα·

466 2181 667 2250 ζόμενος
696 2183 749 2236 δὲ
774 2185 922 2244 ἰδίαις
946 2185 1108 2253 χερσὶν
1131 2185 1264 2250 ἔτυχε
1290 2185 1609 2252 προφητείας.
1690 2181 1972 2252 Προβάτων
1994 2180 2088 2252 γάρ
2121 2176 2268 2244 οὗτος
2290 2204 2396 2235 ποι-

468 2266 566 2336 μήν
598 2270 833 2335 κατέστη,
873 2266 902 2321 ό
931 2266 1154 2338 εὐγενὴς,
1192 2270 1276 2321 καὶ
1306 2267 1414 2330 υἷὸς
1445 2266 1697 2338 θυγατρός
1725 2269 1989 2335 βασιλέως,
2040 2270 2124 2320 ἵνα
2154 2265 2220 2335 μὴ
2246 2265 2399 2338 ἀργόν
2471 2259 2473 2261 ¹

468 2355 612 2427 ἐσθίῃ
640 2351 800 2423 ὄὶρτον.
871 2351 958 2415 Ὡς
984 2355 1065 2406 καὶ
1096 2353 1315 2406 διδάσκει
1344 2351 1373 2406 ό
1403 2352 1563 2422 πατὴρ
1593 2350 1733 2420 ἡμῶν
1759 2350 1963 2421 Ἰακώβ,
2016 2354 2169 2422 λέγων
2195 2350 2396 2420 Λάβαν,

469 2438 575 2500 Δός
613 2461 699 2506 μοι
742 2441 1001 2508 ἐργασίαν,
1058 2441 1141 2491 ἵνα
1179 2437 1482 2508 ἐργάζωμαι,
1536 2443 1627 2491 τοῦ
1669 2440 1799 2491 ἰδίου
1843 2436 2010 2508 ἄρτου.
2103 2439 2200 2490 Καὶ
2248 2436 2400 2500 αὐτὸς

235 2560 311 2597 pag
347 2550 442 2587 1⁰7².
468 2523 614 2579 πάλιν
639 2527 919 2591 ποιμαίνειν
948 2526 1296 2593 προςτέτακται
1322 2522 1460 2593 παρὰ
1493 2529 1582 2576 τοῦ
1615 2526 1744 2576 ἰδίου
1773 2529 2045 2593 πενθεροῦ,
2095 2526 2179 2575 ἵνα
2207 2521 2276 2592 μῆ
2311 2521 2397 2592 ἀρ-

468 2608 558 2680 γόν
595 2607 741 2680 ἄρτον
779 2611 1014 2662 ἐσθίωσιν
1054 2613 1106 2662 οἷ
1139 2613 1335 2662 δίκαιοι.
1419 2616 1533 2671 Τοῖς
1574 2610 1627 2662 δὲ
1665 2607 1963 2670 ἀποστόλοις
2004 2610 2192 2676 εἴρηται
2234 2606 2398 2678 ἀρκεῖ-

468 2704 592 2750 σθαι
622 2700 688 2768 τῷ
729 2693 891 2767 1λόγῳ
922 2693 1200 2764 κηρύττειν,
1253 2697 1336 2747 ἵνα
1367 2693 1435 2763 μὴ
1463 2693 1756 2763 ἀσχολοῦνται
1786 2693 1887 2747 ἀπὸ
1920 2692 2107 2756 πόλεως
2140 2697 2208 2756 εἰς
2234 2692 2395 2757 πόλιν,

467 2783 552 2835 καὶ
593 2779 692 2834 ἀπὸ
732 2778 890 2833 τόπου
929 2783 998 2842 εἰς
1033 2780 1215 2845 τόπον,
1267 2782 1348 2834 ἐπὶ
1377 2779 1431 2833 τὸ
1465 2781 1696 2851 κήρυγμα
1722 2778 1812 2847 τὴν
1851 2782 2052 2849 πορείαν
2090 2778 2395 2846 ποιούμενοι.

455 2866 628 2931 ’Ἄξιος
663 2864 754 2935 γάρ
788 2862 816 2918 ὅ
850 2863 1055 2935 ἐργάτης
1086 2872 1173 2919 τοῦ
1214 2872 1401 2934 μισθοῦ
1441 2866 1623 2930 αὐτοῦ,
1675 2867 1788 2931 καὶ,
1838 2863 2067 2935 Ἀρκετὸν
2101 2870 2168 2936 τῷ
2205 2865 2399 2934 ἐργαζο-

470 2954 601 3024 μένῳ
646 2950 680 3019 ἦ
709 2949 872 3021 τροφὴ
913 2951 1083 3004 αὐτοῦ.
1160 2953 1260 3004 Καὶ
1302 2959 1406 3013 τοῖς
1448 2973 1498 3004 τε
1527 2952 1751 3018 ποιμέσιν
1788 2948 2020 3013 ὥςαύτως
2055 2947 2138 3003 διά
2173 2947 2262 3016 τὴν
2300 2955 2399 3002 τῶν

469 3042 600 3091 λαῶν
627 3034 810 3106 συχνὴν
847 3035 1074 3104 ἀσχολίαν
1110 3039 1195 3090 καὶ
1223 3036 1313 3104 τὴν
1350 3034 1748 3104 ἐκκλησιαστικῆν
1792 3039 2032 3102 διοίκησιν
2063 3036 2145 3087 καὶ
2179 3036 2398 3102 ἐνδελεχῆ

470 3126 774 3193 λειτουργίαν
803 3123 957 3190 φησὶν
986 3120 1015 3174 ὁ
1042 3130 1181 3184 θεῖος
1207 3121 1376 3192 λόγος,
1438 3126 1522 3185 Τίς
1554 3125 1800 3189 ποιμαίνει
1827 3124 2066 3188 ποίμνην,
2117 3120 2200 3171 καὶ
2232 3121 2285 3172 ἐκ
2309 3125 2398 3172 τοῦ

472 3211 714 3280 γάλακτος
756 3206 910 3275 αὐτῆς
951 3205 1043 3260 οὐκ
1093 3210 1276 3271 ἐσθίεις
1331 3206 1366 3275 ἢ
1400 3211 1473 3270 τίς
1524 3206 1723 3274 φυτεύει
1758 3207 2042 3273 ἀμπελῶνα,
2095 3205 2177 3256 καὶ
2221 3206 2274 3258 ἐκ
2307 3210 2396 3258 τοῦ

470 3300 670 3365 καρποῦ
697 3291 852 3346 αὐτοῦ
880 3291 941 3346 ού
969 3293 1346 3361 μεταλαμβάνει,
1423 3294 1551 3358 Καὶ,
1602 3294 1754 3360 φησὶ,
1791 3289 1878 3343 τὸν
1903 3295 2151 3343 κοπιῶντα
2181 3287 2398 3361 γεωργὸν

472 3383 549 3432 δεῖ
569 3384 765 3449 πρῶτον
796 3385 892 3431 τῶν
930 3384 1137 3448 καρπῶν
1166 3378 1576 3446 μεταλαμβάνειν,
1614 3380 1696 3430 ’ἴνα
1726 3374 1813 3429 τόν
1840 3373 2198 3444 πρεσβύτερον,
2250 3374 2282 3443 ἢ
2309 3374 2396 3430 τόν

474 3467 744 3518 ἐπίσκοπον
774 3462 842 3531 μὴ
881 3463 1226 3531 ἐλαττούμενον
1267 3469 1355 3531 τῆς
1383 3465 1635 3531 ἐφημέρου
1665 3465 1855 3530 τροφῆς
1883 3460 2222 3527 καταστήσειε,
2275 3482 2394 3531 προ-

473 3548 771 3619 τρεπόμενος
806 3548 955 3611 λαούς
992 3551 1045 3602 ἐκ
1087 3553 1293 3602 δικαίων
1323 3547 1492 3602 πόνων
1529 3549 1692 3614 νέμειν
1728 3543 1787 3596 τά
1813 3541 1940 3612 πρὸς
1967 3543 2161 3614 τροφὴν
2197 3552 2300 3606 τοῖς
2331 3547 2395 3597 ἴε-

529 3719 565 3761 6.
601 3719 885 3775 ἅδιαλῆπτους
913 3724 1001 3762 libri
1032 3734 1174 3762 omnes.
1466 3721 1600 3760 cavius
1628 3718 1807 3757 cancellis
1835 3718 1998 3757 inclusit.

532 3775 570 3818 7.
601 3778 687 3834 2εῷ
704 3809 715 3831 ,
744 3781 848 3829 quod
871 3781 1112 3830 superfluum
1136 3779 1301 3828 videtur,
1333 3779 1407 3818 Pe·
1519 3775 1558 3817 ὅ.
1591 3776 1697 3814 Libri
1725 3775 1840 3823 vulgo
1870 3772 2120 3841 δυναμένοις.
