2508 4134
488 252 590 303 656
1058 259 1329 302 ADDENDA
1358 261 1432 302 ET
1463 259 1835 302 coRmGENDA.

485 360 566 413 τῆς
593 353 728 413 αύτῆς
753 359 853 398 Ven.
915 357 1029 398 Idem
1055 357 1083 399 l.
1103 356 1145 400 6.
1172 356 1311 414 τόλμῃ
1336 358 1507 402 καλλίω.
1540 383 1592 390 -
1652 359 1678 400 l.
1698 358 1737 401 8.
1770 357 2028 413 μακαρίστου
2050 358 2109 403 Μ.
2137 359 2198 408 εἰς
2220 356 2291 402 τὸν
2312 358 2410 413 περὶ

485 429 566 482 τῆς
589 424 864 478 ἀναστάσεως
886 430 988 470 Ven.
1034 427 1148 469 Idem
1175 428 1300 483 paulo
1324 438 1421 484 post
1451 429 1708 484 εἰρημένους,
1738 428 1953 483 mendose,
1983 437 2024 469 et
2050 429 2200 471 deinde
2226 428 2310 485 >eod
2326 425 2409 472 αύ-

487 497 564 547 τός
595 497 783 550 ἐτάξατο.
817 524 874 531 -
930 499 955 539 1.
981 500 1045 541 15.
1079 499 1216 540 Verba
1247 499 1320 542 καὶ
1346 498 1534 555 ποταπὴν
1574 515 1610 543 τ.
1642 515 1704 554 κρ.
1734 514 1780 554 φ.
1810 494 1857 542 ού
1881 514 1924 542 π.
1957 499 2265 554 σαφηνίζοντες,
2301 513 2406 556 <1⁰³0

486 570 648 624 recepit
676 570 880 621 Pet-avius,
905 585 1038 626 neque
1068 572 1155 612 Bas.
1185 571 1396 625 agnoscit,
1437 586 1573 626 neque
1606 573 1799 611 Venetus.
1834 595 1885 602 —
1944 572 2105 615 δοκῶσι
2132 573 2236 613 Ven.
2266 572 2408 613 Recte.

484 641 600 682 Idem
624 641 729 682 liber
757 642 882 696 paulo
917 650 1012 697 post
1045 641 1264 699 διελέγχει.
1291 665 1349 672 -
1405 642 1433 683 l.
1458 642 1520 684 17.
1562 638 1667 684 Ἐὰν
1694 639 1742 685 δὲ
1767 642 1938 684 πυνθαν.
1969 637 2106 686 αύτῶν
2129 642 2237 692 τίνος
2262 644 2409 683 venet.

487 711 601 753 Idem
627 712 654 753 l.
678 711 739 754 18.
768 706 796 756 ἃ
821 713 890 755 νῦν
928 711 1216 767 περικείμεθα.
1248 737 1303 745 -
1363 715 1393 755 I.
1420 711 1483 754 19.
1527 714 1699 766 Repone
1734 712 1817 766 τῆς
1852 707 1998 761 ούσίας
2033 727 2111 768 pro
2137 714 2220 758 τῶν
2249 709 2408 765 ούσίας,

485 826 598 882 quod
624 841 775 881 operae
803 834 1038 881 peccarunt.
1073 852 1123 858 -
1147 879 1152 884 ³
1182 825 1211 866 1.
1228 823 1295 872 24.
1341 796 1644 880 οἷναγκαζὲνται
1679 826 1784 865 ven.
1842 825 1959 867 Idem
1987 825 2015 868 1.
2033 826 2101 868 25.
2120 811 2411 882 ‘inexpzzfivae

486 898 684 954 (sortasse
709 893 1053 954 οἷπεκκριὲῖῆναι).
1084 923 1138 929 -
1197 898 1224 938 l.
1242 898 1280 940 7.
1311 897 1363 938 ab
1390 897 1477 936 inf..
1498 896 1559 952 τῷ
1588 893 1656 938 ἐπὶ
1681 910 1718 938 τ.
1748 893 1815 951 ἠμ
1849 891 1992 940 οἷναστ.
2023 899 2163 951 σῶμα.
2218 892 2407 952 Ἠπορη-

486 983 618 1023 σαμεν
654 970 758 1011 Ven.
793 994 842 1000 -
901 969 929 1010 l.
952 969 992 1011 3.
1025 969 1076 1010 ab
1105 969 1180 1009 inf.
1228 968 1412 1024 γίγνεται
1454 966 1561 1021 μέρη
1592 967 1696 1008 ven.
1757 966 1871 1008 Idem
1899 967 1927 1008 l.
1952 967 2025 1008 ult.
2056 963 2410 1025 ἀντιμεταβάλλε-

483 1055 553 1083 ται
582 1039 667 1083 καὶ.
1446 1087 1450 1092 ,

596 1112 728 1168 Pag.
756 1111 883 1156 248.
939 1110 967 1151 l.
999 1114 1034 1153 1.
1079 1109 1290 1165 γινομένου
1323 1111 1428 1150 Ven.
1491 1109 1601 1150 {dem
1630 1108 1658 1150 l.
1681 1109 1720 1150 2.
1752 1109 1944 1164 yiveoisou
1969 1109 2113 1165 μέρος,
2158 1110 2255 1152 etl.
2278 1110 2318 1153 3.
2350 1110 2411 1160 εἰς

485 1179 612 1238 βυὲῐόν
642 1179 762 1236 ημᾶς
792 1181 997 1236 φλυαρίας
1035 1177 1203 1236 οἷλόγου.
1238 1206 1284 1212 «-
1346 1180 1373 1221 l.
1399 1179 1438 1222 4.
1482 1177 1618 1223 πάντα
1646 1176 1751 1223 εἶναι
1777 1178 1932 1224 δυνατά
1959 1182 2063 1222 ven.
2099 1204 2150 1212 —
2207 1181 2234 1223 l.
2252 1182 2293 1225 8.
2325 1183 2410 1223 Re—

483 1267 595 1309 pone
626 1251 666 1295 ἐν
697 1251 817 1308 μέσῳ
847 1253 920 1295 τοῦ
947 1252 1103 1296 πεδίου.
1166 1251 1393 1292 Articulum
1428 1265 1508 1292 om.
1548 1251 1671 1292 etiam
1713 1250 1776 1291 ed.
1815 1253 1953 1292 Petav.
1994 1251 2139 1293 Colon.
2175 1277 2223 1284 —-
2282 1252 2410 1308 Panlo

484 1333 581 1379 post
610 1321 767 1367 ὀστέων
797 1318 1066 1378 οἷνὲρωπίνων
1105 1325 1205 1363 Ven.
1266 1322 1370 1364 Ibid.
1415 1321 1632 1366 κύκλωῇεν
1664 1324 1751 1363 Bas.
1813 1322 1877 1363 Cf.
1908 1322 2079 1363 Lobeck
2107 1323 2162 1364 ad
2190 1324 2340 1379 Phryn.
2369 1323 2411 1366 9.

485 1418 537 1426 -
569 1394 595 1436 l.
622 1394 681 1435 10.
729 1389 839 1437 αύτά
874 1391 981 1449 ξηροὶ
1023 1391 1189 1449 σφόδρα
1227 1392 1300 1437 καὶ
1330 1395 1432 1435 Ven.
1494 1393 1606 1435 Idem
1634 1393 1660 1434 l.
1688 1394 1746 1436 11.
1788 1391 1842 1437 τά
1883 1389 1990 1437 όστᾶ
2031 1395 2180 1438 ταῦτα.
2218 1395 2323 1435 Ven.
2354 1419 2410 1426 --

484 1465 511 1506 l.
541 1465 601 1507 13.
633 1464 702 1508 καὶ
738 1464 847 1519 ἐρεῖς
885 1463 990 1519 πρὸς
1028 1461 1136 1508 αύτά
1164 1467 1266 1505 Ven.
1326 1465 1439 1505 Idem
1464 1464 1491 1505 l.
1517 1462 1579 1506 14.
1609 1459 1817 1516 Ἀδωναῒ,
1859 1473 1901 1505 et
1925 1465 1952 1506 l.
1979 1467 2043 1507 15.
2086 1464 2160 1509 καὶ
2187 1463 2317 1516 δώσω
2345 1461 2411 1520 ἐφ’

484 1531 609 1591 ύμᾶς.
644 1560 694 1567 -—
753 1536 780 1576 l.
808 1538 870 1577 18.
902 1535 1007 1590 εἰμι,
1050 1545 1147 1576 ante
1173 1535 1337 1591 κύριος,
1381 1550 1461 1577 om.
1489 1538 1594 1577 Ven.
1623 1559 1680 1567 —
1734 1535 1847 1577 [22.
1891 1534 2156 1592 Ζωοποιῆσει
2194 1534 2248 1580 τὰ
2277 1533 2411 1591 θνητὰ

485 1603 602 1662 ύμῶν
631 1606 811 1662 σώματα
839 1604 909 1650 διὰ
934 1607 1007 1650 τοῦ
1039 1605 1291 1657 ἐνοικοῦντος
1320 1603 1448 1652 αύτοῦ
1485 1603 1719 1662 πνεύματος
1748 1605 1789 1649 έν
1818 1604 1915 1662 ύμῖν
1948 1609 2052 1649 Ven.
2083 1631 2139 1642 ,-
2195 1604 2307 1650 1.24.
2337 1621 2411 1663 φι-

484 1678 653 1733 λαληὲῆ
681 1680 769 1718 Bas.
803 1703 855 1709 -—
914 1678 940 1718 l.
965 1678 1031 1719 25.
1062 1692 1134 1732 τε,
1166 1687 1264 1733 post
1298 1679 1465 1728 σῶσαι,
1497 1693 1577 1720 om.
1606 1680 1708 1718 Ven.
1768 1677 1884 1719 Idem
1910 1678 1938 1720 l.
1957 1677 2026 1720 26.
2056 1676 2327 1734 φυλάξασθαι
2349 1675 2408 1732 μὴ

484 1747 693 1803 ἐμπεσεῖν.
726 1774 772 1781 —-
838 1749 864 1789 l.
887 1748 925 1791 7.
953 1749 1004 1789 ab
1032 1749 1108 1789 inf.
1154 1745 1491 1805 οἷπεκκρινούσης
1524 1751 1629 1790 Ven.
1661 1772 1717 1780 —-
1785 1749 1811 1789 l.
1833 1749 1873 1790 4.
1902 1749 1953 1790 ab
1985 1749 2060 1791 inf.
2106 1747 2172 1793 διὸ
2212 1745 2273 1798 ὥς
2307 1739 2412 1800 πρὸς

482 1821 586 1862 Ven.
617 1845 672 1852 -
729 1820 756 1863 l.
782 1819 941 1875 penult·
986 1820 1121 1863 καίτοι
1146 1835 1196 1875 γε
1218 1822 1290 1864 τοῦ
1316 1820 1439 1864 οἱονεὶ
1464 1817 1639 1864 Παύλου
1665 1821 1767 1860 Ven.
1803 1844 1853 1852 -
1914 1820 1942 1861 1.
1966 1820 2035 1861 ult.
2079 1812 2158 1877 ἧς,
2201 1829 2300 1876 post
2328 1816 2411 1876 μό-

481 1888 586 1942 νου,
608 1906 687 1932 om.
720 1893 847 1941 Ven.‚
878 1891 949 1947 qui
978 1891 1116 1946 pergit
1144 1888 1175 1946 γῖ
1206 1888 1330 1935 ούσία
1359 1889 1532 1947 ὑστερεῖ
1554 1887 1652 1934 καθ’
1684 1886 1816 1945 ημᾶς.
2091 1934 2097 1943 ‚

594 1962 728 2020 Pag.
750 1964 877 2007 250.
936 1963 961 2002 l.
986 1965 1021 2004 l.
1068 1961 1155 2019 ἔχει
1180 1959 1242 2017 μή
1267 1977 1367 2006 ποτε
1393 1960 1442 2007 δὲ
1467 1957 1544 2006 κᾶν
1573 1962 1728 2017 ῥευστῆ
1758 1953 1812 2016 ἦν
1845 1962 1946 2017 (sic)
1976 1964 2081 2004 Ven.
2143 1965 2259 2005 Idem
2285 1962 2409 2018 paulo

481 2041 578 2088 post
602 2034 674 2075 τοῦ
703 2033 1078 2090 χαρακτηρίζοντος
1099 2031 1146 2077 τὸ
1177 2034 1305 2088 σῶμα
1329 2028 1478 2077 ταύτον
1504 2031 1608 2077 εἶναι
1634 2030 1694 2082 οἷς
1720 2032 1793 2076 καὶ
1820 2028 1949 2082 αύτός
1977 2031 2132 2082 τύπους
2155 2033 2289 2088 μένειν
2313 2030 2411 2083 τοὺς

483 2100 638 2152 αύτούς
665 2102 761 2153 τοὺς
801 2102 879 2159 τὴν
916 2102 1130 2158 ποιότητα.
1161 2128 1217 2136 ——
1274 2104 1302 2146 l.
1322 2106 1359 2145 5.
1405 2103 1616 2159 ἰδιώματα
1645 2103 1804 2160 φάσκοι
1838 2103 1911 2147 καὶ
1938 2102 2007 2147 ἐπὶ
2031 2102 2193 2153 τούτοις
2222 2103 2331 2148 ἔστιν
2359 2099 2411 2148 δ’-

483 2190 595 2230 μοιον
637 2175 745 2229 (sine
783 2177 824 2219 εἴ
848 2176 908 2230 τι.)
949 2178 1050 2216 Ven.
1111 2175 1224 2217 Idem
1249 2175 1275 2215 l.
1302 2174 1343 2217 6.
1373 2171 1395 2219 ἆ
1426 2175 1600 2225 Παῦλος
1626 2174 1700 2218 καὶ
1726 2171 1749 2216 ό
1777 2174 1952 2230 Πέτρος.
1984 2199 2038 2206 -
2097 2175 2126 2216 l.
2143 2175 2181 2218 8.
2224 2173 2272 2218 τό
2298 2172 2347 2220 δὲ
2368 2174 2410 2218 τί

483 2243 781 2300 ἐκτεταγμένον
807 2248 913 2287 Ven.
961 2249 1006 2287 In
1029 2249 1118 2287 Bas.
1151 2255 1216 2287 est
1244 2244 1291 2289 τὸ
1321 2244 1369 2290 δὲ
1398 2245 1458 2289 ἔτι
1486 2245 1628 2295 ἐντετ.,
1659 2245 1700 2286 in
1728 2245 1792 2286 ed.
1822 2247 1958 2287 Petav.
1986 2243 2083 2290 τότε
2112 2245 2172 2290 ἔτι
2195 2244 2320 2293 έντετ.
2352 2270 2407 2278 --

482 2317 509 2357 l.
531 2317 571 2358 9.
604 2313 719 2366 εἶδός
748 2316 858 2361 ἐστιν
885 2317 935 2360 ἐκ
960 2317 1140 2373 βρέφους
1165 2317 1287 2374 μέχρι
1309 2317 1382 2360 τοῦ
1410 2316 1717 2373 πρεσβυτέρου,
1759 2309 1836 2360 κόέν
1863 2319 1965 2359 ven.
2001 2342 2050 2348 -
2110 2317 2137 2358 l.
2162 2317 2222 2359 12.
2267 2315 2337 2360 ἐπὶ
2357 2315 2405 2361 τὸ

482 2385 645 2431 κάλλιον
679 2389 783 2429 Ven.
815 2414 862 2419 --
925 2389 952 2428 l.
981 2386 1042 2430 14.
1072 2385 1349 2441 καταλλήλοις
1384 2392 1472 2437 τοῖς
1509 2387 1676 2442 τρόποις
1714 2390 1818 2430 Ven.
1880 2388 1994 2429 Idem
2016 2388 2042 2428 1.
2076 2390 2137 2430 15.
2167 2387 2334 2437 πάντως
2358 2380 2407 2432 ἂν

480 2454 600 2512 ἡμᾶς
624 2461 696 2502 δεῖ
713 2456 874 2515 βράχεα
900 2457 1007 2515 ἔχειν
1028 2457 1100 2502 καὶ
1126 2457 1203 2513 τὴν
1227 2453 1368 2513 ἄλλην.
1395 2482 1451 2491 -
1508 2459 1534 2500 l.
1556 2459 1618 2502 17.
1658 2458 1699 2503 ἐν
1723 2457 1866 2509 τόποις
1891 2456 2109 2515 διαφόροις
2130 2461 2235 2501 Ven.
2293 2458 2409 2500 Idem

482 2527 510 2569 l.
538 2528 599 2570 19.
642 2520 695 2584 ’ἦν
724 2530 796 2572 τοῦ
824 2525 983 2584 Ἰησοῦ.
1015 2554 1071 2561 -—
1128 2530 1237 2571 ].21.
1282 2524 1329 2572 ἄν
1366 2544 1430 2578 τις
1459 2528 1571 2584 λέγει
1599 2532 1704 2573 Ven.
1764 2530 1880 2571 Idem
1909 2530 1933 2571 I.
1953 2531 2021 2572 22.
2065 2534 2152 2579 τοῖς
2194 2526 2411 2574 ἐπιστάναι

484 2602 633 2655 δυναμ.
666 2625 717 2632 -
777 2600 897 2642 1.23.
942 2596 1115 2655 ἡμερῶν
1148 2595 1302 2643 ταύτόν
1339 2596 1443 2643 εἶναι
1469 2598 1516 2644 τὸ
1545 2602 1706 2655 πρῶτον
1731 2603 1834 2643 Ven.
1866 2626 1916 2633 —
1976 2599 2089 2643 1.24.
2122 2601 2291 2655 Corrige
2317 2598 2408 2644 ἐπι-

487 2670 655 2725 στῆσαι.
700 2670 919 2725 ἐπιστῆναι
941 2670 1006 2711 ed.
1034 2671 1173 2712 Petav.
1201 2671 1345 2712 Colon.
1374 2671 1512 2712 habet.
1546 2697 1597 2703 -
1654 2672 1682 2713 1.
1703 2674 1739 2714 5.
1766 2673 1817 2714 ab
1843 2672 1919 2713 inf.
1957 2672 2126 2727 Corrige
2156 2670 2407 2727 σωζομένου,

483 2756 560 2798 pro
603 2756 684 2797 quo
724 2741 922 2783 mendose
959 2751 1177 2783 exararunt
1215 2741 1464 2797 σωρομένου.
1496 2767 1553 2776 --
1609 2743 1634 2784 l.
1661 2743 1699 2786 3.
1728 2743 1780 2785 ab
1806 2743 1882 2785 inf.
1929 2739 1976 2786 ού
2017 2742 2189 2788 δύναται
2222 2745 2322 2787 ven.
2349 2730 2408 2789 ‚4-

483 2813 511 2855 l.
542 2813 699 2868 penult.
729 2811 825 2876 περὶ
854 2809 924 2856 τὸν
956 2813 1059 2865 (non
1091 2810 1161 2868 τὸ)
1193 2808 1310 2868 ἅγιον
1341 2814 1410 2854 alii
1442 2829 1491 2855 ex
1520 2816 1684 2856 Veneto
1715 2823 1979 2856 annotarunt.

595 2884 874 2942 Pag.252.
930 2884 956 2925 l.
981 2886 1015 2925 1.
1057 2883 1534 2941 χαρακτηριασὲτησεται
1571 2900 1730 2940 repone
1765 2900 1814 2927 ex
1851 2887 1955 2927 Ven.
1993 2894 2035 2926 et
2077 2887 2163 2926 Bas.
2197 2909 2249 2918 -
2317 2883 2405 2929 1.,3.

482 2953 572 2998 Καὶ
601 2947 627 2998 ἃ
654 2952 758 3009 πρὸς
786 2951 839 2998 τά
869 2951 1041 3008 ῥήματα
1065 2956 1148 2999 τῶν
1173 2956 1347 3011 γραφῶν
1377 2956 1672 3011 παρατίὲςενται
1697 2958 1799 2998 Ven.
1832 2981 1884 2987 -
1941 2956 1968 2999 l.
1991 2953 2028 2998 4.
2059 2955 2148 2999 Καὶ
2169 2951 2332 3010 πρῶτόν
2359 2968 2409 3010 γε

483 3024 536 3069 τὰ
561 3025 602 3069 ἐν
627 3027 688 3082 τῷ
713 3021 811 3076 Ἰεζ-
842 3023 911 3068 ἐπὶ
934 3023 981 3068 τὸ
1012 3021 1108 3069 ὅσον
1137 3028 1239 3067 Ven.
1272 3051 1323 3057 -
1383 3027 1408 3067 1.
1434 3027 1472 3070 7.
1505 3025 1592 3082 μὴ,
1633 3036 1730 3068 ante
1758 3022 2026 3081 νενοηκότες,
2058 3041 2139 3068 om.
2165 3027 2268 3068 ven.
2326 3026 2406 3066 Pro

486 3094 796 3151 συναρπάζοντα
825 3095 983 3150 corrige
1011 3096 1346 3151 σνναρπάζονται.
1378 3122 1431 3129 —-
1488 3097 1514 3138 l.
1533 3097 1572 3140 8.
1614 3093 1679 3141 Ού
1703 3095 1782 3153 γὰρ
1810 3097 1870 3147 εἰς
1895 3096 1948 3142 τά
1977 3094 2145 3152 όνομαζ.
2174 3095 2273 3151 (sic)
2301 3097 2406 3140 Ven.

484 3168 600 3208 Idem
626 3167 653 3208 l.
675 3166 713 3209 9.
746 3167 808 3223 τῷ
825 3199 835 3217 ,
880 3161 1175 3222 Ἐσκορπίσὲδη
1201 3165 1255 3211 τοὶ
1283 3164 1389 3212 όστοὶ
1418 3169 1518 3224 (sic)
1548 3165 1672 3223 ἡμῶν
1698 3166 1811 3222 παρὰ
1838 3166 1908 3212 τὸν
1935 3162 2070 3225 ᾅδην,
2114 3165 2189 3210 καὶ,
2209 3164 2408 3221 ἐσκορπί-

487 3241 570 3293 σὲτη
596 3235 733 3281 πάντα
773 3235 827 3280 τὰ
862 3233 967 3281 όστοί
1010 3254 1088 3293 μου
1125 3240 1229 3279 Ven.
1262 3264 1312 3270 -
1371 3240 1486 3281 1.12.
1517 3234 1604 3292 ὅτι,
1648 3247 1746 3294 post
1784 3239 1975 3294 λέγουσι,
2019 3252 2099 3281 om.
2130 3238 2233 3278 ven.
2294 3237 2407 3278 Idem

483 3308 635 3350 deinde
664 3304 778 3363 ’Ἄρα
817 3306 896 3365 γὰρ
932 3309 1113 3364 λέγουσι.
1142 3333 1198 3341 -
1254 3310 1282 3351 l.
1306 3310 1368 3354 13.
1411 3307 1463 3354 τοὶ
1505 3305 1612 3355 όστά
1647 3306 1772 3364 ημῶν
1811 3311 1914 3351 Veu.
1972 3309 2085 3350 Idem
2111 3308 2260 3348 iterum
2289 3307 2406 3350 1.15.

482 3377 534 3424 τὰ
562 3376 666 3425 όστά
693 3376 816 3435 ἡμῶν
845 3378 886 3423 ἐν
911 3379 1027 3436 αἰχμ.
1055 3379 1273 3435 γινόμενοι.
1306 3406 1358 3412 --
1417 3381 1445 3422 l.
1466 3383 1533 3423 20.
1579 3379 1778 3435 γέμοντες
1806 3375 1964 3424 όστέων
1989 3378 2143 3431 νεκρῶν
2169 3377 2242 3421 καὶ
2264 3375 2408 3434 πάσης

483 3453 586 3492 Ven.
618 3475 671 3483 -
729 3451 755 3492 l.
774 3451 842 3494 27.
877 3451 1046 3506 Corrige
1073 3450 1204 3507 χρεία.
1236 3476 1281 3482 --
1349 3452 1376 3493 l.
1397 3449 1436 3493 4.
1464 3452 1515 3492 ab
1543 3451 1619 3493 inf.
1659 3447 1863 3499 Ὀδόντας
1888 3447 1966 3504 γὰρ
1992 3446 2274 3503 ἁμαρτωλῶν,
2316 3464 2407 3505 φη-

485 3521 549 3565 σὶν
574 3525 680 3564 Ven.
716 3546 764 3554 --
823 3521 908 3564 1.3.
936 3522 987 3562 ab
1011 3521 1087 3562 inf.
1135 3521 1363 3565 συνέῇλασε
1401 3521 1542 3576 κύριος
1578 3522 1686 3575 (sine
1723 3520 1917 3575 articulo)
1946 3521 2051 3561 ven.
2084 3543 2136 3550 -
2193 3520 2219 3560 Ι.
2248 3520 2404 3576 penult.

486 3591 607 3647 μόνον
640 3592 846 3649 συντρίβει
879 3594 983 3637 Ven.
1045 3592 1161 3633 Idem
1191 3592 1216 3632 l.
1242 3593 1315 3634 ult.
1342 3589 1467 3636 wssffi'
1499 3587 1647 3642 οὕτως.

596 3664 877 3721 Pag.254.
946 3663 973 3703 l.
996 3659 1036 3704 4.
1082 3655 1139 3707 ὧν
1181 3660 1391 3719 ἐφρόνησε
1429 3666 1533 3707 Ven.
1562 3689 1619 3696 —
1675 3664 1703 3705 1.
1723 3664 1760 3704 5.
1801 3660 1876 3704 καὶ
1911 3657 1987 3714 τὴν
2028 3658 2171 3717 ψυχήν
2214 3663 2318 3703 Ven.
2349 3685 2406 3718 ··.-

485 3731 514 3771 l.
532 3731 572 3773 6.
615 3734 785 3789 Corrige
823 3736 948 3789 δηλοῖ
980 3749 1031 3775 ex
1070 3736 1186 3786 Bas.,
1231 3743 1274 3775 et
1304 3736 1433 3784 Ven.‚
1478 3734 1547 3789 qui
1572 3734 1701 3775 habet
1738 3729 1869 3786 δηλοὶ.
1930 3730 2037 3770 Edit.
2080 3733 2216 3773 Petav.
2260 3732 2405 3773 eodem

487 3815 567 3861 quo
610 3812 750 3844 nostra
794 3805 957 3847 laborat
985 3805 1101 3847 vitio.
1132 3829 1185 3837 -—
1253 3805 1282 3844 l.
1311 3806 1372 3846 10.
1415 3818 1603 3859 παριστ.,
1648 3797 1714 3846 δ’τι
1734 3799 1784 3863 τὸ
1817 3815 1925 3854 σωμ.
1959 3803 2061 3844 Ven.
2089 3803 2231 3845 Recte.
2291 3802 2404 3844 Idem
