2508 4134
198 1460 282 1496 pag.
304 1452 399 1490 1⁰⁷5.

201 2040 311 2096 Κεφ.
345 2041 398 2086 5'.

441 294 542 346 476
1146 307 1352 351 SANCTI
1379 310 1663 353 EPIPHANII

442 397 639 471 ἅνδρῶν
667 402 927 457 ἐπιτοαυτό
959 401 1108 469 εἶναι,
1161 403 1272 458 οὔτε
1310 405 1411 460 ἆπό
1439 412 1648 471 παλαιᾶς
1686 413 1955 477 συνηθείας
1982 415 2080 464 τῶν
2108 410 2253 477 φύσει
2282 429 2363 466 συ-

439 491 617 555 ζυγιῶν
646 489 954 556 κεκτημένων
981 486 1010 542 ὁ
1039 493 1230 552 δίκαιος
1258 485 1417 561 ’ὁρίζει
1452 492 1622 564 λόγος,
1675 494 1794 548 ἄλλα
1836 493 1961 565 άνήρ
2005 495 2173 566 2γυνὴ
2207 499 2367 551 ἐπιτο-

441 570 563 624 αυτό
591 573 677 625 ἕνα
707 572 834 644 πρός
859 572 947 642 τὴν
975 578 1119 642 μίαν,
1158 573 1226 638 ὥς
1250 574 1404 645 Ἀδάμ
1435 577 1562 649 πρὸς
1587 576 1677 646 τὴν
1709 578 1880 645 Εὕαν,
1936 578 2004 643 ὥς
2039 580 2214 651 Σάρρα
2240 580 2367 652 πρὸς

438 654 522 709 τόν
546 653 768 727 Ἀβραάμ
794 656 916 727 εἶχεν
926 702 941 725 ,
981 657 1048 723 ὥς
1074 658 1301 730 Ῥεβέκκα
1324 669 1392 735 τῷ
1412 663 1584 717 Ἰσαάκ
1611 671 1842 733 συνῆπτο.
1918 668 1989 718 Εἰ
2008 664 2103 737 γάρ
2132 670 2214 720 καί
2241 689 2368 731 τινες

436 746 536 795 τῶν
568 744 790 813 πατέρων
818 745 908 799 δύο
951 747 1035 799 καὶ
1063 753 1193 817 τρεῖς
1219 755 1456 817 γυναῖκας
1487 748 1774 817 ἐσχήκασιν,
1827 750 1922 804 οὐκ
1955 752 2007 804 ἐν
2037 757 2125 824 μιᾷ
2151 754 2286 827 οἰκίᾳ
2315 755 2372 806 αἰ

436 834 664 896 γυναῖκες
699 824 837 897 ἦσαν,
918 832 1118 901 Χοίρων
1157 830 1250 902 γάρ
1299 831 1354 886 τό
1398 839 1620 887 τοιοῦτον
1661 832 1818 900 εἶδος,
1868 838 1954 889 καὶ
1988 843 2181 904 κτηνῶν
2199 835 2244 906 ἦ
2267 859 2364 893 τοι·

436 911 559 980 αύτη
588 912 847 981 συνάφεια.
928 910 1078 971 Οὗτοι
1108 917 1159 971 δὲ
1188 923 1368 985 μᾶλλον
1398 920 1466 980 εἰς
1491 920 1718 987 ἔκπληξιν
1750 917 1878 988 ἡμᾶς
1909 920 2240 991 ἀναγκάζουσι
2275 925 2365 989 φέ-

436 1018 566 1067 ρειν,
606 1000 1023 1070 ἐπαγγελλομένων
1055 1001 1215 1056 αὐτῶν
1246 1002 1372 1073 πρὸς
1400 1011 1637 1073 γυναῖκας
1667 1004 1942 1072 συνάφειαν
1969 1006 2037 1074 μή
2064 1009 2212 1075 ἔχειν,
2249 1009 2365 1063 τοῦ-

437 1087 634 1137 ναντίον
662 1092 844 1153 μᾶλλον
880 1086 970 1156 τὴν
994 1086 1166 1156 χλεύην
1195 1087 1603 1159 ἀπεργαζόμενοι,
1654 1092 1738 1143 καὶ
1763 1089 1853 1159 τὴν
1893 1095 2071 1145 τελείαν
2099 1091 2264 1147 αὐτῶν
2294 1095 2365 1148 ἐν-

437 1169 742 1238 δεικνύμενοι
768 1172 1015 1241 αἰσχύνην.
1092 1176 1162 1225 Εἰ
1186 1172 1278 1244 γάρ
1306 1175 1390 1226 καὶ
1413 1172 1624 1244 γαμετάς
1653 1172 1781 1244 εἶχον
1813 1179 1865 1229 οἷ
1888 1182 2128 1244 τοιοῦτοι,
2182 1177 2366 1250 σπορά-

435 1257 556 1322 δην,
607 1254 700 1310 οὐκ
731 1257 911 1325 ἀναμὶξ
936 1257 1117 1320 ταύτας
1148 1257 1363 1326 ὤφειλον
1393 1265 1677 1328 κεκτῆσθαι.
1752 1263 1824 1314 Εἰ
1850 1262 1902 1315 δὲ
1931 1267 2015 1316 καί
2043 1265 2163 1317 εἰσιν
2191 1266 2244 1318 ἐν
2278 1282 2362 1318 συ-

432 1344 599 1414 ζυγία,
653 1340 745 1396 ούκ
779 1346 875 1396 ἔδει
914 1342 1097 1406 αὐτούς
1135 1342 1190 1397 τό
1235 1347 1288 1398 ἐκ
1329 1348 1457 1399 θεοῦ
1501 1347 1852 1414 καταδειχθὲν,
1891 1346 2073 1418 ἀνδρός
2111 1348 2238 1419 πρός
2277 1373 2363 1421 γυ·

434 1434 581 1479 ναῖκα
620 1426 920 1495 συνάφειαν,
974 1427 1094 1496 μετά
1134 1428 1503 1499 εὐσχημοσύνης
1529 1433 1613 1485 καὶ
1650 1431 1944 1501 σεμνότητος
1972 1435 2056 1487 καὶ
2094 1433 2365 1505 ἐπιστήμης

431 1514 514 1566 καὶ
543 1514 593 1576 ἐξ
621 1515 748 1576 ἰδίας
779 1515 1085 1585 ἐλευθερίας,
1138 1517 1216 1569 ἐπὶ
1251 1514 1306 1569 τό
1338 1518 1487 1584 μέσον
1516 1518 1758 1588 φέροντας
1787 1517 2031 1588 φωράσαι.
2106 1522 2179 1573 Εἰ
2201 1521 2252 1574 δὲ
2278 1522 2364 1575 καὶ

431 1597 703 1666 ἀπέσχοντο
743 1606 991 1669 γυναικῶν
1027 1603 1078 1654 ἐν
1109 1599 1275 1674 ἁγνεία
1305 1602 1431 1664 τινὲς
1465 1600 1603 1665 ὅντες
1634 1605 1718 1656 καὶ
1754 1605 1806 1658 ἐν
1835 1606 2116 1678 ἐγκρατείᾳ,
2171 1604 2361 1677 ἐξύβρι-

430 1701 521 1736 σαν
547 1682 602 1737 vc}
635 1687 852 1750 δίκαιον,
905 1683 986 1739 διοὶ
1018 1692 1106 1754 τῆς
1136 1686 1371 1755 ἆνοησίας
1403 1689 1488 1741 καὶ
1523 1686 1579 1742 τὸ
1611 1694 1698 1757 τῆς
1724 1686 1903 1760 άρετῆς
1930 1694 2227 1758 πολίτευμα,
2279 1691 2364 1746 διὰ

428 1775 516 1836 τῆς
552 1771 603 1822 ἐν
633 1769 898 1845 ἀφροσύνῃ
940 1771 1182 1839 ἆφειδοῦς
1225 1774 1478 1844 ἐργασίας,
1530 1771 1592 1827 ού
1632 1780 1734 1828 τῶν
1776 1772 2060 1829 ἀποστόλων
2097 1781 2244 1831 τοῦτο
2278 1798 2361 1831 πε-

427 1853 712 1925 πραχότων,
768 1854 830 1910 ού
866 1863 965 1911 τῶν
1000 1856 1096 1928 πρὸ
1144 1864 1243 1911 τῶν
1294 1856 1580 1921 άποστόλων
1629 1867 1904 1930 προφητῶν
1939 1867 2085 1915 τοῦτο
2135 1865 2360 1928 διαταξα-

427 1942 600 2008 μένων.

571 2032 802 2097 Μωϋσῆς
838 2034 960 2099 γοῦν
991 2031 1044 2082 ἐν
1078 2035 1137 2103 τῇ
1171 2029 1336 2103 ἐρήμῳ
1378 2026 1640 2099 α’ναλαβων
1679 2032 1769 2100 τήν
1805 2030 2109 2104 ύμνηγορίαν
2148 2030 2258 2107 ᾄδει
2293 2038 2363 2107 τῷ

426 2118 531 2185 θεῷ
564 2109 725 2186 ᾆσμα,
776 2111 1001 2168 α’νελθιόν
1037 2113 1136 2169 άπὸ
1179 2114 1458 2185 θαλάσσης,
1513 2115 1750 2183 φάσκων,
1789 2115 2036 2187 ’Ἀισωμεν
2078 2124 2147 2191 τῷ
2186 2122 2360 2193 κυρίῳ,

426 2197 638 2261 ἐνδόξως
673 2198 764 2270 γάρ
796 2199 1107 2265 δεδόξασται,
1159 2204 1316 2255 ἵππον
1352 2204 1433 2255 καὶ
1463 2200 1716 2270 άναβάτην
1747 2204 1950 2273 ἔρριψεν
1984 2206 2053 2266 εἰς
2088 2203 2360 2258 θάλασσαν.

423 2280 578 2352 Ὁμοῦ
606 2285 658 2338 δὲ
684 2285 976 2349 ἐπεφώνουν
1006 2286 1140 2360 αύτῷ
1168 2290 1222 2340 οἷ
1245 2285 1444 2356 ὄὶνδρες,
1482 2289 1567 2340 καὶ
1601 2287 1827 2355 οὐδαμοῦ
1857 2297 2108 2358 γυναῖκες·
2157 2292 2242 2343 ’ἵνα
2270 2288 2362 2358 τὴν

425 2368 660 2423 εὔτακτον
687 2374 819 2446 δείξῃ
856 2370 1111 2436 διάθεσιν,
1164 2375 1247 2424 ’ἵνα
1282 2370 1336 2425 τὸ
1372 2371 1550 2440 σεμνόν
1574 2378 1662 2441 τῆς
1702 2372 1926 2437 εὐταξίας
1960 2380 2050 2428 τοῦ
2084 2373 2244 2442 νόμου
2270 2380 2362 2429 τοῦ

425 2461 552 2509 θεοῦ
574 2455 777 2530 κηρύξῃ.
853 2455 980 2509 Εἶτα
1005 2457 1257 2525 μετέπειτά
1282 2477 1420 2526 φησι,
1462 2459 1562 2510 Καὶ
1590 2461 1810 2525 λαβοῦσα
1840 2460 2058 2531 Μαριάμ
2084 2458 2137 2514 vd
2167 2459 2360 2529 τύμπα-

425 2562 514 2594 νον
538 2534 654 2611 ἧρχε
680 2547 779 2594 τῶν
809 2549 1080 2612 γυναικῶν,
1118 2545 1204 2595 καὶ
1230 2545 1412 2614 ἔλεγεν,
1439 2541 1685 2610 ’Ἁισωμεν
1706 2548 1774 2616 τῷ
1798 2548 1981 2620 κυρίῳ,
2021 2545 2229 2610 ἐνδόξως
2263 2544 2359 2618 γάρ

425 2625 723 2689 δεδόξασται.
784 2629 885 2679 Καὶ
911 2636 1138 2698 γυναῖκες
1170 2626 1298 2697 ὁμοῦ
1328 2628 1623 2695 ἐπεφώνουν
1650 2635 1710 2703 τῇ
1737 2627 2003 2704 ὁμοτρόπῳ
2031 2633 2113 2684 καὶ
2141 2630 2239 2685 vind
2270 2637 2360 2685 τοῦ

427 2710 585 2765 αὐτοῦ
612 2713 789 2782 γένους
814 2709 1130 2787 ύπαρχούσῃ,
1179 2716 1264 2768 καὶ
1297 2716 1350 2767 ἕν
1377 2737 1470 2767 τινι
1505 2714 1824 2789 προαγούσῃ,
1876 2714 1958 2770 διά
1983 2715 2073 2785 τὴν
2100 2715 2359 2785 ἀνεπιστή-

426 2818 554 2864 μονα
590 2799 675 2850 καὶ
713 2795 802 2865 τὴν
836 2798 1132 2868 συρφετώδη
1170 2798 1395 2854 διάνοιαν
1430 2804 1525 2853 τῶν
1565 2798 1743 2868 άναμὶξ
1781 2802 2114 2871 ἐργαζομένων
2153 2803 2360 2872 ἑτεροδι-

425 2886 701 2945 δασκαλίας.
780 2885 908 2954 Περὶ
945 2885 997 2937 δὲ
1024 2891 1111 2952 τῆς
1143 2885 1459 2948 ἀναστάσεως
1491 2903 1613 2954 φησι
1642 2885 1671 2940 ὁ
1698 2887 1987 2958 προφήτης,
2041 2887 2140 2939 Καὶ
2169 2886 2358 2953 κόψον-

422 2991 501 3021 ται
528 2966 654 3022 κατά
683 2968 866 3037 φυλὴν,
920 2968 1053 3038 φυλή
1078 2973 1331 3024 κατέναντι
1360 2977 1543 3039 φυλῆς·
1597 2971 1732 3040 φυλὴ
1766 2978 1854 3026 τοῦ
1885 2971 2074 3026 Νάθαν
2101 2969 2219 3025 καθ’
2244 2973 2356 3025 ἓαυ-

424 3053 539 3122 τήν,
589 3056 675 3107 καὶ
703 3057 758 3107 αἵ
783 3062 1010 3124 γυναῖκες
1042 3056 1208 3109 αὐτῶν
1235 3054 1353 3109 καθ’
1380 3055 1579 3118 ἑαυτάς·
1631 3056 1763 3125 φυλὴ
1788 3064 1877 3112 τοῦ
1904 3056 2077 3111 Ἰούδα
2103 3055 2221 3110 καθ’
2246 3058 2357 3110 ἕαυ-

424 3138 537 3207 τήν,
575 3142 658 3192 καὶ
686 3142 740 3192 αἱ
764 3148 993 3210 γυναῖκες
1021 3141 1187 3194 αὐτῶν
1215 3139 1332 3195 καθ’
1362 3141 1563 3207 ἑαυτάς,
1618 3145 1702 3196 καὶ
1732 3142 1792 3197 τοὶ
1821 3145 1943 3210 ἓξῆς.
2015 3141 2165 3195 Οὕτω
2196 3144 2281 3196 καὶ
2307 3146 2361 3197 οἰ

427 3224 694 3278 ἀπόστολοι
735 3225 1054 3279 διατάσσουσι
1093 3234 1153 3301 τῇ
1192 3230 1441 3300 ἐκκλησίᾳ·
1496 3227 1626 3281 οὕτω
1665 3230 1748 3282 καὶ
1791 3226 1819 3281 ὁ
1854 3226 2025 3297 κύριος
2057 3229 2271 3292 διέταξεν
2301 3231 2356 3284 ἐν

423 3316 490 3383 τῷ
534 3310 823 3384 εὐαγγελίῳ,
877 3309 976 3364 ἀπὸ
1022 3319 1139 3379 μιᾶς
1178 3311 1232 3366 τὸ
1276 3310 1553 3382 ύπόδειγμα
1591 3312 1711 3382 ἡμῖν
1756 3311 2036 3381 κηρύττων,
2090 3311 2256 3380 φήσας
2292 3320 2355 3388 τῇ

433 3402 449 3431 ¹
470 3397 614 3465 μητρὶ
644 3393 825 3462 αὐτοῦ,
876 3395 971 3464 Μή
999 3418 1094 3462 μου
1125 3396 1310 3451 ἅπτου·
1363 3396 1505 3451 οὔπω
1543 3397 1636 3468 γάρ
1679 3397 1963 3466 ἀναβέβηκα
1997 3396 2125 3467 πρός
2145 3397 2231 3451 τὸν
2259 3420 2352 3452 πα-

423 3481 551 3549 τέρα.
632 3480 805 3544 Οὕτως
841 3480 870 3534 ό
910 3484 1061 3546 Γιεζεὶ
1093 3484 1402 3553 προςέρχεται
1443 3489 1503 3557 τῇ
1538 3486 1888 3551 Σουμανίτιδιλ,
1943 3482 2353 3552 Ξᾶπωθούμενος

423 3564 627 3632 ταύτην·
675 3565 762 3619 ’ἵνα
806 3565 874 3634 μή
913 3564 1133 3641 άφανίσῃ
1171 3567 1224 3621 τὸ
1258 3567 1442 3638 τάγμα,
1496 3571 1578 3621 ἵνα
1615 3567 1682 3635 μὴ
1718 3566 1896 3640 ὑβρίσῃ
1923 3566 2007 3620 τόν
2038 3568 2229 3637 θεσμὸν
2253 3575 2352 3623 τῶν

425 3657 709 3717 προφητῶν.
805 3650 859 3703 Ὁ
902 3653 954 3705 δὲ
992 3652 1256 3722 προφήτης
1297 3652 1540 3720 πνεύματι
1582 3650 1704 3724 ἁγίῳ
1750 3652 2023 3722 φερόμενος
2065 3654 2352 3708 κατώδυνον

479 3792 517 3831 2.
564 3795 628 3832 Sic
669 3797 806 3835 habent
843 3800 943 3837 libri.
1002 3801 1187 3838 Petavias
1227 3799 1350 3838 voluit
1407 3797 1502 3849 μίαν
1573 3798 1672 3838 Mihi
1699 3797 1865 3836 delenda
1886 3799 2004 3846 plone
2028 3800 2210 3839 videntur
2233 3801 2351 3839 verba

425 3844 529 3904 ἀνὴρ
556 3848 629 3890 καὶ
663 3848 763 3905 γυνὴ
798 3850 1013 3897 {vta-town&
1046 3851 1106 3902 εἷς
1133 3851 1238 3907 πρὸς
1271 3850 1347 3906 τὴν
1406 3848 1511 3908 ἀνὴρ
1542 3849 1671 3908 γυνὴ,
1700 3857 1826 3905 utpote
1858 3855 1905 3894 de
1935 3858 2111 3907 maryine
2140 3858 2304 3899 invecta.
