2508 4134
530 283 754 324 PANAau
782 258 887 325 mas
911 284 980 324 m.
1010 285 1141 325 ToM.
1171 286 1203 324 1.
1234 285 1393 325 naen.
1423 284 1621 324 Lxxvi.
1916 271 2014 322 271

124 390 342 434 ereatura
383 379 666 450 opificioque
707 381 1048 449 praestantior.
1125 380 1236 432 Non
1281 390 1531 450 propterea
1562 382 1683 450 quod
1720 380 1963 450 productis
1992 396 2017 429 a

123 483 176 517 se
204 465 721 526 omnibus,antecellit,
765 482 859 515 non
893 465 1057 514 eadem
1093 463 1185 514 ista
1218 466 1413 515 molitur
1442 484 1497 515 ac
1529 475 1769 533 procreat.
1847 463 2020 532 Neque

123 549 248 600 enim
284 566 404 616 quae
431 549 558 606 illius
587 557 659 599 est
691 548 909 611 bonitas,
952 547 1130 598 invidia
1161 547 1401 615 tangitur,
1459 550 1838 616 qnandoquidem
1870 549 2019 615 ipsam

122 633 170 683 in
200 650 252 684 se
282 632 542 684 bonitatem
581 632 944 701 complectitur,
1005 648 1128 699 quae
1169 649 1248 680 res
1288 649 1381 681 una
1411 633 1587 681 ceteris
1627 642 1839 700 praestat
1868 631 2020 683 omni-

121 715 230 768 bus.
303 714 478 784 Neque
518 713 956 785 perturbationibus
986 714 1226 764 obnoxius
1255 724 1359 776 est,
1416 715 1548 764 velut
1585 715 1824 779 invidiae,
1879 715 2020 766 livori

122 810 218 851 etc.
296 797 458 866 Quare
489 815 814 867 quaecumque
847 799 1035 848 deinum
1067 798 1313 861 existunt,
1357 815 1382 848 e
1414 797 1559 848 nihilo
1600 802 1817 867 perfecit.
1891 798 2019 850 Nam

123 900 243 951 quae
282 884 339 933 ab
382 884 486 951 ipso
528 883 719 933 condita
761 891 901 945 sunt,
967 899 1181 949 quaeque
1223 882 1583 950 incomparabili
1626 882 1729 933 eius
1773 882 2021 933 divinitate

123 967 265 1034 longe
293 967 522 1017 inferiora
557 975 696 1030 sunt,
755 984 847 1016 non
882 966 1116 1017 adversus
1156 966 1304 1032 ipsum
1349 965 1621 1033 excogitata
1663 967 1885 1029 suerunt,
1937 968 2020 1018 sed

123 1052 179 1102 ad
219 1049 323 1101 eius
362 1051 592 1101 honorem
634 1068 691 1101 ac
718 1050 951 1118 gloriam,
1006 1059 1057 1100 ut
1094 1051 1394 1117 magnilicam
1438 1058 1487 1099 et
1520 1049 1729 1099 invidiae
1772 1060 2019 1119 expertem

123 1133 249 1186 illius
290 1135 586 1185 divinitatem
633 1134 865 1185 indicent.
960 1131 1099 1199 Quae
1147 1134 1334 1201 quidem
1380 1134 1583 1202 ipsamet
1630 1142 1703 1182 est
1745 1134 1932 1185 bouitas
1974 1144 2019 1185 et

123 1219 420 1281 substantia,
478 1236 598 1286 quae
626 1237 730 1269 cum
760 1219 819 1269 iis
848 1217 992 1268 rebus
1031 1235 1147 1285 quas
1178 1235 1204 1268 e
1236 1219 1383 1268 nihilo
1412 1218 1598 1268 creavit
1637 1234 1723 1267 sua
1759 1219 2021 1268 communiÎ‡

119 1290 234 1365 cat,
277 1303 564 1370 easdemque
594 1312 641 1354 et
670 1319 779 1353 esse
808 1303 909 1352 vult
939 1310 988 1352 et
1015 1319 1395 1369 unamquamque
1426 1319 1510 1371 pro
1542 1309 1739 1351 naturae
1767 1318 1882 1352 suae
1910 1319 2023 1352 con-

124 1386 303 1437 ditione
338 1403 532 1437 suorum
562 1386 903 1437 beneficiorum
937 1402 1046 1436 esse
1072 1387 1367 1454 participem.
1443 1383 1582 1437 Unde
1613 1393 1662 1435 et
1687 1385 1924 1436 sideribus
1955 1387 2024 1437 lu-

123 1487 226 1521 cem
255 1469 525 1538 impertitus
555 1480 658 1532 est,
700 1479 749 1520 et
773 1470 909 1521 coelo
936 1470 1273 1539 descriptionis
1300 1470 1575 1537 ordinisque
1605 1469 2019 1537 pulchritudinem,

125 1563 173 1606 et
203 1565 392 1617 terrae,
444 1555 716 1623 ceterisque
738 1593 752 1619 ,
804 1572 888 1623 pro
920 1572 978 1605 eo
1008 1572 1064 1605 ac
1095 1556 1244 1605 voluit
1275 1563 1455 1622 partein
1487 1553 1691 1620 aliquam
1733 1554 1924 1604 virtutis
1952 1562 2024 1605 at-

124 1638 321 1701 tribuit,
375 1647 422 1688 et
449 1639 634 1705 angelis
663 1656 718 1688 ac
746 1639 942 1707 reliquis
971 1639 1150 1689 sanctis
1189 1639 1428 1689 mentibus
1469 1637 1874 1688 immortalitatem
1909 1656 2023 1689 con-

117 1710 303 1785 cessit,
344 1731 393 1773 et
431 1722 668 1773 hominem
712 1723 915 1790 (lenique
943 1722 1166 1790 imaginis
1194 1723 1454 1790 dignitate,
1509 1723 1635 1786 vita,
1686 1722 1915 1786 scientia,
1967 1740 2023 1774 ac

123 1806 327 1858 rationis
368 1805 561 1874 proprio
605 1824 805 1857 munere
849 1807 1063 1858 donavit.
1143 1805 1285 1873 Quod
1329 1808 1515 1874 quidem
1558 1807 1711 1875 ipsum
1756 1825 1850 1857 non
1896 1806 2022 1858 illius

122 1893 172 1942 in
209 1891 311 1942 sola
343 1891 591 1942 voluntate
621 1891 824 1957 positum
859 1892 968 1953 l'uit,
1010 1891 1144 1958 quasi
1173 1892 1469 1952 cunctando,
1522 1890 1643 1941 etin
1674 1892 1877 1941 futurum
1910 1892 2024 1941 deli-

123 1975 364 2038 berando,
417 1983 468 2025 ut
493 1974 557 2024 ita
593 1975 777 2038 dicam,
834 1976 954 2042 apud
985 1993 1037 2026 se
1068 1984 1325 2038 tractaret,
1379 1976 1460 2025 sed
1502 1993 1586 2043 pro
1616 1975 1844 2043 ipsamet,
1900 1993 2022 2042 quae

122 2059 171 2110 in
198 2059 280 2109 illo
305 2066 406 2122 est,
446 2058 661 2126 bonitate
690 2059 921 2128 perfecit3
963 2060 1098 2110 cuius
1130 2059 1217 2109 hoc
1249 2059 1489 2127 proprium
1520 2067 1621 2121 est,
1675 2066 1727 2109 ut
1754 2076 2022 2127 congruen-

124 2152 199 2195 ter
229 2143 319 2194 sibi
352 2141 625 2207 contineat,
679 2144 851 2194 efficiat
876 2161 933 2194 ac
963 2144 1157 2194 molitur
1183 2144 1361 2194 omnia.
1440 2140 1850 2209 Quemadmodum
1879 2142 2023 2210 igitur

124 2227 247 2295 quod
280 2227 456 2277 dictum
491 2236 592 2290 est,
638 2227 752 2278 nibil
786 2227 1031 2295 iudignum
1061 2237 1141 2278 aut
1170 2227 1401 2278 indecens
1432 2226 1631 2276 bonitati
1661 2228 1766 2278 eius
1793 2228 2018 2295 aspersit,

124 2312 208 2361 sed
235 2311 434 2378 gloriam
463 2328 520 2361 ac
549 2330 654 2361 cum
685 2312 1042 2380 praedicatione
1067 2313 1368 2362 coniunctam
1395 2310 1629 2378 largitatis
1662 2328 1779 2361 suae
1805 2311 2022 2361 notitiam

124 2394 339 2462 peperit,
381 2395 457 2444 ubi
491 2395 548 2445 ad
582 2413 748 2445 eorum
777 2414 895 2463 quos
924 2395 1134 2446 condidit
1166 2396 1489 2461 cognitionem
1525 2412 1815 2463 sensumque
1850 2413 2023 2464 perve-

124 2477 222 2541 nit,
276 2477 340 2528 ita
368 2487 417 2528 et
443 2495 625 2529 summa
666 2479 713 2528 in
740 2497 798 2530 eo
825 2479 1089 2530 divinitatis
1120 2480 1270 2548 gloria
1304 2490 1407 2543 est,
1442 2498 1560 2546 *non
1600 2480 1679 2530 illa
1714 2480 1901 2548 quidem
1934 2498 2021 2531 ex-

124 2561 365 2612 trinsecus
402 2561 582 2612 adscita
623 2565 738 2626 (uec
770 2563 895 2613 enim
939 2563 1149 2614 divinum
1198 2582 1371 2614 numen
1402 2565 1732 2615 accessionem
1768 2564 1908 2614 ullam
1945 2582 2021 2615 re-

124 2645 296 2713 quirit,
350 2645 521 2714 quippe
562 2663 666 2695 cum
709 2647 908 2714 ipsamet
951 2647 1103 2714 gloria
1141 2648 1233 2710 sit,
1297 2649 1450 2699 virtus
1490 2649 1620 2716 ipsa,
1679 2647 2020 2700 admirabilitas

122 2728 255 2798 ipsa,
308 2729 411 2797 ipsa
457 2728 798 2797 praedicatio),
856 2730 945 2779 hoc
986 2731 1175 2798 inquam
1205 2731 1254 2781 in
1283 2732 1408 2782 illius
1447 2731 1648 2799 gloriam
1691 2733 1844 2795 cedit,
1897 2733 2021 2800 quod

123 2822 261 2883 pater
290 2812 393 2881 ipse
419 2821 621 2879 generet
652 2831 679 2863 a
707 2814 836 2863 nullo
862 2814 1081 2880 genituS,
1125 2823 1174 2865 ut
1199 2832 1260 2865 ex
1289 2816 1487 2883 perenni
1523 2819 1652 2867 l'onte
1680 2817 1906 2884 perennis
1939 2833 2021 2866 ae-

124 2915 216 2965 que
247 2898 356 2948 sons
383 2905 603 2959 emanet,
646 2914 750 2947 cum
778 2898 882 2965 ipso
911 2906 958 2947 et
988 2916 1049 2947 ex
1079 2898 1216 2966 ipso,
1258 2916 1284 2949 e
1317 2901 1477 2963 fonte,
1517 2901 1739 2967 inquam,
1783 2901 1888 2949 fons
1914 2900 2020 2949 exi-

123 2990 285 3045 stenS,
336 2983 454 3032 deus
484 2999 547 3031 ex
577 2983 698 3043 deo,
751 2982 911 3031 lumen
939 2982 996 3030 de
1033 2981 1240 3045 lumine,
1296 2983 1374 3050 qui
1403 2983 1507 3033 sine
1537 2985 1632 3034 ullo
1664 2982 1799 3033 initio
1830 2999 2021 3051 semper

127 3065 246 3128 suit,
299 3083 394 3116 non
423 3065 667 3115 subiectus
697 3065 927 3131 tempori,
984 3065 1103 3115 adeo
1132 3074 1180 3115 ut
1213 3075 1260 3116 et
1286 3075 1469 3134 patrem
1502 3068 1621 3117 lilius
1651 3066 1699 3116 in
1730 3084 1781 3117 se
1810 3084 1926 3117 vere
1955 3068 2019 3117 sit

124 3149 436 3217 complexus,
479 3158 527 3198 et
556 3159 691 3217 pater
726 3149 891 3211 lilium,
928 3149 1005 3215 qui
1034 3166 1122 3198 nec
1153 3150 1231 3199 illo
1260 3150 1481 3217 indignus
1513 3159 1615 3212 est,
1659 3168 1746 3200 nec
1774 3152 2018 3220 incompa-

125 3233 262 3283 rabili
299 3233 402 3283 eius
444 3234 764 3283 excellentiae
794 3233 1043 3300 quicquam
1072 3233 1294 3283 detrabit.
1373 3231 1618 3300 Siquidem
1650 3252 1742 3284 non
1783 3252 2017 3303 corporea

128 3317 358 3384 quaedam
394 3316 640 3367 distractio
667 3317 819 3367 locum
852 3315 945 3366 illic
981 3315 1147 3378 habet,
1204 3317 1286 3366 sed
1316 3317 1513 3367 verbum
1547 3317 1842 3381 subsistenS,
1901 3320 2019 3371 deus

127 3417 153 3450 a
182 3408 314 3468 patre
356 3401 652 3467 procedens,
707 3399 902 3469 spiritus
941 3418 965 3449 a
994 3399 1190 3467 spiritu,
1248 3401 1364 3450 deus
1399 3417 1461 3449 ex
1494 3401 1610 3462 deo,
1670 3419 1837 3452 omnes
1869 3404 2018 3472 syllo-

127 3484 387 3551 gismorum
416 3485 630 3551 argutias
656 3484 947 3546 excludens,
987 3501 1042 3532 ac
1071 3483 1284 3533 fidelibus
1315 3482 1460 3533 vitam
1490 3483 1781 3548 concilians,
1822 3488 2016 3538 univer-

128 3566 290 3635 sisque
328 3585 446 3635 quos
477 3577 611 3636 pater
641 3585 726 3636 per
757 3568 908 3636 ipsum
938 3576 984 3617 et
1015 3566 1071 3616 ab
1101 3566 1204 3634 ipso
1241 3567 1493 3634 produxit,
1548 3567 1636 3618 fide
1664 3568 1912 3634 nimirum,
1969 3581 2017 3623 et

129 3651 403 3719 cognitione
431 3651 685 3716 praeditis,
728 3653 805 3719 qui
833 3651 907 3702 dei
937 3651 1029 3702 vim
1057 3667 1113 3700 ac
1142 3650 1450 3717 sapientiam,
1506 3668 1626 3717 quae
1656 3651 2014 3720 inquisitionem

126 3765 241 3813 vulyo
268 3764 405 3803 habent
434 3760 578 3805 á¼Î»Î¸á½½Î½.
1154 3761 1191 3803 7.
1223 3759 1420 3805 á¼Î½Î´ÎµÎµá¿–Ï„Î±Î¹
1457 3763 1567 3804 codd.
1596 3775 1685 3806 mss.
1714 3769 1748 3806 et
1776 3768 1866 3808 edit.
1890 3769 2014 3817 princ.
