2508 4134
455 236 557 300 666
1027 256 1301 299 ADDENDA
1330 259 1405 301 ET
1435 253 1809 303 coRmeENnA.

455 369 505 396 ex
546 356 711 396 Veneto
750 349 848 399 οὕτε
888 356 1015 411 σῶμα
1046 352 1323 414 σωφροσύνης
1367 354 1709 417 ὖποταχθησεται
1746 356 2012 415 διδάγμασιν.
2061 359 2187 403 'Idem
2225 358 2379 402 deinde

454 425 732 472 δισλίσθωσαν
770 427 851 482 τῆς
892 430 988 484 βασ.
1019 452 1076 459 -
1132 428 1160 471 l.
1181 428 1251 473 33.
1293 429 1488 472 Rescribe
1527 431 1679 476 Καίτοι
1717 431 1786 476 νῦν
1824 431 1887 484 εἰ,
1932 439 1978 472 ut
2006 431 2157 487 legitur
2184 431 2310 473 etiam
2333 430 2379 473 in

452 497 558 539 Ven.
593 522 647 529 —
703 496 788 540 1.8.
818 499 898 557 τῷ,
929 507 1027 540 ante
1054 490 1173 556 θείῳ,
1205 500 1323 542 deest
1346 501 1390 543 in
1419 503 1526 545 Ven.
1558 527 1613 534 —
1669 502 1699 543 l.
1723 500 1766 545 3.
1795 502 1847 543 ab
1872 501 1949 543 inf.
1980 501 2255 562 διελάμβανεν
2278 498 2378 547 καθ’

452 563 565 623 ὑμᾶς
584 567 767 613 ἐνταῦθα
794 570 900 612 Ven.
931 593 984 602 ·-—
1040 568 1070 611 1.
1096 571 1255 627 penult.
1281 571 1383 624 καὶ,
1414 580 1512 629 post
1535 572 1631 629 περὶ
1655 570 1816 626 τούτου,
1849 587 1930 616 om.
1956 560 2062 618 Veu.
2118 571 2235 616 Idem
2258 574 2287 615 l.
2302 573 2379 616 ult.

450 639 722 696 νεκρουμένου
753 641 915 686 δικαίου
946 641 1019 686 καὶ
1048 643 1282 698 πορνεῦσαι.

562 712 695 770 rag.
730 713 858 759 330.
914 712 941 755 l.
968 713 1010 755 2.
1055 714 1190 758 ταῦτα
1225 712 1380 765 αὐτοῦς
1417 714 1521 756 Ven.
1581 714 1694 756 Idem
1732 714 1759 756 l.
1782 715 1821 757 5.
1852 712 2145 771 γιγνώσκωσι.
2176 735 2232 750 -
2287 715 2377 761 l.7.

451 781 488 826 εί
516 778 732 840 βούλονται
756 782 830 828 καὶ
855 785 961 826 Ven.
991 807 1049 816 —-
1103 781 1131 828 Ι.
1154 785 1192 828 8.
1224 786 1383 842 κυρίως
1409 785 1586 842 λέγεται,
1619 781 1725 829 ἀλλὰ
1752 780 1844 830 οὔτι
1870 785 1995 842 μέρος
2019 788 2123 828 Ven.
2150 810 2207 819 —
2261 787 2290 829 l.
2313 786 2377 830 15.

449 848 547 899 καθ’
580 851 704 899 ἑαυτὸ
736 855 861 896 verba
887 855 1038 897 desunt
1064 855 1107 898 in
1133 858 1238 899 Ven.
1270 881 1322 889 —-
1380 858 1408 899 l.
1427 857 1495 899 20.
1524 857 1586 915 τῷ
1619 856 1746 911 σῶμα
1772 851 1896 901 ὕδατι
1924 857 2028 912 (sine
2052 853 2211 914 αὐτοῦ).
2228 857 2378 899 venet.

448 923 589 966 habet.
619 948 676 958 --
731 924 760 966 l.
784 925 857 968 22.
882 925 1151 983 νεκρούμενον
1181 922 1204 973 ὃ
1234 929 1367 980 καλεῖ,
1397 926 1586 982 Φύρεται
1613 929 1716 968 Ven.
1776 927 1895 969 Idem
1920 928 1948 969 1.
1970 927 2038 971 23.
2067 926 2292 985 Σαλομῶν.
2324 951 2378 961 -

447 994 474 1038 l.
495 993 563 1037 24.
596 992 766 1051 σώματι
803 997 1028 1057 καταχρέῳ
1068 1000 1172 1040 Ven.
1206 1023 1259 1031 —-
1315 998 1345 1039 1.
1366 998 1434 1041 30.
1469 999 1639 1054 Con-ige
1664 994 1786 1044 τοῦτο
1814 994 1839 1044 ὃ
1865 1013 1941 1056 pro
1968 998 2091 1043 τοῦτο
2114 995 2150 1043 ἆ.
2182 1023 2231 1030 -
2284 996 2318 1040 Ἰ.
2338 999 2378 1041 5.

447 1066 499 1109 ab
531 1065 606 1108 inf.
638 1066 752 1119 Καὶ,
785 1076 882 1110 ante
910 1067 969 1125 μη
1001 1064 1272 1126 ἀσθενήσας,
1318 1084 1400 1111 om.
1429 1071 1533 1111 Ven.
1593 1072 1696 1112 Item
1724 1070 1849 1127 paulo
1877 1077 1975 1126 post
2003 1066 2051 1114 οὗ
2077 1078 2174 1112 ante
2201 1068 2380 1115 κατενό-

447 1150 542 1193 ησε.
576 1160 629 1169 -
687 1138 716 1179 l.
745 1135 784 1181 4.
817 1140 868 1181 ab
894 1140 971 1184 inf.
1014 1141 1191 1196 Repone
1231 1139 1559 1196 νενεκρωμένον,
1605 1142 1718 1198 quod
1760 1156 1872 1184 eram
1908 1141 2134 1197 suspicatus
2160 1149 2381 1197 antequam

449 1208 602 1250 certior
629 1224 720 1250 sum
746 1210 879 1252 factus
905 1211 958 1254 de
982 1212 1132 1254 Veneti
1155 1211 1358 1268 scriptura
1383 1211 1653 1268 νεκρωμένον.
1714 1213 1827 1255 Idem
1850 1213 1956 1255 liber
1980 1212 2104 1269 paulo
2128 1219 2227 1267 post
2250 1206 2381 1257 ἅπαν-

449 1293 525 1333 τας
551 1294 629 1336 pro
658 1278 829 1332 πάντας.
859 1307 911 1316 --
969 1283 997 1327 l.
1016 1283 1057 1326 3,
1090 1292 1186 1325 ante
1214 1283 1285 1324 fin.
1315 1287 1406 1335 δεῖ,
1437 1292 1536 1325 aute
1566 1283 1818 1341 ἔμπροσθεν,
1849 1299 1931 1327 om.
1962 1285 2065 1326 Ven.
2202 1294 2205 1295 ’

560 1353 694 1410 Pag.
725 1354 854 1401 332.
908 1354 935 1396 l.
971 1354 1011 1398 4.
1051 1350 1222 1410 οἷγιάσει
1259 1351 1373 1409 υμᾶς
1409 1352 1618 1406 ὁλοτελεῖς
1652 1357 1756 1399 Ven.
1787 1380 1841 1388 —
1897 1355 1926 1398 l.
1958 1355 1998 1397 8.
2041 1352 2103 1405 ὥς
2141 1353 2380 1408 στασιάζειν

448 1417 578 1468 αὐτοῦ
607 1424 711 1467 Ven.
768 1425 884 1466 Idem
911 1425 938 1466 l.
956 1423 996 1466 9.
1027 1422 1312 1476 άναπνέουσας
1335 1422 1421 1471 ἄνω
1444 1425 1518 1470 καὶ
1544 1424 1662 1471 κάτω
1689 1426 1762 1471 καὶ
1786 1423 2073 1483 ὁμολογούσας
2099 1424 2233 1479 πάλιν,
2265 1425 2381 1484 φημὶ

448 1497 553 1537 Ven.
585 1519 639 1527 -
697 1496 723 1539 l.
747 1497 812 1538 10.
842 1497 981 1538 Verba
1007 1493 1079 1541 ὁτὲ
1119 1495 1168 1542 δὲ
1199 1497 1314 1553 (cod.
1347 1497 1497 1554 ubique
1528 1493 1601 1544 ὅτε
1627 1496 1701 1555 μὲν
1740 1506 1783 1540 et
1803 1493 1876 1543 ὅτε
1903 1495 1979 1548 δὲ,
2021 1497 2260 1554 conspirans
2288 1511 2382 1540 cum

449 1566 593 1623 editis)
630 1564 708 1612 οὔκ
741 1564 995 1614 ἀνίστασθαι
1018 1570 1137 1610 ‘Ven.
1179 1582 1263 1624 non
1304 1569 1446 1611 habet.
1477 1593 1534 1602 --
1591 1569 1619 1611 1.
1656 1570 1716 1613 13.
1746 1569 1903 1619 τελέως
1931 1566 2162 1624 ἐκτέμομεν
2189 1570 2294 1612 Ven.
2324 1591 2382 1603 —-

446 1639 475 1681 l.
495 1638 564 1681 22.
595 1640 734 1681 Verba
772 1634 852 1684 οἷπό
889 1639 970 1695 τῆς
997 1640 1082 1696 γῆς
1109 1654 1190 1683 om.
1215 1641 1318 1684 Ven.
1349 1665 1403 1673 —-
1461 1641 1490 1683 1.
1507 1641 1575 1685 23.
1608 1639 1734 1692 ἐκτὸς
1762 1638 1811 1686 δὲ
1838 1642 1939 1682 Ven.
1972 1663 2025 1672 —-
2082 1639 2112 1681 l.
2139 1639 2181 1683 6.
2212 1640 2265 1682 ab
2297 1638 2385 1682 inf.

445 1707 599 1760 πάντος
623 1711 823 1769 (fortasse
848 1707 1030 1766 πάντως)
1061 1726 1139 1766 pro
1168 1710 1324 1762 παντὸς
1353 1720 1552 1754 notarunt
1577 1712 1647 1754 alii
1674 1727 1724 1753 ex
1745 1713 1849 1754 Ven.
1880 1734 1934 1742 —
1992 1710 2022 1752 1.
2046 1707 2085 1754 4.
2112 1710 2165 1752 ab
2192 1709 2270 1752 inf.
2302 1708 2381 1757 οὐκ
2448 1742 2449 1746 =

447 1780 516 1828 ἐπὶ
543 1783 647 1823 Ven.
678 1805 734 1814 —
777 1782 804 1823 l.
826 1782 985 1838 penult.
1013 1780 1161 1827 τούτου
1186 1783 1260 1827 τοῦ
1286 1782 1488 1840 ἐπιθυμεῖ
1512 1782 1586 1828 καὶ
1609 1782 1700 1843 ἐρᾷ.
1746 1778 1885 1827 ’Ὅθεν
1917 1779 1988 1827 διοὶ
2013 1782 2135 1826 τοῦτο
2159 1783 2263 1824 Ven.

558 1853 842 1914 Pag.334.
897 1854 929 1895 1.
967 1854 1003 1896 1.
1046 1850 1236 1898 Ἀκούειν
1272 1853 1354 1911 γὰρ
1395 1857 1502 1899 Ven.
1535 1880 1589 1888 —-
1647 1855 1675 1896 1.
1706 1852 1744 1898 4.
1774 1853 2051 1909 ἐνεκίσσησαν
2086 1861 2228 1896 tuetur
2254 1853 2382 1897 etiam

446 1926 549 1967 Ven.
584 1949 633 1957 -
692 1925 720 1967 l.
743 1926 783 1966 5.
815 1924 914 1979 καὶ,
946 1935 1043 1967 ante
1069 1925 1286 1983 κέχρηται,
1320 1941 1401 1968 om.
1433 1928 1538 1969 Ven.
1569 1951 1621 1958 -
1680 1926 1708 1969 l.
1732 1926 1773 1971 7.
1803 1921 2092 1982 ἐπιθυμήσῃς,
2124 1918 2148 1970 3
2178 1923 2234 1981 δή
2266 1923 2380 1970 ἐστιν

447 1997 485 2042 εἰ
509 1994 568 2053 μὴ
596 1998 763 2053 εἴρητο,
806 1994 872 2041 Οὔ
899 1993 1094 2054 φάγεσθε
1126 1999 1229 2040 Ven.
1265 2023 1315 2029 —
1374 1998 1403 2039 1.
1429 1998 1492 2041 10.
1523 1998 1663 2040 Verba
1693 1996 1793 2054 ἔσχε
1818 1994 1950 2055 λαβήν
1985 1994 2058 2041 διὰ
2092 1995 2174 2052 τῆς
2209 1994 2382 2052 ἐντολῆς

446 2069 596 2111 omissa
619 2077 716 2110 sunt
741 2071 782 2110 in
812 2070 916 2110 Ven.
946 2094 998 2102 -—
1045 2069 1073 2110 l.
1096 2067 1160 2111 13.
1189 2068 1236 2125 ἦ,
1267 2078 1365 2111 ante
1389 2066 1591 2125 ἁμαρτία,
1623 2084 1704 2112 om.
1731 2070 1836 2111 Ven.
1880 2067 1996 2109 Idem
2018 2067 2146 2122 νεκρᾶ
2171 2067 2381 2110 habet.—

445 2140 473 2182 l.
511 2142 573 2184 15.
606 2140 692 2186 ἔδει
729 2139 1048 2192 πολιτεύεσθαι,
1090 2132 1147 2195 ἧς
1176 2140 1249 2185 καὶ
1284 2140 1562 2197 διολίσθησας
1589 2142 1692 2184 ven.
1723 2164 1779 2172 —
1836 2139 1864 2180 l.
1894 2139 1957 2183 17.
1990 2135 2157 2194 ηὖρέθη
2187 2140 2293 2181 Ven.
2325 2161 2378 2171 —

446 2212 474 2254 l.
498 2211 559 2255 19.
589 2213 728 2254 Verba
758 2212 831 2256 καὶ
859 2210 918 2268 μή
951 2211 1142 2268 ποιητέον
1179 2226 1260 2253 om.
1292 2214 1400 2254 Ven.
1436 2237 1492 2245 —
1548 2212 1575 2253 l.
1602 2212 1670 2254 22.
1699 2210 1774 2254 καὶ
1812 2205 2070 2266 μακάριστον
2101 2212 2202 2252 Ven.
2262 2209 2380 2252 Idem

445 2283 474 2325 l.
498 2283 566 2326 23.
596 2280 856 2339 άθετησαντι
880 2281 1006 2328 αὐτὸν
1035 2283 1095 2334 εἰς
1117 2283 1306 2329 θάνατον.
1338 2308 1395 2316 -
1451 2284 1479 2325 l.
1507 2280 1574 2326 24.
1612 2277 1657 2327 ὃν
1688 2279 1874 2338 οἷμαρτία
1901 2283 2005 2323 Ven.
2037 2304 2092 2314 -
2150 2280 2180 2323 l.
2197 2280 2267 2325 27.
2291 2280 2381 2335 καὶ,

446 2363 543 2397 ante
583 2351 835 2412 ἀπατήσας,
880 2370 961 2397 om.
991 2356 1097 2398 Ven.
1125 2378 1182 2387 —
1238 2355 1265 2396 1.
1293 2355 1334 2399 7.
1365 2355 1417 2396 ab
1443 2354 1519 2396 inf.
1552 2352 1695 2408 ἐντολή
1735 2354 1809 2397 τοῦ
1849 2353 1949 2397 θεοῦ
1989 2348 2091 2408 οἱγία
2124 2351 2199 2396 καὶ
2233 2352 2384 2397 δικαία

446 2429 550 2468 Ven.
611 2427 728 2468 Idem
753 2427 779 2467 l.
799 2426 838 2469 6.
874 2427 926 2468 ab
954 2426 1030 2467 inf.
1079 2425 1148 2470 ἐπὶ
1182 2426 1244 2483 τῷ
1278 2425 1464 2483 βλάψαι,
1510 2420 1601 2469 ἀλλ’
1638 2424 1717 2468 ἐπὶ.
1750 2448 1805 2456 ·—-
1864 2423 1892 2466 l.
1925 2421 1966 2467 4.
1989 2424 2041 2465 ab
2065 2423 2142 2464 inf.
2178 2423 2381 2480 μεγίστου

447 2497 543 2555 ἐμοὶ
573 2494 634 2547 ὥς
664 2499 792 2542 αἴτιον
820 2499 926 2540 ven.
960 2522 1010 2528 —-
1069 2497 1097 2538 l.
1128 2497 1200 2538 ult.
1232 2496 1345 2540 αἰτία
1374 2497 1502 2538 habet
1531 2498 1634 2539 Ven.
1666 2510 1842 2552 quoque.

559 2571 692 2627 Pag.
720 2570 848 2614 336.
904 2569 931 2610 l.
960 2567 1001 2611 3.
1032 2569 1223 2626 διολισθῇ
1264 2565 1346 2612 οἷπό
1386 2568 1459 2612 τοῦ
1500 2568 1629 2611 καλοῦ
1669 2565 1723 2612 τοὶ
1765 2566 1928 2611 ἐναντία
1968 2568 2072 2608 Ven.
2131 2567 2249 2608 Idem
2277 2565 2379 2609 ibid.

449 2640 584 2682 omitt.
616 2636 708 2683 κατ’
738 2649 835 2681 ante
865 2635 1012 2695 οὐδὲν,
1057 2649 1100 2681 et
1126 2654 1203 2695 pro
1228 2640 1354 2684 αἴτιον
1378 2640 1551 2695 praebet
1579 2639 1722 2688 αἴτιος.
1751 2663 1804 2670 -
1861 2637 1891 2679 1.
1917 2636 1958 2680 6.
1987 2635 2087 2692 την,
2118 2647 2215 2679 aute
2237 2634 2380 2693 οἱμαρ-

447 2711 536 2756 τίαν
563 2709 670 2766 οἷον,
702 2726 783 2752 om.
812 2713 916 2753 Ven.
947 2736 1001 2742 —
1058 2711 1086 2752 l.
1115 2713 1175 2754 ll.
1206 2711 1287 2766 τῆς
1317 2711 1574 2768 συμβουλίας
1601 2710 1724 2766 πέπρ.
1757 2712 1862 2751 Ven.
1893 2734 1946 2741 —-
2004 2710 2032 2751 1.
2058 2711 2124 2754 13.
2154 2706 2382 2765 πολιορκη-

450 2798 525 2827 σαν
561 2781 634 2839 μὲν
660 2781 708 2827 τὸ
750 2780 880 2827 κακὸν
912 2785 1016 2824 Ven.
1076 2782 1192 2823 Idem
1221 2782 1249 2824 1.
1277 2779 1339 2825 14.
1372 2780 1617 2832 εἰςοικισθὲν
1644 2780 1685 2825 ἐν
1710 2782 1766 2838 τῇ
1795 2780 1921 2836 σαρκί
1944 2796 2052 2838 μου,
2083 2789 2126 2822 et
2150 2781 2178 2823 1.
2204 2782 2267 2824 15.
2299 2794 2380 2836 με-

448 2854 601 2910 λίσσης
626 2852 962 2910 περιποτῶμενος
991 2853 1117 2910 (sic),
1160 2862 1203 2895 et
1227 2854 1253 2894 l.
1283 2854 1343 2897 16.
1379 2853 1645 2908 ἐπιτεθείσης
1686 2868 1764 2908 μου
1804 2850 1894 2906 τὴν.
1924 2877 1979 2885 -
2037 2852 2144 2894 Ibid.
2173 2846 2252 2904 ‘'O,
2283 2859 2381 2893 ante

448 2923 785 2981 κατεργάζομαι,
817 2940 898 2967 om.
928 2927 1051 2980 ven„
1081 2925 1181 2966 item
1210 2927 1334 2981 paulo
1357 2934 1452 2981 post
1482 2919 1504 2969 ὃ
1531 2934 1628 2966 ante
1657 2926 1783 2980 μισῶ.
1813 2947 1868 2955 -
1923 2923 1954 2965 1.
1987 2923 2051 2967 16.
2085 2923 2252 2978 Corn‘ge
2275 2936 2379 2977 πρα-

450 2998 604 3053 θῆναι,
634 3011 712 3053 pro
742 2997 996 3053 παραθῆναι.
1026 3020 1083 3028 -—
1140 2997 1167 3038 1.
1192 2997 1260 3040 27.
1291 2993 1570 3052 άπηρέσκετο,
1600 3001 1735 3046 ποιεῖ,
1766 2993 1813 3040 τὸ
1843 2994 1892 3039 δὲ
1915 2993 2057 3049 καλὸν,
2089 2986 2127 3053 ᾦ
2157 2990 2377 3049 ἠρέσκετο,

448 3061 503 3124 ἦν
537 3068 723 3119 ἕκαστα,
767 3067 804 3112 εἰ
833 3066 892 3126 μή
923 3070 1027 3110 Ven.
1061 3093 1116 3100 —
1174 3068 1201 3110 l.
1222 3067 1289 3110 29.
1322 3068 1482 3119 αἰτίας;
1517 3063 1599 3111 ὅσα
1633 3063 1941 3122 ἀνατρέπεσθαι
1964 3069 2070 3109 Ven.
2129 3065 2241 3107 Idem
2263 3064 2379 3108 l.30.

448 3149 590 3181 tuetur
632 3136 896 3195 εὖρυνὸμενα.
929 3165 979 3171 -
1039 3141 1067 3181 l.
1089 3141 1127 3182 5.
1159 3140 1209 3181 ab
1237 3140 1312 3181 inf.
1342 3139 1479 3180 Verba
1508 3135 1597 3182 ἀλλ’
1633 3136 1655 3183 ὁ
1685 3138 1797 3193 μισῶ
1837 3152 1917 3179 om.
1960 3140 2066 3180 Ven.
2099 3161 2148 3168 —
2207 3136 2234 3177 l.
2257 3135 2299 3178 4.
2327 3137 2380 3178 ab

448 3213 524 3255 inf.
567 3213 678 3253 idem
709 3212 814 3252 liber
841 3220 980 3252 tuetur
1011 3209 1073 3267 μη
1105 3211 1389 3266 ἐνθυμεῖσθαι.
1420 3234 1476 3242 -
1533 3210 1560 3250 l.
1588 3210 1661 3252 ult.
1691 3208 1771 3265 γὰρ
1803 3207 1872 3253 ἐπὶ
1899 3207 1976 3265 την
2004 3207 2178 3263 καρδίαν
2207 3209 2313 3253 Ven.

561 3285 695 3341 Γᾶς.
721 3284 849 3328 338.
907 3282 934 3322 l·
967 3284 1002 3324 1·
1032 3280 1174 3338 ἡμῶν,
1205 3291 1301 3323 ante
1329 3279 1552 3333 πολλάκις,
1585 3296 1669 3323 om.
1695 3283 1799 3322 Ven.
1859 3280 1976 3321 Idem
2001 3280 2107 3320 liber
2133 3278 2159 3319 l.
2184 3278 2222 3320 2.
2252 3279 2385 3322 habet·

448 3354 522 3399 καὶ
557 3353 953 3410 φιλοπραγμοσύνης
992 3353 1100 3409 (sine
1135 3353 1246 3409 περὶ)
1281 3349 1436 3408 ἀλόγου
1475 3350 1726 3408 πιμπλάντα.
1757 3375 1810 3382 -
1868 3351 1895 3392 l.
1926 3352 1966 3395 3.
2010 3347 2069 3404 μή
2105 3348 2381 3406 ἐνθυμεῖσθαι

449 3427 554 3468 Ven.
583 3449 638 3456 —
696 3425 721 3466 l.
742 3426 778 3467 7.
810 3422 904 3480 γάρ,
936 3433 1032 3480 post
1055 3424 1181 3475 θέλω,
1213 3425 1332 3465 deest
1358 3424 1400 3464 in
1428 3426 1530 3465 Ven.
1562 3447 1618 3455 -
1674 3423 1702 3464 1.
1723 3423 1762 3465 8.
1792 3418 1953 3478 οἷγαθόν
1981 3417 2238 3476 πανάμωμον
2267 3423 2377 3467 Ven.

450 3497 565 3538 Idem
592 3498 618 3537 l.
639 3495 678 3538 9.
708 3495 784 3539 καὶ
805 3496 876 3552 νῷ.
908 3521 959 3527 -
1018 3497 1044 3539 1.
1078 3498 1139 3538 11.
1172 3493 1303 3540 κακὸν
1337 3493 1518 3550 πράσσω
1544 3496 1649 3535 Ven.
1709 3494 1823 3535 Idem
1852 3493 1880 3532 l.
1903 3492 1967 3533 12.
1997 3505 2080 3531 non
2112 3491 2238 3534 habet
2266 3488 2376 3537 αὐτά

449 3577 547 3609 ante
573 3567 646 3610 καὶ
671 3565 693 3612 ὁ
723 3566 870 3624 Δαβὶδ.
903 3592 958 3598 -
1015 3567 1044 3608 1.
1070 3567 1136 3609 20.
1170 3561 1330 3622 σ’μόσαι
1359 3569 1462 3607 Ven.
1520 3565 1635 3606 Idem
1662 3565 1688 3606 1.
1717 3565 1784 3605 21.
1813 3561 1860 3606 τὸ
1888 3559 2017 3606 κακὸν
2040 3564 2275 3619 νομιοῦμεν,
2305 3563 2380 3608 καὶ

451 3634 474 3682 ὃ
505 3636 553 3683 οιῗ
581 3638 755 3693 θέλομεν
781 3637 1048 3693 πράσσομεν,
1079 3647 1122 3678 et
1147 3638 1262 3679 1.22.
1291 3636 1644 3693 κατεργάζεσθαι,
1676 3633 1747 3679 διὰ
1773 3633 1909 3693 τοῦτο,
1939 3629 2004 3675 Οὔ
2029 3630 2122 3687 γὰρ.
2153 3658 2207 3666 -
2265 3634 2291 3675 l.
2309 3634 2377 3677 23.

451 3705 684 3765 ἀξιώσομεν
727 3711 828 3750 Ven.
887 3709 1001 3750 Idem
1041 3710 1068 3750 l.
1103 3708 1170 3751 24.
1215 3708 1289 3752 καὶ
1315 3704 1340 3752 ὃ
1366 3704 1443 3752 οὐκ
1483 3704 1700 3765 η’βούλετσ.
1733 3728 1788 3738 -
1844 3703 1870 3744 l·
1897 3703 1965 3746 28-
1998 3700 2105 3749 οἷλλοὶ
2145 3706 2377 3759 θεολατρεῖν

453 3794 532 3820 om.
558 3782 661 3821 Ven.
691 3805 746 3813 ——
802 3780 830 3821 l.
858 3780 923 3823 29.
954 3779 1128 3825 ἐδύνατο
1165 3782 1269 3822 Ven.
1297 3802 1355 3811 ·-
1409 3778 1441 3821 1.
1469 3779 1538 3820 31.
1585 3779 1698 3820 συλλ.
1729 3773 1803 3818 καὶ
1832 3775 2062 3828 κραιπαλᾶν
2101 3778 2204 3820 Ven.
2260 3776 2377 3818 Idem
