2508 4134
235 2735 320 2773 pag.
342 2726 438 2764 1⁰80.

245 3497 356 3552 Κεφ.
370 3497 422 3553 γ’.

481 284 584 341 484
1188 297 1390 340 εΑΝοΤι
1420 299 1704 340 EPIPHANH

480 395 608 449 ὅλων
635 393 826 464 κύριον,
864 392 1014 446 πάλαι
1042 395 1130 462 μὲν
1155 396 1206 447 ἐν
1235 397 1481 469 ἐπιθυμία
1510 395 1689 450 τούτου
1720 395 1870 461 ὄντες,
1907 399 1993 450 καὶ
2025 397 2178 452 1καθ’
2205 401 2412 453 ἕκαστον

477 479 633 534 τόπον
663 484 763 532 τῶν
791 481 1025 549 αἱρέσεων
1050 478 1249 545 τούτων,
1289 480 1447 552 ῶςπερ
1477 483 1528 534 ἐν
1553 486 1737 555 Μερρᾷ
1762 480 1919 554 τόπῳ,
1958 484 2040 535 καὶ
2076 486 2130 537 ἐν
2159 487 2296 551 δίψει
2323 488 2413 552 τῆς

479 569 699 642 φοβερᾶς
729 562 918 633 ἀβάτου
951 564 1166 633 ἐρήμου,
1206 566 1283 619 ἀεὶ
1307 572 1640 628 συναντῶντες
1667 574 1770 628 τοῖς
1800 573 2014 628 σκολιοῖς
2040 566 2204 622 αὐτῶν
2227 568 2410 639 λόγοις,

479 649 867 718 ἐπιφωνήσωμεν
893 651 979 703 καὶ
1005 648 1171 715 αὐτοὶ,
1195 649 1292 710 “Qv
1319 650 1509 720 τρόπον
1538 654 1775 730 ἐπιποθεῖ
1803 649 1836 718 ή
1864 653 2059 718 ἔλαφως
2095 655 2176 706 ἐπὶ
2201 653 2288 716 τάς
2317 675 2410 722 πη-

474 736 566 807 γάς
590 743 688 789 τῶν
718 733 939 800 ὑδάτων,
991 734 1149 798 οῦτως
1180 737 1418 790 ἐπιποθεῖ
1446 733 1481 803 ή
1505 735 1643 805 ψυχή
1674 758 1772 803 μου
1800 735 1926 807 πρός
1955 738 2035 803 σὲ,
2074 736 2103 792 6
2127 737 2275 801 θεός·
2324 740 2410 792 καὶ

475 822 638 887 πάλιν,
672 820 804 874 Πότε
831 822 982 886 ἔλθω,
1013 823 1099 874 καὶ
1126 821 1420 890 ὀφθήσομαι
1445 826 1517 892 τῷ
1540 821 1788 893 προςῶπῳ
1813 828 1902 875 τοῦ
1923 828 2074 888 θεοῦ,
2139 822 2240 877 Διά
2262 830 2408 877 τοῦτο

472 907 641 977 τάχιον
665 908 751 960 καὶ
782 906 925 960 αὐτοὶ
957 906 1385 975 ἐπικαλεσῶμεθα,
1441 905 1532 973 οὐχ
1566 904 1633 968 ὥς
1661 908 1847 968 ἐκεῖνος
1880 907 2041 961 ἐκάλει
2068 907 2159 976 τὴν
2187 907 2406 977 νύμφην,

473 996 694 1060 νυμφίος
731 992 886 1060 αὐτῆς
923 991 1200 1063 τυγχάνων,
1248 994 1334 1045 καὶ
1374 990 1575 1061 κύριος,
1625 993 1706 1044 καὶ
1747 993 2012 1060 δεσπότης,
2050 995 2136 1046 καὶ
2164 992 2406 1063 βασιλεὺς,

472 1080 558 1131 καὶ
582 1078 723 1144 θεὸς,
760 1079 845 1131 καὶ
874 1075 1174 1148 ύπέρμαχος,
1214 1075 1312 1129 ἀλλ’
1339 1074 1406 1138 οἷς
1432 1080 1601 1130 δοῦλοι
1628 1077 1784 1130 αὐτοῦ
1816 1075 1955 1145 ἡμεῖς
1984 1078 2405 1147 ἐπικαλεσῶμεθα,

473 1162 670 1237 συνῳδά
697 1169 765 1237 τῷ
792 1160 927 1235 αὐτῷ
952 1165 1036 1215 καὶ
1063 1162 1206 1216 αὐτοὶ
1238 1163 1482 1231 λέγοντες,
1523 1160 1684 1233 Δεῦρο
1714 1161 1815 1217 ἀπό
1844 1163 2075 1232 Λιβάνου
2101 1164 2293 1237 νύμφη,
2331 1164 2408 1218 ὅτι

472 1248 560 1317 ὅλη
591 1247 713 1317 καλή
744 1245 815 1313 εἶ,
867 1250 951 1301 καὶ
982 1254 1151 1316 μῶμος
1182 1245 1274 1300 οὐκ
1304 1249 1433 1300 ἔστιν
1461 1249 1512 1300 ἐν
1541 1251 1639 1301 σοί·
1692 1246 1721 1301 6
1743 1246 2044 1320 παράδεισος
2078 1256 2169 1304 τοῦ
2196 1248 2405 1320 μεγάλου

469 1338 703 1403 τεχνίτου,
742 1331 776 1402 ἦ
801 1332 941 1396 πόλις
970 1340 1058 1387 τοῦ
1091 1330 1232 1403 άγίου
1260 1334 1510 1401 βασιλέως,
1549 1330 1583 1401 ή
1610 1333 1782 1402 νύμφη
1810 1341 1899 1388 τοῦ
1926 1334 2137 1389 ἀσπίλου
2170 1339 2404 1406 Χριστοῦ,

469 1417 504 1489 ἡ
527 1421 780 1490 παρθένος
811 1417 844 1487 ἦ
880 1416 1036 1489 ἁγνή,
1088 1417 1222 1491 μόνῳ
1253 1419 1322 1470 ἓνὶ
1354 1416 1498 1489 ἀνδρὶ
1529 1420 1581 1472 ἐν
1603 1422 1757 1473 πίστει
1782 1422 2202 1489 μεμνηστευμένη,
2240 1419 2274 1490 ἦ
2297 1424 2402 1475 δια·

471 1504 662 1573 φανὴς,
701 1507 788 1558 καὶ
816 1505 1131 1558 ἐκκόπτουσα
1161 1502 1270 1566 τόςεὶ
1301 1501 1516 1574 ὄρθρος,
1567 1504 1690 1573 καλή
1723 1503 1789 1568 ὥς
1819 1506 2017 1575 σελήνη,
2069 1505 2137 1569 ὥς
2162 1506 2300 1575 ἥλιος
2327 1509 2401 1561 ἐκ·

466 1589 637 1659 λεκτὴ,
690 1589 889 1658 θάμβος
929 1588 996 1652 ῶς
1036 1591 1324 1660 τεταγμένη,
1378 1587 1412 1657 ή
1448 1593 1805 1661 μακαριζομένῃ
1847 1591 1948 1645 ἀπὸ
1981 1598 2080 1645 τῶν
2121 1596 2401 1660 βασιλίδων,

465 1678 550 1730 καὶ
597 1678 933 1744 ἐξυμνουμένη
970 1673 1070 1729 ύπὸ
1110 1681 1207 1728 τῶν
1245 1679 1578 1741 παλλακίδων,
1630 1674 1664 1744 ή
1692 1674 1790 1731 ὖπὸ
1823 1684 1921 1731 τῶν
1946 1680 2237 1748 θυγατέρων
2263 1680 2401 1732 ἐπαι-

463 1762 708 1830 νουμένη,
747 1763 831 1814 καὶ
865 1759 963 1815 άπὸ
997 1767 1085 1829 τῆς
1116 1759 1301 1831 ἐρήμου
1332 1761 1656 1830 ἀνερχομένη,
1706 1765 1790 1816 καὶ
1814 1765 2279 1832 λελευκανθισμένη,
2317 1765 2400 1817 καὶ

463 1849 544 1902 ἐπὶ
574 1845 659 1900 τόν
686 1845 990 1914 ἀδελφιδοῦν
1018 1846 1172 1915 αὐτῆς
1201 1848 1624 1917 ἐπιστηριζομένη,
1676 1846 1709 1915 ή
1740 1847 1910 1920 μύρων
1941 1851 2185 1914 πνέουσα,
2236 1847 2271 1917 ἢ
2298 1846 2399 1903 ἀπὸ

460 1939 550 2001 τῆς
575 1931 761 2004 ἐρήμου
790 1931 1104 2004 ἀνερχομένη,
1145 1930 1213 1994 ὥς
1238 1934 1427 2000 στελέχη
1451 1939 1647 1986 καπνοῦ
1676 1936 2030 2003 τεθυμιαμένη,
2068 1933 2289 2003 σμύρναν
2315 1935 2400 1987 καὶ

459 2023 661 2088 λίβανον
685 2017 785 2072 ἀπὸ
808 2025 1080 2089 κονιορτῶν
1107 2024 1357 2089 μυρεψοῦ,
1395 2024 1483 2071 τοῦ
1511 2018 1785 2082 δεδωκότος
1814 2022 1993 2073 ἑαυτοῦ
2018 2018 2108 2088 τήν
2135 2017 2392 2087 εύοδμίαν·

465 2103 524 2159 ὃν
549 2110 814 2176 προορῶσα
839 2106 994 2175 ἔλεγε,
1047 2104 1233 2174 Μόρον
1261 2105 1536 2158 ἐκκενωθὲν
1563 2103 1724 2173 ὄνομά
1754 2124 1850 2158 σοι·
1890 2104 1973 2159 διά
2000 2112 2147 2158 τοῦτο
2184 2103 2398 2167 νεάνιδες

459 2189 726 2262 ἠγάπησάν
753 2207 827 2242 σε·
875 2187 910 2257 ή
940 2191 1172 2257 ἑστηκυῖα
1208 2192 1261 2243 ἐκ
1289 2193 1461 2253 δεξιῶν
1487 2196 1576 2243 τοῦ
1607 2192 1870 2257 βασιλέως,
1921 2192 2217 2259 ἐνδεδυμένη
2253 2208 2396 2261 κροσ-

460 2274 620 2342 σωτά,
671 2273 955 2345 διαχρύσοις
994 2276 1372 2343 πεποικιλμένη,
1422 2272 1456 2342 ή
1484 2276 1636 2342 μηδὲν
1670 2274 1919 2329 σκοτεινόν
1953 2277 2156 2344 ἔχουσα,
2196 2277 2314 2329 ποτὲ
2343 2277 2396 2330 δὲ

461 2362 863 2430 μεμελανωμένη,
900 2362 1014 2413 νυνὶ
1041 2361 1093 2414 δὲ
1124 2359 1247 2428 καλὴ
1277 2361 1362 2413 καὶ
1390 2363 1811 2429 λευκανθισμένη,
1848 2363 1932 2414 ἵνα
1967 2363 2016 2413 ἐν
2041 2364 2120 2415 σοὶ
2146 2361 2397 2432 γενόμενοι

458 2445 767 2514 λωφήσωμεν
794 2452 892 2498 τῶν
929 2445 1327 2516 προδιελθόντων
1357 2442 1487 2513 ἡμᾶς
1514 2454 1761 2517 στυγερῶν
1789 2453 1887 2500 τῶν
1913 2448 2148 2517 αἱρέσεων
2172 2445 2396 2517 πραγμά-

457 2553 583 2596 των,
631 2532 715 2583 καὶ
742 2528 1058 2598 ήσυχάσωμεν
1089 2529 1188 2583 ἀπὸ
1218 2529 1380 2584 σάλων
1404 2538 1491 2599 τῆς
1520 2539 1618 2585 τῶν
1646 2532 1813 2585 αὐτῶν
1833 2536 2112 2602 τρικυμίας,
2164 2534 2249 2585 καὶ
2277 2530 2390 2586 ἀνα-

457 2615 695 2684 ψύξωμεν
728 2617 780 2669 ἐν
818 2618 923 2681 σοὶ,
978 2614 1092 2686 άγία
1133 2616 1291 2687 μήτηρ
1323 2614 1463 2684 ήμῶν
1495 2619 1751 2686 ἐκκλησία,
1801 2620 1886 2671 καὶ
1917 2620 1970 2672 ἐν
1997 2624 2056 2692 τῇ
2090 2616 2204 2691 ἀγίᾳ
2235 2620 2287 2672 ἐν
2313 2619 2393 2672 σοὶ

463 2703 777 2774 διδασκαλία,
818 2703 902 2755 καὶ
936 2699 1052 2774 ἁγία
1076 2704 1158 2755 καὶ
1190 2702 1318 2776 μόνῃ
1347 2707 1504 2756 πίστει
1529 2709 1656 2757 θεοῦ
1692 2705 1745 2756 ἐν
1784 2701 2006 2776 ἀληθεία.
2078 2701 2218 2756 Ἀλλά
2248 2701 2388 2774 ἅρξο·

458 2809 547 2856 μαι
573 2787 685 2856 περὶ
708 2785 889 2855 ταύτης
912 2794 999 2855 τῆς
1026 2785 1167 2857 άγίας
1193 2787 1381 2850 πόλεως
1407 2794 1537 2842 θεοῦ
1559 2787 1619 2841 τά
1646 2787 1912 2856 θαυμαστά
1943 2792 2234 2860 διηγεῖσθαι.
2319 2787 2390 2842 Τά

455 2871 548 2943 γάρ
575 2874 904 2941 δεδοξασμένα
934 2873 1152 2941 ἐλαλήθη
1177 2875 1286 2944 περὶ
1313 2873 1496 2942 αὐτῆς,
1550 2873 1618 2936 ῶς
1639 2893 1761 2942 φησι
1790 2872 1818 2927 6
1842 2874 2125 2945 προφήτης,
2173 2877 2389 2937 Λεδοξα-

458 2959 611 3026 σμένα
640 2958 856 3026 ἐλαλήθη
884 2961 994 3029 περὶ
1026 2964 1133 3024 σοῦ,
1169 2956 1202 3027 ή
1228 2957 1368 3021 πόλις
1394 2965 1484 3013 τοῦ
1510 2965 1655 3025 θεοῦ,
1684 2958 1976 3030 ἀνθρώποις
1999 2960 2084 3027 μὲν
2110 2963 2260 3012 πᾶσιν
2284 2957 2390 3013 ἀνέ-

458 3066 637 3111 φικτα,
676 3044 902 3106 ἀπίστοις
933 3045 986 3097 δὲ
1014 3044 1241 3115 ἀλλότρια
1258 3087 1270 3109 ,
1322 3052 1514 3107 πιστοῖς
1540 3047 1592 3099 δὲ
1623 3043 1918 3115 ἀνθρώποις
1943 3046 2029 3097 καὶ
2054 3043 2314 3111 ἀληθινοῖς
2338 3047 2388 3098 ἐν

458 3130 615 3201 μέρει,
667 3131 719 3182 ἐν
762 3127 1017 3198 ’ὑποσχέσει
1060 3130 1113 3183 δὲ
1152 3130 1463 3196 τελειώσεως,
1517 3128 1626 3193 2055·
1664 3128 1799 3200 παρά
1830 3136 1918 3183 τοῦ
1956 3126 2117 3181 αὐτῶν
2147 3128 2386 3184 δεσπότου

456 3213 937 3285 παρασχεθησόμενα
978 3218 1028 3268 ἐν
1065 3222 1126 3288 τῇ
1164 3219 1381 3288 βασιλεία
1428 3221 1526 3269 τῶν
1563 3216 1792 3286 οὐρανῶν
1805 3257 1820 3281 ,
1872 3213 2003 3268 ὅπου
2040 3212 2166 3282 αὕτη
2202 3212 2235 3282 ἦ
2273 3212 2386 3286 άγία

459 3302 715 3371 παρθένος
734 3302 819 3354 καὶ
841 3300 1145 3371 κληρονόμος
1171 3299 1262 3354 σύν
1283 3308 1351 3374 τῷ
1379 3304 1486 3374 ἰδίῳ
1510 3305 1709 3374 νυμφίῳ
1739 3303 1790 3355 ἐν
1815 3299 2015 3372 οὐρανῷ
2038 3301 2142 3367 ἔσχε
2169 3298 2253 3353 τόν
2274 3304 2386 3369 κλῆ-

458 3407 549 3456 ρον
584 3388 670 3439 καὶ
706 3384 795 3454 τήν
829 3391 1169 3457 κληρονομίαν.

599 3473 700 3525 Καὶ
738 3476 937 3542 πρῶτον
970 3473 1082 3540 μὲν,
1138 3471 1211 3525 ὅτι
1243 3469 1272 3524 6
1309 3470 1429 3533 θεὸς
1460 3469 1488 3524 6
1515 3473 1596 3525 ἐπὶ
1626 3470 1823 3523 πάντων
1860 3467 1977 3537 ἡμῖν
2014 3468 2136 3532 θεὸς
2177 3468 2382 3542 ὑπάρχει

457 3564 562 3618 τοῖς
589 3558 643 3609 ἐκ
673 3563 760 3624 τῆς
790 3555 930 3627 άγίας
954 3556 1136 3625 ταύτης
1164 3559 1420 3624 ἐκκλησίας
1450 3563 1775 3626 γεννηθεῖσιν·
1814 3552 2064 3618 ἀπόδειξις
2086 3553 2178 3627 γάρ
2217 3562 2235 3592 ¹
2254 3555 2382 3626 αὕτη

457 3640 628 3710 πρώτη
657 3644 769 3713 περὶ
810 3640 1093 3710 2ἀληθείας
1135 3634 1220 3695 καὶ
1246 3643 1494 3712 ἑδραίωμα
1522 3645 1728 3702 πίστεως
1757 3645 1845 3707 τῆς
1874 3638 2029 3708 μόνης
2051 3641 2232 3709 ταύτης
2257 3663 2381 3713 παρ-

515 3769 610 3808 ΟΛΡ.
638 3773 687 3809 ΙΙ.
713 3795 761 3801 -
798 3773 833 3812 1.
850 3772 1110 3815 καῖΰέκαστον
1138 3771 1260 3814 τόπον
1277 3774 1389 3812 codd.
1505 3771 1544 3811 ¹2.
1577 3772 1764 3820 Spurium
1791 3772 1985 3810 iudicasse
2021 3774 2171 3812 videtur
2209 3774 2278 3812 hoc
2302 3769 2375 3821 ὦς,

455 3837 545 3864 mss.
588 3831 755 3877 uterque.
815 3828 1077 3870 καξῖέκαστον
1113 3826 1251 3871 τόπων
1298 3830 1389 3868 editi
1444 3829 1547 3878 quod
1575 3829 1728 3866 uncinis
1746 3829 1915 3877 inclusit,
1942 3829 2141 3869 Pelavius.

453 3882 555 3921 libri.
1505 3883 1600 3922 cm.
1622 3883 1692 3922 ιιι.
1716 3905 1771 3913 -
1830 3885 1866 3924 1.
1898 3885 2153 3936 scribendum
2182 3879 2306 3938 αὕτη,
2334 3889 2377 3927 m·
