2508 4134
259 766 345 803 pag.
364 756 437 792 988.

489 209 591 262 320
1196 220 1402 262 sANcTt
1429 221 1711 264 EPIPHANH

487 313 726 382 ἀληθινός
770 314 894 378 θεὸς
927 321 1358 387 προςαγορευθείς.
1434 317 1575 371 Κατ-ἀ
1616 319 1669 371 δὲ
1708 315 1795 372 τὸν
1831 318 1986 373 αὐτοῦ
2017 318 2163 390 λόγον
2195 322 2282 375 καὶ
2309 321 2414 376 διά-

487 424 629 455 νοιαν
656 400 690 469 ἢ
717 402 911 471 ἀναιρεῖ
929 400 983 454 τὸ
1011 399 1133 454 εἶναι
1155 400 1242 455 τόν
1269 402 1381 456 υἷὸν
1407 401 1557 469 θεὸν,
1596 405 1680 456 καὶ
1706 402 1863 472 μάτην
1889 413 2193 472 συκοφαντεῖ
2210 404 2265 459 τό
2299 404 2411 461 ὅνο-

487 509 580 554 μα,
640 485 936 558 Χριστιανός
970 484 1025 539 τὸ
1055 485 1214 555 ὄνομα
1243 495 1521 542 καλεῖσθαι·
1575 486 1610 556 ἢ
1654 495 1676 526 ⁹
1695 487 1769 542 ὅτι
1794 488 1916 543 θεόν
1941 491 2029 558 μὲν
2055 492 2147 559 ἔχει
2174 490 2259 545 τόν
2283 491 2412 558 υἱὸν,

486 570 585 624 ἀλλ’
610 572 704 625 οὐκ
744 569 1008 640 ἀληθινὸν,
1060 574 1145 625 καὶ
1183 574 1315 626 ἔσται
1354 574 1490 647 αὐτῷ
1523 571 1592 636 εἷς
1621 573 1743 636 θεὸς
1779 574 2022 643 ἀληθινὸς
2033 619 2047 642 ,
2101 577 2186 629 καὶ
2218 573 2289 639 εἷς
2319 575 2413 631 οὐκ

487 657 741 725 ἀληθινός.
820 655 962 710 Κατά
987 657 1039 710 δὲ
1068 655 1315 726 ύπόβασιν
1342 661 1427 712 ἕνα
1455 656 1541 724 ’ὑφ’
1572 658 1682 721 ἕνός
1710 657 1944 730 εύρίσκων
1975 663 2045 714 ἔτι
2074 664 2159 715 καὶ
2186 660 2242 715 τὸ
2271 661 2414 732 ἅγιον

484 749 679 810 πνεῦμα
708 745 759 796 ἐν
787 743 1049 815 μικροτέρα
1089 745 1174 796 καὶ
1215 742 1500 817 ἀποδεούσῃ
1541 742 1671 807 τάξει
1699 743 1908 809 τάττων,
1960 744 1996 814 ἢ
2019 745 2095 799 ὅτι
2121 746 2412 819 μικρότερον

483 827 629 881 πάλιν
653 827 779 882 θεὸν
808 830 924 892 ἕξει,
976 827 1010 896 ἢ
1034 834 1096 902 τῇ
1120 830 1284 900 τριοίδι
1312 826 1379 897 μῆ
1409 833 1731 898 συναριθμῶν
1761 836 1904 884 τοῦτο
1936 832 2068 884 ἔσται
2101 831 2414 886 παντάπασιν

485 912 738 984 ἀλλότριον
780 919 1091 984 Χριστιανῶν
1132 912 1186 967 τὸ
1228 912 1434 968 ἐλεεινόν
1472 913 1860 985 ἀνθρωπάριον,
1915 917 2001 969 καὶ
2038 916 2214 971 λοιπόν
2234 917 2415 986 ’Ἕλλην

487 996 860 1070 ἀποκηρυχθείη
902 1001 1221 1065 τελειότατος,
1280 1000 1366 1052 καὶ
1405 1001 1750 1063 Σαδδουκαῖος
1785 1007 1853 1073 τῷ
1883 998 2108 1074 ἀριθμῷ,
2162 1001 2415 1074 ἀλλότριος

492 1084 580 1151 μὲν
623 1089 712 1137 τοῦ
742 1083 1019 1154 πνεύματος
1048 1091 1137 1138 τοῦ
1165 1082 1333 1155 ἆγίου,
1386 1081 1453 1146 ώς
1479 1086 1564 1138 καὶ
1590 1087 1746 1151 ἔστιν,
1782 1085 1984 1155 ’Ἑλλησι
2017 1088 2071 1141 δὲ
2098 1087 2414 1160 συγκρινόμε-

485 1192 571 1233 νος
605 1176 665 1244 τῇ
691 1173 876 1241 μερίδι,
930 1173 1013 1224 ἕνα
1055 1170 1142 1238 μὲν
1177 1168 1301 1223 θεὸν
1340 1168 1548 1235 φάσκων
1588 1171 1763 1240 μέγαν,
1813 1173 1898 1225 καὶ
1937 1174 2024 1226 ἕνα
2064 1171 2271 1245 μικρὸν,
2327 1175 2413 1227 ἕνα

485 1254 755 1323 ἀληθινόν,
793 1257 876 1308 καὶ
909 1257 994 1308 ἕνα
1024 1256 1118 1308 οὐκ
1147 1253 1414 1323 ἀληθινόν,
1468 1252 1534 1317 ῶς
1548 1254 1781 1324 ’Ἕλληνες
1810 1255 2162 1328 ὁμολογοῦσιν,
2216 1260 2301 1312 ἕνα
2328 1261 2410 1328 μέ-

449 1412 465 1431 .
486 1363 578 1412 γαν
604 1339 755 1406 θεὸν,
793 1339 911 1404 τούς
938 1342 991 1394 δὲ
1012 1338 1187 1403 ἄλλους
1214 1339 1422 1412 μικρούς
1447 1339 1782 1410 ὀνομάζοντες·
1820 1348 1908 1411 τῆς
1935 1347 2078 1406 θείας
2103 1350 2302 1415 γραφῆς
2325 1342 2413 1397 αύ-

486 1425 573 1479 τὸν
598 1432 770 1493 σαφῶς
792 1426 1104 1496 ἐλεγχούσης,
1142 1428 1227 1479 καὶ
1255 1427 1365 1496 περὶ
1390 1425 1577 1497 πατρός
1611 1427 1700 1495 μὲν
1727 1429 1963 1499 λεγούσης
1989 1427 2056 1492 ῶς
2093 1426 2122 1483 ὅ
2150 1427 2272 1491 θεὸς
2300 1427 2414 1498 ἀλη-

484 1509 657 1576 θινός,
695 1513 777 1565 καὶ
804 1513 916 1581 περὶ
940 1515 1055 1565 υἱοῦ
1085 1510 1139 1565 τό
1167 1511 1289 1574 θεὸς
1317 1508 1574 1578 ώςαύτως,
1621 1515 1774 1567 10καὶ
1803 1516 1914 1585 περὶ
1949 1512 2161 1586 πατρὸς,
2208 1513 2274 1569 Τὸ
2303 1520 2414 1582 φῶς

486 1595 515 1651 ὅ
539 1595 682 1664 θεὸς,
719 1599 830 1668 περὶ
858 1597 911 1651 δὲ
941 1600 1078 1664 υἱοῦ,
1108 1592 1201 1651 ΐΗν
1229 1595 1283 1651 τὸ
1315 1603 1426 1664 φῶς
1450 1596 1504 1651 τό
1533 1598 1802 1667 ἀληθινὸν,
1840 1602 1925 1654 καὶ
1954 1602 2066 1672 περὶ
2094 1597 2413 1672 ἆγίουπνεύ-

485 1704 634 1751 ματος
662 1682 762 1747 ὅτι,
822 1681 886 1736 Τὸ
913 1689 1106 1752 πνεῦμα
1130 1690 1216 1752 τῆς
1245 1681 1498 1751 ἀληθείας.
1569 1682 1842 1753 Ἀληθινῶς
1869 1690 2038 1740 τοίνυν
2066 1684 2186 1756 ἡμῖν
2212 1683 2246 1756 ἦ
2271 1685 2414 1759 τριὰς

483 1769 846 1840 καταγγέλλεται
883 1770 934 1822 έν
968 1773 1122 1844 σοφία
1158 1771 1242 1824 καὶ
1279 1767 1431 1838 βάθει
1468 1768 1723 1824 πλούτου.-

626 1936 754 1992 Εἶτα
796 1938 940 1993 πάλιν
981 1940 1277 2003 ἀκολούθως
1318 1943 1466 2008 φησὶ,
1524 1943 1626 1995 Καὶ
1662 1939 1760 1995 ύπὸ
1807 1948 1899 1995 τοῦ
1939 1942 2296 2005 ἀποσταλέντος
2322 1939 2412 2011 Ἰη-

487 2031 578 2079 σοῦ
610 2031 845 2097 Χριστοῦ,
878 2027 960 2079 καὶ
993 2026 1086 2079 οὐκ
1117 2025 1309 2100 ᾐδέσθη
1353 2026 1638 2091 ἀπαξιώσας
1672 2025 1757 2081 τὸν
1789 2033 2030 2098 μονογενῆ
2069 2033 2193 2082 θεοῦ
2230 2026 2413 2097 ὀνόμα-

485 2134 594 2177 τος,
634 2110 754 2165 ἀλλά
792 2118 807 2148 ¹
829 2118 846 2148 ¹
864 2110 1016 2180 μόνον
1046 2118 1173 2186 ψιλῇ
1199 2119 1258 2186 τῇ
1283 2114 1400 2176 λέξει
1427 2115 1678 2184 κέχρηται,
1718 2110 1785 2175 ῶς
1811 2114 1862 2166 έν
1890 2120 1991 2175 τοῖς
2018 2112 2254 2168 ἀνωτάτω
2285 2110 2414 2182 ῶμο·

485 2196 656 2267 λόγησε
685 2200 995 2263 κεφαλαίοις,
1050 2199 1141 2260 ἕως
1175 2204 1327 2266 ψιλῆς
1347 2191 1630 2267 ’ὀνομασίας
1667 2200 1828 2267 νέμων
1857 2203 1924 2271 τῷ
1950 2201 2045 2272 υἱῷ
2070 2197 2124 2252 τό
2155 2200 2300 2269 γέρας
2325 2205 2412 2253 τοῦ

487 2281 747 2351 ὀνόματος.
822 2285 969 2353 Λέγει
1011 2283 1063 2336 δὲ
1096 2281 1193 2354 πρὸ
1221 2282 1416 2337 αἰώνων
1440 2281 1722 2337 ’ὗποστάντα
1758 2283 1987 2352 ἀληθῶς,
2036 2286 2121 2338 καὶ
2149 2283 2266 2338 ὄντα
2297 2284 2411 2353 ἀλη-

486 2375 595 2431 θῶς
621 2374 858 2439 γεννητῆς
883 2366 1212 2431 ὑποστάσεως.
1287 2367 1585 2438 Διατηρήσει
1612 2370 1688 2436 δὲ,
1729 2371 1878 2438 φησὶ,
1930 2367 2029 2423 ἀπὸ
2056 2375 2144 2439 τῆς
2173 2366 2409 2439 ἀσεβείας.

488 2457 663 2508 Εἴωθε
689 2454 741 2506 δὲ
769 2459 905 2506 πᾶσα
945 2453 1109 2522 φαύλη
1138 2452 1252 2524 γενὴ
1284 2452 1398 2516 τούς
1430 2452 1658 2523 12αύτῆς
1686 2454 1904 2526 τρόπους
1933 2452 2099 2519 ἄλλοις
2127 2453 2411 2527 προλαμβά-

485 2561 589 2593 νειν
616 2561 665 2592 τε
691 2540 777 2592 καὶ
802 2541 1122 2607 ἐπιφημίζειν.
1202 2537 1304 2608 Ούχ
1333 2537 1466 2611 ὁρῶν
1494 2539 1586 2612 γάρ
1616 2543 1684 2604 εἰς
1711 2540 1806 2595 ὅσα
1832 2541 2097 2610 ἠσέβησεν,
2135 2539 2311 2595 ἕαυτόν
2336 2539 2412 2595 εύ-

487 2628 608 2693 σεβῆ
632 2628 836 2692 νομίζει,
892 2622 958 2687 ώς
986 2627 1040 2678 οἵ
1059 2623 1149 2694 τὴν
1189 2629 1529 2696 παραπληξίαν
1566 2628 1854 2696 κεκτημένοι
1893 2630 2143 2696 νομίζουσι
2183 2627 2271 2695 μὲν
2300 2627 2412 2680 ἓαυ-

486 2709 603 2773 τούς
635 2712 687 2764 ἐν
718 2709 954 2781 φρονήσει
981 2708 1129 2775 εἶναι,
1178 2711 1295 2774 τούς
1328 2712 1380 2764 δὲ
1407 2709 1582 2775 ἀλλους
1608 2718 1986 2783 φρενητιῶντας.
2058 2710 2306 2765 Ἐνταῦθα
2340 2712 2409 2777 δὲ,

484 2794 565 2850 Ἐν
597 2801 794 2869 Χριστῷ
815 2794 1002 2863 Ἰησοῦ,
1041 2794 1172 2862 οῦδὲ,
1219 2802 1297 2870 Τῷ
1323 2800 1478 2870 κυρίῳ
1503 2794 1663 2866 ἡμῶν,
1702 2798 1962 2867 ἐτόλμησεν
1985 2794 2274 2864 ἀποδοῦναι,
2314 2794 2414 2850 ἀλλ’

488 2885 778 2952 εἰρωνικῶς,
825 2887 903 2955 Τῷ
930 2888 1109 2952 σωτῆρι
1140 2879 1306 2950 ἡμῶν,
1357 2884 1563 2951 ἔφησεν,
1612 2886 1696 2936 καί
1727 2901 1877 2952 φησι,
1928 2881 2007 2936 Δι’
2042 2876 2104 2936 οὗ
2131 2887 2264 2936 πᾶσα
2291 2880 2412 2946 δόξα

488 2974 556 3040 τῷ
581 2969 728 3038 πατρὶ
764 2968 848 3019 καὶ
873 2973 966 3019 νῦν
991 2969 1076 3019 καὶ
1108 2975 1125 3004 1
1142 2975 1164 3005 3
1184 2966 1259 3020 ἀεὶ
1290 2970 1375 3021 καὶ
1405 2970 1474 3030 εἰς
1504 2967 1621 3031 τοῦς
1647 2971 1831 3031 αἰῶνας
1858 2975 1957 3022 τῶν
1994 2966 2213 3033 αἰώνων,
2266 2966 2411 3036 ἀμήν.

492 3055 594 3106 Καὶ
624 3050 744 3106 αύτὸ
776 3052 828 3104 δὲ
858 3049 911 3105 τὸ
946 3054 1100 3105 εἰπεῖν
1112 3095 1125 3118 ,
1180 3059 1327 3106 Πᾶσα
1354 3052 1499 3119 δόξα,
1538 3053 1677 3116 ὅπως
1711 3060 2036 3125 14περιαιροῖ
2055 3051 2142 3106 τόν
2172 3051 2283 3106 υἷὸν
2308 3050 2410 3106 ἆπὸ

489 3145 576 3207 τῆς
601 3144 745 3206 τιμῆς
773 3159 821 3190 τε
848 3139 933 3190 καὶ
978 3136 1126 3206 δόξης
1164 3132 1225 3192 οὗ
1257 3138 1422 3202 οὐδεὶς
1466 3138 1685 3202 ἀνέξοιτό
1716 3160 1834 3193 ποτε
1861 3145 1959 3192 τῶν
1997 3137 2213 3206 εὐσεβῶν
2242 3140 2327 3192 καὶ
2357 3139 2412 3193 ἐκ

491 3222 770 3292 πνεύματος
808 3220 951 3295 ἁγίου
987 3221 1076 3292 τὴν
1112 3222 1304 3295 δωρεάν
1339 3230 1428 3292 τῆς
1466 3222 1707 3294 ἀληθινῆς
1742 3227 1947 3285 πίστεως
1983 3222 2268 3291 εἰληφότων.

643 3386 807 3433 Ταῦτα
828 3381 880 3434 δὲ
908 3379 1067 3433 πάντα
1091 3379 1406 3449 διαλαβόντες
1430 3380 1490 3434 τά
1518 3379 1618 3434 ύπὸ
1648 3378 1824 3433 τούτου
1850 3385 1937 3432 τοῦ
1962 3380 2155 3434 Ἀετίου
2183 3381 2412 3450 εἰρημένα

493 3468 545 3520 ἐν
571 3469 841 3539 διαλεκτικῇ
867 3488 964 3519 τινι
987 3467 1126 3540 τέχνῃ
1156 3468 1240 3519 καὶ
1265 3472 1598 3540 συλλογιστικῇ
1634 3463 1846 3537 ύπονοίᾳ
1874 3464 2196 3535 ἀνθρωπίνης
2226 3487 2409 3536 μαγγα-

492 3555 623 3613 νείας
639 3553 690 3604 ἐν
710 3554 994 3618 κεφαλαίοις
1015 3549 1090 3615 λζ’.
1144 3548 1233 3614 Οἷς
1259 3558 1500 3621 νουνεχῶς
1517 3550 1645 3620 ὑμᾶς
1670 3552 1879 3618 ἐντυχεῖν
1899 3557 2289 3622 παρακαλοῦμεν,
2327 3552 2411 3606 καὶ

549 3650 588 3693 9.
623 3655 795 3705 Intelleye
822 3645 852 3707 ἦ
886 3656 1142 3708 συκοφαντεῖ
1165 3647 1231 3696 ὅτι
1257 3655 1343 3697 κτλ.
1544 3653 1610 3694 11.
1641 3648 1763 3705 μόνον
1786 3653 1898 3692 codd.
1921 3664 2011 3692 mss.
2042 3650 2180 3706 μόνως
2198 3653 2290 3693 editi
2310 3654 2410 3694 libri.

558 3709 616 3748 10.
662 3712 784 3749 Verba
823 3708 896 3752 καὶ
923 3709 1019 3763 περὶ
1056 3707 1214 3764 πατρὸς
1244 3734 1298 3741 —-—
1331 3708 1426 3765 περὶ
1544 3708 1604 3749 12.
1637 3703 1762 3750 αὐτοῦ
1792 3710 1929 3749 vitium
1961 3713 2014 3750 est
2043 3711 2131 3752 edit.
2168 3712 2299 3750 Petav.
2336 3711 2409 3750 Co-

496 3761 542 3807 δὲ
571 3764 658 3806 υἱοῦ
691 3768 842 3806 Petaviz·
868 3770 1129 3818 interpretatio
1155 3770 1333 3819 neylexz‘t.
1486 3767 1559 3806 lon.
1588 3769 1704 3815 repet.
