2508 4134
182 1140 268 1178 pag.
290 1129 384 1165 1068.

183 1895 295 1951 Κεφ.
328 1891 382 1949 β’.

402 233 506 283 464
1113 242 1318 285 SANCTI
1345 233 1633 286 EPIPH'AN'tr

406 340 777 402 Κωνσταντίου,
818 339 903 390 καὶ
930 341 1093 407 δεῦρο.
1170 338 1364 394 4’'AM-01,
1394 338 1544 395 πάλιν
1574 339 1894 409 Εὕφημῖτᾱι,
1931 330 2094 393 εἷ’τουν
2124 332 2336 393 Μασσα-

402 424 559 476 λιανοὶ
586 421 905 490 καλούμενοι,
946 425 995 485 ἐξ
1021 417 1082 491 ἧς
1109 423 1230 492 τάχα
1260 422 1395 493 οἶμαι
1421 428 1505 479 καὶ
1531 426 1656 494 αῦτη
1680 423 1996 494 τόν-μιμηλὸν
2020 430 2160 492 ζῆλον
2189 426 2338 493 ἔσχεν.

402 505 522 560 Ἀλλ’
558 509 735 570 ἐκεῖνοι
766 508 854 575 μὲν
879 509 928 571 ἐξ
953 505 1196 576 Ἑλλήνων
1223 507 1485 581 ῶρμῶντο,
1539 509 1653 564 οὔτε
1691 509 1984 583 Ἰουδαϊσμῷ
2015 511 2338 580 προςανέχον-

404 614 503 655 τες,
545 590 657 645 οῦτε
689 595 981 663 Χριστιανοὶ
1009 592 1338 664 ὑπάρχοντες,
1376 595 1486 650 οὔτε
1520 595 1619 649 άπὸ
1652 600 2000 666 Σαμαρειτῶν,
2040 593 2158 648 ἄλλά
2184 593 2340 663 μόνον

389 676 622 744 ’Ἕλληνες
652 675 788 740 ὅντες
817 681 1000 745 δῆθεν,
1055 681 1141 733 καὶ
1169 679 1325 743 θεοὺς
1355 682 1442 748 μὲν
1467 683 1710 750 λέγοντες,
1768 687 1792 717 5
1810 682 1982 748 μηδενὶ
2012 681 2164 748 μηδὲν
2191 701 2338 749 προς-

405 768 695 827 κυνοῦντες,
751 764 821 815 ἕνὶ
865 764 917 816 δὲ
958 763 1112 831 μόνον
1155 768 1313 833 δῆθεν
1352 764 1407 819 τό
1451 768 1599 834 σέβας
1640 767 1892 833 νέμοντες,
1950 767 2036 818 καὶ
2079 771 2341 826 καλοῦντες

411 846 814 918 Παντοκράτορα.
899 848 1045 912 Τινοὶς
1075 851 1129 903 δὲ
1154 853 1323 913 οἴκους
1354 852 1549 913 ἑαυτοῖς
1576 850 2056 917 κατασκευάσαντες,
2093 849 2127 914 ἢ
2154 850 2342 911 τόπους

408 941 627 1000 πλατεῖς,
678 933 850 1004 φόρων
888 937 1057 1002 δίκην,
1111 934 1397 1006 Προςευχοὶς
1433 935 1614 998 ταύτας
1655 935 1877 989 ἐκάλουν.
1954 938 2056 988 Καὶ
2090 929 2218 1004 ἦσαν
2256 935 2343 1002 μὲν

406 1018 461 1073 τό
490 1017 701 1072 παλαιόν
737 1025 1019 1090 προςευχῶν
1046 1019 1190 1074 τόποι
1216 1023 1270 1073 ἕν
1302 1042 1351 1073 τε
1378 1028 1478 1082 τοῖς
1494 1021 1764 1083 Ἰουδαίοις
1792 1023 1883 1084 ἔξω
1912 1022 2128 1085 πόλεως,
2182 1022 2267 1074 καὶ
2293 1022 2344 1073 ἐν

409 1112 515 1166 τοῖς
541 1109 898 1173 Σαμαρείταις,
953 1103 1021 1168 ῶς
1059 1108 1143 1159 καὶ
1180 1108 1231 1159 έν
1270 1114 1375 1177 ταῖς
1412 1105 1629 1176 Πράξεσι
1663 1113 1764 1159 τῶν
1801 1104 2089 1160 ἀποστόλων
2120 1104 2342 1176 εὕρομεν,

410 1191 536 1243 ἔνθα
565 1188 602 1258 ἦ
627 1189 1016 1261 πορφυρόπωλις
1045 1194 1214 1243 Λυδία
1254 1199 1358 1253 τοῖς
1398 1194 1509 1261 περὶ
1542 1191 1630 1245 τόν
1657 1191 1798 1262 ἅγιον
1835 1197 2041 1245 Παῦλον
2075 1189 2343 1259 ἀπήντηκε,

412 1273 478 1338 ὥς
506 1278 589 1330 καὶ
621 1275 780 1338 οῦτως
815 1275 869 1330 τό
909 1284 1052 1329 θεῖον
1091 1275 1293 1347 γράμμα
1334 1280 1571 1347 διηγεῖται
1607 1277 1712 1343 ὅτι,
1769 1278 1922 1345 φησὶ,
1973 1274 2163 1329 Ἐδόκει
2192 1274 2347 1343 τόπος

409 1367 682 1431 προςευχῆς
731 1359 879 1414 εἶναι·
931 1363 1015 1415 καὶ
1065 1367 1377 1432 προςῆλθον,
1436 1365 1523 1416 καὶ
1564 1365 1824 1417 ἐδίδασκον
1867 1365 1919 1416 οἱ
1955 1358 2347 1423 άπόστολοιτοὶς

410 1445 750 1508 συνελθούσας
780 1445 885 1500 κατ’
916 1449 1069 1500 ἐκεῖνο
1097 1454 1276 1518 καιροῦ
1301 1455 1555 1518 γυναῖκας.
1627 1446 1766 1501 'And
1799 1450 1879 1501 καὶ
1914 1453 2200 1518 Προςευχῆς
2230 1444 2347 1500 ⁶16—

409 1554 503 1595 πος
533 1534 585 1586 έν
611 1535 862 1600 Σικίμοις,
904 1535 953 1587 ἐν
982 1539 1042 1606 τῇ
1070 1535 1181 1586 νυνὶ
1215 1535 1491 1608 καλουμένῃ
1520 1534 1770 1588 Νεαπόλει
1805 1535 1896 1597 ἔξω
1926 1539 2014 1602 τῆς
2041 1531 2254 1598 πόλεως,
2293 1533 2347 1585 ἐν

410 1625 470 1691 τῇ
502 1616 725 1683 πεδιάδι,
781 1615 848 1680 ῶς
881 1617 980 1672 ἀπὸ
1013 1621 1227 1687 σημείων
1273 1619 1364 1673 δύο
1387 1663 1400 1684 ,
1451 1619 1796 1691 θεατροειδὴς,
1847 1617 2006 1681 οὕτως
2044 1621 2096 1673 ἐν
2128 1616 2239 1688 ἆέρι
2262 1618 2345 1670 καὶ

412 1706 595 1776 αἰθρίῳ
626 1703 764 1777 τόπῳ
796 1706 895 1757 ἐστὶ
921 1706 1342 1767 κατασκευασθεὶς
1367 1702 1468 1759 ὖπὸ
1494 1711 1594 1759 τῶν
1624 1711 1950 1777 Σαμαρειτῶν
1973 1703 2134 1758 πάντα
2163 1702 2222 1756 τά
2249 1708 2348 1756 τῶν

410 1787 676 1843 Ἰουδαίων
713 1791 1044 1858 μιμουμένων.

561 1868 712 1928 Οὗτοι
751 1876 804 1928 δὲ
843 1878 894 1929 οἱ
932 1875 1169 1946 πρότερον
1207 1879 1556 1930 Μασσαλιανοὶ
1592 1879 1641 1941 ἐξ
1664 1874 1904 1945 Ἑλλήνων
1945 1873 2246 1947 ὁρμώμενοι,
2297 1875 2352 1927 οἷ

415 1959 511 2031 πρό
556 1966 654 2014 τῶν
697 1962 834 2027 νυνὶ,
891 1967 986 2014 τῶν
1029 1965 1186 2030 δῆθεν
1218 1960 1316 2016 ἀπὸ
1351 1960 1594 2030 όνόματος
1630 1968 1850 2032 Χριστοῦ
1890 1959 2218 2032 ὁρμωμένων,
2268 1960 2354 2012 καὶ

416 2044 557 2100 αὐτοὶ
584 2044 653 2115 πη
682 2047 770 2114 μὲν
795 2049 849 2100 ἕν
874 2065 970 2100 τισι
995 2046 1174 2118 χώραις
1198 2054 1400 2101 τοιαῦτα
1436 2054 1455 2085 ¹
1474 2047 1720 2119 τροπάριά
1745 2070 1856 2100 τινα
1886 2045 2351 2110 κατασκευάσαντες,

417 2130 484 2195 ὥς
528 2131 813 2203 Προςευχοὶς
860 2134 1196 2201 καλουμένους
1245 2135 1330 2187 καὶ
1379 2133 1653 2204 Εὐκτήρια.
1741 2131 1824 2186 Ἐν
1878 2130 2039 2194 ἄλλοις
2082 2132 2135 2184 δὲ
2179 2129 2351 2192 τόποις

420 2217 612 2284 2φύσει
651 2220 735 2271 καὶ
764 2221 1018 2286 ἐκκλησίας
1060 2216 1336 2287 ὁμοιώματι
1373 2221 1566 2281 ἑαυτοῖς
1606 2217 1919 2287 ποιήσαντες,
1972 2214 2092 2270 καθ’
2125 2217 2352 2286 ἑσπέραν,

417 2307 502 2358 καὶ
529 2302 653 2358 κατὰ
677 2302 767 2372 τὴν
797 2306 887 2369 ἕω,
945 2294 1065 2372 μετά
1096 2310 1276 2372 πολλῆς
1315 2308 1587 2373 λυχναψίας
1616 2305 1700 2357 καὶ
1744 2303 1926 2368 φώτων
1969 2299 2353 2371 συναθροιζόμε-

419 2412 523 2455 νοι,
581 2388 790 2442 ε’πιπολύ
827 2411 876 2442 τε
900 2388 1258 2459 καταλεγμάτιά
1297 2412 1407 2442 τινα
1435 2387 1533 2442 ὑπό
1561 2396 1659 2443 τῶν
1693 2386 1809 2459 παρ’
1838 2388 2010 2450 αὐτοῖς
2051 2390 2354 2452 σπουδαίων,

417 2477 500 2529 καὶ
534 2473 781 2541 εὐφημίας
822 2473 958 2537 τινάς
997 2478 1154 2542 δῆθεν
1180 2478 1248 2537 εἰς
1274 2474 1360 2529 τόν
1388 2473 1509 2528 θεὸν
1538 2474 1850 2542 ποιούμενοι,
1908 2480 1931 2510 ³
1950 2471 2017 2536 ῶς
2055 2479 2354 2543 καταλεγμα-

419 2564 537 2614 τίων
562 2561 645 2612 καὶ
675 2558 933 2627 εὐφημιῶν
961 2559 1120 2630 ῶςπερ
1149 2559 1272 2614 θεόν
1303 2559 1648 2628 ἐξιλεούμενοι,
1704 2557 1913 2621 ἓαυτοῦς
1953 2558 2223 2612 ἀπατῶσιν.
2298 2555 2364 2609 Ἡ

421 2647 473 2699 δὲ
502 2645 719 2716 άγνωσία
755 2644 916 2713 τυφλή
944 2667 1016 2707 τις
1046 2639 1171 2698 οὖσα
1196 2645 1357 2699 πάντα
1395 2653 1547 2699 ταῦτα
1576 2648 1779 2714 δοκήσει
1807 2644 2015 2713 οἰήσεως
2040 2651 2144 2706 τοῖς
2172 2650 2354 2696 πεπλα-

420 2733 653 2800 νημένοις
681 2730 1047 2802 παρασκευάζει.
1116 2731 1582 2803 Ἐκεραυνοβολήθη
1625 2732 1679 2784 δὲ
1708 2730 1802 2802 πρό
1830 2729 2014 2801 χρόνου
2047 2733 2104 2783 ἓν
2132 2735 2230 2782 τῶν
2258 2750 2356 2782 τοι-

423 2817 582 2871 ούτων
606 2815 1111 2884 κατασκευασμάτων,
1168 2815 1260 2871 οὐκ
1299 2820 1389 2886 ἔχω
1422 2818 1474 2870 δὲ
1503 2819 1658 2888 λέγειν
1693 2819 1744 2870 έν
1772 2820 1901 2890 ποίῳ
1939 2813 2105 2888 τόπῳ,
2156 2812 2277 2882 τάχα
2302 2813 2356 2866 δὲ

423 2905 474 2957 ἐν
498 2909 559 2977 τῇ
594 2906 805 2976 Φοινίκῃ
845 2908 990 2956 τοῦτο
1028 2902 1323 2971 ἠκούσαμεν.
1398 2900 1538 2955 Ἀλλά
1580 2906 1668 2956 καί
1707 2923 1835 2964 τινες
1866 2907 1962 2954 τῶν
1993 2899 2245 2969 ἀρχόντων
2275 2905 2352 2966 ζη-

421 2991 571 3042 λωταὶ
606 2987 820 3050 πολλοὺς
846 2989 900 3041 ἐκ
929 2987 1116 3041 τούτων
1140 2988 1453 3054 ἀπέκτειναν,
1502 2987 1583 3041 διά
1621 2986 1674 3040 τὸ
1707 2986 2094 3057 παραχαράττειν
2123 2982 2212 3052 τὴν
2239 2982 2356 3052 ἀλή-

426 3083 602 3140 θειαν,
654 3076 735 3127 καὶ
768 3074 1135 3141 ἆντιμιμεῖσθαι
1174 3076 1429 3143 ἐκκλησίας
1464 3074 1678 3146 τρόπον,
1733 3071 1801 3141 μὴ
1830 3070 1974 3133 ὄντας
2008 3067 2353 3140 Χριστιανους,

429 3159 547 3228 μήτε
579 3162 627 3223 ἐξ
655 3157 910 3213 Ἰουδαίων
950 3157 1283 3264 ὅρμῳμένους.
1364 3157 1515 3228 Οἶμαι
1545 3160 1597 3212 δὲ
1625 3154 2010 3218 Λουππικιανός
2036 3153 2065 3209 ὅ
2093 3155 2355 3225 στρατηλά-

425 3267 514 3314 της
545 3242 613 3308 εἷς
647 3239 709 3313 ῆν
734 3251 830 3297 τῶν
860 3244 975 3307 τούς
1005 3244 1184 3307 αὐτους
1214 3243 1512 3313 Εὐφημίτας
1541 3251 1638 3298 τῶν
1667 3241 1909 3311 Ἑλλήνων
1935 3239 2352 3312 τιμωρησάμενος,

484 3343 524 3388 4.
570 3350 675 3388 Haec
707 3350 764 3387 ita
801 3360 889 3387 cum
922 3350 1238 3399 praecedentibus
1274 3350 1361 3388 iun·
1418 3350 1605 3388 Petavius
1644 3347 1774 3400 (cuius
1797 3346 1941 3384 adnott.
1969 3344 2077 3393 vide)
2104 3348 2139 3384 et
2159 3346 2222 3383 Du
2252 3345 2355 3385 Gan-

427 3407 556 3456 9enda
581 3406 761 3444 videntur
782 3395 923 3446 Ἦσαν
950 3403 997 3448 δὲ
1017 3402 1099 3471 πρὸ
1129 3419 1191 3460 χρ.
1215 3419 1271 3452 τ.,
1303 3418 1363 3452 ως
1417 3407 1505 3455 9ius
1529 3407 1570 3444 in
1594 3405 1790 3444 Glossario
1813 3402 1964 3441 Mediae
1990 3404 2025 3440 et
2037 3402 2201 3451 Infimae
2219 3404 2355 3442 Graec.

430 3485 454 3490 -
486 3484 509 3490 -
540 3459 613 3502 καὶ
639 3461 789 3512 δεῦρο,
831 3456 947 3504 ἄλλοι
970 3458 1113 3508 πάλιν,
1158 3457 1361 3514 Εὖφημῖ-
1418 3473 1448 3500 s.
1478 3473 1515 3502 v.

429 3530 497 3559 ται
524 3519 609 3559 κτλ.
670 3519 792 3558 Aliter
832 3521 932 3558 enim
961 3532 1017 3572 ης
1046 3520 1251 3558 relativum
1289 3529 1363 3568 quo
1474 3518 1513 3557 ¹2.
1545 3514 1652 3570 φασὶ
1679 3516 1828 3555 volebat
1856 3515 1928 3554 los.
1962 3513 2151 3564 Scaliyer.

432 3576 661 3614 adstruatur
688 3587 764 3614 non
794 3576 956 3614 habebit.
1476 3573 1821 3621 3.10s.Sca12·9er
1846 3570 2065 3609 emendavit
2091 3584 2152 3616 ως
2176 3568 2246 3614 διὰ
2279 3584 2353 3612 κα-

491 3631 529 3669 5.
571 3628 718 3683 μηδένι
747 3629 794 3673 δὲ
822 3645 888 3684 πρ.
918 3634 1139 3682 suspicatus
1167 3635 1220 3672 est
1248 3634 1365 3672 Peta-
1420 3627 1708 3693 ταλεγματίων
1749 3640 1796 3667 τε
1835 3624 1908 3667 καὶ
1953 3621 2172 3679 εὐφημιῶν
2217 3621 2352 3679 ὥςπερ

432 3687 532 3725 vius·
1421 3684 1518 3729 θεὸν
1549 3679 1846 3750 ἐξιλεούμενοι,
1891 3683 1994 3732 quod
2022 3694 2157 3723 verum
2176 3685 2355 3733 videtur;

490 3739 528 3780 6·
559 3739 699 3790 τόποις
725 3745 807 3784 cod.
827 3746 904 3784 Ien.
949 3742 1069 3787 τόποι
1091 3746 1175 3785 cod.
1202 3745 1365 3794 Rhediy.
1421 3744 1535 3782 modo
1561 3753 1632 3791 pro
1658 3733 1794 3791 ὥςπερ
1824 3740 1926 3788 quod
1950 3741 2067 3788 plane
2093 3741 2268 3780 abundat
2293 3750 2355 3779 re-

497 3795 591 3837 cst.
613 3799 661 3838 11.
694 3820 744 3828 --
803 3801 837 3841 1.
869 3797 1044 3854 τοπάρια
1067 3803 1254 3851 suspicati
1280 3804 1368 3840 sunt
1419 3799 1617 3848 scripseris
1670 3793 1859 3848 ἑσπέρας.
1929 3798 2114 3836 Petavius
2160 3809 2207 3837 ea
2237 3797 2355 3836 verba
