2508 4134
577 298 802 339 PANARH
830 297 935 338 Lm.
954 299 1026 338 111.
1057 299 1189 339 ToM.
1220 300 1252 339 1.
1284 298 1664 339 HAER.LXX111.
1977 287 2074 336 125

169 394 386 463 Quorum
417 395 657 464 negotium
690 413 830 446 omne
855 396 1036 446 fraudis
1063 412 1119 446 ac
1146 396 1388 463 nequitiae
1415 396 1740 465 plenissimum
1774 396 1875 447 fuit.
1946 393 2076 446 Nam

168 498 273 531 cum
308 498 335 530 a
363 498 418 531 se
445 479 654 531 invicem
679 479 906 548 opinione
942 497 1036 530 non
1081 479 1439 548 discreparent,
1498 480 1808 531 nihilominus
1836 488 1995 531 certas
2028 479 2075 529 in

168 565 406 616 factiones
445 565 618 616 divulsi
651 573 790 626 sunt,
845 564 953 615 dnm
997 563 1212 632 privatas
1254 564 1381 614 inter
1420 582 1472 614 se
1510 565 1778 616 simultates
1813 571 2076 627 exercent3

165 649 317 701 veluti
346 650 470 717 quod
504 647 720 718 Cyrillus
757 647 1262 717 HierosolymitanuS,
1319 656 1367 698 et
1397 645 1667 715 Eutychius
1696 659 1884 701 mutuas
1923 646 2080 699 inimi-

166 732 306 785 citias
353 734 603 796 foverent,
659 730 873 802 Cyrillus
920 749 1039 783 vero
1085 750 1112 782 a
1150 729 1320 783 Basilii
1364 729 1597 794 Galatae,
1654 743 1703 783 et
1739 734 1946 798 Auiani,
2000 734 2079 801 qui

165 816 456 868 Antiochiae
489 817 736 868 ordinatus
770 825 875 868 erat
909 817 1191 886 episcopuS,
1244 834 1301 867 ac
1328 814 1529 883 Georgii
1562 814 1824 868 Laodiceni
1866 817 2079 886 partibus

166 910 340 952 staret.
418 899 545 968 Quid
587 910 745 952 autem
767 901 951 952 'attinet
976 902 1023 952 in
1054 918 1219 952 eorum
1264 900 1481 951 coetibus
1521 900 1755 967 patiendis
1786 919 1842 952 ac
1874 919 2081 953 comme-

166 987 409 1037 morandis
443 995 629 1054 tempus
658 987 856 1038 terere?
927 984 1088 1037 Venio
1117 985 1264 1054 igitur
1293 986 1349 1036 ad
1380 985 1489 1035 illos
1519 1001 1687 1035 omnes
1716 986 2006 1037 refellendos
2034 995 2082 1038 et

165 1070 543 1140 uniuscuiusque
589 1071 860 1123 calliditatis
899 1071 1209 1121 evertendam
1252 1069 1531 1138 nequitiam.
1609 1066 1708 1120 Sed
1738 1069 1793 1119 de
1821 1070 1892 1120 his
1925 1071 2074 1139 priuS‚

166 1172 288 1223 quae
340 1164 508 1225 postea
554 1156 889 1224 contigerunt,
949 1155 1200 1206 dicendum
1255 1154 1464 1205 videtur.
1558 1151 1692 1204 lstud
1745 1154 1871 1205 enim
1920 1155 2075 1224 ipsum

166 1239 409 1290 nonnullis
447 1241 504 1292 ad
543 1240 859 1310 probitatem,
901 1240 1008 1290 aliis
1047 1241 1105 1290 ad
1146 1238 1429 1307 pravitatem
1469 1238 1635 1289 cessit.

306 1322 499 1375 Etenim
546 1323 776 1377 Meletius
827 1325 886 1376 ab
937 1323 1122 1375 Acacio
1169 1323 1458 1374 Antiochiae
1506 1323 1755 1374 ordinatus
1802 1323 2073 1391 episcopus.
2151 1338 2249 1393 Cap.

163 1405 411 1477 Deinceps
443 1410 570 1460 enim
600 1410 690 1460 hoc
726 1409 936 1462 Acacius
967 1408 1261 1477 propositum
1305 1407 1488 1471 habuit,
1534 1407 1772 1476 paululum
1804 1416 1852 1458 ut
1881 1407 1939 1458 ab
1972 1407 2076 1458 illo·
2105 1395 2299 1437 XXVffl·

164 1509 270 1542 rum
296 1494 481 1545 nefario
512 1495 734 1562 dogmate
761 1494 1069 1556 deflecteret,
1124 1501 1170 1543 et
1200 1511 1343 1544 unum
1375 1510 1428 1543 se
1466 1510 1530 1543 ex
1560 1491 1846 1543 orthodoxis
1874 1494 2076 1558 faceret,

164 1577 255 1628 hoc
278 1577 382 1646 ipso
413 1580 538 1646 quod
562 1576 813 1630 Meletium
842 1578 888 1628 in
917 1578 995 1629 illa
1027 1577 1330 1628 ordinatione
1354 1578 1679 1628 confirmaret.
1759 1573 1946 1646 Quippe
1971 1575 2082 1628 Me-

166 1661 308 1712 letius
343 1662 418 1712 hic
459 1663 516 1713 ab
548 1662 809 1713 Acacianis
849 1662 1063 1731 partibus
1109 1661 1398 1725 constitutus
1437 1679 1555 1713 suae
1595 1661 1653 1713 ab
1684 1661 1802 1730 ipsis
1840 1660 2081 1730 opinionis

162 1762 274 1797 esse
304 1746 610 1798 credebatur.
690 1745 872 1798 Verum
904 1746 1026 1797 alius
1056 1756 1130 1797 est
1159 1755 1410 1815 repertuS,
1467 1755 1518 1797 ut
1548 1747 1604 1797 de
1636 1763 1696 1796 60
1726 1744 1939 1814 plerique
1971 1763 2082 1796 nar-

163 1839 290 1882 rant.
368 1829 513 1882 Nunc
553 1831 678 1882 enim
718 1831 796 1899 qui
834 1832 892 1882 ad
927 1831 1059 1881 illum
1093 1840 1141 1881 et
1177 1832 1233 1882 ad
1265 1831 1368 1882 eius
1398 1840 1588 1882 coetum
1619 1830 1805 1899 seipsos
1845 1830 2081 1882 adiunxe-

163 1925 304 1980 runt,
346 1933 412 1967 ex
442 1933 501 1967 eo
529 1917 653 1984 quod
682 1916 1021 1985 persecutione
1049 1915 1128 1966 ille
1158 1915 1383 1980 iactatus,
1426 1924 1473 1966 et
1499 1933 1524 1965 e
1547 1916 1662 1966 sede
1690 1932 1776 1965 sua
1802 1915 2080 1966 deturbatus

165 2009 266 2063 est,
310 2001 539 2070 temporis
567 2018 700 2051 mora
732 2009 780 2052 et
809 2000 1161 2069 persecutionis
1195 2000 1544 2069 longinquitate
1571 2017 1624 2052 se
1659 2000 1715 2050 ad
1746 1999 1876 2050 illum
1907 2016 2081 2067 aggre-

165 2093 357 2153 ganteS,
399 2085 476 2136 dei
502 2103 676 2137 caussa
703 2086 942 2137 sinceram
972 2084 1110 2136 fidem
1142 2085 1511 2153 amplectuntur.
1591 2081 1839 2151 Siquidem
1872 2083 2082 2153 complu-

165 2187 246 2221 res
277 2187 340 2221 ex
371 2170 498 2222 illius
537 2170 727 2222 concilii
759 2180 901 2221 coetu
944 2168 1101 2238 populi
1147 2171 1340 2220 fuerunt
1374 2169 1453 2237 qui
1494 2168 1732 2238 episcopis
1772 2167 2081 2236 sibimetipsis

168 2254 426 2323 propositis
466 2255 712 2306 mirificam
756 2256 814 2305 de
849 2254 945 2305 lilio
977 2254 1328 2322 professionem
1370 2253 1483 2304 fidei
1525 2269 1640 2322 prae
1677 2269 1730 2303 se
1762 2253 1942 2316 ferunt,
1992 2269 2081 2303 nec

167 2339 578 2390 consubstantiale
607 2339 882 2408 repudiant,
922 2356 1090 2390 verum
1120 2348 1312 2407 paratos
1348 2355 1401 2389 se
1433 2355 1542 2389 esse
1571 2337 1752 2402 dicunt,
1795 2337 1835 2388 si
1863 2337 2080 2405 perfecta

166 2423 381 2491 synodus
434 2432 663 2492 cogatur,
721 2423 845 2474 istud
898 2424 1051 2492 ipsum
1106 2422 1358 2492 profiteri,
1415 2440 1505 2473 nec
1549 2423 1644 2473 ullo
1685 2423 1827 2473 modo
1869 2438 2072 2489 negare.

166 2503 298 2560 Sane
325 2507 514 2575 quidem
544 2507 634 2557 hoc
673 2508 937 2558 venerabili
975 2508 1043 2558 illi
1082 2506 1285 2559 Meletio
1324 2507 1555 2575 contigit,
1598 2507 1676 2575 qui
1706 2507 1764 2558 ab
1798 2507 1997 2558 Arianis
2031 2517 2080 2558 et

166 2591 335 2644 Aeacii
364 2591 578 2661 partibus
610 2592 900 2643 constitutus
930 2602 1002 2644 est
1030 2592 1230 2661 primum
1262 2601 1313 2643 ut
1333 2591 1624 2643 Antiochiae
1656 2591 1703 2642 iu
1733 2591 1942 2642 ecclesia
1971 2609 2076 2642 ser-

165 2693 354 2727 monem
381 2677 439 2728 ad
468 2676 689 2744 populum
730 2678 938 2741 faceret,
980 2695 1036 2728 ac
1068 2677 1200 2728 velut
1234 2677 1460 2744 quasdam
1496 2677 1708 2728 muneris
1735 2676 1809 2727 sui
1843 2675 2077 2745 primitias

166 2760 440 2812 exhiberet.
520 2759 675 2828 Quem
717 2761 904 2829 quidem
943 2779 1215 2812 sermonem
1257 2760 1471 2830 plerique
1511 2779 1617 2812 cum
1650 2770 1783 2812 recta
1830 2761 1923 2811 fide
1962 2777 2078 2811 cou-

165 2854 448 2897 sentaneum
499 2862 608 2896 esse
657 2845 965 2896 confirmant.
1042 2844 1166 2896 Eum
1217 2863 1305 2897 nos
1359 2846 1433 2896 hic
1484 2845 1852 2898 adscribendum
1890 2844 2077 2914 putavi-

164 2946 271 2981 mus
309 2929 387 2998 qui
426 2938 502 2981 est
541 2930 795 2981 eiusmodi.

529 3155 843 3197 EXEMPLUM
874 3155 1144 3195 SERMONIS
1174 3159 1208 3196 A
1237 3155 1482 3196 MELETIO
1512 3154 1712 3194 ΗΑΒΙΤῙ.

303 3257 544 3304 Meliorem
575 3258 809 3320 principib
844 3257 1068 3303 sermonis
1104 3257 1277 3303 exitum
1315 3272 1438 3314 esse,
1492 3250 1877 3321 sapientissimus
1917 3251 2071 3302 eccle·
2145 3274 2243 3328 Cap.

165 3338 341 3390 siastes
370 3338 597 3390 asseruit.
673 3337 939 3408 Propterea
973 3338 1096 3405 quod
1127 3355 1151 3387 a
1183 3338 1370 3388 dicendi
1414 3335 1723 3388 contentione
1758 3352 1812 3385 ac
1843 3335 2073 3387 sollicitu-
2096 3331 2293 3420 gfff-4

167 3423 276 3474 dine
328 3441 523 3475 cessare
562 3425 705 3492 longe
753 3432 829 3475 est.
879 3440 1016 3490 quam
1058 3421 1185 3472 illam
1226 3421 1455 3472 inchoare
1504 3419 1675 3471 melius
1724 3436 1780 3470 ac
1829 3419 2068 3471 securius.
2188 3410 2196 3420 ⁸
2240 3412 2250 3430 ’
2295 3410 2305 3421 ’

164 3504 461 3559 Praesertim
490 3526 595 3559 cum
628 3509 752 3559 idem
779 3508 853 3558 hic
884 3506 1192 3558 ecclesiastes
1218 3506 1426 3568 dixerit,
1479 3509 1577 3554 Ista
1595 3507 1818 3569 pauperis·
1846 3508 2073 3570 sapientia
2095 3512 2198 3548 Eeel·
2219 3512 2252 3557 9,
2275 3511 2329 3548 16.

220 3615 260 3660 4.
291 3618 452 3667 ἑαυτοῖς
478 3622 614 3669 scripsi
646 3632 692 3660 ex
721 3622 910 3660 emendat.
945 3621 1089 3659 Corna-
1201 3612 1239 3657 6.
1270 3619 1414 3657 Nomen
1452 3614 1647 3658 Μελέτιον
1682 3618 1724 3656 in
1751 3616 1810 3656 ed.
1836 3618 1969 3657 Petav.
2003 3618 2075 3658 Co-

163 3678 215 3717 rii
243 3680 276 3716 et
305 3678 469 3716 Petavii.
524 3678 632 3715 Libri
660 3678 797 3716 habeut
826 3672 1008 3722 ἑαυτοὺς.
1133 3675 1206 3713 lon.
1237 3676 1351 3722 repet.
1382 3684 1456 3712 non
1485 3676 1690 3722 comparet.

164 3732 517 3828 ntifibiaggpungo
560 3726 667 3779 ‹35ss
721 3734 914 3773 Petamus.
959 3733 1083 3780 Recte,
1195 3727 1233 3771 7.
1265 3730 1433 3768 Alterum
1461 3725 1529 3770 ἐπὶ
1556 3728 1635 3782 τῆς
1663 3729 1867 3769 delendum
1892 3733 1998 3779 puto.
