2508 4134
430 310 654 352 PANARH
682 309 783 350 LlB.
805 309 877 349 ΙΙΙ.
907 310 1040 350 ΤΟΜ.
1071 310 1122 349 Ιῐ.
1155 310 1344 351 EXPOS.
1375 310 1478 350 FID.
1514 309 1748 351 CATHOL.
1931 298 2025 347 521

137 414 343 460 claustra
384 417 431 457 et
471 412 765 458 adamantina
806 410 1032 473 repagula
1064 412 1298 473 perrupit.
1393 405 1662 458 inferorum
1709 407 1899 458 dolores
1940 422 2028 457 sua
2080 417 2217 495 Ιίῧὲῐιιέ

138 501 377 564 potestate
404 491 651 556 dissolvit,
704 500 800 542 tum
830 509 924 542 una
952 509 1058 541 cum
1090 490 1248 541 anima
1281 491 1479 542 emersit
1506 492 1562 542 ad
1594 508 1814 559 superos.
1891 488 2030 557 Quae
2156 486 2166 503 ’
2209 486 2218 495 ’

140 578 325 646 quidem
362 580 515 626 anima
543 579 723 626 minime
748 578 874 640 apud
895 577 1069 643 inferos
1103 578 1268 624 relicta
1291 578 1412 641 ficit,
1467 594 1611 640 neque
1635 593 1744 624 earo
1773 579 2032 640 corruptio-
2090 585 2231 663 ξ’ὃεαιιιέι.

134 680 235 712 nem
263 664 403 721 vidit5
459 677 597 728 quam
640 657 866 710 divinitas
905 658 1168 723 excitavit,
1225 668 1321 709 tum
1367 676 1472 709 cum
1509 659 1727 710 dominus
1771 659 1870 727 ipse
1914 659 2031 709 deus
2136 653 2220 728 'qt'

137 763 193 796 ac
222 744 420 796 verbum
463 743 631 812 deique
663 743 784 794 filius
818 759 923 793 cum
963 742 1121 793 anima
1149 751 1197 793 et
1224 760 1426 811 corpore
1466 751 1659 810 totoque
1704 742 1824 793 adeo
1852 742 2031 794 instru-
2054 715 2132 749 Μ’
2155 714 2188 758 ³⁹
2210 712 2263 748 π’

136 837 296 880 mento
326 828 570 890 surrexit,
612 827 735 896 quod
768 825 993 895 deinceps
1020 827 1153 878 velut
1176 827 1224 877 in
1258 826 1474 895 spiritum
1510 826 1792 890 conflatum,
1834 844 2028 895 corpuS,

134 914 355 980 inquam,
416 911 631 979 spiritale
675 912 851 962 factum
902 920 1006 974 est,
1064 911 1187 978 quod
1234 911 1344 961 olim
1399 911 1689 961 contrectari
1735 920 1921 979 poterat
1961 919 2026 972 et,

137 997 258 1064 quod
289 994 512 1046 divinitas
540 995 643 1064 ipsa
675 1004 845 1063 sponte
877 994 978 1045 fieri
1007 994 1320 1062 permiserat,
1361 995 1524 1062 flagris
1550 993 1822 1062 expositum
1854 996 2028 1056 fuerat,

135 1089 184 1131 et
210 1077 425 1131 Satanae
454 1078 798 1130 tentationibus
839 1078 1127 1148 appetitum,
1181 1096 1236 1129 ac
1264 1078 1404 1142 fami,
1456 1096 1658 1143 somn0,
1714 1078 1894 1142 labori,
1948 1077 2032 1128 tri-

136 1163 298 1217 stitiae
337 1181 392 1214 ac
430 1163 640 1214 moerori
679 1162 960 1214 obnoxium.

273 1246 393 1298 lllud
423 1248 575 1316 ipsum
610 1255 972 1298 sacrosanctum
1016 1264 1190 1316 corpus
1223 1246 1450 1316 deinceps
1488 1265 1591 1298 cum
1627 1246 1877 1298 divinitate
1915 1264 2030 1297 con·
2051 1249 2281 1304 Cap.XV1.

133 1333 344 1385 iunctum
376 1332 491 1396 fuit3
546 1348 667 1400 quae
705 1340 934 1400 perpetuo
973 1349 1079 1382 cum
1118 1331 1230 1395 illo,
1286 1332 1392 1382 dum
1427 1331 1516 1382 ista
1547 1339 1821 1400 pateretur,
1876 1332 2035 1382 fuerat

137 1417 409 1481 coniuncta.
487 1413 718 1468 Surrexit
744 1416 900 1478 enim,
953 1415 1201 1484 ipsumque
1240 1433 1415 1484 eorpus
1446 1416 1492 1465 in
1530 1433 1670 1466 unum
1699 1432 1862 1466 secum
1894 1414 2034 1484 spiri-

135 1512 264 1565 tum,
324 1516 561 1568 unamque
599 1500 976 1569 singularitatem
1023 1517 1078 1550 ac
1107 1500 1310 1567 gloriam
1343 1499 1737 1568 divinitatemque
1770 1498 2029 1569 copulavit.

135 1586 327 1638 Etenim
354 1601 527 1636 revera
555 1592 661 1653 post
689 1593 890 1634 mortem
918 1584 1162 1653 apparuit,
1214 1593 1261 1634 et
1288 1601 1315 1634 a
1348 1583 1536 1635 Thema
1577 1593 1904 1635 contrectatus
1933 1592 2026 1647 est,
2058 1601 2187 1635 loann.
2209 1600 2262 1635 zo.

136 1679 183 1722 et
208 1688 313 1721 cum
342 1668 572 1737 apostolis
592 1676 816 1719 versatus
844 1677 944 1731 est,
987 1686 1042 1719 ac
1066 1668 1212 1732 bibit,
1255 1685 1311 1719 ac
1340 1669 1542 1736 denique
1571 1668 1884 1737 quadraginta
1911 1667 2032 1731 dies,

136 1755 427 1821 totidemque
457 1760 625 1803 noctes
663 1769 768 1802 cum
799 1751 893 1803 illis
926 1752 1176 1803 habitavit.
1251 1752 1329 1804 Ad
1361 1753 1478 1803 haec
1515 1753 1722 1804 occlusis
1752 1753 1933 1804 foribus
1962 1752 2034 1802 in-

137 1855 336 1906 gressus
363 1853 542 1886 nervos
573 1844 621 1886 et
651 1853 763 1887 ossa
796 1836 1138 1905 clavorumque
1169 1854 1225 1888 ac
1247 1838 1445 1889 lanceae
1484 1837 1691 1906 vestigia
1723 1837 2031 1899 monstravit,

137 1931 185 1974 et
214 1939 380 1972 verum
412 1937 520 1970 esse
552 1937 726 1989 corpus
755 1921 963 1971 edocuit.
1042 1920 1182 1988 Quod
1210 1931 1368 1972 autem
1398 1922 1446 1972 in
1480 1939 1621 1973 unam
1651 1922 2034 1989 singularitatem

134 2024 189 2057 ae
222 2004 518 2057 divinitatem
562 2003 868 2055 coniunctum
912 2005 1090 2055 nullum
1130 2006 1331 2075 amplius
1371 2007 1665 2070 cruciatum,
1723 2006 1800 2057 vel
1829 2014 2032 2056 mortem

133 2097 382 2159 expectet,
421 2088 493 2138 his
523 2087 684 2139 verbis
714 2088 925 2140 declarat
951 2090 1226 2158 apostolus,
1270 2095 1494 2141 Surreoez‘t
1524 2095 1766 2152 Clzrz'stus5
1817 2109 1907 2140 non
1938 2094 2027 2140 iam
2059 2100 2262 2145 nomme.

132 2178 356 2235 moritur,-
413 2191 538 2222 mors
573 2175 650 2222 illi
674 2175 799 2222 ultra
832 2192 922 2223 non
956 2177 1282 2225 dominabitur.
1362 2174 1493 2227 ldem
1525 2193 1642 2243 ergo
1674 2176 1797 2243 quod
1827 2175 1921 2244 pati
1953 2193 2037 2243 po-

130 2267 253 2310 terat
278 2256 516 2327 passionis
546 2274 723 2325 expers
749 2258 943 2322 mansit‚
985 2259 1210 2310 divinitas
1236 2260 1419 2311 scilicet
1446 2278 1549 2311 cum
1576 2277 1779 2328 corpore
1805 2268 1854 2310 et
1877 2259 2036 2310 anima

131 2361 186 2394 ae
226 2351 325 2393 tota
368 2342 659 2393 humanitate
700 2342 981 2406 coniuncta,
1039 2343 1155 2394 deus
1192 2344 1293 2411 ipse
1326 2362 1411 2412 per
1449 2361 1578 2396 sese.
1657 2341 1752 2410 Qui
1782 2347 2031 2394 ascendens
2054 2354 2161 2389 Rom.
2183 2354 2217 2398 e,
2242 2352 2272 2387 1.

130 2432 177 2478 in
205 2430 378 2477 eoelum
406 2429 469 2476 ad
495 2429 731 2476 deoeteram
753 2431 908 2491 putris
938 2432 1146 2477 consedit
1170 2433 1216 2478 in
1243 2432 1432 2494 glorias
1476 2447 1570 2479 non
1605 2437 1656 2479 ut
1682 2446 1858 2497 corpus
1889 2429 2034 2497 depo-

132 2521 299 2575 neret,
355 2511 437 2561 sed
467 2510 593 2560 utin
625 2511 764 2561 unius
803 2512 1099 2578 perfectione
1143 2513 1406 2565 divinitatis
1438 2514 1484 2563 in
1524 2513 1739 2582 spiritale
1781 2513 2029 2563 conflaret.

136 2595 548 2663 Quemadmodum
589 2595 707 2645 haec
739 2595 840 2663 ipsa
873 2613 1077 2664 corpora
1104 2606 1303 2662 nostra,
1356 2616 1472 2664 quae
1498 2616 1621 2647 nune
1647 2601 1866 2647 animalia
1899 2602 2033 2647 semi·
2047 2607 2165 2644 mor.
2179 2607 2285 2652 15,44.

132 2690 335 2739 nantur,
390 2681 602 2743 spiritali
625 2683 819 2744 quadum
847 2685 1105 2731 conditione
1129 2692 1404 2747 resurgent,
1458 2701 1599 2748 quae,
1655 2683 1877 2751 inquam,
1931 2701 2032 2731 eum
2109 2655 2147 2686 et
2170 2651 2221 2687 53.

133 2768 428 2829 corruptione
452 2773 698 2823 seruntur,
742 2782 843 2812 cum
870 2769 1214 2830 incorruptione
1238 2776 1458 2831 surgent,
1515 2786 1632 2833 quae
1659 2772 1705 2816 in
1732 2777 1876 2816 morte
1900 2770 2034 2816 semi-

130 2859 320 2909 nantur,
363 2866 464 2897 eum
492 2850 836 2897 immortalitate
863 2861 1125 2914 resurgent.
1208 2847 1348 2916 Quod
1380 2851 1420 2902 si
1450 2852 1682 2903 eiusmodi
1713 2869 1914 2919 corpora
1947 2868 2032 2900 no-

131 2944 232 2986 stra
273 2935 431 2984 futura
470 2941 609 2994 sunt,
667 2940 841 2998 quanto
879 2933 1028 3000 magis
1071 2935 1424 2986 sanctissimum
1462 2936 1574 2986 illud
1609 2933 1791 2987 Christi
1837 2952 2028 3003 corpus,

132 3019 254 3087 quod
282 3018 422 3069 nullis
450 3016 612 3067 verbis
642 3016 895 3084 explicari,
938 3034 1090 3085 neque
1120 3037 1224 3068 cum
1257 3019 1349 3070 ulla
1382 3037 1433 3070 re
1468 3020 1734 3089 comparari
1762 3028 1936 3088 potest,
1975 3018 2033 3068 il-

130 3104 239 3166 lud,
294 3102 515 3171 inquam,
574 3099 951 3151 sincerissimum
1005 3119 1059 3151 ae
1109 3120 1212 3152 cum
1261 3103 1350 3154 deo
1396 3104 1731 3168 coniunctum,
1787 3104 2031 3171 singulare

131 3188 357 3255 deinceps
399 3196 446 3237 et
483 3185 755 3236 uniforme?
829 3182 969 3251 Quod
1007 3185 1193 3253 quidem
1225 3188 1470 3255 apostolus
1498 3188 1583 3238 hac
1612 3190 1852 3239 sententia
1879 3196 2281 3242 testa-1.00r.5‚1s.

132 3281 227 3335 tur,
268 3274 378 3320 Etsi
396 3274 618 3330 novimuS,
661 3269 832 3337 inquit,
873 3273 1118 3318 seeundum
1143 3289 1325 3320 earnem
1348 3275 1597 3333 Christum,
1631 3291 1720 3322 non
1749 3277 1837 3321 iam
1860 3291 2030 3336 eogno-

129 3360 324 3416 seimus;
366 3372 460 3404 non
494 3354 619 3423 quod
652 3371 843 3404 carnem
874 3371 899 3404 a
931 3353 1178 3405 divinitate
1219 3355 1517 3417 seiunxerit,
1574 3358 1656 3407 sed
1686 3357 1807 3423 quod
1852 3357 2032 3407 existat

130 3440 209 3490 illa
248 3440 466 3507 quidem,
522 3455 577 3488 ac
619 3455 725 3488 cum
761 3438 850 3488 deo
895 3438 1146 3504 iungatur,
1205 3456 1371 3489 verum
1416 3458 1509 3490 non
1541 3442 1739 3509 amplius
1767 3441 2027 3492 secundum

132 3540 354 3585 carnem,
409 3523 492 3573 sed
521 3522 780 3572 secundum
814 3522 1029 3590 spiritum
1060 3522 1149 3584 sit,
1204 3532 1256 3573 ut
1288 3523 1490 3590 ipsemet
1521 3525 1722 3575 asserit:
1777 3529 2021 3575 seeundum
2045 3537 2155 3573 Rom.
2173 3537 2206 3582 1,
2227 3537 2263 3572 4.

130 3611 341 3671 spiritum
369 3609 753 3671 sanctificationis
782 3626 842 3655 eso
868 3610 1207 3656 resurrectione
1235 3617 1518 3656 mortuorum
1546 3612 1722 3658 domini
1743 3614 1897 3659 nostri
1918 3615 2025 3660 Iesu

135 3693 325 3739 Christi.
403 3689 543 3740 Hunc
574 3689 720 3757 igitur
752 3690 956 3741 ecelesia
999 3690 1139 3741 simul
1179 3691 1317 3741 deum
1352 3709 1461 3742 esse
1510 3694 1786 3760 profitetur,
1841 3695 2026 3765 passio-

133 3790 348 3837 suspicatus
387 3793 440 3827 est
474 3790 665 3829 Petavius.
723 3791 877 3828 Mallem
912 3790 1052 3830 τοῦτον
1112 3802 1184 3833 σαν
1218 3790 1346 3845 (intell.
1379 3785 1548 3846 σάρκα).

135 3844 268 3897 (intell.
287 3838 452 3898 Ἰησοῦν
472 3841 671 3898 Χριστὸν)
694 3841 798 3898 ὁμοῦ
821 3843 915 3889 nstv
940 3843 1054 3902 ἔχου-
