2508 4134
775 311 1303 352 ANACEPHALAEosts.
1885 298 1985 347 549
2011 367 2015 373 1

92 417 220 461 ru'nt.
295 407 542 461 Summum
572 410 744 461 bonum
778 409 828 460 in
859 410 1102 477 voluptate
1130 417 1423 476 posuerunt,
1475 408 1612 458 deum
1646 424 1702 458 ac
1732 405 1986 475 providen-

92 492 205 543 tiam
242 493 300 543 ab
337 511 497 545 rerum
538 494 950 546 administratione
989 494 1302 543 sustulerunt.

230 575 591 630 Samaritismus
628 586 675 629 et
701 575 991 629 Samaritae.
1068 575 1224 627 Huius
1266 576 1323 625 ab
1355 575 1590 626 Iudaismo
1627 574 1762 641 origo
1794 573 1986 624 deduci-

90 670 194 724 tur,
251 678 370 728 quae
414 671 653 713 sectarum
698 661 820 731 apud
874 659 1091 712 Graecos
1134 660 1352 710 divortiis
1393 668 1439 708 et
1479 676 1640 709 earum
1686 657 1891 707 decretis
1930 674 1986 707 ac

88 746 385 812 dogmatibus
425 745 668 814 antiquior
704 755 796 796 est.
873 743 998 795 Nam
1041 761 1067 794 e
1102 743 1210 793 sinu
1247 743 1350 811 ipse
1387 742 1611 792 Iudaismi
1644 741 1819 810 prodiit
1856 741 1985 791 circa

84 827 563 880 Nabuchodonozori
609 838 657 881 et
696 829 911 880 Iudaicae
964 827 1255 896 captivitatis
1302 835 1534 893 tempora.
1625 824 1775 875 Primi
1821 833 1983 876 sectae

86 913 359 963 conditores
402 930 465 963 ex
512 913 730 983 Assyriis
776 913 824 963 in
872 913 1092 966 iudaeam
1139 910 1448 979 transportati
1494 910 1700 977 quinque
1749 910 1986 959 duntaxat

83 994 274 1065 Moysis
310 997 458 1049 libros
502 1006 814 1066 acceperunt,
868 1014 986 1064 quos
1019 1012 1104 1064 per
1129 994 1335 1045 Esdram
1379 995 1680 1045 sacerdotem
1724 1010 1815 1043 rex
1846 994 1902 1042 ad
1931 993 1985 1043 il-

82 1081 155 1130 los
185 1079 430 1150 Babylone
462 1082 768 1132 submiserat.
846 1082 1008 1145 ltaque
1034 1088 1195 1129 cetera
1222 1079 1398 1129 habent
1424 1096 1528 1128 cum
1559 1077 1743 1128 ludaeis
1771 1095 1983 1127 commu-

83 1164 188 1226 nia,
243 1164 282 1214 si
323 1164 411 1215 boc
453 1183 597 1216 unum
641 1164 884 1233 excipias,
938 1165 1061 1232 quod
1110 1173 1156 1213 et
1195 1172 1364 1231 gentes
1402 1163 1767 1224 abominentur,
1826 1177 1981 1226 neque

81 1265 361 1316 quemquam
412 1250 692 1317 contingere
738 1249 914 1312 velint,
972 1249 1191 1315 quodque
1238 1256 1532 1298 mortuorum
1574 1245 1981 1296 resurrectionem

81 1349 136 1381 ac
178 1342 364 1383 ceteras
408 1342 515 1402 post
556 1331 765 1402 Moysen
813 1332 1086 1400 prophetias
1127 1331 1369 1382 reiiciunt.
1448 1328 1861 1382 Samaritanorum
1908 1337 1982 1379 est

81 1417 226 1466 factio
264 1417 416 1468 divisa
457 1418 503 1468 in
544 1426 704 1486 partes
747 1425 970 1485 quatuor.
1045 1415 1195 1467 Primi
1239 1425 1351 1467 sunt
1391 1414 1658 1476 Gortlieni,
1715 1413 1793 1481 qui
1830 1413 1979 1462 festos

79 1499 180 1550 dies
207 1500 313 1552 aliis
346 1519 483 1569 quam
515 1499 727 1553 Sebuaei
757 1501 1052 1569 temporibus
1078 1501 1311 1551 indicunt.
1389 1500 1487 1550 Alii
1518 1497 1759 1561 Sebuaei,
1813 1498 1890 1565 qui
1919 1496 1979 1546 ob

80 1585 280 1635 eandem
309 1585 539 1637 festorum
570 1586 752 1636 dierum
784 1586 1089 1636 occasionem
1116 1603 1143 1635 a
1173 1583 1438 1636 Gorthenis
1472 1583 1779 1634 dissentiunt.
1854 1580 1978 1631 Ter-

79 1668 131 1718 tii
158 1677 271 1719 sunt
301 1667 505 1732 Esseni,
548 1670 624 1738 qui
655 1669 812 1720 neutri
838 1669 961 1738 parti
989 1679 1286 1738 repugnant,
1343 1670 1427 1719 sed
1459 1686 1564 1719 cum
1594 1668 1653 1718 iis
1681 1666 1728 1716 in
1762 1683 1880 1734 quos
1907 1666 1980 1715 in-

79 1753 283 1803 ciderint
319 1754 424 1804 sine
465 1754 561 1804 ullo
610 1753 886 1804 discrimine
933 1755 1056 1805 festa
1096 1763 1346 1822 peragunt.
1423 1751 1665 1803 Postremi
1697 1759 1808 1802 sunt
1834 1749 1980 1800 Dosi-

75 1836 199 1900 thei,
254 1837 331 1905 qui
376 1837 543 1888 iisdem
585 1838 755 1907 quibus
789 1836 1080 1890 Samaritani
1107 1838 1338 1889 institutis
1367 1846 1592 1898 utuntur,
1651 1833 1978 1886 circumcisio-

77 1939 214 1984 nem,
278 1922 558 1986 sabbatum,
615 1940 670 1973 ac
724 1923 930 1987 ceteris,
996 1922 1254 1990 itidemque
1302 1920 1682 1972 Pentateuchum
1728 1919 1972 1969 adhibent.

75 2003 342 2074 Praecipue
376 2023 520 2071 vero,
573 2023 628 2057 ac
659 2024 773 2075 prae
807 2006 1005 2074 reliquis
1042 2007 1262 2056 omnibus
1300 2006 1391 2057 sibi
1432 2006 1491 2055 ab
1532 2004 1752 2054 animatis
1796 2013 1976 2071 tempe-

75 2098 210 2153 rant,
266 2107 322 2139 ac
362 2099 589 2159 perpetuo
623 2092 724 2141 fere
768 2091 1001 2141 ieiunant.
1079 2088 1205 2143 Sunt
1251 2091 1378 2140 inter
1404 2090 1510 2140 illos
1541 2089 1618 2156 qui
1651 2087 1974 2156 virginitatem

77 2175 266 2238 colunt,
331 2173 408 2225 alii
454 2175 815 2226 continentiam.
908 2174 1296 2226 Resurrecturos
1339 2192 1448 2225 esse
1490 2181 1706 2224 mortuos
1751 2173 1971 2236 credunt,

75 2260 197 2326 quod
236 2276 263 2308 a
302 2256 716 2310 Samaritanorum
757 2261 977 2327 dogmate
1016 2259 1262 2310 abhorret.

179 2335 496 2393 ‘Iudaeorum
524 2352 686 2394 sectae
720 2361 922 2394 numero
962 2341 1078 2395 Vll.
1156 2344 1230 2394 Ac
1259 2343 1411 2411 primo
1447 2339 1677 2403 Scribae,
1734 2340 1855 2407 legis
1892 2356 1974 2407 pe-

73 2426 154 2477 riti
185 2435 234 2477 et
260 2426 567 2477 traditionum
611 2445 727 2495 quas
760 2445 787 2478 a
820 2427 1082 2479 maioribus
1129 2436 1417 2496 acceperant
1456 2421 1781 2490 (δευτερώσεις
1826 2442 1972 2474 voca-

71 2512 210 2576 bant)
244 2511 583 2561 observatores
614 2514 776 2575 fuere,
819 2531 874 2563 ac
903 2513 1023 2563 ritus
1053 2530 1220 2563 omnes
1252 2511 1635 2581 superstitiosius
1663 2508 1839 2559 ceteris
1870 2508 1973 2558 dili-

71 2595 356 2663 gentiusque
387 2604 672 2660 tenuerunt,
726 2614 844 2663 quos
885 2615 980 2647 non
1011 2615 1036 2647 e
1064 2598 1169 2664 lege
1201 2597 1496 2659 didicerant,
1550 2595 1632 2644 sed
1663 2592 1972 2660 sibimetipsis

73 2688 295 2748 tanquam
336 2680 546 2730 iustitiae
586 2680 707 2747 legis
747 2681 1016 2748 singulares
1056 2683 1211 2732 cultus
1255 2699 1309 2731 ac
1347 2679 1633 2731 cerimonias
1671 2678 1967 2728 indixerant.

210 2762 489 2831 Pharisaei,
546 2782 665 2831 quos
707 2774 988 2832 segregatos
1028 2765 1333 2833 interpretari
1377 2764 1563 2832 possis,
1617 2761 1695 2830 qui
1724 2760 1972 2811 sanctissi-

71 2865 193 2898 mam
223 2848 351 2898 vitae
379 2850 612 2898 rationem
638 2849 843 2915 professi
875 2849 1111 2916 probitate
1141 2849 1316 2900 ceteris
1346 2848 1635 2898 antecellere
1661 2845 1966 2896 videbantur.

69 2930 374 2982 Mortuerum
405 2932 527 3000 apud
570 2932 677 2981 illos
713 2932 1035 2995 resurrectio,
1092 2942 1142 2983 ut
1170 2943 1217 2983 et
1243 2934 1363 3002 apud
1395 2930 1622 2994 Scribas,
1675 2927 1965 2980 defenditur.

72 3013 220 3066 Iidem
263 3017 460 3083 angelos
504 3033 558 3065 ac
596 3016 812 3083 spiritum
857 3026 1071 3066 sanctum
1114 3034 1222 3067 esse
1262 3035 1358 3066 non
1399 3025 1595 3083 negant.
1671 3013 1818 3065 Vitae
1865 3012 1969 3061 exi-

71 3099 212 3150 mium
257 3098 523 3150 institutum
565 3117 676 3168 prae
719 3117 771 3149 se
812 3101 989 3150 ferunt.
1067 3097 1425 3151 Continentiam
1456 3109 1639 3150 certum
1670 3099 1726 3148 ad
1759 3106 1965 3164 tempus,

75 3200 131 3233 ac
177 3183 504 3250 virginitatem
550 3201 736 3252 quoque
783 3184 1066 3252 suscipiunt.
1155 3183 1238 3234 Bis
1284 3184 1577 3234 hebdomada
1623 3198 1808 3249 quaque
1849 3180 1968 3230 ieiu-

71 3284 217 3331 nare,
256 3285 430 3319 urceos
461 3286 517 3319 ac
546 3269 704 3319 discos
736 3276 781 3317 et
810 3269 978 3335 pocula
1009 3268 1199 3335 saepius
1228 3268 1389 3318 eluere
1409 3308 1421 3331 ,
1465 3277 1514 3317 ut
1548 3276 1596 3316 et
1626 3264 1847 3327 Scribae,
1889 3280 1968 3313 so-

70 3350 159 3400 liti.
235 3351 312 3402 Ad
343 3353 461 3403 haec
490 3352 698 3402 decimas
731 3361 776 3401 et
809 3351 1040 3419 primitias
1075 3352 1281 3415 offerre,
1323 3352 1513 3402 assidue
1551 3350 1767 3416 precari,
1807 3356 1967 3397 certos

71 3435 223 3485 cultus
273 3454 327 3486 ac
368 3437 701 3505 superstitiosa
753 3436 1146 3486 vestimentorum
1200 3452 1381 3502 genera
1430 3434 1668 3484 curiosius
1712 3433 1962 3495 affectare,

124 3559 190 3602 60.
221 3558 380 3615 χρόνοις
409 3565 492 3604 cod.
520 3565 679 3613 Rhediy.
1100 3559 1165 3602 63.
1196 3574 1241 3602 τε
1264 3563 1526 3610 particulam,
1553 3571 1650 3610 quae
1677 3562 1779 3598 abest
1807 3561 1855 3597 ab
1882 3560 1962 3598 edi-

124 3615 188 3656 61.
220 3615 268 3659 δὲ
298 3617 573 3673 συνεχέστατα
598 3621 680 3659 cod.
713 3620 871 3667 Rhediy.
931 3619 988 3668 Cf.
1046 3619 1116 3664 tis,
1145 3620 1296 3667 reposui
1326 3629 1373 3655 ex
1401 3621 1556 3665 utroque
1584 3617 1694 3655 codd.
1724 3627 1811 3655 mss.

68 3674 188 3722 Epist.
218 3675 272 3712 ad
301 3677 414 3713 Aeac.
1101 3670 1165 3712 64.
1215 3671 1367 3721 ξέστων
1409 3674 1490 3711 cod.
1530 3674 1604 3712 len.
1646 3676 1681 3711 et
1715 3673 1800 3711 edit.
1839 3673 1964 3720 princ.

123 3726 215 3776 62„
242 3726 314 3769 καὶ
358 3732 504 3768 volebat
551 3732 745 3770 Petavius.
819 3731 895 3769 Sed
943 3742 990 3768 ex
1048 3727 1170 3777 ξέτων
1201 3730 1282 3768 cod.
1314 3730 1470 3777 Rhediy.

70 3784 185 3830 Epist.
229 3786 281 3822 ad
311 3791 424 3824 Acac.
453 3788 725 3826 restituendum
754 3789 882 3839 potius
918 3781 991 3838 ἀγ·
1102 3784 1167 3824 65.
1218 3782 1592 3837 έὲῖελοῖἲρησκοτικά
1640 3785 1749 3823 codd.
1795 3795 1882 3822 mss.
1932 3788 1966 3823 et

69 3836 197 3893 γέλων
229 3839 300 3882 καὶ
327 3841 397 3882 τοῦ
428 3854 490 3883 πν.
522 3837 652 3896 ἁγίου.
1047 3841 1135 3881 edit.
1155 3843 1280 3892 princ.
1310 3836 1695 3896 ἐθελοδρησκητικοὶ
1716 3841 1806 3881 edit.
1831 3842 1965 3882 Petav.
