<?xml version="1.0" encoding="UTF-8"?>
<!DOCTYPE html PUBLIC "-//W3C//DTD XHTML 1.0 Transitional//EN"
    "http://www.w3.org/TR/xhtml1/DTD/xhtml1-transitional.dtd">
<html xmlns="http://www.w3.org/1999/xhtml" xml:lang="en" lang="en">
 <head>
  <title>
</title>
<meta http-equiv="Content-Type" content="text/html;charset=utf-8" />
  <meta name='ocr-system' content='tesseract 3.04.00' />
  <meta name='ocr-capabilities' content='ocr_page ocr_carea ocr_par ocr_line ocrx_word'/>
</head>
<body>
  <div class='ocr_page' id='page_1' title='image "./pt3corporishaere02epipuoft/pt3corporishaere02epipuoft_0771.png"; bbox 0 0 2508 4134; ppageno 0'>
   <div class='ocr_carea' id='block_1_1' title="bbox 890 318 1307 362">
    <p class='ocr_par' dir='ltr' id='par_1_1' title="bbox 890 318 1307 362">
     <span class='ocr_line' id='line_1_1' title="bbox 890 318 1307 362; baseline -0.002 -1"><span class='ocrx_word' id='word_1_1' title='bbox 890 319 1068 362; x_wconf 78' lang='lat' dir='ltr'>INDEX</span> <span class='ocrx_word' id='word_1_2' title='bbox 1093 318 1307 362; x_wconf 70' lang='lat' dir='ltr'><strong>RERUM.</strong></span> 
     </span>
    </p>
   </div>
   <div class='ocr_carea' id='block_1_2' title="bbox 1955 307 2042 359">
    <p class='ocr_par' dir='ltr' id='par_1_2' title="bbox 1955 307 2042 359">
     <span class='ocr_line' id='line_1_2' title="bbox 1955 307 2042 359; baseline -0.011 -1"><span class='ocrx_word' id='word_1_3' title='bbox 1955 307 2042 359; x_wconf 77' lang='lat'><strong>761</strong></span> 
     </span>
    </p>
   </div>
   <div class='ocr_carea' id='block_1_3' title="bbox 156 416 2054 474">
    <p class='ocr_par' dir='ltr' id='par_1_3' title="bbox 156 416 2054 474">
     <span class='ocr_line' id='line_1_3' title="bbox 156 416 2054 474; baseline -0.002 -12"><span class='ocrx_word' id='word_1_4' title='bbox 156 418 302 462; x_wconf 77' lang='lat' dir='ltr'>Isidori</span> <span class='ocrx_word' id='word_1_5' title='bbox 330 418 453 460; x_wconf 83' lang='lat' dir='ltr'><strong>verba</strong></span> <span class='ocrx_word' id='word_1_6' title='bbox 482 418 522 461; x_wconf 88' lang='lat' dir='ltr'><strong>in</strong></span> <span class='ocrx_word' id='word_1_7' title='bbox 553 417 705 460; x_wconf 83' lang='lat' dir='ltr'><strong>Ethicis</strong></span> <span class='ocrx_word' id='word_1_8' title='bbox 733 417 966 474; x_wconf 85' lang='lat' dir='ltr'><strong>plenissima</strong></span> <span class='ocrx_word' id='word_1_9' title='bbox 991 419 1073 459; x_wconf 87' lang='lat' dir='ltr'><strong>im·</strong></span> <span class='ocrx_word' id='word_1_10' title='bbox 1104 417 1111 459; x_wconf 95' lang='grc' dir='ltr'>Ι</span> <span class='ocrx_word' id='word_1_11' title='bbox 1135 419 1220 459; x_wconf 90' lang='lat' dir='ltr'><strong>Lex</strong></span> <span class='ocrx_word' id='word_1_12' title='bbox 1265 426 1307 459; x_wconf 83' lang='lat' dir='ltr'><strong>et</strong></span> <span class='ocrx_word' id='word_1_13' title='bbox 1347 424 1558 473; x_wconf 86' lang='lat' dir='ltr'><strong>peccatum</strong></span> <span class='ocrx_word' id='word_1_14' title='bbox 1601 432 1646 459; x_wconf 85' lang='lat' dir='ltr'><strong>se</strong></span> <span class='ocrx_word' id='word_1_15' title='bbox 1690 416 1865 460; x_wconf 81' lang='lat' dir='ltr'><strong>invicem</strong></span> <span class='ocrx_word' id='word_1_16' title='bbox 1904 431 2054 460; x_wconf 86' lang='lat' dir='ltr'><strong>conse-</strong></span> 
     </span>
    </p>
   </div>
   <div class='ocr_carea' id='block_1_4' title="bbox 150 488 1076 2782">
    <p class='ocr_par' dir='ltr' id='par_1_4' title="bbox 210 488 520 544">
     <span class='ocr_line' id='line_1_4' title="bbox 210 488 520 544; baseline 0 -15"><span class='ocrx_word' id='word_1_17' title='bbox 210 488 399 544; x_wconf 79' lang='lat' dir='ltr'><strong>puritatis</strong></span> <span class='ocrx_word' id='word_1_18' title='bbox 427 493 520 530; x_wconf 91' lang='lat'><strong>212.</strong></span> 
     </span>
    </p>

    <p class='ocr_par' dir='ltr' id='par_1_5' title="bbox 158 558 651 614">
     <span class='ocr_line' id='line_1_5' title="bbox 158 558 651 614; baseline -0.004 -13"><span class='ocrx_word' id='word_1_19' title='bbox 158 558 230 601; x_wconf 71' lang='lat' dir='ltr'><strong>leis</strong></span> <span class='ocrx_word' id='word_1_20' title='bbox 260 559 556 614; x_wconf 76' lang='lat' dir='ltr'><strong>Aegyptiorum</strong></span> <span class='ocrx_word' id='word_1_21' title='bbox 586 562 651 601; x_wconf 91' lang='lat'><strong>11.</strong></span> 
     </span>
    </p>

    <p class='ocr_par' dir='ltr' id='par_1_6' title="bbox 154 627 1076 809">
     <span class='ocr_line' id='line_1_6' title="bbox 154 627 1076 684; baseline -0.002 -14"><span class='ocrx_word' id='word_1_22' title='bbox 154 627 314 670; x_wconf 72' lang='lat' dir='ltr'><strong>Israelis</strong></span> <span class='ocrx_word' id='word_1_23' title='bbox 342 628 551 683; x_wconf 82' lang='lat' dir='ltr'><strong>profectio</strong></span> <span class='ocrx_word' id='word_1_24' title='bbox 577 629 619 670; x_wconf 90' lang='lat' dir='ltr'><strong>in</strong></span> <span class='ocrx_word' id='word_1_25' title='bbox 652 633 898 684; x_wconf 65' lang='lat' dir='ltr'><strong>Aegyptum,</strong></span> <span class='ocrx_word' id='word_1_26' title='bbox 922 628 974 668; x_wconf 88' lang='lat' dir='ltr'><strong>ad</strong></span> <span class='ocrx_word' id='word_1_27' title='bbox 1003 630 1076 669; x_wconf 88' lang='lat' dir='ltr'><strong>Io-</strong></span> 
     </span>
     <span class='ocr_line' id='line_1_7' title="bbox 220 698 1074 754; baseline 0.001 -16"><span class='ocrx_word' id='word_1_28' title='bbox 220 698 416 754; x_wconf 80' lang='lat' dir='ltr'><strong>sephum,</strong></span> <span class='ocrx_word' id='word_1_29' title='bbox 456 713 624 741; x_wconf 84' lang='lat' dir='ltr'><strong>numero</strong></span> <span class='ocrx_word' id='word_1_30' title='bbox 665 699 921 754; x_wconf 66' lang='lat' dir='ltr'><strong>septuaginta</strong></span> <span class='ocrx_word' id='word_1_31' title='bbox 958 699 1074 754; x_wconf 85' lang='lat' dir='ltr'><strong>capi-</strong></span> 
     </span>
     <span class='ocr_line' id='line_1_8' title="bbox 209 771 392 809; baseline -0.005 0"><span class='ocrx_word' id='word_1_32' title='bbox 209 776 297 809; x_wconf 88' lang='lat' dir='ltr'><strong>tum</strong></span> <span class='ocrx_word' id='word_1_33' title='bbox 327 771 392 808; x_wconf 89' lang='grc'><strong>10.</strong></span> 
     </span>
    </p>

    <p class='ocr_par' dir='ltr' id='par_1_7' title="bbox 155 839 1074 949">
     <span class='ocr_line' id='line_1_9' title="bbox 155 839 1074 894; baseline 0.001 -15"><span class='ocrx_word' id='word_1_34' title='bbox 155 839 425 880; x_wconf 83' lang='lat' dir='ltr'><strong>Israelitarum</strong></span> <span class='ocrx_word' id='word_1_35' title='bbox 453 839 644 880; x_wconf 73' lang='lat' dir='ltr'><strong>transitus</strong></span> <span class='ocrx_word' id='word_1_36' title='bbox 673 853 748 894; x_wconf 88' lang='lat' dir='ltr'><strong>per</strong></span> <span class='ocrx_word' id='word_1_37' title='bbox 769 853 881 880; x_wconf 88' lang='lat' dir='ltr'><strong>mare</strong></span> <span class='ocrx_word' id='word_1_38' title='bbox 910 839 1074 880; x_wconf 82' lang='lat' dir='ltr'><strong>mbrum</strong></span> 
     </span>
     <span class='ocr_line' id='line_1_10' title="bbox 212 913 278 949; baseline 0.015 -1"><span class='ocrx_word' id='word_1_39' title='bbox 212 913 278 949; x_wconf 90' lang='lat' dir='ltr'><strong>ll.</strong></span> 
     </span>
    </p>

    <p class='ocr_par' dir='ltr' id='par_1_8' title="bbox 154 978 723 1020">
     <span class='ocr_line' id='line_1_11' title="bbox 154 978 723 1020; baseline 0 -1"><span class='ocrx_word' id='word_1_40' title='bbox 154 978 363 1019; x_wconf 85' lang='lat' dir='ltr'><strong>Israelitae</strong></span> <span class='ocrx_word' id='word_1_41' title='bbox 391 978 499 1020; x_wconf 87' lang='lat' dir='ltr'><strong>unde</strong></span> <span class='ocrx_word' id='word_1_42' title='bbox 527 978 628 1020; x_wconf 86' lang='lat' dir='ltr'><strong>dicti</strong></span> <span class='ocrx_word' id='word_1_43' title='bbox 658 982 723 1020; x_wconf 91' lang='grc'><strong>10.</strong></span> 
     </span>
    </p>

    <p class='ocr_par' dir='ltr' id='par_1_9' title="bbox 154 1047 1074 1160">
     <span class='ocr_line' id='line_1_12' title="bbox 154 1047 1074 1104; baseline 0.003 -17"><span class='ocrx_word' id='word_1_44' title='bbox 154 1047 302 1088; x_wconf 84' lang='lat' dir='ltr'><strong>Iudaea</strong></span> <span class='ocrx_word' id='word_1_45' title='bbox 331 1047 493 1103; x_wconf 89' lang='lat' dir='ltr'><strong>quando</strong></span> <span class='ocrx_word' id='word_1_46' title='bbox 524 1047 634 1090; x_wconf 85' lang='lat' dir='ltr'><strong>facta</strong></span> <span class='ocrx_word' id='word_1_47' title='bbox 664 1057 725 1089; x_wconf 85' lang='lat' dir='ltr'><strong>est</strong></span> <span class='ocrx_word' id='word_1_48' title='bbox 754 1048 961 1104; x_wconf 82' lang='lat' dir='ltr'><strong>vectigalis</strong></span> <span class='ocrx_word' id='word_1_49' title='bbox 985 1049 1074 1090; x_wconf 81' lang='lat' dir='ltr'><strong>Ro-</strong></span> 
     </span>
     <span class='ocr_line' id='line_1_13' title="bbox 210 1117 463 1160; baseline 0.004 -2"><span class='ocrx_word' id='word_1_50' title='bbox 210 1117 339 1158; x_wconf 85' lang='lat' dir='ltr'><strong>manis</strong></span> <span class='ocrx_word' id='word_1_51' title='bbox 368 1119 463 1160; x_wconf 83' lang='grc'><strong>445.</strong></span> 
     </span>
    </p>

    <p class='ocr_par' dir='ltr' id='par_1_10' title="bbox 154 1187 1075 1382">
     <span class='ocr_line' id='line_1_14' title="bbox 154 1187 1075 1243; baseline 0.001 -15"><span class='ocrx_word' id='word_1_52' title='bbox 154 1187 292 1228; x_wconf 88' lang='lat' dir='ltr'><strong>Iudaei</strong></span> <span class='ocrx_word' id='word_1_53' title='bbox 323 1188 473 1229; x_wconf 79' lang='lat' dir='ltr'><strong>Pascha</strong></span> <span class='ocrx_word' id='word_1_54' title='bbox 515 1187 789 1243; x_wconf 84' lang='lat' dir='ltr'><strong>anticiparunt</strong></span> <span class='ocrx_word' id='word_1_55' title='bbox 833 1203 923 1229; x_wconf 89' lang='lat' dir='ltr'><strong>cum</strong></span> <span class='ocrx_word' id='word_1_56' title='bbox 955 1187 1075 1229; x_wconf 87' lang='lat' dir='ltr'><strong>chri-</strong></span> 
     </span>
     <span class='ocr_line' id='line_1_15' title="bbox 208 1261 1073 1313; baseline 0.002 -16"><span class='ocrx_word' id='word_1_57' title='bbox 208 1265 294 1298; x_wconf 86' lang='lat' dir='ltr'><strong>stus</strong></span> <span class='ocrx_word' id='word_1_58' title='bbox 322 1272 461 1313; x_wconf 89' lang='lat' dir='ltr'><strong>passus</strong></span> <span class='ocrx_word' id='word_1_59' title='bbox 488 1265 552 1299; x_wconf 85' lang='lat' dir='ltr'><strong>est</strong></span> <span class='ocrx_word' id='word_1_60' title='bbox 572 1261 669 1300; x_wconf 79' lang='grc'><strong>448.</strong></span> <span class='ocrx_word' id='word_1_61' title='bbox 691 1281 744 1290; x_wconf 90' lang='lat'><em>-</em></span> <span class='ocrx_word' id='word_1_62' title='bbox 786 1272 925 1300; x_wconf 89' lang='lat' dir='ltr'><strong>eorum</strong></span> <span class='ocrx_word' id='word_1_63' title='bbox 956 1272 1073 1300; x_wconf 90' lang='lat' dir='ltr'><strong>com-</strong></span> 
     </span>
     <span class='ocr_line' id='line_1_16' title="bbox 208 1327 457 1382; baseline -0.008 -12"><span class='ocrx_word' id='word_1_64' title='bbox 208 1336 330 1382; x_wconf 82' lang='lat' dir='ltr'><strong>putus</strong></span> <span class='ocrx_word' id='word_1_65' title='bbox 358 1327 457 1368; x_wconf 86' lang='lat' dir='ltr'><strong>ibid.</strong></span> 
     </span>
    </p>

    <p class='ocr_par' dir='ltr' id='par_1_11' title="bbox 154 1389 1076 1578">
     <span class='ocr_line' id='line_1_17' title="bbox 154 1389 1076 1440; baseline 0.001 -2"><span class='ocrx_word' id='word_1_66' title='bbox 154 1397 343 1438; x_wconf 85' lang='lat' dir='ltr'><strong>Iudaismi</strong></span> <span class='ocrx_word' id='word_1_67' title='bbox 386 1404 427 1437; x_wconf 84' lang='lat' dir='ltr'><strong>et</strong></span> <span class='ocrx_word' id='word_1_68' title='bbox 478 1389 794 1439; x_wconf 73' lang='lat' dir='ltr'><strong>circumcisionis</strong></span> <span class='ocrx_word' id='word_1_69' title='bbox 834 1398 991 1439; x_wconf 88' lang='lat' dir='ltr'><strong>initium</strong></span> <span class='ocrx_word' id='word_1_70' title='bbox 1034 1406 1076 1440; x_wconf 92' lang='lat' dir='ltr'><strong>et</strong></span> 
     </span>
     <span class='ocr_line' id='line_1_18' title="bbox 208 1467 1076 1523; baseline 0.003 -16"><span class='ocrx_word' id='word_1_71' title='bbox 208 1467 323 1522; x_wconf 84' lang='lat' dir='ltr'><strong>origo</strong></span> <span class='ocrx_word' id='word_1_72' title='bbox 366 1467 574 1521; x_wconf 82' lang='lat' dir='ltr'><strong>posterior</strong></span> <span class='ocrx_word' id='word_1_73' title='bbox 615 1468 758 1522; x_wconf 84' lang='lat' dir='ltr'><strong>gentili</strong></span> <span class='ocrx_word' id='word_1_74' title='bbox 787 1468 1076 1523; x_wconf 88' lang='lat' dir='ltr'><strong>superstitione</strong></span> 
     </span>
     <span class='ocr_line' id='line_1_19' title="bbox 211 1540 249 1578; baseline 0.053 -2"><span class='ocrx_word' id='word_1_75' title='bbox 211 1540 249 1578; x_wconf 85' lang='lat'><strong>9.</strong></span> 
     </span>
    </p>

    <p class='ocr_par' dir='ltr' id='par_1_12' title="bbox 152 1606 946 1664">
     <span class='ocr_line' id='line_1_20' title="bbox 152 1606 946 1664; baseline 0.001 -16"><span class='ocrx_word' id='word_1_76' title='bbox 152 1607 395 1649; x_wconf 88' lang='lat' dir='ltr'><strong>Iudaeorum</strong></span> <span class='ocrx_word' id='word_1_77' title='bbox 423 1606 557 1648; x_wconf 88' lang='lat' dir='ltr'><strong>vilitas</strong></span> <span class='ocrx_word' id='word_1_78' title='bbox 587 1607 628 1648; x_wconf 89' lang='lat' dir='ltr'><strong>in</strong></span> <span class='ocrx_word' id='word_1_79' title='bbox 661 1611 849 1664; x_wconf 85' lang='lat' dir='ltr'><strong>Aegypto</strong></span> <span class='ocrx_word' id='word_1_80' title='bbox 881 1612 946 1650; x_wconf 88' lang='lat'><strong>18.</strong></span> 
     </span>
    </p>

    <p class='ocr_par' dir='ltr' id='par_1_13' title="bbox 151 1676 996 1732">
     <span class='ocr_line' id='line_1_21' title="bbox 151 1676 996 1732; baseline 0 -14"><span class='ocrx_word' id='word_1_81' title='bbox 151 1677 392 1719; x_wconf 86' lang='lat' dir='ltr'><strong>Iudaeorum</strong></span> <span class='ocrx_word' id='word_1_82' title='bbox 419 1677 462 1717; x_wconf 90' lang='lat' dir='ltr'><strong>in</strong></span> <span class='ocrx_word' id='word_1_83' title='bbox 491 1676 573 1718; x_wconf 89' lang='lat' dir='ltr'><strong>duo</strong></span> <span class='ocrx_word' id='word_1_84' title='bbox 599 1692 725 1732; x_wconf 89' lang='lat' dir='ltr'><strong>regna</strong></span> <span class='ocrx_word' id='word_1_85' title='bbox 753 1678 900 1720; x_wconf 87' lang='lat' dir='ltr'><strong>divisio</strong></span> <span class='ocrx_word' id='word_1_86' title='bbox 931 1682 996 1719; x_wconf 82' lang='lat'><strong>21.</strong></span> 
     </span>
    </p>

    <p class='ocr_par' dir='ltr' id='par_1_14' title="bbox 155 1746 681 1801">
     <span class='ocr_line' id='line_1_22' title="bbox 155 1746 681 1801; baseline 0.002 -14"><span class='ocrx_word' id='word_1_87' title='bbox 155 1747 292 1788; x_wconf 84' lang='lat' dir='ltr'><strong>ludaei</strong></span> <span class='ocrx_word' id='word_1_88' title='bbox 323 1761 395 1788; x_wconf 87' lang='lat' dir='ltr'><strong>cur</strong></span> <span class='ocrx_word' id='word_1_89' title='bbox 420 1746 586 1801; x_wconf 83' lang='lat' dir='ltr'><strong>reprobi</strong></span> <span class='ocrx_word' id='word_1_90' title='bbox 616 1750 681 1788; x_wconf 86' lang='lat'><strong>20.</strong></span> 
     </span>
    </p>

    <p class='ocr_par' dir='ltr' id='par_1_15' title="bbox 152 1816 981 1859">
     <span class='ocr_line' id='line_1_23' title="bbox 152 1816 981 1859; baseline 0.001 -2"><span class='ocrx_word' id='word_1_91' title='bbox 152 1816 396 1858; x_wconf 87' lang='lat' dir='ltr'><strong>ludaeorum</strong></span> <span class='ocrx_word' id='word_1_92' title='bbox 424 1817 598 1858; x_wconf 85' lang='lat' dir='ltr'><strong>caecitas</strong></span> <span class='ocrx_word' id='word_1_93' title='bbox 628 1827 670 1859; x_wconf 89' lang='lat' dir='ltr'><strong>et</strong></span> <span class='ocrx_word' id='word_1_94' title='bbox 697 1817 826 1859; x_wconf 89' lang='lat' dir='ltr'><strong>scelus</strong></span> <span class='ocrx_word' id='word_1_95' title='bbox 859 1821 981 1859; x_wconf 85' lang='lat'><strong>1036.</strong></span> 
     </span>
    </p>

    <p class='ocr_par' dir='ltr' id='par_1_16' title="bbox 151 1886 1073 1998">
     <span class='ocr_line' id='line_1_24' title="bbox 151 1886 1073 1943; baseline 0.003 -16"><span class='ocrx_word' id='word_1_96' title='bbox 151 1886 290 1928; x_wconf 83' lang='lat' dir='ltr'><strong>Iudaei</strong></span> <span class='ocrx_word' id='word_1_97' title='bbox 319 1895 363 1927; x_wconf 92' lang='lat' dir='ltr'><strong>et</strong></span> <span class='ocrx_word' id='word_1_98' title='bbox 391 1887 633 1928; x_wconf 80' lang='lat' dir='ltr'><strong>Samaritani</strong></span> <span class='ocrx_word' id='word_1_99' title='bbox 676 1888 782 1928; x_wconf 87' lang='lat' dir='ltr'><strong>unde</strong></span> <span class='ocrx_word' id='word_1_100' title='bbox 809 1888 937 1943; x_wconf 90' lang='lat' dir='ltr'><strong>iurgia</strong></span> <span class='ocrx_word' id='word_1_101' title='bbox 966 1889 1073 1930; x_wconf 89' lang='lat' dir='ltr'><strong>inter</strong></span> 
     </span>
     <span class='ocr_line' id='line_1_25' title="bbox 206 1956 630 1998; baseline 0 -2"><span class='ocrx_word' id='word_1_102' title='bbox 206 1971 250 1996; x_wconf 88' lang='lat' dir='ltr'><strong>se</strong></span> <span class='ocrx_word' id='word_1_103' title='bbox 280 1956 532 1998; x_wconf 82' lang='lat' dir='ltr'><strong>exercuerint</strong></span> <span class='ocrx_word' id='word_1_104' title='bbox 563 1961 630 1998; x_wconf 82' lang='lat'><strong>29.</strong></span> 
     </span>
    </p>

    <p class='ocr_par' dir='ltr' id='par_1_17' title="bbox 152 2025 1074 2138">
     <span class='ocr_line' id='line_1_26' title="bbox 152 2025 1074 2081; baseline 0.001 -13"><span class='ocrx_word' id='word_1_105' title='bbox 152 2025 392 2068; x_wconf 84' lang='lat' dir='ltr'><strong>Iudaeorum</strong></span> <span class='ocrx_word' id='word_1_106' title='bbox 429 2036 588 2081; x_wconf 83' lang='lat' dir='ltr'><strong>septem</strong></span> <span class='ocrx_word' id='word_1_107' title='bbox 626 2035 762 2069; x_wconf 87' lang='lat' dir='ltr'><strong>sectae</strong></span> <span class='ocrx_word' id='word_1_108' title='bbox 790 2036 885 2069; x_wconf 89' lang='lat' dir='ltr'><strong>ante</strong></span> <span class='ocrx_word' id='word_1_109' title='bbox 925 2028 1074 2069; x_wconf 88' lang='lat' dir='ltr'><strong>Christi</strong></span> 
     </span>
     <span class='ocr_line' id='line_1_27' title="bbox 209 2096 527 2138; baseline -0.003 -1"><span class='ocrx_word' id='word_1_110' title='bbox 209 2096 430 2138; x_wconf 80' lang='lat' dir='ltr'><strong>adventum</strong></span> <span class='ocrx_word' id='word_1_111' title='bbox 460 2100 527 2137; x_wconf 87' lang='grc'><strong>31.</strong></span> 
     </span>
    </p>

    <p class='ocr_par' dir='ltr' id='par_1_18' title="bbox 155 2166 655 2209">
     <span class='ocr_line' id='line_1_28' title="bbox 155 2166 655 2209; baseline 0.002 -1"><span class='ocrx_word' id='word_1_112' title='bbox 155 2166 293 2208; x_wconf 88' lang='lat' dir='ltr'><strong>ludaei</strong></span> <span class='ocrx_word' id='word_1_113' title='bbox 323 2166 431 2207; x_wconf 89' lang='lat' dir='ltr'><strong>unde</strong></span> <span class='ocrx_word' id='word_1_114' title='bbox 459 2167 558 2208; x_wconf 90' lang='lat' dir='ltr'><strong>dicti</strong></span> <span class='ocrx_word' id='word_1_115' title='bbox 589 2171 655 2209; x_wconf 88' lang='grc'><strong>16.</strong></span> 
     </span>
    </p>

    <p class='ocr_par' dir='ltr' id='par_1_19' title="bbox 153 2235 1076 2363">
     <span class='ocr_line' id='line_1_29' title="bbox 153 2235 1076 2293; baseline 0.004 -17"><span class='ocrx_word' id='word_1_116' title='bbox 153 2235 278 2277; x_wconf 88' lang='lat' dir='ltr'><strong>Iudex</strong></span> <span class='ocrx_word' id='word_1_117' title='bbox 308 2250 402 2291; x_wconf 86' lang='lat' dir='ltr'><strong>erga</strong></span> <span class='ocrx_word' id='word_1_118' title='bbox 430 2251 543 2278; x_wconf 89' lang='lat' dir='ltr'><strong>reum</strong></span> <span class='ocrx_word' id='word_1_119' title='bbox 572 2238 743 2293; x_wconf 87' lang='lat' dir='ltr'><strong>perinde</strong></span> <span class='ocrx_word' id='word_1_120' title='bbox 772 2253 816 2280; x_wconf 91' lang='lat' dir='ltr'><strong>se</strong></span> <span class='ocrx_word' id='word_1_121' title='bbox 843 2239 994 2290; x_wconf 85' lang='lat' dir='ltr'><strong>habet,</strong></span> <span class='ocrx_word' id='word_1_122' title='bbox 1028 2254 1076 2280; x_wconf 86' lang='lat' dir='ltr'><strong>ac</strong></span> 
     </span>
     <span class='ocr_line' id='line_1_30' title="bbox 206 2306 877 2363; baseline 0.006 -17"><span class='ocrx_word' id='word_1_123' title='bbox 206 2306 386 2347; x_wconf 89' lang='lat' dir='ltr'><strong>medicus</strong></span> <span class='ocrx_word' id='word_1_124' title='bbox 417 2321 512 2362; x_wconf 87' lang='lat' dir='ltr'><strong>erga</strong></span> <span class='ocrx_word' id='word_1_125' title='bbox 540 2317 753 2363; x_wconf 85' lang='lat' dir='ltr'><strong>aegrotum</strong></span> <span class='ocrx_word' id='word_1_126' title='bbox 782 2312 877 2350; x_wconf 90' lang='grc'><strong>568.</strong></span> 
     </span>
    </p>

    <p class='ocr_par' dir='ltr' id='par_1_20' title="bbox 151 2377 1073 2491">
     <span class='ocr_line' id='line_1_31' title="bbox 151 2377 1073 2431; baseline 0.002 -14"><span class='ocrx_word' id='word_1_127' title='bbox 151 2377 308 2430; x_wconf 85' lang='lat' dir='ltr'><strong>Iupiter</strong></span> <span class='ocrx_word' id='word_1_128' title='bbox 350 2391 374 2417; x_wconf 90' lang='lat' dir='ltr'><strong>a</strong></span> <span class='ocrx_word' id='word_1_129' title='bbox 415 2377 549 2431; x_wconf 70' lang='lat' dir='ltr'><strong>poetis</strong></span> <span class='ocrx_word' id='word_1_130' title='bbox 591 2378 738 2419; x_wconf 89' lang='lat' dir='ltr'><strong>dicitur</strong></span> <span class='ocrx_word' id='word_1_131' title='bbox 779 2378 909 2420; x_wconf 87' lang='lat' dir='ltr'><strong>Metin</strong></span> <span class='ocrx_word' id='word_1_132' title='bbox 950 2378 1073 2419; x_wconf 86' lang='lat' dir='ltr'><strong>filiam</strong></span> 
     </span>
     <span class='ocr_line' id='line_1_32' title="bbox 205 2445 1068 2491; baseline 0.007 -6"><span class='ocrx_word' id='word_1_133' title='bbox 205 2460 318 2486; x_wconf 89' lang='lat' dir='ltr'><strong>suam</strong></span> <span class='ocrx_word' id='word_1_134' title='bbox 346 2445 372 2486; x_wconf 86' lang='lat' dir='ltr'><strong>i.</strong></span> <span class='ocrx_word' id='word_1_135' title='bbox 397 2460 432 2487; x_wconf 86' lang='lat' dir='ltr'><strong>e.</strong></span> <span class='ocrx_word' id='word_1_136' title='bbox 465 2448 725 2489; x_wconf 87' lang='lat' dir='ltr'><strong>Prudentiam</strong></span> <span class='ocrx_word' id='word_1_137' title='bbox 753 2450 971 2491; x_wconf 89' lang='lat' dir='ltr'><strong>absorbere</strong></span> <span class='ocrx_word' id='word_1_138' title='bbox 1002 2453 1068 2491; x_wconf 86' lang='lat'><strong>98.</strong></span> 
     </span>
    </p>

    <p class='ocr_par' dir='ltr' id='par_1_21' title="bbox 150 2516 1031 2574">
     <span class='ocr_line' id='line_1_33' title="bbox 150 2516 1031 2574; baseline 0.006 -17"><span class='ocrx_word' id='word_1_139' title='bbox 150 2516 427 2557; x_wconf 84' lang='lat' dir='ltr'><strong>Iusiurandum</strong></span> <span class='ocrx_word' id='word_1_140' title='bbox 459 2531 579 2558; x_wconf 88' lang='lat' dir='ltr'><strong>omne</strong></span> <span class='ocrx_word' id='word_1_141' title='bbox 608 2526 670 2559; x_wconf 83' lang='lat' dir='ltr'><strong>est</strong></span> <span class='ocrx_word' id='word_1_142' title='bbox 701 2520 936 2574; x_wconf 83' lang='lat' dir='ltr'><strong>fugiendum</strong></span> <span class='ocrx_word' id='word_1_143' title='bbox 966 2524 1031 2562; x_wconf 82' lang='lat'><strong>44.</strong></span> 
     </span>
    </p>

    <p class='ocr_par' dir='ltr' id='par_1_22' title="bbox 150 2586 1073 2782">
     <span class='ocr_line' id='line_1_34' title="bbox 150 2586 1073 2646; baseline 0.005 -19"><span class='ocrx_word' id='word_1_144' title='bbox 150 2586 325 2627; x_wconf 88' lang='lat' dir='ltr'><strong>Iustinus</strong></span> <span class='ocrx_word' id='word_1_145' title='bbox 380 2587 653 2629; x_wconf 75' lang='lat' dir='ltr'><strong>Samaritanus</strong></span> <span class='ocrx_word' id='word_1_146' title='bbox 708 2589 977 2646; x_wconf 88' lang='lat' dir='ltr'><strong>philosophus</strong></span> <span class='ocrx_word' id='word_1_147' title='bbox 1031 2600 1073 2631; x_wconf 87' lang='lat' dir='ltr'><strong>et</strong></span> 
     </span>
     <span class='ocr_line' id='line_1_35' title="bbox 206 2657 1073 2716; baseline 0.005 -19"><span class='ocrx_word' id='word_1_148' title='bbox 206 2665 361 2712; x_wconf 82' lang='lat' dir='ltr'><strong>martyr</strong></span> <span class='ocrx_word' id='word_1_149' title='bbox 413 2657 575 2712; x_wconf 91' lang='lat' dir='ltr'><strong>quando</strong></span> <span class='ocrx_word' id='word_1_150' title='bbox 625 2666 667 2699; x_wconf 89' lang='lat' dir='ltr'><strong>et</strong></span> <span class='ocrx_word' id='word_1_151' title='bbox 709 2659 778 2700; x_wconf 91' lang='lat' dir='ltr'><strong>ubi</strong></span> <span class='ocrx_word' id='word_1_152' title='bbox 835 2661 1073 2716; x_wconf 82' lang='lat' dir='ltr'><strong>martyrium</strong></span> 
     </span>
     <span class='ocr_line' id='line_1_36' title="bbox 208 2731 475 2782; baseline 0.004 -15"><span class='ocrx_word' id='word_1_153' title='bbox 208 2741 349 2782; x_wconf 88' lang='lat' dir='ltr'><strong>passus</strong></span> <span class='ocrx_word' id='word_1_154' title='bbox 380 2731 475 2768; x_wconf 95' lang='lat'><strong>391.</strong></span> 
     </span>
    </p>
   </div>
   <div class='ocr_carea' id='block_1_5' title="bbox 149 2797 1073 2908">
    <p class='ocr_par' dir='ltr' id='par_1_23' title="bbox 149 2797 1073 2908">
     <span class='ocr_line' id='line_1_37' title="bbox 149 2797 1073 2856; baseline 0.005 -18"><span class='ocrx_word' id='word_1_155' title='bbox 149 2797 308 2838; x_wconf 86' lang='lat' dir='ltr'><strong>Iustitia</strong></span> <span class='ocrx_word' id='word_1_156' title='bbox 336 2813 360 2838; x_wconf 92' lang='lat' dir='ltr'><strong>a</strong></span> <span class='ocrx_word' id='word_1_157' title='bbox 388 2797 573 2840; x_wconf 88' lang='lat' dir='ltr'><strong>bonitate</strong></span> <span class='ocrx_word' id='word_1_158' title='bbox 616 2798 770 2854; x_wconf 89' lang='lat' dir='ltr'><strong>seiungi</strong></span> <span class='ocrx_word' id='word_1_159' title='bbox 810 2814 892 2841; x_wconf 90' lang='lat' dir='ltr'><strong>non</strong></span> <span class='ocrx_word' id='word_1_160' title='bbox 933 2809 1073 2856; x_wconf 88' lang='lat' dir='ltr'><strong>potest</strong></span> 
     </span>
     <span class='ocr_line' id='line_1_38' title="bbox 208 2870 305 2908; baseline 0.01 -1"><span class='ocrx_word' id='word_1_161' title='bbox 208 2870 305 2908; x_wconf 87' lang='lat'><strong>225.</strong></span> 
     </span>
    </p>
   </div>
   <div class='ocr_carea' id='block_1_6' title="bbox 582 2994 629 3035">
    <p class='ocr_par' dir='ltr' id='par_1_24' title="bbox 582 2994 629 3035">
     <span class='ocr_line' id='line_1_39' title="bbox 582 2994 629 3035; baseline -0.021 0"><span class='ocrx_word' id='word_1_162' title='bbox 582 2994 629 3035; x_wconf 88' lang='lat' dir='ltr'><strong>L.</strong></span> 
     </span>
    </p>
   </div>
   <div class='ocr_carea' id='block_1_7' title="bbox 148 3077 1073 3680">
    <p class='ocr_par' dir='ltr' id='par_1_25' title="bbox 149 3077 1072 3205">
     <span class='ocr_line' id='line_1_40' title="bbox 149 3077 1072 3135; baseline 0.002 -15"><span class='ocrx_word' id='word_1_163' title='bbox 149 3080 348 3120; x_wconf 86' lang='lat' dir='ltr'><strong>Lacertae</strong></span> <span class='ocrx_word' id='word_1_164' title='bbox 376 3077 591 3133; x_wconf 88' lang='lat' dir='ltr'><strong>prudentia</strong></span> <span class='ocrx_word' id='word_1_165' title='bbox 608 3109 620 3128; x_wconf 93' lang='lat'>,</span> <span class='ocrx_word' id='word_1_166' title='bbox 651 3093 740 3119; x_wconf 87' lang='lat' dir='ltr'><strong>cum</strong></span> <span class='ocrx_word' id='word_1_167' title='bbox 772 3079 946 3135; x_wconf 84' lang='lat' dir='ltr'><strong>caligare</strong></span> <span class='ocrx_word' id='word_1_168' title='bbox 973 3094 1072 3122; x_wconf 89' lang='lat' dir='ltr'><strong>coe-</strong></span> 
     </span>
     <span class='ocr_line' id='line_1_41' title="bbox 205 3149 392 3205; baseline -0.005 -17"><span class='ocrx_word' id='word_1_169' title='bbox 205 3149 268 3205; x_wconf 86' lang='lat' dir='ltr'><strong>pit</strong></span> <span class='ocrx_word' id='word_1_170' title='bbox 297 3152 392 3189; x_wconf 82' lang='lat'><strong>462.</strong></span> 
     </span>
    </p>

    <p class='ocr_par' dir='ltr' id='par_1_26' title="bbox 148 3218 1073 3330">
     <span class='ocr_line' id='line_1_42' title="bbox 148 3218 1073 3274; baseline 0 -14"><span class='ocrx_word' id='word_1_171' title='bbox 148 3219 294 3260; x_wconf 88' lang='lat' dir='ltr'><strong>Lazari</strong></span> <span class='ocrx_word' id='word_1_172' title='bbox 321 3226 455 3267; x_wconf 87' lang='lat' dir='ltr'><strong>aetas,</strong></span> <span class='ocrx_word' id='word_1_173' title='bbox 507 3226 549 3258; x_wconf 88' lang='lat' dir='ltr'><strong>et</strong></span> <span class='ocrx_word' id='word_1_174' title='bbox 591 3218 644 3258; x_wconf 88' lang='lat' dir='ltr'><strong>de</strong></span> <span class='ocrx_word' id='word_1_175' title='bbox 685 3233 730 3259; x_wconf 89' lang='lat' dir='ltr'><strong>ea</strong></span> <span class='ocrx_word' id='word_1_176' title='bbox 775 3233 877 3274; x_wconf 90' lang='lat' dir='ltr'><strong>quae</strong></span> <span class='ocrx_word' id='word_1_177' title='bbox 919 3220 1073 3260; x_wconf 85' lang='lat' dir='ltr'><strong>suerint</strong></span> 
     </span>
     <span class='ocr_line' id='line_1_43' title="bbox 205 3288 571 3330; baseline -0.008 0"><span class='ocrx_word' id='word_1_178' title='bbox 205 3288 446 3330; x_wconf 80' lang='lat' dir='ltr'><strong>traditiones</strong></span> <span class='ocrx_word' id='word_1_179' title='bbox 477 3291 571 3328; x_wconf 87' lang='lat'><strong>652.</strong></span> 
     </span>
    </p>

    <p class='ocr_par' dir='ltr' id='par_1_27' title="bbox 149 3358 1073 3485">
     <span class='ocr_line' id='line_1_44' title="bbox 149 3358 1069 3414; baseline -0.001 -13"><span class='ocrx_word' id='word_1_180' title='bbox 149 3362 338 3401; x_wconf 85' lang='lat' dir='ltr'><strong>Leaenae</strong></span> <span class='ocrx_word' id='word_1_181' title='bbox 381 3358 576 3414; x_wconf 88' lang='lat' dir='ltr'><strong>parientis</strong></span> <span class='ocrx_word' id='word_1_182' title='bbox 621 3358 782 3412; x_wconf 83' lang='lat' dir='ltr'><strong>elegans</strong></span> <span class='ocrx_word' id='word_1_183' title='bbox 834 3359 1069 3414; x_wconf 86' lang='lat' dir='ltr'><strong>descriptio,</strong></span> 
     </span>
     <span class='ocr_line' id='line_1_45' title="bbox 206 3428 1073 3485; baseline 0.001 -15"><span class='ocrx_word' id='word_1_184' title='bbox 206 3443 283 3485; x_wconf 89' lang='lat' dir='ltr'><strong>qua</strong></span> <span class='ocrx_word' id='word_1_185' title='bbox 329 3428 510 3469; x_wconf 88' lang='lat' dir='ltr'><strong>Christus</strong></span> <span class='ocrx_word' id='word_1_186' title='bbox 562 3442 651 3468; x_wconf 88' lang='lat' dir='ltr'><strong>cum</strong></span> <span class='ocrx_word' id='word_1_187' title='bbox 690 3429 810 3469; x_wconf 90' lang='lat' dir='ltr'><strong>leone</strong></span> <span class='ocrx_word' id='word_1_188' title='bbox 862 3430 1073 3472; x_wconf 81' lang='lat' dir='ltr'><strong>confertur</strong></span> 
     </span>
    </p>

    <p class='ocr_par' dir='ltr' id='par_1_28' title="bbox 159 3503 328 3550">
     <span class='ocr_line' id='line_1_46' title="bbox 159 3503 328 3550; baseline 0 -10"><span class='ocrx_word' id='word_1_189' title='bbox 159 3547 162 3550; x_wconf 46' lang='grc'>,</span> <span class='ocrx_word' id='word_1_190' title='bbox 207 3503 328 3540; x_wconf 79' lang='lat'><strong>1044.</strong></span> 
     </span>
    </p>

    <p class='ocr_par' dir='ltr' id='par_1_29' title="bbox 150 3569 1068 3680">
     <span class='ocr_line' id='line_1_47' title="bbox 150 3569 1068 3624; baseline 0 -14"><span class='ocrx_word' id='word_1_191' title='bbox 150 3570 335 3610; x_wconf 88' lang='lat' dir='ltr'><strong>Levitica</strong></span> <span class='ocrx_word' id='word_1_192' title='bbox 365 3569 551 3624; x_wconf 81' lang='lat' dir='ltr'><strong>prosapia</strong></span> <span class='ocrx_word' id='word_1_193' title='bbox 574 3583 623 3609; x_wconf 87' lang='lat' dir='ltr'><strong>ex</strong></span> <span class='ocrx_word' id='word_1_194' title='bbox 653 3583 730 3624; x_wconf 91' lang='lat' dir='ltr'><strong>qua</strong></span> <span class='ocrx_word' id='word_1_195' title='bbox 758 3571 910 3623; x_wconf 87' lang='lat' dir='ltr'><strong>sumpti</strong></span> <span class='ocrx_word' id='word_1_196' title='bbox 931 3583 1068 3610; x_wconf 89' lang='lat' dir='ltr'><strong>sacer-</strong></span> 
     </span>
     <span class='ocr_line' id='line_1_48' title="bbox 207 3639 420 3680; baseline 0.005 -2"><span class='ocrx_word' id='word_1_197' title='bbox 207 3639 325 3680; x_wconf 89' lang='lat' dir='ltr'><strong>dotes</strong></span> <span class='ocrx_word' id='word_1_198' title='bbox 356 3644 420 3679; x_wconf 88' lang='grc'><strong>17.</strong></span> 
     </span>
    </p>
   </div>
   <div class='ocr_carea' id='block_1_8' title="bbox 150 3709 1068 3822">
    <p class='ocr_par' dir='ltr' id='par_1_30' title="bbox 150 3709 1068 3822">
     <span class='ocr_line' id='line_1_49' title="bbox 150 3709 1068 3765; baseline 0 -15"><span class='ocrx_word' id='word_1_199' title='bbox 150 3709 272 3763; x_wconf 81' lang='lat' dir='ltr'><strong>Legis</strong></span> <span class='ocrx_word' id='word_1_200' title='bbox 300 3710 447 3763; x_wconf 82' lang='lat' dir='ltr'><strong>triplex</strong></span> <span class='ocrx_word' id='word_1_201' title='bbox 477 3724 602 3765; x_wconf 86' lang='lat' dir='ltr'><strong>genus</strong></span> <span class='ocrx_word' id='word_1_202' title='bbox 633 3725 654 3749; x_wconf 88' lang='lat' dir='ltr'><strong>a</strong></span> <span class='ocrx_word' id='word_1_203' title='bbox 686 3710 809 3753; x_wconf 86' lang='lat' dir='ltr'><strong>Paulo</strong></span> <span class='ocrx_word' id='word_1_204' title='bbox 852 3710 1068 3751; x_wconf 88' lang='lat' dir='ltr'><strong>constitui-</strong></span> 
     </span>
     <span class='ocr_line' id='line_1_50' title="bbox 206 3781 393 3822; baseline 0 -4"><span class='ocrx_word' id='word_1_205' title='bbox 206 3787 272 3818; x_wconf 90' lang='lat' dir='ltr'><strong>tur</strong></span> <span class='ocrx_word' id='word_1_206' title='bbox 301 3781 393 3822; x_wconf 86' lang='lat'><strong>588.</strong></span> 
     </span>
    </p>
   </div>
   <div class='ocr_carea' id='block_1_9' title="bbox 1134 491 2055 754">
    <p class='ocr_par' dir='ltr' id='par_1_31' title="bbox 1188 491 1498 543">
     <span class='ocr_line' id='line_1_51' title="bbox 1188 491 1498 543; baseline 0.003 -15"><span class='ocrx_word' id='word_1_207' title='bbox 1188 495 1366 543; x_wconf 88' lang='lat' dir='ltr'><strong>quuntur</strong></span> <span class='ocrx_word' id='word_1_208' title='bbox 1404 491 1498 529; x_wconf 86' lang='lat'><strong>582.</strong></span> 
     </span>
    </p>

    <p class='ocr_par' dir='ltr' id='par_1_32' title="bbox 1134 557 2054 682">
     <span class='ocr_line' id='line_1_52' title="bbox 1134 557 2054 600; baseline 0.003 -3"><span class='ocrx_word' id='word_1_209' title='bbox 1134 558 1220 598; x_wconf 90' lang='lat' dir='ltr'><strong>Lex</strong></span> <span class='ocrx_word' id='word_1_210' title='bbox 1249 571 1319 598; x_wconf 88' lang='lat' dir='ltr'><strong>cur</strong></span> <span class='ocrx_word' id='word_1_211' title='bbox 1346 557 1495 599; x_wconf 87' lang='lat' dir='ltr'><strong>dicitur</strong></span> <span class='ocrx_word' id='word_1_212' title='bbox 1522 558 1665 600; x_wconf 86' lang='lat' dir='ltr'><strong>mortis</strong></span> <span class='ocrx_word' id='word_1_213' title='bbox 1707 557 1975 600; x_wconf 84' lang='lat' dir='ltr'><strong>ministerium</strong></span> <span class='ocrx_word' id='word_1_214' title='bbox 2001 557 2054 600; x_wconf 88' lang='lat' dir='ltr'><strong>ab</strong></span> 
     </span>
     <span class='ocr_line' id='line_1_53' title="bbox 1188 626 1501 682; baseline 0.003 -15"><span class='ocrx_word' id='word_1_215' title='bbox 1188 626 1377 682; x_wconf 88' lang='lat' dir='ltr'><strong>apostolo</strong></span> <span class='ocrx_word' id='word_1_216' title='bbox 1409 630 1501 668; x_wconf 91' lang='grc'><strong>700.</strong></span> 
     </span>
    </p>

    <p class='ocr_par' dir='ltr' id='par_1_33' title="bbox 1134 697 2055 754">
     <span class='ocr_line' id='line_1_54' title="bbox 1134 697 2055 754; baseline 0.002 -17"><span class='ocrx_word' id='word_1_217' title='bbox 1134 697 1221 737; x_wconf 85' lang='lat' dir='ltr'><strong>Lex</strong></span> <span class='ocrx_word' id='word_1_218' title='bbox 1262 697 1428 751; x_wconf 87' lang='lat' dir='ltr'><strong>spiritus</strong></span> <span class='ocrx_word' id='word_1_219' title='bbox 1469 697 1578 739; x_wconf 80' lang='lat' dir='ltr'><strong>vitae</strong></span> <span class='ocrx_word' id='word_1_220' title='bbox 1621 698 1719 753; x_wconf 88' lang='lat' dir='ltr'><strong>quid</strong></span> <span class='ocrx_word' id='word_1_221' title='bbox 1760 697 1839 749; x_wconf 87' lang='lat' dir='ltr'><strong>sit,</strong></span> <span class='ocrx_word' id='word_1_222' title='bbox 1886 705 1930 740; x_wconf 83' lang='lat' dir='ltr'><strong>et</strong></span> <span class='ocrx_word' id='word_1_223' title='bbox 1957 697 2055 754; x_wconf 86' lang='lat' dir='ltr'><strong>quid</strong></span> 
     </span>
    </p>
   </div>
   <div class='ocr_carea' id='block_1_10' title="bbox 1103 765 1859 823">
    <p class='ocr_par' dir='ltr' id='par_1_34' title="bbox 1103 765 1859 823">
     <span class='ocr_line' id='line_1_55' title="bbox 1103 765 1859 823; baseline 0.004 -17"><span class='ocrx_word' id='word_1_224' title='bbox 1103 801 1105 815; x_wconf 82' lang='grc'>,</span> <span class='ocrx_word' id='word_1_225' title='bbox 1187 765 1355 807; x_wconf 85' lang='lat' dir='ltr'><strong>differat</strong></span> <span class='ocrx_word' id='word_1_226' title='bbox 1383 767 1435 809; x_wconf 91' lang='lat' dir='ltr'><strong>ab</strong></span> <span class='ocrx_word' id='word_1_227' title='bbox 1464 767 1552 808; x_wconf 89' lang='lat' dir='ltr'><strong>aliis</strong></span> <span class='ocrx_word' id='word_1_228' title='bbox 1581 768 1736 823; x_wconf 88' lang='lat' dir='ltr'><strong>legibus</strong></span> <span class='ocrx_word' id='word_1_229' title='bbox 1766 770 1859 809; x_wconf 77' lang='lat'><strong>5⁹0.</strong></span> 
     </span>
    </p>
   </div>
   <div class='ocr_carea' id='block_1_11' title="bbox 1129 835 2056 3120">
    <p class='ocr_par' dir='ltr' id='par_1_35' title="bbox 1134 835 2054 1019">
     <span class='ocr_line' id='line_1_56' title="bbox 1134 835 2052 894; baseline 0.002 -18"><span class='ocrx_word' id='word_1_230' title='bbox 1134 835 1254 890; x_wconf 89' lang='lat' dir='ltr'><strong>Legis</strong></span> <span class='ocrx_word' id='word_1_231' title='bbox 1284 837 1432 878; x_wconf 86' lang='lat' dir='ltr'><strong>veteris</strong></span> <span class='ocrx_word' id='word_1_232' title='bbox 1460 838 1647 879; x_wconf 88' lang='lat' dir='ltr'><strong>instituta</strong></span> <span class='ocrx_word' id='word_1_233' title='bbox 1677 852 1759 880; x_wconf 90' lang='lat' dir='ltr'><strong>non</strong></span> <span class='ocrx_word' id='word_1_234' title='bbox 1788 837 1927 879; x_wconf 83' lang='lat' dir='ltr'><strong>statim</strong></span> <span class='ocrx_word' id='word_1_235' title='bbox 1955 851 2052 894; x_wconf 87' lang='lat' dir='ltr'><strong>per-</strong></span> 
     </span>
     <span class='ocr_line' id='line_1_57' title="bbox 1188 906 2054 963; baseline 0.003 -17"><span class='ocrx_word' id='word_1_236' title='bbox 1188 906 1299 947; x_wconf 81' lang='lat' dir='ltr'><strong>fecta</strong></span> <span class='ocrx_word' id='word_1_237' title='bbox 1328 915 1370 947; x_wconf 89' lang='lat' dir='ltr'><strong>et</strong></span> <span class='ocrx_word' id='word_1_238' title='bbox 1398 907 1479 948; x_wconf 90' lang='lat' dir='ltr'><strong>suis</strong></span> <span class='ocrx_word' id='word_1_239' title='bbox 1521 907 1697 948; x_wconf 89' lang='lat' dir='ltr'><strong>numeris</strong></span> <span class='ocrx_word' id='word_1_240' title='bbox 1724 907 1929 963; x_wconf 85' lang='lat' dir='ltr'><strong>completa</strong></span> <span class='ocrx_word' id='word_1_241' title='bbox 1957 907 2054 949; x_wconf 80' lang='lat' dir='ltr'><strong>fue-</strong></span> 
     </span>
     <span class='ocr_line' id='line_1_58' title="bbox 1188 980 1409 1019; baseline 0.009 -2"><span class='ocrx_word' id='word_1_242' title='bbox 1188 984 1285 1017; x_wconf 86' lang='lat' dir='ltr'><strong>runt</strong></span> <span class='ocrx_word' id='word_1_243' title='bbox 1315 980 1409 1019; x_wconf 85' lang='lat'><strong>909.</strong></span> 
     </span>
    </p>

    <p class='ocr_par' dir='ltr' id='par_1_36' title="bbox 1132 1047 1789 1103">
     <span class='ocr_line' id='line_1_59' title="bbox 1132 1047 1789 1103; baseline 0.003 -17"><span class='ocrx_word' id='word_1_244' title='bbox 1132 1047 1218 1087; x_wconf 86' lang='lat' dir='ltr'><strong>Lex</strong></span> <span class='ocrx_word' id='word_1_245' title='bbox 1248 1047 1375 1087; x_wconf 90' lang='lat' dir='ltr'><strong>Mosis</strong></span> <span class='ocrx_word' id='word_1_246' title='bbox 1406 1047 1569 1103; x_wconf 88' lang='lat' dir='ltr'><strong>quando</strong></span> <span class='ocrx_word' id='word_1_247' title='bbox 1598 1047 1694 1089; x_wconf 90' lang='lat' dir='ltr'><strong>data</strong></span> <span class='ocrx_word' id='word_1_248' title='bbox 1723 1051 1789 1088; x_wconf 90' lang='lat'><strong>18.</strong></span> 
     </span>
    </p>

    <p class='ocr_par' dir='ltr' id='par_1_37' title="bbox 1133 1116 2054 1229">
     <span class='ocr_line' id='line_1_60' title="bbox 1133 1116 2054 1174; baseline 0.003 -18"><span class='ocrx_word' id='word_1_249' title='bbox 1133 1116 1220 1157; x_wconf 85' lang='lat' dir='ltr'><strong>Lex</strong></span> <span class='ocrx_word' id='word_1_250' title='bbox 1262 1116 1392 1157; x_wconf 86' lang='lat' dir='ltr'><strong>veluti</strong></span> <span class='ocrx_word' id='word_1_251' title='bbox 1435 1117 1694 1172; x_wconf 81' lang='lat' dir='ltr'><strong>paedagogus</strong></span> <span class='ocrx_word' id='word_1_252' title='bbox 1738 1117 1818 1158; x_wconf 85' lang='lat' dir='ltr'><strong>fuit</strong></span> <span class='ocrx_word' id='word_1_253' title='bbox 1846 1131 1972 1174; x_wconf 83' lang='lat' dir='ltr'><strong>usque</strong></span> <span class='ocrx_word' id='word_1_254' title='bbox 2000 1118 2054 1159; x_wconf 87' lang='lat' dir='ltr'><strong>ad</strong></span> 
     </span>
     <span class='ocr_line' id='line_1_61' title="bbox 1189 1186 1553 1229; baseline 0.008 -3"><span class='ocrx_word' id='word_1_255' title='bbox 1189 1186 1396 1227; x_wconf 79' lang='lat' dir='ltr'><strong>Christum</strong></span> <span class='ocrx_word' id='word_1_256' title='bbox 1431 1190 1553 1229; x_wconf 83' lang='lat'><strong>1032.</strong></span> 
     </span>
    </p>

    <p class='ocr_par' dir='ltr' id='par_1_38' title="bbox 1131 1256 2053 1367">
     <span class='ocr_line' id='line_1_62' title="bbox 1131 1256 2053 1309; baseline 0.002 -11"><span class='ocrx_word' id='word_1_257' title='bbox 1131 1257 1219 1298; x_wconf 85' lang='lat' dir='ltr'><strong>Lex</strong></span> <span class='ocrx_word' id='word_1_258' title='bbox 1248 1256 1410 1309; x_wconf 86' lang='lat' dir='ltr'><strong>peccati</strong></span> <span class='ocrx_word' id='word_1_259' title='bbox 1435 1271 1571 1299; x_wconf 87' lang='lat' dir='ltr'><strong>caussa</strong></span> <span class='ocrx_word' id='word_1_260' title='bbox 1596 1271 1679 1299; x_wconf 92' lang='lat' dir='ltr'><strong>non</strong></span> <span class='ocrx_word' id='word_1_261' title='bbox 1704 1265 1790 1309; x_wconf 87' lang='lat' dir='ltr'><strong>est,</strong></span> <span class='ocrx_word' id='word_1_262' title='bbox 1822 1266 1864 1299; x_wconf 87' lang='lat' dir='ltr'><strong>et</strong></span> <span class='ocrx_word' id='word_1_263' title='bbox 1893 1273 1964 1300; x_wconf 91' lang='lat' dir='ltr'><strong>cur</strong></span> <span class='ocrx_word' id='word_1_264' title='bbox 1985 1258 2053 1300; x_wconf 90' lang='lat' dir='ltr'><strong>in-</strong></span> 
     </span>
     <span class='ocr_line' id='line_1_63' title="bbox 1187 1326 1433 1367; baseline 0 0"><span class='ocrx_word' id='word_1_265' title='bbox 1187 1326 1309 1367; x_wconf 88' lang='lat' dir='ltr'><strong>ducta</strong></span> <span class='ocrx_word' id='word_1_266' title='bbox 1339 1329 1433 1367; x_wconf 89' lang='grc'><strong>583.</strong></span> 
     </span>
    </p>

    <p class='ocr_par' dir='ltr' id='par_1_39' title="bbox 1132 1397 2052 1454">
     <span class='ocr_line' id='line_1_64' title="bbox 1132 1397 2052 1454; baseline 0 -16"><span class='ocrx_word' id='word_1_267' title='bbox 1132 1398 1218 1438; x_wconf 87' lang='lat' dir='ltr'><strong>Lex</strong></span> <span class='ocrx_word' id='word_1_268' title='bbox 1246 1397 1453 1452; x_wconf 91' lang='lat' dir='ltr'><strong>quomodo</strong></span> <span class='ocrx_word' id='word_1_269' title='bbox 1476 1412 1560 1438; x_wconf 89' lang='lat' dir='ltr'><strong>non</strong></span> <span class='ocrx_word' id='word_1_270' title='bbox 1582 1397 1636 1438; x_wconf 91' lang='lat' dir='ltr'><strong>sit</strong></span> <span class='ocrx_word' id='word_1_271' title='bbox 1662 1397 1770 1440; x_wconf 89' lang='lat' dir='ltr'><strong>iusto</strong></span> <span class='ocrx_word' id='word_1_272' title='bbox 1800 1399 1934 1454; x_wconf 86' lang='lat' dir='ltr'><strong>posita</strong></span> <span class='ocrx_word' id='word_1_273' title='bbox 1956 1401 2052 1440; x_wconf 83' lang='grc'><strong>693.</strong></span> 
     </span>
    </p>

    <p class='ocr_par' dir='ltr' id='par_1_40' title="bbox 1132 1467 2054 1592">
     <span class='ocr_line' id='line_1_65' title="bbox 1132 1467 2054 1511; baseline 0.002 -2"><span class='ocrx_word' id='word_1_274' title='bbox 1132 1469 1219 1509; x_wconf 81' lang='lat' dir='ltr'><strong>Lex</strong></span> <span class='ocrx_word' id='word_1_275' title='bbox 1259 1467 1407 1508; x_wconf 87' lang='lat' dir='ltr'><strong>veteris</strong></span> <span class='ocrx_word' id='word_1_276' title='bbox 1447 1467 1683 1508; x_wconf 85' lang='lat' dir='ltr'><strong>testamenti</strong></span> <span class='ocrx_word' id='word_1_277' title='bbox 1722 1468 1860 1509; x_wconf 90' lang='lat' dir='ltr'><strong>similis</strong></span> <span class='ocrx_word' id='word_1_278' title='bbox 1890 1469 2054 1511; x_wconf 85' lang='lat' dir='ltr'><strong>umbrae</strong></span> 
     </span>
     <span class='ocr_line' id='line_1_66' title="bbox 1185 1537 1614 1592; baseline 0.002 -15"><span class='ocrx_word' id='word_1_279' title='bbox 1185 1538 1280 1578; x_wconf 85' lang='lat' dir='ltr'><strong>novi</strong></span> <span class='ocrx_word' id='word_1_280' title='bbox 1310 1537 1494 1592; x_wconf 88' lang='lat' dir='ltr'><strong>corporis</strong></span> <span class='ocrx_word' id='word_1_281' title='bbox 1517 1541 1614 1578; x_wconf 88' lang='grc'><strong>373.</strong></span> 
     </span>
    </p>

    <p class='ocr_par' dir='ltr' id='par_1_41' title="bbox 1130 1607 2056 1734">
     <span class='ocr_line' id='line_1_67' title="bbox 1130 1607 2056 1662; baseline 0.001 -13"><span class='ocrx_word' id='word_1_282' title='bbox 1130 1607 1252 1662; x_wconf 84' lang='lat' dir='ltr'><strong>Legis</strong></span> <span class='ocrx_word' id='word_1_283' title='bbox 1293 1607 1444 1648; x_wconf 85' lang='lat' dir='ltr'><strong>veteris</strong></span> <span class='ocrx_word' id='word_1_284' title='bbox 1486 1615 1527 1648; x_wconf 92' lang='lat' dir='ltr'><strong>et</strong></span> <span class='ocrx_word' id='word_1_285' title='bbox 1568 1622 1699 1650; x_wconf 86' lang='lat' dir='ltr'><strong>novae</strong></span> <span class='ocrx_word' id='word_1_286' title='bbox 1739 1608 1964 1650; x_wconf 86' lang='lat' dir='ltr'><strong>declaratio</strong></span> <span class='ocrx_word' id='word_1_287' title='bbox 2004 1623 2056 1650; x_wconf 89' lang='lat' dir='ltr'><strong>ex</strong></span> 
     </span>
     <span class='ocr_line' id='line_1_68' title="bbox 1186 1677 1873 1734; baseline 0 -16"><span class='ocrx_word' id='word_1_288' title='bbox 1186 1677 1296 1719; x_wconf 87' lang='lat' dir='ltr'><strong>varia</strong></span> <span class='ocrx_word' id='word_1_289' title='bbox 1325 1685 1507 1719; x_wconf 87' lang='lat' dir='ltr'><strong>aetatum</strong></span> <span class='ocrx_word' id='word_1_290' title='bbox 1534 1678 1748 1734; x_wconf 86' lang='lat' dir='ltr'><strong>disciplina</strong></span> <span class='ocrx_word' id='word_1_291' title='bbox 1777 1682 1873 1720; x_wconf 89' lang='lat'><strong>226.</strong></span> 
     </span>
    </p>

    <p class='ocr_par' dir='ltr' id='par_1_42' title="bbox 1132 1746 2054 1859">
     <span class='ocr_line' id='line_1_69' title="bbox 1132 1746 2054 1805; baseline 0.002 -17"><span class='ocrx_word' id='word_1_292' title='bbox 1132 1746 1330 1789; x_wconf 89' lang='lat' dir='ltr'><strong>Libanitis</strong></span> <span class='ocrx_word' id='word_1_293' title='bbox 1358 1748 1458 1788; x_wconf 86' lang='lat' dir='ltr'><strong>item</strong></span> <span class='ocrx_word' id='word_1_294' title='bbox 1488 1756 1530 1789; x_wconf 88' lang='lat' dir='ltr'><strong>et</strong></span> <span class='ocrx_word' id='word_1_295' title='bbox 1557 1757 1698 1804; x_wconf 87' lang='lat' dir='ltr'><strong>styrax</strong></span> <span class='ocrx_word' id='word_1_296' title='bbox 1739 1749 1857 1804; x_wconf 88' lang='lat' dir='ltr'><strong>pellit</strong></span> <span class='ocrx_word' id='word_1_297' title='bbox 1882 1763 2054 1805; x_wconf 87' lang='lat' dir='ltr'><strong>serpen-</strong></span> 
     </span>
     <span class='ocr_line' id='line_1_70' title="bbox 1184 1822 1370 1859; baseline 0.005 -1"><span class='ocrx_word' id='word_1_298' title='bbox 1184 1826 1246 1858; x_wconf 89' lang='lat' dir='ltr'><strong>tes</strong></span> <span class='ocrx_word' id='word_1_299' title='bbox 1276 1822 1370 1859; x_wconf 89' lang='lat'><strong>423.</strong></span> 
     </span>
    </p>

    <p class='ocr_par' dir='ltr' id='par_1_43' title="bbox 1129 1888 2055 2014">
     <span class='ocr_line' id='line_1_71' title="bbox 1129 1888 2055 1945; baseline 0.001 -16"><span class='ocrx_word' id='word_1_300' title='bbox 1129 1888 1267 1929; x_wconf 88' lang='lat' dir='ltr'><strong>Liberi</strong></span> <span class='ocrx_word' id='word_1_301' title='bbox 1295 1888 1459 1944; x_wconf 91' lang='lat' dir='ltr'><strong>quando</strong></span> <span class='ocrx_word' id='word_1_302' title='bbox 1488 1888 1684 1930; x_wconf 87' lang='lat' dir='ltr'><strong>desierint</strong></span> <span class='ocrx_word' id='word_1_303' title='bbox 1707 1889 1945 1945; x_wconf 81' lang='lat' dir='ltr'><strong>superstites</strong></span> <span class='ocrx_word' id='word_1_304' title='bbox 1967 1903 2055 1931; x_wconf 85' lang='lat' dir='ltr'><strong>esse</strong></span> 
     </span>
     <span class='ocr_line' id='line_1_72' title="bbox 1186 1958 1491 2014; baseline 0 -14"><span class='ocrx_word' id='word_1_305' title='bbox 1186 1958 1422 2014; x_wconf 79' lang='lat' dir='ltr'><strong>parentibus</strong></span> <span class='ocrx_word' id='word_1_306' title='bbox 1453 1962 1491 2000; x_wconf 93' lang='lat'><strong>8.</strong></span> 
     </span>
    </p>

    <p class='ocr_par' dir='ltr' id='par_1_44' title="bbox 1131 2028 2053 2140">
     <span class='ocr_line' id='line_1_73' title="bbox 1131 2028 2053 2085; baseline 0.002 -15"><span class='ocrx_word' id='word_1_307' title='bbox 1131 2028 1347 2070; x_wconf 89' lang='lat' dir='ltr'><strong>Librorum</strong></span> <span class='ocrx_word' id='word_1_308' title='bbox 1387 2028 1681 2070; x_wconf 80' lang='lat' dir='ltr'><strong>canonicorum</strong></span> <span class='ocrx_word' id='word_1_309' title='bbox 1734 2029 1843 2085; x_wconf 89' lang='lat' dir='ltr'><strong>apud</strong></span> <span class='ocrx_word' id='word_1_310' title='bbox 1881 2029 2053 2072; x_wconf 85' lang='lat' dir='ltr'><strong>ludaeos</strong></span> 
     </span>
     <span class='ocr_line' id='line_1_74' title="bbox 1186 2098 1532 2140; baseline 0.006 -2"><span class='ocrx_word' id='word_1_311' title='bbox 1186 2098 1437 2140; x_wconf 87' lang='lat' dir='ltr'><strong>enumeratio</strong></span> <span class='ocrx_word' id='word_1_312' title='bbox 1468 2102 1532 2140; x_wconf 88' lang='grc'><strong>19.</strong></span> 
     </span>
    </p>

    <p class='ocr_par' dir='ltr' id='par_1_45' title="bbox 1133 2166 2054 2280">
     <span class='ocr_line' id='line_1_75' title="bbox 1133 2166 2054 2225; baseline 0.002 -16"><span class='ocrx_word' id='word_1_313' title='bbox 1133 2166 1380 2223; x_wconf 86' lang='lat' dir='ltr'><strong>Linguarum</strong></span> <span class='ocrx_word' id='word_1_314' title='bbox 1432 2177 1620 2210; x_wconf 89' lang='lat' dir='ltr'><strong>auctores</strong></span> <span class='ocrx_word' id='word_1_315' title='bbox 1681 2176 1774 2224; x_wconf 90' lang='lat' dir='ltr'><strong>post</strong></span> <span class='ocrx_word' id='word_1_316' title='bbox 1837 2169 2054 2225; x_wconf 87' lang='lat' dir='ltr'><strong>Babylonis</strong></span> 
     </span>
     <span class='ocr_line' id='line_1_76' title="bbox 1189 2238 1593 2280; baseline -0.002 -1"><span class='ocrx_word' id='word_1_317' title='bbox 1189 2238 1471 2280; x_wconf 80' lang='lat' dir='ltr'><strong>confusionem</strong></span> <span class='ocrx_word' id='word_1_318' title='bbox 1500 2242 1593 2280; x_wconf 90' lang='lat'><strong>289.</strong></span> 
     </span>
    </p>

    <p class='ocr_par' dir='ltr' id='par_1_46' title="bbox 1133 2309 2055 2434">
     <span class='ocr_line' id='line_1_77' title="bbox 1133 2309 2055 2365; baseline 0.002 -16"><span class='ocrx_word' id='word_1_319' title='bbox 1133 2309 1378 2364; x_wconf 87' lang='lat' dir='ltr'><strong>Linguarum</strong></span> <span class='ocrx_word' id='word_1_320' title='bbox 1407 2309 1553 2351; x_wconf 90' lang='lat' dir='ltr'><strong>divisio</strong></span> <span class='ocrx_word' id='word_1_321' title='bbox 1593 2309 1634 2350; x_wconf 93' lang='lat' dir='ltr'><strong>in</strong></span> <span class='ocrx_word' id='word_1_322' title='bbox 1669 2309 1926 2365; x_wconf 85' lang='lat' dir='ltr'><strong>septuaginta</strong></span> <span class='ocrx_word' id='word_1_323' title='bbox 1955 2309 2055 2351; x_wconf 79' lang='lat' dir='ltr'><strong>duas</strong></span> 
     </span>
     <span class='ocr_line' id='line_1_78' title="bbox 1186 2379 1769 2434; baseline 0.002 -15"><span class='ocrx_word' id='word_1_324' title='bbox 1186 2394 1262 2434; x_wconf 89' lang='lat' dir='ltr'><strong>pro</strong></span> <span class='ocrx_word' id='word_1_325' title='bbox 1291 2379 1499 2420; x_wconf 89' lang='lat' dir='ltr'><strong>hominum</strong></span> <span class='ocrx_word' id='word_1_326' title='bbox 1530 2394 1699 2421; x_wconf 89' lang='lat' dir='ltr'><strong>numero</strong></span> <span class='ocrx_word' id='word_1_327' title='bbox 1731 2384 1769 2420; x_wconf 93' lang='grc'><strong>6.</strong></span> 
     </span>
    </p>

    <p class='ocr_par' dir='ltr' id='par_1_47' title="bbox 1130 2449 2055 2561">
     <span class='ocr_line' id='line_1_79' title="bbox 1130 2449 2055 2504; baseline 0.002 -15"><span class='ocrx_word' id='word_1_328' title='bbox 1130 2449 1296 2490; x_wconf 90' lang='lat' dir='ltr'><strong>Literae</strong></span> <span class='ocrx_word' id='word_1_329' title='bbox 1335 2465 1357 2490; x_wconf 90' lang='lat' dir='ltr'><strong>a</strong></span> <span class='ocrx_word' id='word_1_330' title='bbox 1390 2449 1544 2490; x_wconf 87' lang='lat' dir='ltr'><strong>Cadmo</strong></span> <span class='ocrx_word' id='word_1_331' title='bbox 1585 2459 1774 2504; x_wconf 91' lang='lat' dir='ltr'><strong>repertae</strong></span> <span class='ocrx_word' id='word_1_332' title='bbox 1812 2458 1854 2491; x_wconf 90' lang='lat' dir='ltr'><strong>et</strong></span> <span class='ocrx_word' id='word_1_333' title='bbox 1881 2465 1904 2491; x_wconf 92' lang='lat' dir='ltr'><strong>a</strong></span> <span class='ocrx_word' id='word_1_334' title='bbox 1934 2450 2055 2491; x_wconf 84' lang='lat' dir='ltr'><strong>Pala-</strong></span> 
     </span>
     <span class='ocr_line' id='line_1_80' title="bbox 1185 2520 1429 2561; baseline 0.004 -1"><span class='ocrx_word' id='word_1_335' title='bbox 1185 2520 1305 2560; x_wconf 90' lang='lat' dir='ltr'><strong>mede</strong></span> <span class='ocrx_word' id='word_1_336' title='bbox 1335 2523 1429 2561; x_wconf 83' lang='grc'><strong>244.</strong></span> 
     </span>
    </p>

    <p class='ocr_par' dir='ltr' id='par_1_48' title="bbox 1131 2589 2055 2784">
     <span class='ocr_line' id='line_1_81' title="bbox 1131 2589 2055 2645; baseline 0.001 -15"><span class='ocrx_word' id='word_1_337' title='bbox 1131 2590 1327 2631; x_wconf 89' lang='lat' dir='ltr'><strong>Lotiones</strong></span> <span class='ocrx_word' id='word_1_338' title='bbox 1369 2589 1553 2645; x_wconf 84' lang='lat' dir='ltr'><strong>corporis</strong></span> <span class='ocrx_word' id='word_1_339' title='bbox 1597 2589 1697 2631; x_wconf 90' lang='lat' dir='ltr'><strong>nihil</strong></span> <span class='ocrx_word' id='word_1_340' title='bbox 1744 2591 1962 2632; x_wconf 84' lang='lat' dir='ltr'><strong>conferunt</strong></span> <span class='ocrx_word' id='word_1_341' title='bbox 2000 2591 2055 2631; x_wconf 90' lang='lat' dir='ltr'><strong>ad</strong></span> 
     </span>
     <span class='ocr_line' id='line_1_82' title="bbox 1184 2660 2053 2715; baseline 0.002 -15"><span class='ocrx_word' id='word_1_342' title='bbox 1184 2660 1342 2700; x_wconf 84' lang='lat' dir='ltr'><strong>animae</strong></span> <span class='ocrx_word' id='word_1_343' title='bbox 1382 2660 1666 2715; x_wconf 87' lang='lat' dir='ltr'><strong>purgationem</strong></span> <span class='ocrx_word' id='word_1_344' title='bbox 1708 2664 1800 2701; x_wconf 87' lang='grc'><strong>145.</strong></span> <span class='ocrx_word' id='word_1_345' title='bbox 1848 2684 1902 2693; x_wconf 91' lang='grc'><strong>--</strong></span> <span class='ocrx_word' id='word_1_346' title='bbox 1970 2661 2053 2702; x_wconf 89' lang='lat' dir='ltr'><strong>imo</strong></span> 
     </span>
     <span class='ocr_line' id='line_1_83' title="bbox 1184 2730 1911 2784; baseline 0.003 -14"><span class='ocrx_word' id='word_1_347' title='bbox 1184 2730 1538 2784; x_wconf 89' lang='lat' dir='ltr'><strong>reprehenduntur</strong></span> <span class='ocrx_word' id='word_1_348' title='bbox 1565 2745 1588 2771; x_wconf 94' lang='lat' dir='ltr'><strong>a</strong></span> <span class='ocrx_word' id='word_1_349' title='bbox 1620 2730 1782 2772; x_wconf 88' lang='lat' dir='ltr'><strong>Christo</strong></span> <span class='ocrx_word' id='word_1_350' title='bbox 1812 2731 1911 2772; x_wconf 84' lang='lat' dir='ltr'><strong>ibid.</strong></span> 
     </span>
    </p>

    <p class='ocr_par' dir='ltr' id='par_1_49' title="bbox 1130 2800 2054 2911">
     <span class='ocr_line' id='line_1_84' title="bbox 1130 2800 2054 2855; baseline 0.002 -16"><span class='ocrx_word' id='word_1_351' title='bbox 1130 2800 1259 2840; x_wconf 82' lang='lat' dir='ltr'><strong>Lucas</strong></span> <span class='ocrx_word' id='word_1_352' title='bbox 1290 2814 1361 2840; x_wconf 90' lang='lat' dir='ltr'><strong>cur</strong></span> <span class='ocrx_word' id='word_1_353' title='bbox 1385 2800 1636 2854; x_wconf 90' lang='lat' dir='ltr'><strong>evangelium</strong></span> <span class='ocrx_word' id='word_1_354' title='bbox 1662 2801 1843 2855; x_wconf 85' lang='lat' dir='ltr'><strong>scripsit,</strong></span> <span class='ocrx_word' id='word_1_355' title='bbox 1878 2809 1922 2841; x_wconf 86' lang='lat' dir='ltr'><strong>et</strong></span> <span class='ocrx_word' id='word_1_356' title='bbox 1946 2801 2054 2842; x_wconf 90' lang='lat' dir='ltr'><strong>unde</strong></span> 
     </span>
     <span class='ocr_line' id='line_1_85' title="bbox 1183 2868 1735 2911; baseline 0 -2"><span class='ocrx_word' id='word_1_357' title='bbox 1183 2868 1237 2909; x_wconf 87' lang='lat' dir='ltr'><strong>sit</strong></span> <span class='ocrx_word' id='word_1_358' title='bbox 1265 2884 1430 2911; x_wconf 85' lang='lat' dir='ltr'><strong>exorsus</strong></span> <span class='ocrx_word' id='word_1_359' title='bbox 1459 2874 1541 2910; x_wconf 83' lang='lat'><strong>428</strong></span> <span class='ocrx_word' id='word_1_360' title='bbox 1572 2879 1613 2910; x_wconf 90' lang='lat' dir='ltr'><strong>et</strong></span> <span class='ocrx_word' id='word_1_361' title='bbox 1641 2874 1735 2911; x_wconf 86' lang='lat'><strong>429.</strong></span> 
     </span>
    </p>

    <p class='ocr_par' dir='ltr' id='par_1_50' title="bbox 1129 2938 2054 3120">
     <span class='ocr_line' id='line_1_86' title="bbox 1129 2938 2053 2995; baseline 0.001 -15"><span class='ocrx_word' id='word_1_362' title='bbox 1129 2941 1260 2981; x_wconf 89' lang='lat' dir='ltr'><strong>Lucas</strong></span> <span class='ocrx_word' id='word_1_363' title='bbox 1289 2940 1328 2980; x_wconf 92' lang='lat' dir='ltr'><strong>in</strong></span> <span class='ocrx_word' id='word_1_364' title='bbox 1359 2940 1496 2980; x_wconf 87' lang='lat' dir='ltr'><strong>multis</strong></span> <span class='ocrx_word' id='word_1_365' title='bbox 1536 2940 1784 2995; x_wconf 89' lang='lat' dir='ltr'><strong>provinciis,</strong></span> <span class='ocrx_word' id='word_1_366' title='bbox 1827 2938 1900 2981; x_wconf 86' lang='lat' dir='ltr'><strong>sed</strong></span> <span class='ocrx_word' id='word_1_367' title='bbox 1927 2955 2053 2995; x_wconf 86' lang='lat' dir='ltr'><strong>prae-</strong></span> 
     </span>
     <span class='ocr_line' id='line_1_87' title="bbox 1184 3010 2054 3065; baseline 0 -14"><span class='ocrx_word' id='word_1_368' title='bbox 1184 3010 1298 3064; x_wconf 87' lang='lat' dir='ltr'><strong>cipue</strong></span> <span class='ocrx_word' id='word_1_369' title='bbox 1337 3010 1381 3050; x_wconf 90' lang='lat' dir='ltr'><strong>in</strong></span> <span class='ocrx_word' id='word_1_370' title='bbox 1412 3010 1545 3051; x_wconf 88' lang='lat' dir='ltr'><strong>Gallia</strong></span> <span class='ocrx_word' id='word_1_371' title='bbox 1592 3010 1845 3064; x_wconf 87' lang='lat' dir='ltr'><strong>evangelium</strong></span> <span class='ocrx_word' id='word_1_372' title='bbox 1887 3010 2054 3065; x_wconf 87' lang='lat' dir='ltr'><strong>praedi-</strong></span> 
     </span>
     <span class='ocr_line' id='line_1_88' title="bbox 1186 3080 1417 3120; baseline 0 0"><span class='ocrx_word' id='word_1_373' title='bbox 1186 3080 1293 3120; x_wconf 81' lang='lat' dir='ltr'><strong>cavit</strong></span> <span class='ocrx_word' id='word_1_374' title='bbox 1321 3084 1417 3120; x_wconf 84' lang='lat'><strong>433.</strong></span> 
     </span>
    </p>
   </div>
   <div class='ocr_carea' id='block_1_12' title="bbox 1128 3149 2054 3833">
    <p class='ocr_par' dir='ltr' id='par_1_51' title="bbox 1129 3149 2053 3260">
     <span class='ocr_line' id='line_1_89' title="bbox 1129 3149 2053 3207; baseline 0.002 -17"><span class='ocrx_word' id='word_1_375' title='bbox 1129 3151 1339 3190; x_wconf 90' lang='lat' dir='ltr'><strong>Lucernae</strong></span> <span class='ocrx_word' id='word_1_376' title='bbox 1368 3157 1525 3204; x_wconf 89' lang='lat' dir='ltr'><strong>septem</strong></span> <span class='ocrx_word' id='word_1_377' title='bbox 1554 3149 1593 3190; x_wconf 91' lang='lat' dir='ltr'><strong>in</strong></span> <span class='ocrx_word' id='word_1_378' title='bbox 1626 3150 1871 3192; x_wconf 88' lang='lat' dir='ltr'><strong>candelabro</strong></span> <span class='ocrx_word' id='word_1_379' title='bbox 1911 3151 2053 3207; x_wconf 91' lang='lat' dir='ltr'><strong>quoti-</strong></span> 
     </span>
     <span class='ocr_line' id='line_1_90' title="bbox 1185 3219 1602 3260; baseline 0.002 -2"><span class='ocrx_word' id='word_1_380' title='bbox 1185 3219 1252 3259; x_wconf 85' lang='lat' dir='ltr'><strong>die</strong></span> <span class='ocrx_word' id='word_1_381' title='bbox 1283 3233 1478 3260; x_wconf 87' lang='lat' dir='ltr'><strong>accensae</strong></span> <span class='ocrx_word' id='word_1_382' title='bbox 1511 3223 1602 3260; x_wconf 87' lang='grc'><strong>704.</strong></span> 
     </span>
    </p>

    <p class='ocr_par' dir='ltr' id='par_1_52' title="bbox 1131 3288 2054 3399">
     <span class='ocr_line' id='line_1_91' title="bbox 1131 3288 2054 3343; baseline 0.003 -14"><span class='ocrx_word' id='word_1_383' title='bbox 1131 3289 1277 3329; x_wconf 86' lang='lat' dir='ltr'><strong>Lucius</strong></span> <span class='ocrx_word' id='word_1_384' title='bbox 1299 3288 1513 3343; x_wconf 80' lang='lat' dir='ltr'><strong>episcopus</strong></span> <span class='ocrx_word' id='word_1_385' title='bbox 1540 3289 1709 3330; x_wconf 81' lang='lat' dir='ltr'><strong>Arianus</strong></span> <span class='ocrx_word' id='word_1_386' title='bbox 1733 3298 1854 3331; x_wconf 86' lang='lat' dir='ltr'><strong>vexat</strong></span> <span class='ocrx_word' id='word_1_387' title='bbox 1878 3290 2054 3332; x_wconf 75' lang='lat' dir='ltr'><strong>Alexan·-</strong></span> 
     </span>
     <span class='ocr_line' id='line_1_92' title="bbox 1184 3358 1437 3399; baseline 0.004 -1"><span class='ocrx_word' id='word_1_388' title='bbox 1184 3358 1312 3399; x_wconf 90' lang='lat' dir='ltr'><strong>driam</strong></span> <span class='ocrx_word' id='word_1_389' title='bbox 1345 3362 1437 3399; x_wconf 89' lang='grc'><strong>726.</strong></span> 
     </span>
    </p>

    <p class='ocr_par' dir='ltr' id='par_1_53' title="bbox 1130 3428 2054 3623">
     <span class='ocr_line' id='line_1_93' title="bbox 1130 3428 2053 3484; baseline 0.003 -15"><span class='ocrx_word' id='word_1_390' title='bbox 1130 3428 1452 3469; x_wconf 81' lang='lat' dir='ltr'><strong>Lucianistarum</strong></span> <span class='ocrx_word' id='word_1_391' title='bbox 1481 3429 1657 3469; x_wconf 89' lang='lat' dir='ltr'><strong>haeresis</strong></span> <span class='ocrx_word' id='word_1_392' title='bbox 1688 3433 1754 3469; x_wconf 88' lang='lat'><strong>23.</strong></span> <span class='ocrx_word' id='word_1_393' title='bbox 1800 3438 1897 3484; x_wconf 88' lang='lat' dir='ltr'><strong>post</strong></span> <span class='ocrx_word' id='word_1_394' title='bbox 1932 3431 2053 3472; x_wconf 89' lang='lat' dir='ltr'><strong>Chri-</strong></span> 
     </span>
     <span class='ocr_line' id='line_1_94' title="bbox 1184 3498 2054 3554; baseline 0.005 -16"><span class='ocrx_word' id='word_1_395' title='bbox 1184 3498 1433 3539; x_wconf 85' lang='lat' dir='ltr'><strong>stianismum</strong></span> <span class='ocrx_word' id='word_1_396' title='bbox 1466 3502 1558 3539; x_wconf 90' lang='grc'><strong>378.</strong></span> <span class='ocrx_word' id='word_1_397' title='bbox 1590 3523 1639 3530; x_wconf 93' lang='grc'>-</span> <span class='ocrx_word' id='word_1_398' title='bbox 1700 3514 1722 3539; x_wconf 94' lang='lat' dir='ltr'><strong>a</strong></span> <span class='ocrx_word' id='word_1_399' title='bbox 1753 3514 1834 3554; x_wconf 93' lang='lat' dir='ltr'><strong>quo</strong></span> <span class='ocrx_word' id='word_1_400' title='bbox 1877 3501 1976 3541; x_wconf 90' lang='lat' dir='ltr'><strong>dicti</strong></span> <span class='ocrx_word' id='word_1_401' title='bbox 2011 3510 2054 3542; x_wconf 90' lang='lat' dir='ltr'><strong>et</strong></span> 
     </span>
     <span class='ocr_line' id='line_1_95' title="bbox 1183 3569 1789 3623; baseline 0.002 -15"><span class='ocrx_word' id='word_1_402' title='bbox 1183 3577 1284 3623; x_wconf 90' lang='lat' dir='ltr'><strong>quot</strong></span> <span class='ocrx_word' id='word_1_403' title='bbox 1316 3569 1481 3610; x_wconf 88' lang='lat' dir='ltr'><strong>Luciani</strong></span> <span class='ocrx_word' id='word_1_404' title='bbox 1511 3569 1663 3610; x_wconf 83' lang='lat' dir='ltr'><strong>fuerint</strong></span> <span class='ocrx_word' id='word_1_405' title='bbox 1692 3569 1789 3610; x_wconf 90' lang='lat' dir='ltr'><strong>ibid.</strong></span> 
     </span>
    </p>

    <p class='ocr_par' dir='ltr' id='par_1_54' title="bbox 1128 3638 2052 3833">
     <span class='ocr_line' id='line_1_96' title="bbox 1128 3638 2052 3696; baseline 0.005 -19"><span class='ocrx_word' id='word_1_406' title='bbox 1128 3638 1296 3678; x_wconf 90' lang='lat' dir='ltr'><strong>Luciani</strong></span> <span class='ocrx_word' id='word_1_407' title='bbox 1338 3639 1557 3680; x_wconf 86' lang='lat' dir='ltr'><strong>Marcionis</strong></span> <span class='ocrx_word' id='word_1_408' title='bbox 1602 3640 1815 3681; x_wconf 82' lang='lat' dir='ltr'><strong>sectatoris</strong></span> <span class='ocrx_word' id='word_1_409' title='bbox 1857 3640 2052 3696; x_wconf 85' lang='lat' dir='ltr'><strong>dogmata</strong></span> 
     </span>
     <span class='ocr_line' id='line_1_97' title="bbox 1181 3708 2051 3764; baseline 0.006 -17"><span class='ocrx_word' id='word_1_410' title='bbox 1181 3708 1280 3748; x_wconf 89' lang='lat' dir='ltr'><strong>ibid.</strong></span> <span class='ocrx_word' id='word_1_411' title='bbox 1302 3733 1355 3739; x_wconf 91' lang='lat'>—</span> <span class='ocrx_word' id='word_1_412' title='bbox 1396 3710 1474 3750; x_wconf 90' lang='lat' dir='ltr'><strong>tria</strong></span> <span class='ocrx_word' id='word_1_413' title='bbox 1497 3710 1697 3764; x_wconf 77' lang='lat' dir='ltr'><strong>principia</strong></span> <span class='ocrx_word' id='word_1_414' title='bbox 1719 3710 1862 3751; x_wconf 88' lang='lat' dir='ltr'><strong>statuit</strong></span> <span class='ocrx_word' id='word_1_415' title='bbox 1883 3711 1980 3752; x_wconf 91' lang='lat' dir='ltr'><strong>ibid.</strong></span> <span class='ocrx_word' id='word_1_416' title='bbox 1997 3735 2051 3743; x_wconf 94' lang='lat'><strong>—-</strong></span> 
     </span>
     <span class='ocr_line' id='line_1_98' title="bbox 1182 3778 2051 3833; baseline 0.007 -16"><span class='ocrx_word' id='word_1_417' title='bbox 1182 3778 1343 3833; x_wconf 89' lang='lat' dir='ltr'><strong>nuptias</strong></span> <span class='ocrx_word' id='word_1_418' title='bbox 1401 3779 1647 3822; x_wconf 87' lang='lat' dir='ltr'><strong>condemnat</strong></span> <span class='ocrx_word' id='word_1_419' title='bbox 1701 3780 1799 3822; x_wconf 89' lang='lat' dir='ltr'><strong>ibid.</strong></span> <span class='ocrx_word' id='word_1_420' title='bbox 1841 3805 1895 3813; x_wconf 95' lang='lat'><strong>—</strong></span> <span class='ocrx_word' id='word_1_421' title='bbox 1978 3781 2051 3823; x_wconf 79' lang='lat' dir='ltr'><strong>sed</strong></span> 
     </span>
    </p>
   </div>
  </div>
 </body>
</html>
