2508 4134
557 298 780 339 PANARn
810 300 913 339 Lm.
937 299 1009 339 111.
1037 300 1168 340 TOM.
1194 302 1245 341 11.
1277 300 1437 341 HAER.
1465 300 1684 342 Lxxvn.
1973 288 2064 339 381

180 412 315 446 mens
339 412 365 445 a
391 404 526 446 recto
556 396 775 448 veritatis
807 398 980 448 itinere
1008 397 1223 448 deflexit.
1299 399 1525 461 Ateuim,
1565 397 1811 465 inquiunt,
1868 405 2074 447 mentem

179 479 357 530 idcirco
381 480 512 530 illum
539 481 812 550 suscepisse
845 498 997 549 nego3
1054 482 1229 549 alioqui
1255 482 1510 550 cupiditate
1537 482 1668 532 illum
1698 482 1849 545 affici,
1905 481 1983 532 vel
2009 479 2073 530 ir-

177 562 312 613 ritari
338 580 455 614 sane
480 564 720 629 dicamuS,
761 582 867 616 cum
894 583 1029 616 mens
1058 566 1167 628 illa,
1211 583 1330 632 quae
1360 566 1496 615 nobis
1529 566 1682 630 inest,
1723 565 1964 616 variarum
1984 565 2074 615 ⁴re-

176 664 282 697 rum
314 647 572 716 cupiditate
605 657 846 700 teneatur.
924 648 1016 713 Et,
1069 658 1120 699 ut
1153 667 1247 699 uno
1279 649 1429 700 verbo
1471 649 1651 712 dicam,
1704 650 1823 700 mira
1854 658 1927 700 est
1959 649 2075 699 isto-

176 748 282 782 rum
331 731 570 783 hominum
611 733 862 800 argutaudi
901 751 957 783 ac
1003 733 1254 784 cavillandi
1295 733 1471 796 libido,
1527 733 1723 801 perinde
1758 751 1813 783 ac
1847 732 2073 802 scriptum

176 823 279 879 est,
332 820 466 865 Fecit
490 821 602 866 deus
635 821 884 882 simplicem
909 827 955 866 et
976 821 1250 883 prudentem
1275 820 1496 866 hominem
1513 838 1527 865 .·
1578 821 1661 865 sed
1684 821 1776 882 ipsi
1801 821 1955 866 varias
1984 819 2078 867 sibe·
2096 828 2197 863 Eccl.
2218 829 2251 874 7,
2274 829 2326 864 3⁰.

175 903 482 964 cogitationes
502 903 774 966 finaeerunt.
852 899 978 952 Nam
1016 902 1057 952 si
1089 919 1152 952 ex
1194 918 1252 952 eo
1297 901 1421 969 quod
1463 900 1715 951 humanam
1756 901 1823 951 illi
1870 910 2075 952 mentem

177 983 507 1050 attribuimuS,
560 994 754 1037 nostros
791 986 942 1037 eidem
971 986 1188 1037 defectus
1216 986 1524 1053 affingamuS,
1577 1002 1682 1035 cum
1714 994 1762 1036 ct
1789 986 1941 1053 ipsum
1971 1003 2076 1037 car-

176 1084 285 1118 nem
312 1068 527 1120 induisse
571 1071 832 1133 fateamur,
887 1070 1035 1121 multo
1067 1070 1220 1138 magis
1250 1070 1335 1120 hac
1366 1087 1430 1120 ex
1460 1078 1625 1138 parte,
1683 1070 1722 1119 si
1752 1069 1938 1121 illorum
1973 1088 2076 1122 ser—

174 1151 396 1204 monibus
423 1154 690 1206 adhibenda
719 1156 834 1206 fides
862 1164 965 1220 est,
1019 1155 1296 1205 imminutus
1325 1153 1467 1204 debet
1493 1153 1680 1218 videri,
1733 1156 1855 1222 quod
1887 1157 2073 1223 quidem

176 1236 300 1288 absit
327 1247 378 1289 ut
403 1256 609 1307 unquam
632 1239 905 1308 opinemur.
982 1236 1307 1305 Quamobrem
1333 1239 1399 1289 uti
1426 1239 1628 1289 verbum
1655 1226 1829 1290 nnllam
1858 1239 1904 1289 in
1931 1257 2075 1290 carne

176 1322 535 1374 diminutionem
579 1341 773 1392 passum
813 1334 918 1388 est,
976 1324 1168 1374 tametsi
1212 1340 1376 1374 veram
1400 1322 1510 1374 -sibi
1547 1341 1738 1374 carnem
1771 1323 2071 1392 imposuerit,

174 1406 241 1458 ita
270 1424 360 1458 nec
388 1407 437 1458 in
469 1407 673 1459 humana
707 1417 865 1459 mente
896 1408 1144 1476 quicquam
1178 1408 1409 1476 cogitavit
1449 1409 1572 1476 quod
1603 1408 1758 1459 minus
1787 1417 1916 1459 esset
1956 1409 2077 1458 divi-

177 1491 326 1543 nitate
368 1492 589 1560 dignum,
641 1493 724 1543 sed
765 1510 823 1543 ea
864 1493 1097 1543 duntaxat
1136 1510 1258 1560 quae
1303 1491 1467 1555 carni,
1522 1492 1710 1543 animae
1751 1501 1798 1543 et
1842 1492 2076 1543 humanae

175 1575 326 1626 menti
359 1585 684 1628 consentanea
722 1576 1008 1628 videbantur
1046 1578 1282 1627 accedens
1323 1577 1543 1627 dominus
1582 1577 1853 1646 expressit,
1905 1594 1964 1628 ne
1991 1594 2076 1629 ve-

173 1677 257 1711 rae
285 1678 400 1711 suae
430 1661 778 1712 incarnationis
805 1662 1019 1712 ordinem
1052 1661 1322 1729 seriemque
1349 1661 1673 1730 perturbaret.
1749 1660 1907 1712 Erant
1932 1679 2074 1730 porro

172 1745 266 1796 ista
301 1754 660 1808 consentanea,
716 1747 896 1810 fameS,
955 1746 1088 1810 sitis,
1144 1746 1389 1812 fatigatiO,
1443 1763 1672 1809 somnuS,
1726 1746 2073 1814 peregrinatiO,

174 1829 338 1893 dolor,
379 1829 546 1894 fletus,
586 1830 882 1897 indignatio,
924 1847 1074 1897 quae,
1128 1839 1180 1881 ut
1204 1848 1291 1897 par
1316 1839 1448 1893 erat,
1503 1833 1551 1880 in
1591 1847 1700 1882 sese
1728 1832 1941 1899 perfecta
1970 1848 2075 1882 cum

175 1912 408 1978 hominis,
451 1931 590 1982 quam
612 1931 786 1966 revera
814 1923 1114 1983 susceperat,
1157 1924 1329 1966 natura
1359 1914 1614 1966 coniuncta
1643 1915 2076 1984 convenientiaque

173 1997 478 2050 monstravit.
2004 1985 2007 1987 ‚

312 2081 490 2151 Neque
534 2083 657 2134 enim
700 2083 930 2152 scriptum
968 2092 1043 2134 est
1069 2083 1253 2152 uspiam
1292 2101 1441 2152 prava
1471 2079 1603 2135 illum
1635 2082 1891 2152 cupiditate
1925 2083 2076 2134 fuisse
2155 2091 2252 2146 Cap.

174 2176 473 2237 correptum,
527 2167 639 2235 quin
673 2169 831 2235 potius
873 2169 1050 2237 optima
1078 2169 1208 2219 illum
1240 2168 1473 2237 cupiditas
1506 2169 1658 2237 cepit,
1714 2187 1817 2219 cum
1847 2168 1911 2218 ita
1942 2168 2075 2218 locu·
2103 2148 2299 2191 XXVIII.

173 2262 250 2304 tus
281 2261 382 2303 est:
423 2255 663 2302 Desiderio
690 2256 952 2303 desideravi
973 2257 1058 2302 hoc
1077 2256 1254 2318 pascha
1284 2258 1562 2303 manducare
1595 2255 1841 2302 vobiscum.
1919 2252 2069 2320 Atqui
2093 2258 2251 2304 Luc.21‚
2275 2260 2326 2295 15.

174 2337 464 2387 desiderium
507 2353 662 2404 neque
702 2356 727 2387 a
764 2337 1015 2389 divinitate
1059 2338 1404 2406 proficiscitur,
1461 2355 1616 2405 neque
1658 2355 1722 2387 ex
1764 2337 1866 2388 sola
1906 2354 2069 2401 carne,

172 2429 254 2471 aut
282 2438 346 2471 ex
372 2420 531 2471 anima
561 2421 733 2472 mentis
766 2432 966 2490 experte
986 2462 999 2485 ,
1041 2422 1125 2472 sed
1156 2440 1179 2472 a
1208 2424 1421 2491 perfecta
1455 2422 1660 2473 hominis
1699 2431 1897 2485 nat-ura,
1954 2441 2074 2490 quae

174 2521 347 2572 corpus
380 2513 428 2554 et
456 2513 695 2568 mentem,
749 2523 804 2556 ac
832 2506 1053 2574 quicquid
1092 2508 1218 2558 inest
1246 2508 1294 2557 in
1329 2507 1518 2558 homine
1557 2507 1905 2575 complectitur.
1982 2506 2073 2558 His

172 2587 298 2638 enim
327 2588 576 2651 omnibus,
618 2606 848 2658 corpore,
890 2593 1110 2659 inquam,
1152 2592 1311 2642 anima
1343 2601 1391 2642 et
1414 2600 1572 2642 mente
1600 2609 1654 2641 ac
1682 2592 1908 2659 reliquis,
1951 2610 2071 2659 quae

170 2671 219 2723 in
250 2672 440 2724 homine
479 2682 619 2736 sunt,
678 2674 896 2725 omuibus
935 2677 1198 2743 praeditum
1239 2676 1440 2728 verbum
1481 2676 1702 2738 advenit,
1755 2677 1792 2727 si
1827 2685 2071 2744 peccatum

172 2774 228 2807 ac
254 2758 492 2808 defectum
518 2775 708 2809 omnem
739 2759 982 2827 excipiaS,
1037 2778 1123 2829 pro
1151 2778 1208 2811 eo
1237 2778 1292 2811 ac
1321 2762 1548 2829 scriptum
1581 2770 1683 2823 est,
1742 2764 1960 2810 Tentatus
1982 2779 2072 2825 per·
2094 2765 2209 2802 Hebr·
2227 2768 2322 2811 4,15.

171 2838 322 2891 omnia
358 2852 413 2891 ut
449 2845 607 2903 homo,
656 2853 848 2908 praeter
888 2854 1145 2908 peecatum.
1237 2843 1378 2912 Quod
1419 2845 1459 2895 si
1501 2845 1661 2895 omnia
1703 2854 1932 2912 expertus
1976 2853 2069 2908 est,

172 2944 375 2978 necesse
406 2935 481 2978 est
509 2926 669 2978 onmia
699 2944 846 2994 penes
879 2927 1077 2979 verbum
1120 2929 1288 2980 fuisse.
1366 2928 1550 2980 Verum
1589 2946 1695 2979 cum
1727 2928 1846 2979 haec
1877 2929 2075 2979 haberet

172 3011 365 3075 omnia,
420 3012 585 3063 eadem
620 3020 779 3062 tamen
818 3012 866 3061 in
899 3011 1004 3079 ipso
1044 3013 1262 3081 superari
1299 3031 1394 3064 non
1433 3021 1684 3082 poterant,
1740 3020 1786 3062 et
1825 3012 1929 3062 sine
1979 3013 2073 3062 ulla

170 3094 278 3146 labe
309 3105 502 3147 servata
529 3105 668 3161 sunt,
724 3114 830 3146 cum
864 3097 1104 3164 perfectus
1136 3105 1267 3148 esset
1299 3098 1414 3148 deus
1443 3115 1507 3148 ex
1539 3113 1684 3147 carne
1715 3096 1932 3163 genitus,
1991 3096 2071 3163 qui

170 3181 384 3248 perfecte
411 3181 628 3249 implevit
655 3180 841 3244 omnia,
885 3189 1106 3247 tanquam
1138 3182 1338 3248 perfecti
1364 3181 1493 3233 vasis
1525 3180 1730 3242 artifex,
1786 3178 1835 3229 in
1865 3197 1957 3247 quo
1986 3196 2069 3230 ne-

171 3281 262 3331 que
289 3282 402 3315 caro
425 3265 582 3316 minus
613 3265 919 3316 convenienti
953 3263 1111 3331 aliquo
1141 3265 1298 3314 studio
1329 3265 1482 3315 divisa
1514 3266 1604 3329 sit,
1662 3282 1750 3315 nec
1782 3265 1885 3332 ipsc
1911 3263 2069 3314 alieno

170 3347 329 3416 aliquo
367 3351 541 3400 mentis
582 3367 759 3414 sensu,
818 3348 1081 3399 cuiusmodi
1122 3348 1170 3398 in
1209 3349 1346 3399 nobis
1381 3349 1623 3412 cernitur,
1678 3349 1740 3398 sit
1777 3349 2066 3399 abstractus.

168 3429 314 3483 Mens
353 3434 478 3484 enim
514 3443 679 3485 nostra
719 3452 814 3484 non
850 3434 906 3484 ad
942 3440 1185 3501 peccatum
1222 3434 1589 3500 perpetrandum
1628 3432 1768 3483 insita
1810 3432 1947 3482 nobis
1974 3441 2066 3497 est,

170 3517 255 3567 sed
281 3517 339 3568 ad
369 3535 531 3568 earum
561 3536 718 3569 rerum
738 3559 751 3583 ,
793 3535 913 3586 quae
944 3517 992 3566 in
1024 3516 1161 3566 nobis
1195 3525 1443 3583 utramque
1468 3517 1514 3566 in
1548 3525 1731 3584 partem
1759 3517 2069 3567 consideran-

168 3609 274 3665 tur,
316 3602 726 3669 contemplandam
755 3600 1130 3671 perfectionem,
1185 3617 1274 3650 nec
1306 3618 1399 3650 non
1432 3608 1480 3650 et
1506 3601 1658 3651 officia
1699 3600 1937 3665 iustitiae,
1991 3601 2070 3653 vel

171 3685 216 3736 ei
247 3685 493 3736 contraria
523 3686 865 3754 dignoscenda.
944 3683 1130 3752 Quippe
1172 3689 1334 3734 mentis
1370 3694 1441 3733 est
1475 3686 1613 3733 verba
1651 3687 1939 3745 descernere,
1996 3689 2318 3774 ute'iglg.31⁴2,312.

2214 3766 2223 3783 ,
2269 3767 2277 3775 .

226 3796 265 3839 3.
297 3796 463 3849 „Vulgo
494 3787 597 3846 οῧςζί
625 3800 823 3841 Petavius.
