2508 4134
539 280 761 322 PANARn
791 280 893 319 Lm.
925 279 996 318 111.
1027 279 1159 319 ToM.
1185 280 1237 318 11.
1270 278 1431 318 HAER.
1458 278 1674 319 Lxxvn.
1949 264 2049 315 383

156 382 360 447 faucium
399 381 648 442 degustare
677 379 819 426 eibos.
899 373 983 428 Sic
1013 385 1060 426 et
1088 376 1254 425 oculus
1292 376 1592 438 considerat,
1649 385 1695 426 et
1726 391 1860 424 mens
1898 373 2055 423 intue-

159 473 255 514 tur.
333 458 572 527 Quocirca
599 478 734 511 mens
761 461 872 524 illa,
914 476 1034 527 quae
1064 459 1112 509 in
1143 459 1280 515 nobis
1308 460 1513 520 residet,
1571 467 1616 508 et
1647 476 1673 509 a
1705 460 1792 509 deo
1823 474 2055 509 concessa

160 554 261 609 est,
315 545 449 596 visus
491 554 566 595 est
606 545 794 612 quidam
838 553 885 594 et
927 552 1094 610 gustus
1134 559 1189 592 ac
1227 542 1530 592 discernendi
1573 542 1793 593 facultas.
1880 540 2055 608 Neque

159 647 278 680 vero
318 628 378 678 iis
424 646 546 695 quae
589 628 845 679 identidem
895 628 1011 677 fiunt
1061 626 1351 686 assentitur,
1414 626 1504 675 nisi
1548 626 1724 675 homini
1765 625 2053 676 collibuerit.

158 711 226 763 At
254 729 367 763 caro
393 712 440 761 in
471 712 690 762 omnibus
718 713 821 762 fere
849 710 1002 762 sacris
1035 710 1187 760 literis
1217 709 1276 758 ob
1305 708 1433 759 illam
1471 726 1593 776 quae
1622 710 1669 759 in
1699 710 1798 777 ipsa
1825 718 1897 759 est
1931 709 2059 777 cupi-

159 797 353 847 ditatem
385 796 599 846 damnari
634 796 776 846 solet.
854 792 1155 862 Quamquam
1200 810 1293 843 non
1336 793 1530 843 omnino
1570 810 1683 842 caro
1722 794 1823 860 ipsa
1861 794 2091 843 damna-.

158 889 263 944 tur,
319 880 403 930 sed
446 897 568 947 quae
612 879 671 929 ab
709 879 787 931 illa
824 879 1193 947 proficiscuntur
1237 894 1484 927 sacrorum
1524 877 1752 927 librorum
1796 877 2057 927 auctoritas

151 963 433 1032 proscribit.
510 962 646 1015 Unde
688 963 932 1032 apostolus
961 962 1025 1012 ita
1054 963 1287 1028 loquitur:
1331 964 1440 1010 Seio
1469 964 1586 1009 enlm
1616 965 1739 1026 qaod
1762 980 1852 1010 non
1880 963 2059 1010 habitat

158 1052 205 1098 e'n
233 1066 330 1108 me,
384 1050 470 1096 hoc
495 1051 638 1097 estin
670 1066 810 1097 earne
849 1065 972 1107 mea,
1030 1048 1210 1095 bonum.
1292 1042 1432 1111 Quod
1466 1046 1522 1096 ad
1558 1062 1614 1095 ea
1643 1045 1949 1095 referendum
1983 1054 2057 1095 est

158 1149 281 1200 quae
311 1149 375 1182 ex
404 1148 551 1182 carne
580 1140 911 1183 succrescunt.
991 1130 1149 1198 Atque
1181 1138 1230 1180 ut
1257 1129 1609 1180 haereticorum
1642 1129 1889 1197 opiniones
1916 1128 2059 1178 resel-

159 1216 311 1278 leret,
367 1233 427 1266 ne
471 1232 665 1266 carnem
705 1215 794 1266 sibi
835 1216 1180 1284 persuaderent
1218 1214 1275 1265 ab
1315 1213 1442 1264 omni
1484 1213 1856 1263 resurrectionis
1899 1231 1982 1282 spe
2012 1222 2059 1263 et

161 1300 495 1350 communione
536 1299 797 1363 deiectam,
853 1300 969 1350 hacc
1012 1298 1261 1349 adiunxit:
1324 1301 1516 1362 Oportet
1545 1299 1847 1362 corruptibile
1875 1301 1960 1346 hoc
1987 1302 2058 1347 in-

160 1387 300 1433 duere
320 1387 725 1448 incorruptionem,
767 1393 815 1432 et
835 1386 1028 1432 mortale
1050 1386 1136 1431 hoe
1159 1386 1349 1432 indecere
1370 1384 1787 1442 z‘mmortalz‘tatem5
1830 1399 1889 1432 ne
1914 1398 2059 1450 opera

162 1468 321 1519 carnis
350 1467 645 1530 excludenS,
699 1485 821 1534 quae
860 1467 1021 1518 carnis
1053 1467 1243 1517 nomine
1270 1466 1505 1534 scriptura
1542 1466 1668 1516 solet
1695 1466 1913 1530 afficere,
1967 1483 2060 1516 una

162 1559 211 1602 et
240 1551 611 1603 resurrectionis
642 1569 775 1620 spem
804 1569 831 1602 a
861 1569 1004 1602 carne
1030 1551 1276 1601 videretur
1302 1550 1582 1600 excludere.
1662 1547 1909 1617 Siquidem
1941 1567 2060 1617 quae

161 1637 208 1686 in
246 1636 327 1686 illa
379 1644 673 1686 exercentur
723 1637 980 1703 depravata
1021 1635 1178 1703 'opera
1234 1635 1488 1685 manifeste
1535 1634 1804 1697 damnavit3
1866 1651 2059 1684 carnem

160 1720 312 1788 ipsam
351 1736 469 1770 vero
515 1728 731 1770 sanetum
777 1720 1007 1787 quoddam
1042 1736 1149 1770 esse
1181 1719 1405 1787 templum
1435 1719 1483 1767 in
1513 1735 1571 1768 eo
1602 1718 1677 1785 qui
1707 1735 1898 1768 carnem
1928 1735 2061 1768 suam

2109 1310 2139 1345 1.
2162 1309 2246 1345 Cor.

2118 1353 2166 1397 15,
2190 1353 2243 1387 53.

162 1803 481 1854 sanctificavit
508 1820 619 1853 esse
648 1803 835 1867 docuit,
888 1804 1280 1871 quemadmodum
1311 1802 1539 1870 scriptum
1567 1812 1670 1861 est,
1727 1805 1906 1866 Religio
1934 1820 2061 1851 mun·
2081 1815 2312 1862 Iacob.1‚2⁷.

161 1891 219 1936 da
243 1891 326 1936 deo
351 1896 396 1936 et
415 1891 552 1952 patri
569 1890 682 1936 llaec
710 1898 804 1948 est,
861 1892 1050 1937 vzsssz'tare
1078 1891 1308 1952 orphanos
1345 1897 1392 1935 et
1420 1889 1581 1935 viduas
1608 1891 1654 1935 in
1680 1888 1930 1953 afflictione
1953 1904 2056 1947 sua,

161 1980 210 2019 et
233 1974 571 2020 immaculatum
610 1990 660 2020 Se
692 1990 967 2021 conservare
1004 1974 1062 2021 ab
1095 1975 1180 2020 hoe
1209 1974 1406 2021 mundo:
1458 1971 1570 2021 item
1604 1971 1697 2021 alio
1733 1971 1870 2033 loc0,
1927 1974 2067 2019 Beati

160 2059 245 2121 quz’
265 2073 434 2120 puram
464 2065 726 2122 castamque
763 2074 947 2106 earnem
984 2075 1114 2106 suam
1141 2059 1443 2105 servaverint.
1522 2052 1678 2104 Porro
1712 2054 1948 2122 scriptura
1978 2054 2061 2103 ad-

162 2157 334 2193 versus
362 2139 491 2190 illam
532 2157 674 2207 saepe
721 2140 967 2209 disputans
1009 2141 1292 2209 cupiditates
1333 2158 1389 2190 ac
1422 2139 1691 2207 voluptates
1729 2138 1786 2188 ab
1832 2138 1919 2188 hac
1959 2138 2062 2206 ipsa

160 2223 392 2292 pullulare
433 2241 521 2275 nos
561 2225 751 2287 docuit,
805 2234 973 2275 contra
1004 2234 1211 2275 mentem
1249 2241 1367 2274 vero
1401 2223 1517 2273 nibil
1548 2223 1742 2273 omnino
1774 2222 1924 2287 dixit,
1978 2223 2061 2272 sed

158 2308 273 2359 illud
296 2308 560 2371 duntaxat,
599 2312 801 2358 Psallam
827 2319 1000 2370 mente5
1035 2312 1234 2374 psallam
1263 2318 1310 2357 et
1333 2311 1532 2372 spiritu:
1587 2307 1728 2369 item,
1781 2310 1841 2356 Sz‘
1859 2309 2057 2372 psallam

158 2396 355 2457 spir-itu,
396 2410 521 2442 mens
545 2402 696 2442 autem
724 2411 821 2442 mea
853 2395 1144 2458 infructuosa
1167 2397 1247 2443 sit.
1328 2390 1418 2443 Ubi
1449 2391 1586 2442 vides
1620 2408 1758 2441 suum
1790 2390 1938 2442 menti
1963 2393 2058 2441 fru-

163 2484 289 2526 ctum
330 2475 638 2540 attributum3
700 2493 755 2527 ac
797 2477 986 2528 tametsi
1030 2478 1214 2527 fructus
1259 2476 1416 2527 nullus
1462 2475 1668 2538 existat,
1728 2475 1856 2526 nullo
1902 2484 2059 2525 tamen

162 2559 304 2610 modo
331 2567 539 2609 mentem
571 2560 697 2610 inter
723 2570 919 2628 peccata
951 2561 1253 2623 numeravit,
1295 2561 1380 2611 sed
1407 2576 1472 2611 ex
1497 2559 1601 2628 ipsa
1632 2559 1788 2628 potius
1818 2558 1935 2611 oriri
1964 2561 2060 2610 fru-

163 2651 290 2694 ctum
329 2642 555 2694 asseruit.

301 2725 485 2794 Ecquid
516 2743 634 2777 vero
662 2744 727 2778 ex
755 2727 860 2779 istis
889 2729 1108 2780 omnibus
1137 2730 1371 2781 adversus
1401 2727 1664 2779 divinitatis
1692 2728 1870 2778 domini
1907 2727 2059 2778 nostri

163 2811 259 2864 vim
286 2829 342 2862 ac
371 2819 656 2880 potestatem
687 2811 832 2861 facit?
880 2821 962 2862 aut
999 2831 1090 2880 qua
1120 2814 1167 2863 in
1199 2831 1251 2863 re
1290 2813 1489 2864 eandem
1523 2813 1649 2863 illam
1687 2811 1782 2862 vim
1814 2811 2063 2862 sanctissi-

163 2913 270 2947 mae
298 2894 512 2946 mulieris
537 2905 708 2946 venter
738 2895 1048 2947 obscuravit?
1085 2906 1166 2947 aut
1192 2898 1391 2965 virginis
1422 2897 1622 2947 uterus?
1659 2905 1740 2946 aut
1764 2905 1926 2964 partus
1955 2895 2060 2945 exi·

166 2988 242 3031 tus
271 2998 328 3031 ac
363 2981 583 3031 meatus?
621 2988 704 3030 aut
732 2977 991 3048 Symeonis
1019 2981 1193 3031 ulnae?
1244 2990 1323 3031 aut
1354 2981 1595 3032 hominum
1625 2979 1885 3048 exceptio?
1954 2977 2061 3029 Ma-

164 3064 267 3115 riae
293 3064 535 3131 gestatio?
587 3064 854 3114 meretricis
883 3065 1193 3114 attrectatio?
1247 3065 1459 3115 mulieris
1488 3065 1671 3133 capilli,
1714 3064 1791 3131 qui
1821 3063 1947 3113 illius
1980 3081 2060 3131 pe-

165 3148 250 3198 des
276 3148 615 3216 contigerunt?
664 3156 745 3198 aut
772 3149 1048 3216 lacrymae?
1097 3158 1179 3198 aut
1208 3148 1288 3198 illa
1314 3148 1362 3198 in
1391 3157 1749 3198 monumentum
1788 3147 2058 3214 depositio?

168 3228 355 3300 Quippe
387 3233 556 3283 sindon
586 3232 696 3295 illa,
750 3249 869 3299 quae
898 3231 1046 3298 ipsius
1082 3249 1255 3299 corpus
1291 3231 1532 3294 obvolvit,
1586 3232 1825 3282 sincerum
1854 3232 1983 3282 illum
2013 3242 2063 3284 et

165 3314 435 3383 integrum,
494 3317 571 3367 vel
611 3334 841 3367 summam
882 3315 1007 3365 illius
1048 3323 1333 3382 potestatem
1374 3333 1604 3383 superare
1655 3315 1848 3365 minime
1887 3316 2056 3383 potuit.

2118 2317 2147 2351 1.
2162 2316 2247 2351 Cor.

2123 2360 2176 2403 1⁴,
2203 2360 2252 2394 15.

2124 2406 2162 2436 et
2188 2403 2240 2437 14.

2140 2726 2235 2779 Cap.

2108 2782 2273 2825 XXIX.

167 3397 360 3450 Etenim
389 3398 626 3463 Ioannes,
683 3418 789 3449 cum
814 3399 861 3448 in
892 3398 1057 3449 matris
1089 3407 1226 3449 utero
1252 3407 1559 3461 versaretur,
1616 3398 1675 3449 ob
1703 3399 1972 3466 ingressum
2001 3401 2055 3450 ad
2079 3418 2168 3455 Luc.
2183 3421 2215 3467 1,
2236 3421 2288 3456 44.

168 3500 279 3534 sese
305 3483 481 3534 domini
512 3484 615 3546 sui,
670 3501 808 3550 quem
837 3483 976 3533 beata
1005 3482 1144 3548 virgo
1172 3482 1494 3548 parturiebat,
1551 3500 1663 3550 prae
1689 3482 1849 3550 gaudii
1876 3485 2059 3551 magni—

170 3567 332 3618 tudine
357 3566 662 3619 subsultavit.
738 3566 868 3617 ldem
893 3583 1036 3634 porro
1062 3564 1281 3616 dominus
1305 3566 1457 3616 editus
1481 3565 1531 3615 in
1558 3566 1731 3631 lucem,
1773 3575 1822 3617 et
1845 3566 1894 3618 in
1921 3585 2058 3635 prae-

170 3763 330 3812 Rheaifl.
362 3755 514 3814 αῧνης,
542 3763 585 3802 in
613 3763 724 3803 editis
752 3758 1002 3815 dvitpwrttm.
