2508 4134
526 254 627 306 620
1099 264 1368 306 ADDENDA
1397 265 1471 308 ET
1501 264 1871 307 coRmGENDA.

521 361 650 412 τύπος
673 352 726 419 ἦν
760 360 783 408 ό
812 359 861 407 ου’
889 362 1037 404 absunt
1063 379 1086 404 a
1114 365 1220 405 Ven.
1253 388 1305 395 —
1363 364 1389 406 l.
1412 365 1476 407 15.
1520 359 1618 422 ἄχρι
1658 365 1784 406 habet
1812 365 1915 407 Ven.
1958 377 2134 421 quoque.
2162 389 2215 398 --
2274 363 2302 409 l.
2320 365 2360 411 7.
2388 365 2440 408 ab

521 434 595 475 inf.
642 430 855 489 ύποφάσει
882 436 986 475 Ven.
1015 458 1071 466 --
1127 433 1153 474 J.
1182 434 1341 490 penult.
1383 436 1555 491 Repone
1597 435 1843 491 προςὲείης,
1888 442 1934 475 ut
1960 429 2116 476 habent
2142 438 2247 479 Ven.
2277 443 2321 478 et
2350 438 2440 479 Bas.

633 506 763 563 Pag.
785 504 913 554 650.
971 504 999 544 l.
1016 503 1055 546 9.
1087 501 1214 548 αύτοῦ
1238 505 1319 561 τῆς
1344 503 1458 550 fied-r.
1479 509 1580 547 Ven.
1614 530 1660 538 -
1718 506 1746 546 l.
1767 505 1829 548 13.
1866 509 1975 546 Acue
1995 505 2182 562 κτίστης.
2212 529 2264 538 -
2322 506 2352 548 l.
2381 507 2441 549 11.
2472 523 2474 525 ’

523 574 681 630 μέλλειν
709 578 771 632 τῷ
802 576 890 631 ἓεῷ
926 576 1028 615 Ven.
1058 600 1112 607 --
1167 575 1195 616 l.
1223 572 1286 618 14.
1320 576 1459 632 μέλλει
1486 580 1589 619 Ven.
1610 608 1623 626 ,
1667 577 1708 617 in
1741 590 1822 632 quo
1851 575 2137 619 desiderantur
2165 577 2291 620 verba
2320 573 2440 635 αὐτῷ’

519 645 659 701 περὶ-
689 670 714 678 ·-
741 645 828 690 Καὶ
858 646 974 702 μέλει
1010 645 1096 702 μὲν.
1130 671 1180 677 -
1239 647 1267 689 l.
1289 649 1356 690 22.
1403 646 1753 702 ἐπικουρουμένης
1801 646 1982 687 restituit
2007 648 2111 690 Ven.
2142 671 2192 680 —
2250 646 2364 692 1.12.
2388 648 2442 690 ab

519 716 596 758 inf.
626 718 796 772 Repone
823 731 873 757 ex
904 719 1009 759 Ven.
1048 717 1156 762 κατὰ
1183 718 1231 763 τὸ
1263 717 1477 773 αἰσὲιητόν.
1508 742 1564 749 -
1621 717 1741 758 Ιδίἀ,
1768 717 1908 773 μέλλει
1946 732 2024 773 pro
2062 718 2179 774 μέλει
2209 720 2341 774 Ven.,
2384 718 2444 760 uti

520 788 694 842 saepius.
712 813 762 820 —-
821 788 848 828 l.
871 788 908 832 7.
930 789 981 829 ab
1004 789 1078 829 inf.
1110 790 1245 831 Verba
1271 789 1329 833 Εἰ
1349 805 1419 833 ουν
1439 792 1474 833 δ.
1496 803 1581 843 στρ.
1604 804 1644 831 π.
1661 784 1760 832 οἷσσ
1785 786 1877 837 ενός
1905 797 2048 830 extant
2072 789 2115 831 in
2137 791 2242 831 ven.
2268 804 2443 846 quoque.

634 858 994 917 Pag.652.1
1013 860 1052 903 3
1081 862 1285 916 περιττῶς
1309 863 1412 901 Ven.
1434 885 1483 890 —
1533 859 1561 899 l.
1582 859 1642 900 10.
1675 856 1954 918 ἐγενηὲῑησαν,
1984 857 2089 914 πρὸς
2108 857 2156 904 τὸ
2184 856 2289 904 εἶναι
2309 857 2443 916 ημᾶς,

521 929 608 970 sine
638 945 727 984 μη,
760 931 861 970 ven.
893 955 947 962 --
1004 931 1032 971 l.
1054 931 1121 972 25.
1155 926 1274 986 ἅγιος
1303 939 1399 972 ante
1428 926 1662 979 ἀπόστολος
1692 943 1772 971 om.
1803 931 1908 971 Ven.

634 1002 763 1059 Pag
784 1000 911 1046 654
969 1001 1054 1044 1.8.
1098 1002 1236 1044 Verba
1277 1002 1338 1050 εἰς
1375 1000 1592 1045 νουὲιεσίαν
1636 997 1658 1044 ὁ
1695 998 1867 1055 γράψας
1902 997 1956 1044 τοὶ
1994 1000 2196 1056 γεγονότα
2222 998 2321 1045 τότε
2361 1016 2443 1044 om.

522 1073 625 1112 Ven.
658 1096 710 1102 -
769 1072 795 1113 1.
814 1072 880 1113 25.
914 1072 1099 1113 Retineri
1129 1080 1271 1127 potest
1300 1068 1391 1116 ἀντὶ
1422 1072 1522 1127 θεῷ.
1553 1095 1604 1102 —
1663 1071 1688 1112 l.
1712 1070 1751 1113 4.
1780 1068 1832 1112 ab
1856 1070 1932 1112 inf.
1962 1070 2138 1129 Χριστῷ
2165 1069 2348 1117 θυόντων
2371 1073 2445 1115 ha-

524 1143 595 1183 bet
624 1142 748 1183 etiam
778 1144 882 1184 Ven.

633 1215 764 1272 Pag.
784 1214 911 1259 656.
971 1214 999 1256 l.
1027 1216 1059 1256 1.
1091 1215 1150 1255 Ex
1181 1214 1343 1256 veneto
1370 1227 1528 1269 repone
1555 1210 1784 1268 ἱεροθύτου.
1816 1238 1866 1244 ——
1925 1213 1953 1254 l.
1974 1213 2014 1256 2.
2045 1216 2154 1256 Ante
2180 1208 2346 1271 εὔλογον
2371 1231 2444 1258 re-

524 1299 635 1340 pone
677 1284 893 1325 articulum
923 1283 1024 1336 τόν,
1075 1285 1141 1340 qui
1171 1284 1428 1325 desideratur
1457 1284 1581 1325 etiam
1610 1285 1650 1325 in
1679 1285 1744 1326 ed.
1773 1286 1913 1326 Petav.
1944 1284 2089 1326 Colon.
2118 1309 2173 1317 —
2230 1286 2258 1327 l.
2278 1288 2318 1329 5.
2342 1301 2446 1330 παν-

520 1353 701 1413 ταχόὲςεν
729 1358 830 1396 Ven.
865 1380 913 1387 —-
974 1357 1002 1397 l.
1023 1359 1062 1398 5.
1092 1356 1144 1397 ab
1169 1355 1290 1396 infer.
1323 1357 1385 1395 Ex
1410 1357 1573 1397 Veneto
1602 1370 1709 1397 nunc
1737 1355 1991 1411 reposuerim
2018 1355 2079 1405 εἰς
2103 1352 2231 1401 αὐτοῦ
2257 1358 2345 1409 (vel
2371 1373 2446 1401 αυ-

521 1422 652 1482 τοῢ)’
640 1421 771 1482 ὄνομα
815 1451 869 1457 —-
929 1427 954 1468 l.
982 1427 1052 1467 ult.
1099 1427 1272 1482 Repone
1303 1425 1345 1470 ἐν
1374 1427 1429 1484 τῇ
1455 1424 1627 1484 ἐρημῳ,
1672 1441 1721 1467 ex
1747 1428 1848 1469 Ven.
1882 1428 1968 1469 Bas.
1993 1426 2058 1468 ed.
2091 1427 2232 1469 Petav.
2273 1427 2371 1506 8ο1ιι
2399 1429 2442 1470 ἰη

525 1497 591 1538 ed.
627 1499 767 1540 PetaV.
801 1498 942 1539 Colon.
975 1498 1092 1538 deest
1120 1494 1327 1539 artiCulus.

638 1568 1003 1627 Pag.658.1
1023 1568 1090 1611 23.
1122 1573 1234 1610 Acue
1261 1568 1444 1624 κτίστην.
1467 1593 1523 1601 —
1580 1569 1606 1610 1.
1624 1567 1663 1611 9.
1691 1569 1742 1610 ab
1769 1569 1844 1610 inf.
1876 1566 2160 1626 κερασάμενος
2184 1570 2288 1612 Ven.
2308 1595 2363 1602 —
2417 1565 2447 1612 1.

515 1638 682 1695 penult.
716 1638 789 1683 καὶ
820 1640 1069 1695 δοριστικῶς
1097 1642 1202 1682 Ven.

634 1712 765 1769 Pag.
786 1712 911 1756 660.
970 1711 997 1752 l.
1018 1712 1086 1753 20.
1131 1711 1195 1752 Ad
1225 1726 1316 1753 voc.
1345 1712 1516 1767 Κρῆτες
1541 1711 1582 1753 in
1607 1725 1733 1768 marg.
1764 1712 1855 1755 cod.
1885 1711 2035 1754 Veneti
2061 1711 2315 1769 adscriptum
2342 1712 2450 1769 legi-

521 1789 589 1822 tur
621 1780 688 1824 ἐπὶ
716 1781 790 1825 τοῦ
821 1778 942 1837 οἱγίου
971 1780 1158 1827 Παύλου.

639 1853 776 1911 Pag.
796 1855 923 1898 662.
980 1853 1008 1895 l.
1029 1855 1096 1897 23.
1137 1854 1317 1896 Verbum
1346 1855 1527 1909 λαλῆσαι
1550 1869 1683 1912 neque
1710 1857 1799 1896 Bas.
1827 1853 2037 1911 agnoscit,
2084 1866 2219 1911 neque
2249 1856 2447 1906 Venetus,

525 1938 655 1980 neque
681 1924 744 1964 ed.
780 1925 920 1966 Petav.
950 1925 1074 1966 Paris.
1123 1926 1293 1981 Irrepsit
1317 1926 1510 1967 videlicet
1540 1941 1588 1968 ex
1617 1927 1681 1968 ed.
1706 1928 1843 1968 Petav.
1873 1926 2016 1967 Colon.
2043 1950 2096 1957 —
2154 1926 2181 1968 l.
2205 1925 2269 1969 13.
2294 1926 2346 1968 ab
2371 1925 2447 1967 inf.

524 1995 596 2038 καὶ
627 1993 768 2050 ἑτέρου
801 1996 899 2039 2εοῦ
929 2005 1052 2050 auget
1081 1998 1183 2038 Ven.
2431 2009 2433 2011 ·

636 2067 766 2124 Pag-
789 2067 915 2110 664.
973 2066 1003 2107 l.
1025 2067 1063 2109 3.
1096 2068 1283 2109 Restitue
1307 2068 1556 2123 particulam
1583 2069 1681 2118 καὶ,
1713 2077 1810 2110 ante
1833 2063 1963 2118 αύτός
1988 2061 2194 2120 κελεύων,
2238 2082 2344 2124 quae
2370 2068 2449 2110 de-

523 2137 728 2178 sideratur
753 2137 876 2178 etiam
906 2138 946 2179 in
978 2138 1041 2179 ed.
1074 2140 1212 2180 Petav.
1249 2140 1392 2181 Colon.
1425 2165 1478 2172 -
1536 2140 1563 2181 l.
1588 2138 1626 2182 4.
1659 2135 1724 2184 ὅτι
1751 2142 1824 2184 τοῦ
1855 2136 1983 2183 αύτοῢ
2009 2136 2041 2194 ἦ
2072 2137 2197 2193 καινὴ
2227 2135 2447 2196 &xe-:uvea

640 2209 769 2266 Pag.
791 2210 917 2253 666.
978 2209 1006 2250 l.
1034 2211 1074 2251 5.
1103 2220 1145 2251 et
1174 2211 1211 2254 6.
1243 2211 1381 2252 Verba
1409 2208 1471 2254 Τὸ
1500 2209 1650 2266 θνητὸν
1677 2235 1702 2242 -
1728 2235 1754 2241 -
1783 2210 1856 2253 καὶ
1886 2205 2119 2253 οἰὲῑανασίαν
2147 2224 2234 2251 om.
2259 2211 2368 2270 jVen.
2398 2236 2449 2243 —

523 2280 548 2320 l.
574 2277 638 2322 14.
670 2293 797 2334 φησιν
825 2278 963 2335 ἑαυτῷ
990 2281 1379 2325 te>.et0130250ttVen.
1411 2306 1465 2314 —
1522 2282 1547 2322 l.
1568 2281 1605 2325 7.
1637 2282 1688 2323 ab
1714 2281 1837 2322 infer.
1870 2275 2035 2331 αύτῶν,
2065 2289 2163 2337 post
2190 2277 2451 2338 ὄφθαλμοῦς,

524 2365 605 2391 om.
624 2352 737 2390 .Ven.

636 2422 766 2479 Pag-
795 2423 922 2467 668.
984 2422 1011 2462 l.
1038 2423 1099 2464 11.
1143 2424 1315 2478 Repone
1343 2425 1438 2480 φῶς
1463 2423 1622 2479 λάμψει
1646 2424 1699 2465 de
1725 2431 1881 2466 auctor.
1912 2423 2006 2465 cod.
2033 2423 2195 2464 Veneti.
2227 2447 2281 2456 —-
2337 2424 2366 2467 l.
2389 2424 2450 2470 17.

526 2490 756 2546 κηρύσσων
788 2493 877 2533 Bas.
911 2516 961 2524 —
1022 2493 1050 2533 l.
1080 2493 1143 2536 18.
1174 2491 1327 2544 πάντες
1352 2494 1396 2538 ἓν
1427 2494 1623 2539 ἐπέθεντο
1653 2498 1759 2537 Vcn.

636 2563 767 2619 Pag.
786 2564 911 2607 670.
972 2564 999 2603 l.
1023 2563 1073 2607 17
1103 2572 1145 2604 et
1175 2566 1236 2607 18.
1286 2567 1391 2607 Voc.
1424 2563 1694 2616 ἀποστόλων,
1739 2575 1835 2622 post
1863 2562 2024 2616 ἄλλων,
2070 2566 2187 2607 abest
2210 2581 2234 2608 a
2258 2553 2364 2609 ve'n.
2397 2591 2454 2600 —-

524 2633 553 2673 l.
583 2634 645 2674 11.
686 2634 736 2673 ab
765 2632 839 2672 inf.
879 2631 1000 2688 Πρὸς
1027 2631 1253 2690 Ῥωμαίοις
1279 2639 1382 2679 Ven.

638 2705 767 2761 Pag.
801 2704 926 2747 672.
986 2705 1071 2748 LS.
1117 2710 1385 2752 δικαιοῦσθαι
1424 2707 1447 2753 ό
1478 2709 1551 2753 καὶ
1592 2710 1652 2760 εἰς
1689 2711 1812 2764 πληρ.
1850 2710 1952 2751 Ven.
1993 2731 2038 2738 --
2095 2707 2121 2750 l.
2145 2708 2213 2751 20.
2257 2705 2453 2761 ἀπέδειξε

526 2777 615 2816 Bas.
646 2798 700 2805 ——
758 2774 784 2815 l.
811 2776 849 2818 7.
878 2776 928 2815 ab
958 2776 1032 2818 inf.
1063 2779 1143 2831 τῆς
1171 2777 1370 2833 γνώσεως
1399 2796 1508 2822 nunc
1536 2782 1672 2822 firmat
1702 2783 1896 2822 Venetus.
2472 2778 2475 2780 ⁴

643 2846 775 2902 Pag-
799 2846 924 2889 674.
969 2847 994 2887 l.
1018 2851 1050 2889 l.
1082 2846 1254 2894 πάντοτε
1281 2850 1354 2894 καὶ
1378 2851 1476 2896 τότε
1501 2851 1575 2895 καὶ
1590 2853 1658 2896 νῦν
1673 2854 1774 2894 Ven.
1795 2875 1851 2882 —
1890 2851 1919 2892 1.
1936 2851 1976 2894 3.
2009 2850 2096 2908 ἔχει
2122 2852 2262 2896 θανεῖν
2275 2851 2379 2892 Ven.
2400 2875 2451 2882 —

525 2913 608 2960 1.4.
644 2911 697 2960 δι’
725 2911 854 2959 αὐτὸν
882 2918 985 2959 Ven.
1043 2921 1167 2970 Quod
1191 2923 1491 2977 reponendum.
1509 2947 1563 2954 -
1605 2924 1632 2964 1.
1658 2923 1787 2965 11.ab
1804 2923 1877 2964 inf.
1907 2922 2036 2978 νόμου
2063 2921 2327 2978 τελειουμένη
2352 2923 2452 2964 Ven.

640 3001 770 3059 Pag,
793 2999 919 3043 (3¹76.
980 2991 1005 3031 l.
1027 2992 1064 3033 ὅ.
1111 2990 1283 3048 ἐννάτης
1307 2996 1409 3036 Ven.
1443 3019 1494 3026 —
1553 2994 1580 3036 l.
1607 2994 1668 3037 13.
1714 2993 1999 3051 χειροποιήτου
2040 2992 2143 3035 Ven.
2174 3017 2229 3025 —
2285 2990 2314 3034 l.
2329 2991 2369 3036 7.
2396 2992 2448 3034 ab

525 3070 601 3114 inf.
631 3067 969 3123 πεπολιτευμένον
1000 3068 1101 3108 ven.

639 3145 773 3201 Pag.
799 3141 929 3185 678.
986 3139 1012 3180 l.
1036 3139 1062 3181 3
1091 3146 1133 3178 et
1163 3152 1274 3192 seqq.
1338 3137 1403 3178 Cf.
1449 3136 1561 3178 Pitra
1600 3136 1791 3192 Spicsseg.
1834 3136 2007 3178 Solesm.
2048 3144 2149 3176 tom.
2181 3136 2209 3184 Ι,
2241 3148 2336 3189 pag.
2362 3133 2455 3176 121.

528 3216 623 3257 adn.
653 3239 705 3245 —-
763 3213 789 3253 l.
807 3215 846 3254 5.
878 3209 1060 3264 ὁρμᾶται
1085 3211 1190 3250 Ven.
1221 3233 1268 3239 —-
1333 3208 1360 3248 l.
1383 3208 1445 3250 11.
1477 3206 1653 3251 σκύλετε
1681 3209 1783 3250 Ven.
1810 3232 1864 3238 —
1921 3206 1947 3247 1.
1968 3202 2029 3248 14.
2065 3201 2258 3262 εύχερίας
2287 3207 2377 3247 Bas.
2400 3223 2454 3237 -ω

530 3288 557 3327 l.
576 3288 615 3330 3.
645 3286 697 3326 ab
727 3284 851 3324 infer.
883 3277 1125 3330 Κολασᾶἶις
1156 3281 1257 3320 ven.

641 3354 918 3413 ragnssffl).
978 3352 1004 3392 l.
1026 3350 1064 3392 9.
1113 3350 1229 3393 σκιαὶ
1266 3342 1375 3406 ἦσαν
1417 3354 1503 3392 Bas.
1537 3375 1590 3382 ——
1648 3350 1766 3392 1.15.
1809 3345 2229 3402 τεσσαρεσκεδεκάτη
2273 3349 2364 3389 Bas.
2400 3365 2453 3380 ..-

529 3429 557 3468 l‚
588 3427 662 3468 ult.
694 3426 831 3466 Verba
862 3422 976 3467 κατὰ
1012 3423 1085 3466 σοῦ
1119 3422 1347 3477 μαρτυρίας
1378 3422 1552 3463 delenda
1582 3430 1677 3462 sunt
1708 3435 1757 3461 ex
1787 3418 2033 3461 auctoritate
2063 3418 2227 3460 Veneti.

646 3498 778 3553 Pag.
803 3497 930 3540 682.
989 3495 1017 3535 1.
1043 3496 1076 3535 1.
1111 3494 1247 3534 Verba
1269 3491 1321 3536 τὰ
1350 3491 1462 3547 παροὶ
1497 3491 1584 3542 σοὶ,
1627 3491 1700 3535 καὶ
1725 3487 1892 3545 γνόντες
1922 3503 2000 3529 om.
2034 3490 2135 3530 Ven.
2169 3513 2216 3520 -
2278 3489 2306 3530 l.
2323 3486 2366 3531 4.
2395 3482 2454 3543 τί·-

533 3567 823 3624 σφαλισμένων
855 3569 942 3607 Bas.
974 3590 1029 3596 --
1086 3565 1113 3605 l.
1136 3564 1176 3607 6.
1210 3570 1343 3619 Auget
1373 3566 1475 3604 Ven.
1507 3562 1574 3607 ἐπὶ
1601 3560 1787 3610 πάντων,
1816 3557 1887 3603 τὸν
1915 3555 2041 3602 αύτὸν
2067 3558 2137 3604 διὰ
2163 3558 2351 3610 πάντων,
2382 3558 2456 3603 καὶ

532 3640 572 3683 ἐν
601 3639 705 3691 πᾶσι
736 3640 823 3680 κτλ.
860 3662 907 3667 -
976 3638 1006 3678 l.
1026 3637 1066 3679 8.
1098 3635 1148 3675 ab
1184 3635 1259 3675 inf.
1294 3637 1395 3675 Ven.
1424 3635 1542 3675 addit
1571 3632 1733 3688 ἡμέραν
1763 3639 1859 3685 post
1889 3629 2085 3684 ἑκάστην.
2312 3626 2313 3629 ’

644 3710 774 3766 Pag.
794 3708 920 3753 684.
981 3708 1008 3747 1.
1030 3708 1068 3749 3.
1098 3703 1257 3756 πάντα,
1299 3714 1396 3760 post
1431 3706 1591 3757 ταῦτα,
1636 3717 1715 3743 om.
1744 3703 1846 3742 Ven.
1879 3724 1933 3731 -—
1990 3701 2076 3743 L&
2112 3701 2281 3756 Corrige
2301 3699 2454 3756 γεννή-

537 3794 656 3828 σεως.
690 3805 740 3809 -
800 3780 826 3819 l.
854 3780 915 3821 11.
963 3773 1344 3833 εὖσπλαγχνότερον
1379 3776 1505 3818 habet
1545 3775 1668 3815 etiam
1697 3774 1801 3813 Ven.
1833 3795 1888 3804 --
1945 3771 1971 3811 l.
2000 3770 2059 3814 19.
2100 3770 2171 3816 τὸν
2201 3769 2452 3828 δημιουργὸν

542 3848 696 3906 λέγων,
729 3844 851 3898 ἄλλος
884 3852 987 3893 Ven.
1019 3850 1160 3890 Recte.
