2508 4134
422 357 561 398 rident
600 354 827 397 monachos
865 354 966 395 ibid.
995 376 1049 386 -·
1117 367 1300 407 evange—

423 428 524 468 lium
550 425 626 467 sub
649 425 818 468 nomine
845 424 1025 480 Philippi
1054 424 1303 479 profitentur

424 496 523 538 ibid.
565 489 651 528 --’
688 485 831 551 quam*
853 495 1026 537 ridicula
1068 494 1209 554 dicant
1250 494 1304 535 de

425 567 516 609 Elia
540 567 744 623 propheta
766 566 866 606 ibid.
901 590 953 597 —-
1011 564 1211 607 refutatio
1234 579 1303 607 er-

424 653 565 681 rorum
596 638 891 679 Gnosticorum
922 640 989 677 97.
1023 661 1073 667 -
1133 636 1303 677 castita-

424 711 479 752 tis
509 717 653 767 contra
683 723 755 751 eos
784 708 973 750 defensio
991 707 1093 749 ibid.
1110 715 1154 748 et
1167 710 1235 748 98.
1252 732 1304 739 —

427 779 681 838 Epiphanius
710 794 734 820 a
760 778 969 821 Gnosticis
996 786 1180 820 tentatus
1211 782 1277 820 99.

373 851 561 894 Gnostici
617 865 853 893 communes
904 850 1061 891 habent
1114 849 1305 891 mulieres

428 926 496 964 85.
526 945 584 955 --
629 936 772 963 eorum
802 920 1059 962 consuetudo
1087 920 1129 961 in
1157 920 1305 975 hospi—

425 994 537 1035 tibus
566 992 816 1048 excipiendis
842 996 912 1034 86.
942 1016 992 1023 -—-
1051 991 1168 1033 foedi
1199 1005 1305 1032 con-

429 1063 590 1107 cubitus
621 1071 665 1104 et
701 1062 968 1105 abominandi
1006 1062 1108 1104 ibid.
1139 1088 1193 1095 —-
1250 1061 1306 1102 li·-

427 1207 613 1249 serviunt
642 1210 709 1247 87.
745 1230 796 1238 -
869 1205 1123 1246 execrandae
1163 1204 1307 1260 epulae

424 1277 527 1320 ibid.
553 1301 593 1309 --
626 1276 778 1319 ieiunia
797 1284 1040 1317 execrantur
1063 1275 1162 1316 ibid.
1183 1299 1235 1306 —
1266 1276 1308 1316 in

430 1357 525 1392 cute
554 1348 735 1391 curanda
772 1348 881 1389 ultra
909 1347 1078 1388 modum
1118 1347 1309 1402 occupati

428 1419 529 1461 ibid.
561 1443 614 1452 -
656 1427 833 1474 utroque
862 1427 1032 1460 utuntur
1060 1427 1309 1459 testamento

428 1490 530 1532 ibid.
563 1514 614 1522 -—-
687 1490 787 1545 quid
842 1489 1023 1530 sentiant
1074 1489 1217 1544 inepte
1257 1489 1312 1530 de

430 1563 588 1603 Ioanne
617 1561 803 1619 Baptista
833 1564 900 1601 88.

375 1633 568 1675 Gnostici
610 1647 636 1674 a
676 1632 821 1687 seipsis
866 1631 1141 1682 dissentiunt,

431 1704 692 1746 demonstrat
722 1706 913 1744 Irenaeus
944 1706 1041 1744 204.

376 1775 564 1817 Gnostici
592 1790 617 1816 a
646 1774 888 1816 Simoniacis
928 1774 1130 1829 originem
1168 1782 1312 1816 traxe-

430 1854 527 1888 runt
556 1849 623 1887 58.

377 1917 570 1961 Gnostici
597 1917 681 1959 dici
709 1915 849 1972 potius
878 1916 1033 1958 debent
1072 1918 1315 1974 Catagnosti

431 1990 460 2030 i.
489 2004 526 2031 e.
560 1989 745 2030 damnati
776 1991 870 2029 102.

379 2060 718 2103 Gorothenorum
747 2059 943 2115 haeresis,
974 2074 1078 2116 quae
1104 2069 1166 2102 est
1192 2061 1316 2103 tertia

434 2131 782 2173 Samaritanorum
814 2134 880 2171 30.

1199 1630 1311 1687 quod

379 2202 549 2246 Gratiae
578 2202 665 2244 sive
694 2202 801 2243 dona
833 2202 963 2257 gratis
986 2202 1084 2244 data
1110 2203 1153 2245 in
1183 2204 1313 2245 eccle·

434 2274 494 2316 sia
522 2281 606 2318 non
636 2274 786 2315 desunt
819 2278 917 2316 403.

821 2444 873 2484 H.

377 2557 571 2600 Haeresis
610 2572 722 2599 nova
763 2567 910 2599 contra
949 2557 1114 2599 beatam
1142 2557 1315 2599 Mariam

435 2630 562 2669 1037.
611 2651 660 2660 --
739 2628 912 2669 Mariam
969 2628 1171 2684 virginem
1228 2644 1317 2671 esse

437 2703 562 2740 1038.
593 2723 648 2730 -—-
690 2713 763 2740 cur
790 2699 913 2740 beata
940 2698 1057 2755 virgo
1085 2699 1239 2741 tradita
1263 2700 1318 2740 sit

436 2770 620 2826 Iosepho
651 2772 776 2811 1038.

379 2841 573 2883 Haeresis
602 2841 712 2883 virus
756 2856 846 2884 cum
888 2850 1127 2897 serpentum
1156 2856 1316 2886 veneno

438 2913 694 2968 comparatio
724 2917 764 2954 4.

379 2985 583 3026 Haereses
644 2993 792 3039 portae
846 2983 1040 3025 dicuntur
1091 2985 1317 3026 inferorum

439 3058 534 3097 903.

380 3126 583 3168 Haereses
613 3141 637 3167 e
667 3125 885 3182 gentilium
929 3127 1078 3168 fabulis
1109 3135 1226 3170 ortae
1251 3132 1318 3170 98.

380 3198 585 3239 Haereses
615 3198 725 3239 unde
753 3205 901 3248 natae,
940 3206 984 3240 et
1012 3198 1149 3254 plures
1179 3214 1317 3241 earum

438 3283 604 3310 caussae
634 3272 729 3310 905.

382 3341 621 3382 Haereseon
650 3339 833 3381 omnium
875 3340 1114 3392 conclusio,
1156 3350 1198 3384 et
1228 3343 1318 3384 ele-

437 3426 539 3466 gans
572 3412 829 3466 comparatio
859 3419 1022 3466 sumpta
1066 3427 1116 3453 ex
1149 3414 1320 3454 Cantico

440 3485 564 3522 1076.

383 3552 622 3595 Haereseon
668 3553 850 3594 omnium
893 3554 944 3595 ab
996 3554 1096 3595 orbe
1150 3555 1318 3596 condito

440 3622 651 3678 indagatio
681 3624 909 3665 subiectum
941 3624 1076 3680 operis
1101 3625 1318 3681 Epiphanii

442 3696 481 3733 2.

384 3764 623 3805 Haereseon
663 3766 861 3808 tredecim
906 3767 1041 3807 brevis
1071 3767 1195 3808 index
1225 3782 1317 3809 cum

440 3833 523 3878 suis
563 3835 798 3879 auctoribus
839 3852 887 3877 ac
927 3837 1096 3895 ineptiis
1134 3852 1316 3878 summa—

1117 251 1299 296 mnssx
1328 252 1543 308 RERUM,

1415 353 1490 394 tim
1519 354 1799 410 expositarum
1824 355 1890 395 52.
1921 356 1990 396 53.
2020 357 2086 398 54.
2115 368 2192 411 per
2217 362 2291 397 to-

1416 432 1518 466 tum.

1361 495 1675 538 Haereticorum
1706 496 1895 537 confusio
1925 494 2132 551 aptissima
2174 496 2294 539 simi-

1417 566 1593 608 litudine
1622 566 1868 607 describitur
1897 569 1993 609 502.
2023 590 2078 599 -
2118 576 2160 609 et
2185 581 2292 624 quo-

1418 637 1544 679 modo
1578 652 1601 678 a
1629 638 1695 679 via
1733 646 1848 680 recta
1884 637 1966 693 ipsi
2001 637 2225 681 deflectant
2253 646 2298 680 et

1419 709 1614 749 aberrent
1653 708 1733 749 alia
1766 709 2075 764 comparatione
2105 710 2296 752 ostendi-

1419 788 1487 821 tur
1524 782 1620 821 503.

1365 851 1676 892 Haeretieorum
1734 850 1935 892 calumnia
1989 851 2197 907 detegitur
2233 842 2298 894 et

1419 921 1625 963 stoliditas
1654 936 1744 962 cum
1769 922 2061 964 abstinentiam
2090 931 2134 964 et
2162 918 2299 965 castos

1421 992 1619 1034 ecclesiae
1642 1007 1778 1034 mores
1815 993 1959 1049 inepte
1989 993 2300 1050 reprehendunt

1423 1067 1518 1105 507.

1365 1135 1681 1177 Haereticorum
1712 1143 1857 1177 contra
1897 1135 2086 1191 spiritum
2113 1145 2301 1180 sanctum

1422 1206 1703 1262 blasphemiae
1734 1209 1857 1250 1037.

1369 1277 1576 1319 Haeretici
1604 1276 1758 1318 similes
1787 1279 2073 1333 buprestarum
2105 1280 2174 1336 qui
2205 1289 2301 1322 sunt

1424 1364 1447 1390 e
1475 1350 1789 1400 scarabaeorum
1818 1364 1968 1405 genere
1997 1355 2091 1392 283.

1367 1420 1682 1463 Haereticorum
1726 1420 1839 1462 fraus
1887 1429 1985 1477 apta
2035 1422 2303 1465 similitudine

1425 1491 1657 1533 declaratur
1687 1495 1782 1533 193.

1369 1562 1579 1604 Haeretici
1622 1563 1733 1604 varia
1775 1564 1942 1606 nomina
1970 1565 2199 1608 sortiuntur
2224 1579 2304 1621 pro

1415 1642 1630 1691 ¹sectarum
1661 1634 1883 1685 varietate,
1915 1635 1990 1676 sed
2026 1650 2108 1678 uno
2139 1637 2306 1678 nomine

1425 1720 1449 1746 a
1474 1704 1638 1747 Christo
1668 1705 1867 1748 videlicet
1897 1707 2118 1748 Christiani
2146 1721 2305 1750 vocan-

1426 1785 1495 1818 tur
1521 1780 1616 1818 367.

1372 1848 1582 1889 Haeretici
1610 1848 1824 1890 devitandi
1854 1857 1899 1890 ut
1927 1864 1980 1890 ne
2009 1849 2178 1891 salutari
2208 1850 2304 1905 qui-

1427 1919 1523 1961 dem
1553 1919 1732 1961 debeant
1760 1924 1854 1961 248.

1374 1991 1687 2032 Haereticorum
1716 1992 1853 2034 variae
1880 1991 2157 2047 blasphemiae
2183 1996 2304 2034 1035.

1377 2061 1586 2104 Haeretici
1602 2062 1789 2117 plerique
1804 2063 2172 2118 metempsychosis
2189 2072 2306 2105 erant

1431 2142 1660 2174 assectores
1691 2136 1784 2174 330.

1376 2204 1688 2246 Haereticorum
1717 2205 1898 2260 pravitas
1923 2219 1946 2247 a
1969 2205 2171 2260 religione
2183 2205 2307 2248 chri-

1429 2275 1564 2317 stiana
1587 2275 1775 2317 nationes
1797 2275 1983 2317 deterret
2008 2284 2051 2317 et
2077 2277 2195 2332 fugat
2212 2279 2304 2318 104.

1321 2361 1323 2363 ·
1376 2346 1584 2388 Haeretici
1613 2359 1689 2401 pro
1714 2354 1833 2402 patre
1864 2355 1907 2387 et
1950 2347 2035 2389 filio
2064 2348 2305 2403 ingenitum,

1432 2425 1476 2458 et
1506 2417 1692 2471 genitum
1721 2418 1973 2473 usurpabant
2002 2421 2098 2460 861.

1375 2487 1582 2529 Haeretici
1622 2488 1787 2544 quidam
1826 2498 2084 2532 mortuorum
2121 2505 2308 2532 resurre-

1431 2560 1610 2601 ctionem
1638 2568 1793 2615 negant
1820 2565 1914 2603 114.

1375 2630 1585 2671 Haeretici
1609 2631 1677 2686 qui
1704 2646 1780 2687 pro
1799 2633 1972 2674 mortuis
1988 2633 2202 2689 baptizant
2214 2638 2307 2676 114.

1375 2701 1613 2743 Hebdomas
1641 2711 1785 2745 sancta
1812 2718 1891 2759 qua
1918 2704 2203 2746 celebrabatur
2214 2706 2308 2747 Xe-

1429 2773 1630 2828 rophagia
1661 2778 1757 2815 824.

1374 2843 1659 2886 Hebraeorum
1687 2845 1860 2888 traditio
1892 2849 2013 2888 1085.

1376 2915 1830 2970 Hemerobaptistarum
1857 2916 2063 2974 haeresis,
2105 2933 2209 2975 quae
2248 2928 2310 2960 est

1431 2995 1576 3043 quarta
1593 2987 1830 3028 ludaeorum
1845 2992 1910 3031 36.
1929 2993 1996 3030 37.
2010 3014 2058 3020 -
2085 2990 2193 3031 unde
2209 2990 2309 3032 dicti

1430 3057 1531 3098 ibid.
1564 3083 1610 3090 --
1672 3058 1831 3100 vanitas
1869 3059 2035 3100 illorum
2074 3060 2117 3101 in
2153 3075 2308 3116 purga-

1430 3129 1546 3171 tione
1574 3139 1838 3186 peccatorum
1867 3146 1943 3186 per
1969 3145 2114 3186 aquam
2136 3131 2235 3172 ibid.
2256 3154 2305 3162 --

1433 3216 1516 3242 non
1572 3209 1634 3242 est
1676 3216 1807 3257 aquae
1861 3215 2037 3257 purgare
2077 3210 2120 3243 et
2172 3201 2308 3243 eluere

1432 3279 1631 3327 peccata,
1661 3271 1735 3312 sed
1766 3272 2046 3327 poenitentiae
2071 3268 2171 3314 ibid.

1377 3343 1645 3384 Heracleonis
1674 3342 1869 3397 dogmata
1899 3347 1992 3385 263.
2021 3368 2066 3374 —
2097 3341 2306 3398 quomodo

1434 3413 1754 3455 Heracleonitae
1783 3422 1968 3455 mortuos
1990 3419 2233 3469 aspergant,
2265 3420 2309 3453 et

1434 3484 1564 3539 qualis
1594 3492 1656 3525 est
1685 3484 1915 3539 λύτρωσις,
1946 3485 2032 3526 sive
2062 3482 2305 3536 redemptio,

1434 3555 1818 3596 Heracleonitarum
1848 3558 1943 3595 263.
1975 3577 2026 3585 -
2068 3565 2208 3593 eorum
2236 3568 2305 3594 re-

1434 3626 1584 3666 futatio
1613 3630 1708 3666 264.

1379 3696 1759 3738 Heracleonitarum
1781 3694 1959 3736 haeresis
1984 3692 2034 3733 ab
2049 3693 2307 3736 Heracleone

1433 3772 1527 3808 262.
1564 3792 1615 3799 -—
1668 3767 1771 3807 haec
1795 3773 1858 3806 est
1882 3763 2040 3804 decima
2066 3772 2180 3805 sexta
2210 3773 2308 3821 post

1434 3836 1784 3884 Christianismum
1815 3833 1913 3879 ibid,
