2508 4134
477 286 580 338 468
1186 290 1389 333 SANGTI
1417 291 1703 333 EPIPHANH

477 391 538 444 οὐ
577 388 711 443 πάνυ
748 410 792 442 τι
835 389 1053 457 δύναμαι
1092 389 1282 442 εἰδέναι.
1373 387 1517 455 Πλὴν
1554 388 1672 442 οὐδὲ
1712 385 1888 441 τούτου
1929 389 2049 440 εἰσὶν
2093 384 2405 454 ἀποδέοντες,

477 474 683 543 μάλιστα
713 480 741 511 4
758 472 1016 527 ἐπιτοαυτὸ
1048 479 1190 547 κοινῇ
1221 473 1275 527 τὸ
1310 472 1547 538 κοιτάζειν
1576 472 1831 541 ἐσχηκότες
1857 472 1958 541 ἅμα
1987 475 2181 543 γυναιξὶ
2209 475 2294 527 καὶ
2321 474 2405 527 ἀν-

476 558 664 631 δράσιν.
745 553 899 613 Οὗτοι
936 561 989 612 δὲ
1024 560 1108 611 καὶ
1147 560 1196 612 ἐν
1242 556 1545 632 5Ἀντιοχείᾳ
1585 560 1706 612 εἰσὶν
1743 556 1843 611 ἀπὸ
1880 564 1966 626 τῆς
1993 559 2168 626 Μέσης
2197 565 2295 612 τῶν
2317 580 2404 613 πο·

474 650 644 714 ταμῶν
681 641 979 714 ὁρμώμενοι.

248 738 359 793 Κεφ.
390 729 446 781 δ’.
602 727 788 797 ’Έσχον
826 732 878 784 δὲ
904 728 959 784 τὸ
995 728 1236 801 βλαβερόν
1262 733 1405 783 τοῦτο
1440 726 1675 798 φρόνημα
1707 724 1809 781 ἀπὸ
1842 733 1929 795 τῆς
1957 721 2190 799 ἀμετρίας
2215 734 2313 782 τῶν
2338 748 2407 782 τι-

472 837 574 868 νων
602 815 831 881 ἀδελφῶν
857 814 1098 881 ἀφελείας.
1180 815 1318 877 Τινὲς
1348 812 1441 884 γάρ
1481 819 1580 866 τῶν
1613 810 1861 882 ἡμετέρων
1889 811 2119 879 ἀδελφῶν
2142 815 2228 868 καὶ
2255 812 2407 885 ὄρθο-

475 901 658 968 δόξων,
712 900 779 969 μὴ
814 900 1133 972 γινώσκοντες
1164 899 1219 953 τό
1259 901 1438 969 μέτρον
1479 905 1567 965 τῆς
1600 900 1651 950 έν
1689 903 1888 970 Χριστῷ
1927 902 2193 964 πολιτείας,
2247 899 2302 953 τό
2331 920 2406 952 κε-

473 993 618 1040 λεῦον
645 986 1017 1040 ἀποτάσσεσθαι
1042 992 1113 1059 τῷ
1138 986 1337 1058 κόσμῳ,
1374 982 1635 1051 κτημάτων
1660 1004 1709 1036 τε
1732 986 1870 1036 ἰδίων
1895 985 1980 1036 καὶ
2000 984 2256 1054 χρημάτων
2280 985 2406 1038 ἀπο-

474 1076 768 1138 ξενοῦσθαι,
819 1079 998 1125 πωλεῖν
1027 1093 1076 1124 τε
1098 1069 1158 1123 τοὶ
1185 1073 1290 1123 ἰ’δια
1317 1071 1401 1123 καὶ
1431 1067 1746 1137 μεταδιδόναι
1773 1076 2008 1137 πτωχοῖς,
2056 1068 2322 1137 λαμβάνειν
2354 1070 2406 1123 δὲ

473 1156 559 1211 τόν
597 1156 810 1228 σταυρὸν
849 1159 934 1210 καὶ
977 1155 1279 1210 ἀκολουθεῖν
1321 1157 1376 1208 ἐν
1415 1154 1651 1226 ἀληθείᾳ,
1703 1152 1771 1222 μή
1817 1152 1998 1224 ἀργόν,
2054 1153 2174 1223 μήτε
2210 1152 2406 1225 ἀεργὸν,

471 1245 556 1297 καὶ
597 1242 965 1315 ἀκαιροφάγον,
1019 1242 1141 1310 μηδὲ
1190 1245 1293 1313 Ιτῷ
1327 1246 1519 1308 κηφῆνι
1562 1245 1660 1292 τῶν
1702 1245 1966 1307 μελισσῶν,
2025 1237 2312 1311 ἐργάζεσθαι
2354 1240 2407 1293 δὲ

473 1336 581 1391 ταῖς
613 1331 760 1391 ἰδίαις
789 1332 971 1399 χερσίν·
1027 1326 1187 1396 ῶςπερ
1228 1327 1308 1378 καὶ
1342 1323 1372 1378 ό
1401 1323 1541 1395 ἅγιος
1571 1323 1843 1387 ἀπόστολος
1873 1330 2075 1387 Παῦλος
2105 1323 2408 1392 ἀποταξάμε-

472 1437 558 1478 νος
582 1421 652 1487 τῶ
678 1415 877 1489 κόσμῳ,
915 1413 1071 1484 κήρνξ
1100 1412 1152 1464 δὲ
1176 1409 1246 1464 ῶν
1272 1417 1361 1479 τῆς
1388 1407 1650 1478 ἀληθείας,
1689 1404 1750 1463 οὗ
1777 1412 1833 1462 αἷ
1851 1418 2003 1482 χεῖρες
2028 1410 2088 1464 οὐ
2117 1409 2408 1479 μόνον”ἓαυ-

473 1507 541 1574 τῷ
572 1499 848 1569 ἐπήρκουν,
888 1497 1007 1552 ἀλλά
1034 1499 1119 1551 καὶ
1147 1504 1252 1558 τοῖς
1282 1502 1516 1550 συνοῦσιν
1545 1495 1702 1569 αὐτῷ·
1742 1493 1834 1549 οὐκ
1865 1488 1974 1549 οὖσι
2004 1497 2057 1549 δὲ
2085 1498 2292 1558 ἐκείνοις
2321 1495 2408 1566 ἀρ·-

473 1593 606 1656 γοῖς,
658 1583 756 1639 ἀλλ’
788 1584 891 1652 ἅμα
916 1589 1260 1654 συμπαροῦσιν
1286 1581 1422 1654 αὐτῷ
1456 1584 1508 1635 ἐν
1532 1588 1592 1656 τῇ
1622 1584 1844 1654 ἐργασίᾳ·
1902 1581 2012 1644 2039
2042 1604 2142 1635 που
2169 1587 2409 1649 καυχᾶται

472 1672 652 1741 λέγων,
708 1668 927 1723 διδάσκει
972 1675 1061 1722 3τε
1105 1670 1407 1736 σαφέστατα,
1461 1665 1516 1721 ‘O
1558 1665 1625 1736 μὴ
1668 1666 1987 1738 ἐργαζόμενος
2026 1667 2148 1735 μηδὲ
2187 1667 2405 1720 ἐσθιέτω.

484 1756 622 1818 Τινὲς
650 1756 703 1808 δὲ
737 1762 833 1809 τῶν
862 1756 1234 1826 προειρημένων
1259 1753 1518 1821 ἀδελφῶν,
1565 1751 1644 1815 ’ώς
1678 1750 1779 1805 ἀπὸ
1814 1758 1903 1806 τοῦ
1930 1752 2091 1820 Μάνη
2123 1750 2406 1821 μεμαθηκό-

474 1863 551 1904 τες
576 1839 724 1909 τάχα,
776 1839 839 1893 ἵν’
867 1840 1025 1902 οὕτως
1068 1843 1216 1905 εἴπω,
1269 1846 1358 1893 τοῦ
1399 1837 1500 1894 ἀπό
1538 1842 1780 1910 Περσίδος
1817 1837 2212 1907 ἀναβεβηκότος,
2265 1836 2409 1891 ἅτινα

473 1925 566 1981 οὐκ
598 1929 743 1996 ἐχρῆν
768 1926 927 1988 οὕτως
951 1924 1101 1980 εἶναι·
1141 1933 1344 1979 σκοπεῖν
1372 1927 1425 1978 δὲ
1450 1931 1629 1992 μᾶλλον
1660 1922 1777 1987 τούς
1800 1923 2061 1986 τοιούτους
2089 1925 2406 1994 παραγγέλλει

474 2011 505 2067 ὅ
533 2020 674 2076 θεῖος
713 2012 857 2083 λόγος
896 2011 1014 2075 τούς
1043 2012 1197 2080 μηδὲν
1239 2012 1602 2082 ἐργαζομένους.
1682 2007 1976 2076 Πεπλάνηκε
2012 2008 2104 2080 γάρ
2139 2030 2285 2062 τινων
2315 2006 2405 2076 τὴν

475 2102 638 2167 οἰήσιν
680 2096 709 2152 ό
733 2097 880 2169 λόγος
915 2097 944 2151 ό
969 2096 1102 2166 παρά
1139 2102 1209 2170 τῷ
1249 2102 1433 2167 σωτῆρι
1474 2096 1830 2167 γεγραμμένος,
1882 2092 2173 2166 Ἐργάζεσθε
2211 2091 2278 2162 μὴ
2315 2091 2405 2161 τήν

473 2188 656 2254 βρῶσιν
699 2183 789 2252 τὴν
836 2184 1206 2251 ἀπολλυμένην,
1265 2181 1382 2235 ἀλλά
1428 2179 1559 2249 4τήν
1604 2182 1848 2248 μένουσαν
1895 2182 1962 2241 εἰς
2011 2177 2139 2247 ζωὴν
2186 2176 2403 2232 αἰώνιον.

477 2275 749 2339 Νομίζουσι
795 2270 847 2322 δὲ
886 2268 975 2337 τήν
1018 2265 1360 2336 ἀπολλυμένην
1397 2264 1516 2320 εἶναι
1549 2264 1639 2333 τὴν
1667 2264 1818 2334 καλὴν
1849 2267 2102 2335 ἐργασίαν,
2152 2257 2213 2332 ἧς
2240 2266 2310 2326 εἰς
2337 2267 2408 2316 δι-

473 2356 745 2424 καιοσύνην
786 2357 954 2423 ἔχομεν
992 2353 1079 2407 τὸν
1120 2353 1365 2421 κάματον·
1416 2351 1524 2420 ἥτις
1562 2354 1830 2421 ἐπληροῦτο
1867 2353 1917 2404 ἐν
1947 2347 2168 2420 Ἀβραάμ
2210 2347 2292 2402 διά
2317 2354 2406 2402 τοῦ

474 2439 685 2509 μόσχου,
739 2442 819 2493 καὶ
866 2442 960 2492 5ἐν
1000 2445 1060 2512 τῇ
1100 2440 1439 2510 καματουργία
1479 2443 1567 2505 τῆς
1591 2436 1741 2507 χήρας
1771 2434 1853 2489 διά
1881 2442 1968 2489 τοῦ
1995 2433 2188 2501 Ἡλίου,
2242 2436 2326 2488 καὶ
2355 2437 2407 2488 ἐν

473 2532 534 2599 τῇ
563 2528 765 2598 ἐργασίᾳ
795 2531 884 2578 τοῦ
902 2522 1021 2592 Ἰώβ
1062 2521 1145 2577 διά
1171 2531 1271 2576 τῶν
1303 2522 1461 2576 αὐτοῦ
1501 2526 1693 2576 παίδων
1723 2523 1807 2575 καὶ
1838 2519 2125 2589 κτημάτων,
2173 2522 2257 2574 καὶ
2285 2518 2406 2573 πάν·

475 2633 572 2663 των
599 2617 698 2664 τῶν
725 2616 815 2664 τοῦ
842 2616 970 2663 θεοῦ
1001 2609 1191 2663 δούλων
1232 2615 1330 2662 τῶν
1361 2610 1428 2671 εἰς
1459 2608 1777 2677 δικαιοσύνην
1814 2606 2104 2675 καμνόντων
2130 2614 2234 2669 ταῖς
2260 2608 2408 2669 ἰδίαις

474 2698 665 2768 χερσὶν,
718 2698 786 2758 εἷς
817 2694 871 2749 τὸ
903 2698 1136 2766 ἐπαρκεῖν
1177 2697 1261 2748 καὶ
1296 2703 1399 2757 τοῖς
1430 2695 1761 2762 ἐνδεομένοις·
1818 2692 1992 2755 καθώς
2030 2693 2114 2746 καὶ
2140 2693 2192 2745 ἐν
2218 2690 2404 2763 ἑκάστῳ

477 2786 813 2854 μοναστηρίῳ,
852 2783 904 2834 ἔν
929 2802 979 2833 τε
1002 2787 1063 2854 τῇ
1088 2786 1185 2833 τῶν
1211 2783 1501 2852 Αἰγυπτίων
1529 2779 1662 2853 χώρα
1689 2782 1772 2833 καὶ
1801 2781 1852 2832 ἐν
1879 2778 2061 2840 πάσαις
2085 2775 2283 2848 χώραις,
2322 2775 2405 2830 οῦ-

479 2890 547 2921 τω
578 2866 851 2936 κάμνουσιν
891 2869 959 2928 εἰς
988 2865 1321 2934 δικαιοσύνην.
1392 2864 1479 2929 Ὡς
1508 2864 1540 2933 ἡ
1575 2867 1789 2934 μέλιττα,
1844 2866 1975 2936 χερσὶ
2001 2864 2088 2931 μὲν
2113 2864 2291 2930 ἔχουσα
2320 2860 2407 2915 τόν

474 2951 632 3023 κηρόν
656 2959 745 3021 τῆς
772 2955 998 3023 ἐργασίας
1016 2995 1028 3017 ,
1080 2951 1168 3020 την
1198 2953 1250 3005 δὲ
1280 2951 1478 3020 ψεκάδα
1509 2957 1598 3004 τοῦ
1623 2952 1814 3019 μέλιτος
1840 2952 1892 3003 ἐν
1918 2955 1984 3022 τῷ
2010 2946 2235 3015 στόματι,
2288 2946 2406 3015 μετά

242 3069 326 3106 pag.
348 3058 445 3095 1071.
476 3045 567 3107 τῆς
596 3041 724 3101 ἰδίας
750 3036 1037 3108 ὖμνηγόρου
1066 3042 1238 3106 φωνῆς
1261 3035 1346 3091 τόν
1370 3043 1467 3090 τῶν
1509 3035 1708 3090 πάντων
1742 3033 1989 3102 δεσπότην·
2007 3032 2131 3087 κατά
2159 3031 2249 3101 τὴν
2278 3035 2407 3087 ἰδίαν

476 3127 716 3193 αἴσθησιν
743 3121 996 3191 ὑμνοῦσα,
1053 3121 1120 3185 ώς
1150 3125 1235 3176 καὶ
1262 3121 1506 3190 Σαλομών
1533 3129 1791 3193 μαρτυρεῖ,
1848 3119 1922 3174 ὅτι
1947 3117 2037 3187 την
2063 3122 2242 3185 σοφίαν
2269 3117 2407 3188 τιμή-

477 3228 602 3263 σασα
629 3207 891 3281 προήχθη,
942 3207 1070 3261 οὕτω
1098 3211 1179 3262 καὶ
1210 3212 1262 3262 οἷ
1289 3214 1378 3262 τοῦ
1409 3214 1535 3261 θεοῦ
1562 3211 1729 3261 δοῦλοι
1765 3208 1817 3260 οἰ
1840 3202 2040 3272 ἀληθῶς
2068 3205 2149 3257 ἐπὶ
2178 3209 2266 3272 τῆς
2298 3221 2398 3258 στε-

477 3302 592 3366 ρεᾶς
620 3297 801 3366 πέτρας
827 3300 915 3363 τῆς
943 3293 1178 3362 ἀληθείας
1205 3295 1634 3362 τεθεμελιωμένοι,
1672 3293 1757 3345 καὶ
1779 3289 1866 3344 τόν
1891 3286 2031 3343 οἷκον
2055 3287 2219 3342 αὐτῶν
2243 3288 2404 3357 ἀσφα-

476 3386 571 3443 λῶς
604 3383 1010 3448 οἰκοδομοῦντες,
1064 3382 1212 3442 ἰδίαις
1246 3380 1379 3451 χερσὶ
1415 3377 1501 3441 τάς
1536 3376 1711 3440 λεπτάς
1738 3375 1904 3429 αὐτῶν
1931 3376 2156 3445 ἐργασίας
2184 3373 2401 3446 ἐργάζον-

475 3488 556 3519 ται
599 3465 724 3519 κατὰ
757 3464 849 3534 τὴν
897 3464 1106 3519 ἑκάστου
1143 3467 1323 3534 τέχνην.
1391 3464 1480 3517 Ἐν
1521 3463 1720 3532 στόματι
1759 3461 1811 3514 δὲ
1853 3459 2022 3528 σχεδόν
2062 3465 2227 3514 πᾶσαν
2263 3463 2405 3514 θείαν

532 3611 572 3650 4.
606 3609 674 3653 ἐπὶ
698 3608 745 3654 τὸ
775 3606 878 3654 αὐτὸ
895 3641 906 3663 ,
938 3614 996 3651 uti
1022 3613 1175 3663 assolet,
1204 3612 1289 3651 cod.
1316 3611 1415 3651 Rhe·
1473 3609 1634 3663 κηφῆνι
1659 3608 1741 3649 τῶν
1771 3605 1980 3659 μελισσῶν
2011 3601 2288 3658 ὁμοιοῦσθαι,
2315 3601 2401 3659 ἐργ.

478 3667 558 3716 di9·
1472 3667 1560 3709 κτλ.
1621 3665 1833 3704 Gornarius
1870 3664 2052 3703 convertit
2085 3675 2219 3716 neque
2247 3660 2402 3701 intem-

534 3723 572 3762 5·
601 3719 809 3779 Ἀντιοχέα
837 3725 922 3765 cod.
950 3726 1111 3776 Rhediy.
1138 3755 1142 3759 .
1470 3720 1630 3776 pestive
1668 3718 1802 3759 cibum
1840 3718 2094 3773 capientem,
2136 3731 2268 3772 neque
2292 3716 2403 3758 hunc

538 3778 635 3818 CAP.
662 3781 728 3819 IV.
755 3804 809 3811 -
871 3781 907 3819 1.
938 3782 1065 3820 Deest
1091 3778 1279 3822 ἐοικέναι.
1338 3781 1412 3820 Pe·
1469 3777 1604 3818 alieno
1632 3775 1773 3816 labore
1798 3782 1987 3829 partum,
2017 3775 2131 3816 velut
2155 3788 2281 3827 vespa
2311 3787 2401 3815 cum

479 3836 620 3875 tavius.
675 3838 746 3875 Ios.
788 3838 964 3887 Scaliger
1005 3840 1157 3887 supplet
1197 3833 1307 3889 μηδὲ
1348 3835 1409 3890 τῷ
1468 3833 1611 3888 apibus
1641 3832 1759 3873 solet.
