2508 4134
563 285 789 327 PANARn
817 285 924 326 ue.
949 285 1021 325 111.
1045 285 1181 326 ToM.
1204 286 1235 325 1.
1265 283 1427 324 HAER.
1450 282 1629 324 Lxxv.
1942 266 2038 318 185

138 393 375 439 stamento
400 384 503 436 sola
525 383 660 451 virga
688 382 952 434 instructus
978 382 1025 432 in
1051 382 1325 450 Aegyptum
1352 381 1574 432 mittitur.
1651 376 1805 446 Quam
1835 394 1939 428 cum
1967 376 2039 427 in-
2074 383 2189 420 Exod·
2206 384 2259 421 4⁰.

135 471 449 539 grederetur,
504 468 672 519 Aaron
702 467 854 536 ipsius
888 468 1039 516 frater
1067 466 1295 516 divinitus
1330 466 1505 516 missus
1534 464 1575 514 ei
1607 480 1659 514 se
1691 463 1747 514 ad
1777 461 2040 513 subsidium

137 552 368 619 adiungit.
446 551 633 604 Deinde
676 560 922 619 postquam
971 549 1014 600 ei
1043 567 1068 599 a
1101 550 1246 599 fratre
1292 549 1407 599 fides
1447 548 1602 598 habita
1641 556 1742 611 est,
1795 546 2040 598 seniorum

136 638 193 689 ad
230 637 358 688 illum
402 654 459 687 ac
500 635 653 706 populi
692 652 777 704 per
815 634 929 685 illud
974 642 1161 702 tempus
1200 632 1482 702 principium
1515 632 1764 682 multitudo
1791 630 2038 682 convenit.

137 721 264 773 Tum
303 721 539 771 destinato
577 736 721 788 opere
756 720 888 769 vires
928 727 976 770 et
1004 718 1301 768 incrementa
1331 716 1550 784 capiente
1582 733 1714 765 mare
1746 715 2036 784 penetravit.

134 805 358 858 Necdum
387 814 544 856 tamen
573 805 630 854 ad
661 803 814 872 legem
848 810 1202 872 pervenerant,
1257 801 1411 851 donec
1441 800 1568 850 illum
1600 800 1716 850 deus
1744 802 1800 850 ad
1830 808 2041 850 montem

135 897 381 952 evocaret,
425 906 531 939 cum
557 897 605 939 et
631 887 816 939 tabulas
845 888 1056 950 tradidit,
1087 894 1136 937 et
1163 884 1521 936 tabernaculum
1553 883 1826 946 instituere,
1867 882 2042 953 princi-

134 992 248 1044 pes,
289 972 607 1035 decurioneS,
650 970 1118 1040 quinquagenarios,
1160 969 1497 1031 centurioneS,
1539 985 1596 1018 ac
1629 968 1844 1018 tribunos
1874 984 2042 1018 creare

134 1058 313 1110 docuit.
389 1054 542 1108 Vides
580 1057 975 1124 quemadmodum
1019 1072 1097 1106 res
1136 1071 1303 1105 omnes
1335 1053 1561 1122 paulatim
1590 1052 1904 1121 amplificatae
1942 1055 2043 1103 l'ue-

134 1143 264 1193 rint?
338 1145 465 1201 Vide,
509 1140 681 1208 inquit,
717 1142 867 1206 facies
898 1144 1048 1190 omnia
1077 1143 1325 1189 seeundum
1355 1141 1609 1203 eoeemphaer,
1652 1141 1776 1203 quod
1803 1139 2294 1190 te·bz·mon-Ex0‹1.25,4o.

131 1236 329 1276 stratum
359 1236 430 1276 est
461 1229 507 1274 e'n
541 1235 691 1275 monte
716 1228 850 1274 Sina.
929 1223 1357 1275 Animadvertisne
1388 1231 1437 1273 ut
1465 1223 1521 1272 ad
1549 1221 1898 1290 legislationem
1930 1239 2040 1272 can-

132 1310 374 1362 delabrum
406 1310 519 1361 illud
548 1318 730 1378 septem
763 1309 1109 1378 ellycliniorum
1139 1307 1347 1358 additum
1380 1307 1552 1370 fuerit,
1595 1324 1684 1357 nec
1718 1324 1811 1357 non
1847 1314 1896 1357 et
1922 1306 2042 1357 tala-

131 1412 211 1446 res
240 1394 507 1445 sacerdotis
531 1402 715 1455 vestes,
758 1393 1096 1456 tintinnabula,
1138 1392 1349 1461 palliola,
1392 1392 1658 1461 epomideS,
1702 1391 1831 1460 pilei,
1873 1390 2038 1454 baltei,

130 1480 374 1531 variorum
405 1478 674 1547 lapillorum
709 1486 999 1541 contextus,
1041 1478 1231 1546 cyathi,
1274 1477 1574 1540 mortariola,
1617 1476 1770 1540 labra,
1811 1475 2039 1538 turibula,

132 1563 306 1627 catini,
360 1561 714 1625 masmarhoth,
771 1561 861 1612 hoc
890 1570 966 1612 est
992 1562 1124 1625 cola,
1181 1561 1434 1624 midicoth‚
1477 1562 1580 1613 sive
1616 1560 1806 1631 cyathi,
1849 1560 2042 1611 macho-

129 1648 265 1711 noth,
301 1646 381 1715 qui
409 1655 521 1697 sunt
550 1646 710 1708 bases,
748 1655 796 1697 et
824 1664 1151 1715 quaecumque
1181 1647 1272 1697 alia
1305 1647 1386 1697 lex
1416 1646 1660 1709 edisserit,
1693 1646 1823 1697 velut
1851 1641 2040 1696 Cheru·

130 1732 257 1795 bini,
313 1741 360 1782 et
388 1732 432 1781 id
460 1748 614 1799 genus
646 1731 769 1794 alia,
825 1748 934 1781 arca
967 1730 1272 1795 testamenti,
1326 1740 1519 1793 vectes,
1562 1730 1821 1781 bumerarii
1853 1728 2036 1791 annuli,

128 1815 519 1879 tabernaculum,
563 1815 700 1877 vela,
744 1815 892 1883 pelles
921 1814 1224 1880 rubricatae,
1267 1833 1435 1879 ansae,
1477 1824 1524 1866 et
1551 1815 1643 1866 alia
1676 1815 1719 1865 id
1754 1832 1927 1883 genus,
1970 1814 2039 1864 ia-

128 1898 339 1964 nitoreS,
383 1899 523 1951 tubae
552 1898 783 1963 ductiles,
827 1908 874 1950 et
900 1899 1160 1962 incurvae,
1203 1910 1249 1950 et
1277 1918 1474 1962 aureae,
1517 1908 1799 1968 argenteae,
1842 1916 2035 1962 aereae,

129 2002 364 2048 corneae,
419 1984 510 2035 alia
556 1983 762 2052 denique
805 1984 1019 2052 exlegis
1048 1987 1376 2053 praescripto,
1435 1985 1566 2036 velut
1604 1983 1951 2035 sacrificiorum
1990 1992 2036 2035 et

126 2069 476 2120 institutionum
506 2068 642 2120 varia
666 2086 879 2137 genera,
933 2087 1054 2137 quae
1082 2087 1187 2120 cum
1218 2070 1353 2119 initio
1386 2069 1593 2120 nondum
1625 2078 1821 2132 essent,
1876 2064 2037 2119 nonne

128 2163 377 2222 postquam
425 2153 615 2203 invecta
660 2162 801 2216 sunt,
858 2171 973 2204 suus
1014 2163 1090 2206 cst
1129 2155 1246 2205 ordo
1290 2154 1434 2204 rebus
1476 2154 1766 2204 attributus?
1853 2151 2035 2204 Eadem

128 2236 252 2287 ratio
293 2246 369 2288 est
398 2237 587 2288 illorum
627 2239 685 2288 de
714 2237 885 2305 quibus
913 2239 1159 2308 apostolus
1190 2238 1410 2307 scripsit,
1454 2256 1576 2306 quae
1608 2238 1786 2288 tamdiu
1817 2238 2037 2289 obtinue-

127 2330 267 2384 runt,
319 2322 472 2375 donec
508 2322 793 2391 amplili‘cata
827 2332 914 2377 ,est
957 2323 1191 2386 ecclesia,
1247 2325 1399 2374 donee
1430 2341 1565 2374 suam
1596 2341 1652 2373 ac
1693 2323 1949 2391 legitimam
1979 2324 2037 2373 ad

126 2423 399 2456 mensuram
436 2407 681 2474 pervenit,
738 2408 890 2458 donec
928 2408 1145 2475 prudenti
1176 2409 1377 2476 quadam
1408 2408 1740 2458 moderatione
1774 2407 2036 2459 iustissime

126 2499 202 2540 est
226 2509 250 2539 a
279 2499 432 2558 patre,
465 2490 560 2541 lilio
587 2500 635 2541 et
659 2490 827 2559 spiritu
855 2500 1025 2543 sancto
1057 2501 1340 2559 temperata.
1396 2490 1476 2543 Ex
1501 2492 1670 2560 quibus
1702 2492 1836 2544 Aerii
1866 2493 2038 2561 dogma

126 2575 384 2625 refellitur.

264 2656 405 2725 Quod
437 2667 594 2709 autem
626 2677 720 2710 non
752 2660 874 2710 idem
905 2677 1013 2712 esse
1045 2661 1198 2730 possit
1233 2680 1337 2713 cum
1367 2663 1594 2731 episcopo
1625 2662 1910 2731 presbyter,
1967 2661 2037 2712 di-

123 2742 263 2793 vinus
317 2743 519 2812 apostoli
573 2760 736 2794 serino
785 2745 1025 2808 declarat,
1082 2764 1174 2813 quo
1227 2748 1443 2815 quisnam
1494 2748 1780 2816 episcopm,
1837 2747 2037 2814 quisque

126 2827 383 2896 presbyter
426 2828 489 2878 sit
524 2828 827 2895 intelligitur.
902 2827 1028 2878 Nam
1069 2831 1124 2880 ad
1161 2830 1471 2882 Timotheum
1507 2833 1780 2901 episcopum
1817 2832 2036 2882 scribens

123 2911 184 2961 ita
234 2911 474 2979 loquitur:
530 2914 855 2976 Presbyter-um
904 2932 961 2961 ne
1009 2915 1256 2979 obiurges,
1312 2920 1396 2965 sed
1439 2920 1630 2966 hortare
1666 2919 1794 2965 velat
1830 2926 2185 2980 patrem.1.·rim.
2212 2928 2293 2971 5‚1.

123 2992 247 3061 Quid
274 3005 430 3046 autem
458 2997 692 3048 attinebat
720 2996 945 3064 episcopo
975 3006 1161 3061 vetare,
1204 3008 1254 3050 ut
1283 3017 1342 3050 ne
1374 3002 1708 3069 presbyterum
1737 3000 2033 3066 obiurgaret,

123 3080 212 3129 nisi
245 3080 471 3131 ttiaiorem
509 3082 612 3149 ipso
656 3090 941 3149 potestatem
989 3082 1261 3134 obtineret?
1335 3083 1502 3151 Quare
1530 3084 1757 3151 deinceps
1788 3084 2031 3147 admonet,

120 3167 364 3213 Adversus
384 3168 707 3230 presbyterum
735 3170 826 3214 cilo
859 3171 1196 3216 accusationem
1222 3187 1280 3217 ne
1307 3173 1549 3218 admiseris
1565 3207 1578 3228 ,
1619 3172 1717 3217 m‘sz‘
1737 3170 1916 3217 duobus
1945 3172 2031 3217 tri·
2074 3181 2168 3217 lbid.
2193 3183 2242 3219 19.

122 3249 260 3297 busve
287 3251 495 3299 testibus.
575 3249 688 3301 Non
717 3251 856 3300 alicui
894 3268 957 3300 ex
990 3251 1286 3319 presbyteris
1319 3254 1563 3321 praecepit
1597 3260 1641 3303 ut
1672 3252 2031 3303 accusationem

99 3340 286 3381 -contra
320 3332 595 3402 episcopum
627 3353 719 3384 non
753 3335 1054 3395 admitteret,
1098 3344 1178 3385 aut
1208 3347 1257 3386 ut.
1289 3339 1564 3404 episcopum
1601 3354 1692 3386 non
1730 3336 2028 3403 obiurgaret.

122 3414 335 3466 Videsne
366 3436 502 3485 quam
547 3437 639 3469 non
682 3419 938 3469 mediocris
978 3418 1104 3469 illius
1145 3420 1280 3470 ruina
1321 3422 1413 3482 sit,
1468 3438 1605 3487 quem
1647 3420 1861 3470 diabolus
1901 3422 2031 3473 labe-

121 3501 351 3552 lactarit?

261 3583 356 3636 Sed
390 3585 594 3637 bominis
625 3589 804 3656 reliqua
840 3588 1107 3638 videamus.
1189 3585 1410 3656 lnprimis
1454 3589 1575 3656 quod
1617 3590 1672 3639 ad
1706 3587 1888 3642 Pascha
1922 3611 2029 3662 per·
2063 3595 2245 3650 Cap.vt.

117 3726 229 3785 codd.
260 3738 349 3765 mss.
381 3731 415 3765 et
443 3728 500 3765 ed.
530 3730 651 3777 princ,
1157 3724 1195 3767 7.
1228 3725 1483 3783 πρεσβύτερε
1508 3732 1578 3769 cod
1619 3732 1774 3780 Rhodiq.

173 3782 211 3821 0.
242 3783 427 3834 Suspicor
456 3781 527 3824 καὶ
556 3783 778 3837 κερατίναι.
1156 3788 1195 3824 δ.
1225 3784 1318 3837 περὶ
1355 3789 1503 3830 uncinis
1531 3791 1677 3829 notavit
1706 3791 1899 3831 Petavius.
