2508 4134
562 274 787 315 PANAan
815 273 919 312 Lm.
934 274 1007 312 111.
1039 274 1172 314 ToM.
1203 274 1233 312 1.
1264 272 1643 312 HAER.LXXV1.
1949 259 2049 311 303

158 375 296 424 etiam
328 373 475 422 filium
507 372 739 434 honorat,
781 370 864 420 sed
896 370 1043 419 filium
1078 369 1227 432 dixit,
1283 370 1477 437 perinde
1507 387 1562 419 ac
1592 377 1793 437 patrem.
1872 366 2052 420 Simili-

159 466 232 508 ter
256 456 333 520 ei,
386 460 470 521 qui
493 459 539 504 in
570 458 783 520 spiritum
817 455 1137 518 blasphemiam
1177 457 1376 511 dixerit,
1431 472 1520 502 non
1547 458 1784 502 remissum
1812 457 1878 502 iri
1897 457 2044 513 docet,

157 558 302 605 neque
324 542 424 598 Ιιίο,
476 557 620 605 neque
646 543 694 588 in
717 540 881 603 futur-o
903 539 1118 586 saeculo:
1172 545 1223 585 ut
1252 536 1478 586 videlicet
1516 536 1775 587 trinitatem
1808 538 1855 587 in
1894 547 2045 606 patre,

159 623 259 673 filio
291 632 340 674 et
362 622 532 691 spiritu
562 630 729 674 sancto
754 638 863 672 esse
898 621 1066 671 doceat
1095 619 1391 682 huiusmodi,
1448 628 1498 669 ut
1530 621 1586 670 ad
1616 621 1741 671 illam
1776 621 1892 672 nihil
1918 639 2055 673 acee-

160 708 273 757 dere
311 707 643 775 compararive
682 706 849 774 possit.

299 791 431 841 Aelii
463 787 621 858 Caput
648 787 825 839 XXX.
903 786 955 839 Si
988 787 1292 855 omnipotens
1330 787 1445 835 deus
1481 795 1698 836 naturam
1735 806 1923 839 omnem
1968 807 2055 841 ex-

159 873 315 938 cellit,
376 892 434 924 eo
483 874 616 942 ipso,
675 873 799 941 quod
842 871 1084 939 ingenitus
1130 879 1233 934 est,
1295 870 1509 919 excellit.
1599 869 1737 937 Quae
1789 875 2054 942 proprietas

161 950 332 1009 caussa
363 967 437 1009 est
463 957 638 1025 genitis
661 957 879 1007 omnibus
902 955 1211 1006 stabilitatem
1236 953 1650 1020 constantiamque
1679 956 1911 1007 tribuens.
1967 956 2053 1009 Sin

160 1051 316 1093 autem
346 1041 610 1109 ingenitum
639 1040 955 1097 substantiam
982 1057 1076 1089 non
1104 1038 1350 1106 exprimit,
1393 1055 1419 1087 a
1447 1055 1539 1104 quo
1571 1039 1758 1089 tandem
1788 1041 2057 1108 genitarum

162 1143 323 1177 rerum
364 1135 535 1176 natura
571 1125 775 1193 seipsam
818 1133 867 1174 ut
905 1130 1163 1174 conservet
1201 1122 1405 1190 accipit?

297 1207 501 1261 Confut.
541 1206 719 1259 XXX.
797 1206 915 1258 Illud
949 1207 1144 1257 omnino
1175 1206 1426 1257 dicendum
1466 1207 1786 1257 acfatendum
1817 1218 1918 1272 est,
1972 1211 2057 1260 ita-

163 1310 252 1362 que
283 1295 570 1356 tenendum‚
628 1292 1002 1360 omnipotentem
1037 1292 1174 1341 deum
1218 1298 1435 1340 naturam
1476 1307 1665 1341 omnem
1706 1293 1976 1354 excellere,
2033 1312 2057 1344 a

165 1396 259 1446 quo
292 1378 566 1446 unigenitus
605 1376 724 1427 deus
761 1393 817 1426 ac
844 1375 1070 1437 verbum,
1128 1375 1324 1441 eiusque
1365 1374 1562 1442 spiritus
1600 1384 1794 1425 sanctus
1835 1377 2059 1427 ineffabili

170 1462 372 1529 quadam
415 1461 601 1512 ratione
646 1460 901 1528 processit.
997 1456 1153 1525 Quam
1195 1458 1254 1508 ob
1297 1475 1516 1508 caussam
1567 1467 1703 1509 caute
1750 1477 1807 1510 ac
1857 1460 2061 1511 circum-

166 1553 331 1613 specte
363 1554 616 1595 creaturae
650 1544 859 1594 divinum
901 1543 1129 1593 bonorem
1174 1560 1269 1592 non
1301 1541 1646 1605 adscribimus,
1707 1561 1766 1594 ne
1794 1545 2061 1595 stultissimi

165 1630 450 1692 reddamur,
491 1629 574 1678 sed
601 1628 892 1690 trinitatem,
935 1644 1057 1694 quae
1086 1635 1303 1677 naturam
1335 1644 1522 1677 omnem
1553 1637 1775 1695 superat,
1815 1631 2060 1696 praedica-

165 1730 297 1777 mus,
339 1713 481 1763 filium
509 1729 614 1762 cum
643 1720 808 1780 patre,
849 1720 900 1762 et
931 1711 1079 1779 ipsius
1106 1720 1323 1761 sanctum
1345 1710 1592 1779 spiritum3
1635 1729 1691 1761 eo
1719 1714 1841 1779 quod
1875 1731 1902 1763 a
1932 1715 2061 1764 nullo

166 1798 320 1848 factus
352 1806 433 1847 aut
461 1804 651 1847 creatus
681 1797 761 1846 sit.
838 1794 1030 1845 Etenim
1070 1813 1365 1863 nequaquam
1405 1795 1624 1846 diversae
1662 1804 1861 1847 naturae
1895 1797 2063 1866 unige-

166 1881 295 1932 nitus
323 1889 425 1944 est,
466 1889 548 1930 aut
574 1888 770 1930 sanctus
798 1879 993 1948 spiritus
1012 1918 1025 1943 ,
1079 1880 1163 1930 sed
1191 1881 1308 1930 deus
1335 1896 1400 1929 ex
1427 1880 1543 1943 deo,
1585 1880 1743 1930 lumen
1778 1882 1835 1932 de
1864 1883 2060 1934 lumine.

168 1962 443 2031 Quinetiam
477 1982 580 2015 cum
610 1962 924 2031 omnipotenti
953 1972 1086 2031 patre
1116 1963 1391 2030 unigenitus
1415 1964 1516 2031 ipse
1547 1964 1822 2015 nominatur
1848 1967 2062 2035 omnipo-

169 2057 302 2112 tenS,
355 2057 406 2099 ut
446 2049 624 2099 diserte
656 2047 894 2116 scriptura
932 2065 1069 2098 sacra
1103 2048 1331 2098 declarat.
1407 2045 1696 2115 Unigenitus
1724 2050 1848 2100 enim
1890 2051 2005 2101 nihil
2037 2070 2064 2102 a

167 2133 314 2201 patris
355 2134 607 2183 maiestate
652 2132 920 2200 discrepat,
974 2133 1058 2182 sed
1091 2131 1284 2182 omuino
1325 2132 1563 2198 congruit.
1642 2131 1782 2199 Quod
1815 2137 2062 2202 expressis

165 2217 327 2267 verbis
358 2225 562 2268 testatur
589 2216 864 2285 apostolus3
918 2215 995 2282 qui
1025 2216 1195 2284 spiritu
1225 2224 1393 2266 sancto
1431 2215 1615 2266 afflatus
1648 2218 1706 2266 de
1735 2216 1967 2270 Israelitis
1998 2220 2064 2270 ita

168 2300 404 2368 loquitur:
444 2304 672 2364 Quorum,
715 2300 892 2368 inquit,
934 2303 1115 2360 cultus,
1157 2310 1204 2349 et
1226 2309 1520 2360 testamenta,
1563 2310 1611 2349 et
1629 2311 1817 2365 patres,
1874 2322 1933 2352 θα)
1961 2308 2062 2369 quz'-

169 2385 253 2433 bus
282 2387 499 2434 ‚Christus
523 2388 770 2434 secundum
796 2403 998 2444 carnem,
1041 2389 1125 2450 qui
1145 2394 1216 2433 est
1242 2402 1382 2449 super
1412 2389 1562 2434 omnia
1592 2388 1704 2444 deus
1730 2388 1990 2436 benedictus
2018 2392 2064 2438 z'n

168 2471 380 2527 saecula,
436 2472 603 2518 Amen.
683 2466 760 2520 Ob
786 2467 832 2518 id
870 2478 917 2519 et
949 2469 1222 2519 adorandus
1252 2469 1422 2519 unicus
1451 2469 1524 2519 dei
1554 2469 1676 2520 filius
1706 2479 1806 2531 est,
1865 2480 1912 2521 et
1938 2470 2062 2522 idem

163 2552 287 2602 deus
319 2559 367 2601 et
395 2551 584 2602 divinus
611 2551 806 2620 spiritus
836 2561 940 2616 est,
991 2562 1185 2604 sanctus
1214 2552 1441 2621 spiritus,
1502 2562 1549 2603 et
1574 2562 1679 2621 post
1705 2564 2063 2606 sacrosanctam

170 2635 431 2686 trinitatem
459 2636 613 2685 nullus
644 2636 765 2686 alius
794 2636 909 2686 deus
937 2645 1029 2686 est.
1109 2635 1262 2704 Igitur
1285 2637 1587 2705 omnipotens
1621 2647 1782 2704 pater,
1825 2647 1872 2689 et
1898 2640 2066 2690 unicus

169 2719 321 2788 ipsius
361 2718 484 2769 filius
529 2728 757 2787 paternae
804 2719 1020 2787 dignitati
1063 2738 1363 2789 congruens,
1420 2721 1497 2788 qui
1532 2723 1674 2772 futuri
1717 2723 1897 2773 saeculi
1933 2732 2068 2791 pater

171 2803 466 2871 appellatur,
520 2803 692 2870 quique
725 2821 829 2853 cum
869 2813 1037 2853 sancto
1076 2804 1246 2870 spiritu
1277 2805 1403 2854 nulla
1435 2805 1789 2856 interveniente
1820 2807 2064 2857 creatione

170 2887 428 2950 convenit,
468 2887 658 2937 trinitas
691 2895 765 2938 cst
795 2888 1030 2952 patefacta
1066 2888 1312 2951 omnibus,
1357 2897 1403 2938 et
1433 2890 1653 2956 cognita,
1695 2907 1720 2939 a
1750 2908 1842 2957 qua
1874 2899 2063 2940 creatae

170 2988 251 3022 res
289 2988 455 3022 omnes
485 2979 704 3037 tanquam
734 2987 761 3020 a
793 2987 961 3020 caussa
992 2972 1236 3038 profectae
1266 2980 1405 3036 sunt,
1458 2973 1524 3023 ita
1555 2974 1771 3040 quidem,
1825 2982 1876 3023 ut
1906 2975 2063 3041 appel-

172 3054 286 3106 latio
313 3055 415 3124 ipsa
444 3072 647 3105 caussae
671 3054 906 3104 sinceram
936 3062 979 3103 et
1010 3054 1428 3121 incomparabilem
1452 3056 1765 3106 substantiam
1795 3058 2060 3124 significet3

173 3138 439 3190 cuiusmodi
471 3147 546 3189 est
572 3147 705 3206 pater
731 3138 776 3187 iu
811 3138 903 3187 filio
924 3177 936 3200 ,
991 3137 1111 3187 filius
1140 3139 1186 3187 iu
1221 3146 1380 3204 patre,
1423 3157 1526 3190 cum
1557 3140 1727 3207 spiritu
1756 3149 1952 3203 sancto,
2012 3149 2063 3190 ut

144 3223 444 3292 ¹permansio
471 3223 576 3291 ipsa
603 3223 650 3272 in
682 3239 790 3272 sese
820 3221 1152 3271 aeternitatem
1183 3221 1420 3286 includat,
1462 3223 1596 3274 cuius
1631 3224 1856 3274 trinitatis
1886 3224 2064 3275 benefi-

175 3307 251 3357 cio
289 3300 478 3358 condita
520 3307 677 3357 omnia
716 3315 991 3356 servantur.

312 3390 444 3441 Aetii
476 3387 634 3459 Caput
657 3388 861 3440 XXXl.
939 3387 994 3440 Si
1028 3389 1139 3439 nibil
1181 3406 1345 3439 eorum
1388 3407 1508 3457 quae
1538 3391 1693 3441 visum
1726 3392 1961 3459 effugiunt
1987 3410 2065 3444 se-

175 3474 376 3542 metipso
408 3474 453 3526 vi
487 3475 688 3542 quadam
722 3475 878 3524 sativa
919 3474 1048 3541 prius
1088 3481 1188 3535 est,
1245 3482 1386 3539 atque
1416 3474 1606 3524 definita
1638 3476 1836 3541 quadam
1865 3485 2065 3528 naturae

176 3567 308 3609 sorte
337 3558 636 3622 continetur,
697 3557 778 3625 qui
815 3558 915 3608 fieri
956 3565 1111 3625 potest
1142 3565 1192 3607 ut
1220 3557 1459 3623 ingenitus
1501 3559 1617 3608 deus
1655 3559 1711 3608 ab
1754 3561 1882 3610 omni
1923 3562 2065 3612 sorti-

176 3642 307 3693 tione
337 3642 458 3693 liber
487 3660 618 3693 suam
648 3642 798 3710 ipsius
827 3642 1141 3694 substantiam
1182 3641 1319 3691 modo
1349 3640 1397 3690 in
1430 3640 1590 3708 genita
1623 3643 1787 3694 sobole
1816 3645 2062 3696 inferioris

232 3754 271 3795 2.
304 3756 435 3805 Supra
465 3753 554 3802 πῶς
584 3747 632 3796 ἄν
663 3751 685 3796 ὁ
715 3750 780 3807 οἷγ.

2109 460 2248 495 Matth.

2108 506 2162 547 18,
2186 506 2236 539 al.

2096 2325 2204 2363 Rom.
2228 2328 2260 2371 9,
2282 2328 2314 2362 4.
