2508 4134
561 294 785 338 PANARn
817 297 919 337 Lm.
941 298 1012 337 111.
1041 297 1230 339 ToM.1.
1261 298 1421 339 HAER.
1447 298 1644 339 Lxxvi.
1949 280 2050 337 227

151 397 373 448 inductus
412 403 614 446 aeterno
657 395 748 445 deo
778 395 976 462 eiusque
1018 393 1188 462 spiritu
1218 405 1386 446 sancto
1417 396 1637 464 neglecto
1666 396 1721 447 ad
1755 405 1859 447 tuas
1888 403 2049 463 partes

152 480 357 530 transire
382 478 541 541 malit,
583 495 639 528 ac
670 478 728 528 de
757 478 920 546 genito
951 479 1041 528 deo
1069 478 1386 546 disputantem
1419 480 1600 542 audiat,
1643 488 1693 530 ut
1721 489 1769 531 et
1796 480 1899 548 ipse
1927 479 2053 530 inter

153 564 325 616 stultos
350 570 656 624 numeretur,
696 572 746 611 et
770 572 1032 611 creaturam
1065 564 1164 610 loco
1193 566 1418 611 creatoris
1444 567 1643 612 adorare
1668 567 1927 622 condiscat,
1970 566 2054 628 qui
2071 579 2179 616 Rom.
2205 581 2237 623 1,
2253 579 2302 615 25.

153 658 224 697 est
246 649 508 697 benedictus
531 650 578 695 z'n
611 648 826 705 saecula,
877 650 1067 695 Amen?
1138 643 1246 696 Nos
1283 646 1406 695 enim
1440 656 1652 697 creatum
1693 666 1789 698 non
1824 647 2052 697 habemus

154 732 291 782 deum
320 739 403 781 aut
434 732 639 792 factum,
677 729 762 780 sed
790 729 1073 791 increatum,
1116 736 1165 779 et
1191 746 1218 779 a
1248 729 1377 778 nullo
1407 730 1645 780 conditum
1664 770 1677 793 ,
1719 748 1746 782 a
1773 740 1907 799 patre
1937 748 2055 781 vero

153 815 258 866 siue
294 814 430 864 initio
473 814 569 864 ullo
612 830 666 863 ac
708 821 924 881 tempore
959 813 1191 880 genitum.
1270 810 1509 880 Quicquid
1549 814 1594 864 in
1636 815 1722 865 hac
1755 815 1904 882 geniti
1939 831 2058 866 voce

155 898 422 951 calumniae
451 897 693 948 struxeris
718 905 767 947 et
796 896 1018 964 ambigue
1044 896 1310 965 usurpariS,
1352 913 1456 947 eam
1486 897 1571 948 abs
1602 907 1646 948 te
1673 899 1927 949 dictionem
1962 916 2056 949 non

156 982 432 1045 admittam,
484 981 675 1031 tametsi
718 997 779 1031 ne
821 981 887 1031 ita
928 980 1116 1048 quidem
1158 981 1366 1048 accipias
1408 989 1459 1031 ut
1496 990 1629 1049 patre
1667 982 1867 1032 inferior
1905 984 2059 1034 factus

158 1083 267 1119 esse
293 1065 506 1116 dicatur:
558 1067 720 1130 Neque
747 1069 864 1114 enim
899 1084 924 1114 e
956 1069 1102 1129 spinas
1129 1067 1361 1129 colligunt
1395 1082 1535 1124 uvas,
1589 1084 1734 1131 neque
1772 1085 1832 1115 επ)
1874 1069 2059 1116 tribulis

141 1151 299 1215 ficus,
359 1166 515 1217 neque
559 1148 617 1198 ab
660 1165 719 1199 eo
761 1148 839 1216 qui
882 1165 1096 1199 errorem
1140 1158 1334 1199 secutus
1379 1158 1454 1200 est.
1494 1167 1661 1200 sanum
1714 1168 1768 1200 ac
1817 1150 2058 1201 sincerum

158 1234 329 1300 dogma
357 1231 594 1301 proficisci
626 1240 802 1300 potest.
880 1231 1046 1299 Quare
1086 1233 1305 1284 dominus
1342 1233 1444 1302 ipse
1475 1233 1719 1284 silentium
1749 1235 2060 1285 daemonibus

2116 1073 2156 1108 Μ
2163 1074 2257 1107 atth.

2124 1117 2157 1161 τ,
2182 1118 2232 1154 16.

157 1317 360 1382 indixit,
415 1320 509 1381 Qui
532 1335 582 1365 se
612 1319 845 1365 Christum
875 1335 974 1366 esse
995 1319 1283 1383 fatebantur.
1363 1316 1504 1384 Quod
1535 1327 1694 1369 autem
1725 1318 1782 1368 ad
1811 1335 2059 1368 sacrarum
2081 1333 2218 1379 mm,
2240 1333 2291 1368 41.

160 1401 404 1452 literarum
429 1399 716 1451 sententiam
745 1410 967 1462 exactum
995 1418 1106 1452 esse
1134 1401 1343 1451 libellum
1368 1400 1499 1452 illum
1521 1401 1722 1467 asseriS,
1764 1401 1859 1465 dic,
1894 1401 2064 1453 amabo

162 1494 236 1547 te,
291 1502 522 1552 quaenam
557 1483 749 1535 divinae
783 1485 1052 1553 scripturae
1090 1503 1201 1554 pars
1232 1487 1407 1536 factum
1438 1487 1576 1536 deum
1621 1486 1914 1536 adorandum
1958 1503 2066 1536 esse

162 1569 398 1620 docuerit.
477 1565 617 1635 Quod
645 1568 773 1619 enim
797 1568 1039 1637 ingenitus
1061 1570 1122 1620 sit
1151 1570 1289 1632 deuS‚
1330 1570 1512 1621 dubitat
1538 1587 1697 1621 nemo.
1774 1569 1850 1620 Ac
1877 1570 2065 1620 tametsi

162 1651 439 1703 nominatim
479 1652 591 1702 illud
629 1653 678 1703 in
712 1652 965 1721 scripturis
1001 1671 1288 1722 expressum
1320 1672 1415 1704 non
1451 1655 1621 1717 fuerit,
1676 1653 1983 1704 nihilominus
2017 1663 2068 1704 ut

163 1737 220 1787 de
248 1737 338 1787 deo
369 1745 652 1787 constanter
687 1737 752 1786 ita
792 1737 1059 1804 cogitemus
1101 1755 1156 1788 ac
1188 1739 1523 1806 profiteamur,
1578 1756 1684 1788 cum
1723 1746 1858 1789 recta
1897 1739 2068 1806 piaque

162 1820 312 1883 rati0‚
354 1828 450 1870 tum
480 1820 732 1888 prudentia
759 1820 859 1889 ipsa
887 1822 1163 1890 persuadet.
1241 1823 1393 1873 Addis
1426 1840 1573 1886 vero,
1629 1840 1722 1890 quo
1754 1822 1963 1873 athletae
2002 1823 2066 1872 illi

163 1905 260 1969 tui,
311 1905 389 1955 vel
431 1903 613 1954 erroris
658 1905 816 1973 potius
857 1904 1008 1968 socii,
1076 1906 1263 1956 facilius
1308 1907 1605 1974 intelligant,
1673 1907 2069 1974 quemadmodum

164 1988 299 2040 brevi
327 1997 469 2056 atque
497 1989 721 2056 expedita
753 1990 973 2039 oratione
1001 1989 1257 2057 unicuique
1283 1990 1544 2041 obiectioni
1573 1991 1917 2059 respondeant,
1960 2007 2070 2040 vcr-

165 2090 303 2124 suum
337 2089 471 2123 more
499 2081 545 2122 te
572 2071 758 2140 singula
788 2074 944 2142 capita
973 2073 1253 2141 digessisse.
1333 2073 1658 2142 Quamobrem
1688 2075 1806 2125 haec
1830 2074 1935 2143 ipsa
1970 2083 2068 2137 tua,

166 2166 218 2208 ut
242 2155 430 2225 quidem
463 2155 745 2220 existimas,
800 2158 1101 2220 firmissima,
1156 2160 1239 2213 sed
1283 2159 1542 2227 sophistica
1584 2168 1894 2227 argumenta,
1948 2175 2071 2226 quae

165 2242 225 2292 ad
265 2241 580 2292 confutandos
623 2242 1003 2308 praestantiores
1041 2259 1255 2310 quosque
1297 2243 1583 2307 elaborasti,
1638 2252 1690 2293 ut
1729 2260 1783 2294 os
1821 2251 1951 2293 tuum
1992 2261 2072 2294 su-

168 2324 314 2394 perbe
346 2333 515 2375 contra
542 2325 796 2376 veritatem
827 2326 1120 2391 extollereS,
1163 2326 1281 2378 haec
1309 2345 1426 2391 nos,
1467 2327 1680 2395 inquam,
1724 2327 1844 2378 viles
1872 2336 1921 2378 et
1952 2327 2073 2377 idio·

168 2418 274 2472 tae,
329 2425 487 2476 neque
528 2426 592 2459 ex
635 2409 969 2478 primariorum
1013 2410 1202 2462 illorum
1236 2428 1464 2475 numeru,
1517 2413 1600 2462 sed
1642 2411 1883 2480 plerisque
1913 2412 1990 2479 qui
2024 2411 2073 2461 in

169 2500 336 2544 sancta
362 2491 437 2542 dei
467 2492 675 2543 ecclesia
703 2503 964 2544 censentur
987 2494 1275 2559 iuferioreS,
1316 2497 1556 2559 refutare,
1609 2496 1678 2546 uti
1708 2496 1948 2559 diximuS,
1990 2513 2075 2563 ag-

167 2577 441 2645 gredimur,
495 2593 553 2627 ac
578 2584 706 2628 tuam
744 2577 872 2629 illam
903 2579 1192 2631 inconditam
1235 2580 1705 2649 abiectissimamque
1733 2580 2074 2649 loquacitatem

170 2661 416 2713 refellere.

311 2742 405 2796 Ill.
435 2742 534 2797 Sed
555 2745 787 2796 adversus
815 2753 944 2796 tuum
966 2746 1078 2798 illud
1101 2748 1396 2815 prooemium
1420 2748 1650 2800 hactenus
1675 2748 1963 2817 disputatum
1980 2755 2072 2797 est.

173 2827 334 2882 Venio
374 2847 500 2881 nunc
543 2829 602 2880 ad
638 2829 750 2879 illud
791 2838 980 2881 tuorum
1025 2831 1229 2899 capitum
1269 2832 1580 2901 principium,
1637 2834 1761 2900 quod
1795 2831 1873 2882 ubi
1907 2848 2077 2899 propo-

174 2933 351 2979 suero,
403 2915 638 2966 adversus
667 2930 1049 2982 unamquamque
1079 2933 1244 2965 vocem
1276 2925 1324 2966 et
1350 2925 1491 2983 caput
1518 2934 1652 2968 suam
1684 2915 2021 2966 refutationem
2051 2930 2077 2963 e

154 2999 329 3052 ‚sacris
352 2998 507 3050 literis
531 3016 585 3049 ac
612 3006 746 3048 recta
772 2998 960 3049 ratione
988 2999 1333 3068 depromptam,
1367 3001 1456 3051 hoc
1484 3009 1558 3051 est
1583 3000 1843 3068 logicarum
1867 2997 2077 3048 omnium

175 3093 366 3136 tuarum
404 3082 736 3151 quaestionum
778 3082 1141 3133 dissolutionem
1180 3101 1442 3152 opponam:
1496 3094 1546 3134 ut
1577 3103 1682 3135 cum
1718 3083 1794 3133 dei
1823 3081 1982 3145 servi,
2022 3080 2079 3130 ii-

178 3169 378 3236 demque
402 3168 624 3219 veriores
668 3165 903 3229 athletae,
957 3183 1021 3217 ex
1061 3167 1120 3218 iis
1150 3169 1328 3218 nostris
1359 3185 1497 3235 quam
1526 3168 1733 3218 absurda
1762 3166 1826 3217 sit
1863 3165 2080 3216 doctrina

178 3262 262 3304 tua
288 3251 567 3314 didicerint,
603 3249 862 3313 irrideant,
904 3259 952 3300 et
981 3251 1095 3301 illud
1123 3261 1381 3320 usurpent:
1425 3254 1651 3317 Superbia
1680 3254 1834 3300 cordis
1870 3253 1943 3298 tm·
1966 3252 2187 3298 haee-1201.
2211 3260 2265 3305 14,
2293 3260 2330 3293 13

183 3339 270 3387 tibi
286 3338 428 3403 fecit.-
482 3345 532 3385 tec
566 3339 684 3385 enim.
710 3338 878 3383 dtim'stz'
902 3337 1014 3383 haec
1039 3338 1086 3384 z’n
1125 3340 1406 3400 cogz'tatzone
1434 3346 1538 3394 tua,
1590 3338 1852 3384 Ascendam
1893 3339 1940 3383 in
1982 3353 2083 3383 coe-

184 3425 304 3481 lum,
360 3430 407 3470 et
443 3437 587 3484 supra
616 3421 778 3468 stellas
808 3421 930 3468 coele¹
955 3436 1125 3483 ponam
1161 3422 1373 3469 thronum
1414 3437 1557 3467 meum
1576 3439 1590 3466 .·
1646 3420 1808 3467 sedebo
1853 3422 1900 3468 in
1934 3429 2083 3468 monte

242 3558 306 3601 14.
336 3560 418 3611 σῆς
442 3561 500 3599 ed.
527 3561 662 3601 Petav.
678 3560 807 3599 Coton.
826 3563 942 3609 repet.
965 3562 1110 3601 vitiose.
1224 3557 1285 3600 16.
1316 3558 1386 3600 τοῦ
1412 3560 1548 3597 vitium
1585 3562 1639 3598 est
1663 3559 1751 3598 edit.
1793 3560 1924 3598 Petav.
1957 3559 2084 3598 Coton.

243 3617 304 3657 15.
337 3612 536 3670 εὐσεβῶς,
566 3617 667 3665 quod
689 3617 805 3665 vulgo
828 3618 932 3654 abest
956 3618 1004 3654 ab
1029 3618 1109 3655 edi·
1164 3619 1279 3664 repet.

186 3677 248 3725 tis,
275 3674 427 3722 reposui
448 3683 496 3711 eoe
518 3675 674 3721 utroque
699 3673 811 3710 codd.
838 3683 927 3710 mss.
984 3674 1110 3722 Ayno-
1226 3669 1288 3711 17.
1320 3670 1575 3724 βραχυτῆτος
1614 3671 1723 3709 codd.
1750 3681 1838 3710 mss.
1875 3674 2028 3719 uterque
2055 3672 2089 3708 et

186 3733 255 3793 scit
283 3729 460 3768 Coi-narii
493 3729 618 3767 versio
645 3725 698 3765 de
724 3725 804 3766 deo
833 3726 900 3780 pie
927 3726 1008 3766 hoc
1037 3741 1110 3766 co-
1166 3728 1255 3767 edit.
1281 3728 1403 3776 princ.
1464 3723 1721 3779 βραχύτητος
1745 3726 1803 3766 ed.
1830 3727 1960 3766 Petav.

188 3794 330 3839 gitare.

1643 3849 1753 3904 15*

2167 3313 2247 3347 sqq.
