2508 4134
505 278 727 318 ΡΛΝΑΒιι
759 277 858 316 ιΑΒ.
882 277 953 316 ιιι.
984 277 1117 317 ΤοΜ.
1150 278 1199 316 ιι.
1233 276 1396 317 HAER.
1428 276 1630 316 LXth.
1923 266 2023 314 447

127 382 254 437 star,
309 373 659 442 sapientissima
686 375 760 425 dei
802 374 1018 425 doctrina
1060 392 1114 424 ac
1150 374 1360 442 potentia
1402 377 1549 440 (quae
1584 372 1712 423 velut
1741 381 1913 441 styrax
1945 389 2022 421 or-

125 457 230 507 bem
271 465 507 507 terrarum
550 458 812 526 fragrantia
844 475 959 521 sua,
1013 456 1102 507 ltoc
1144 467 1217 507 est
1257 466 1530 508 sanctorum
1577 456 1865 523 virginitatis
1904 455 2022 505 lilio-

124 557 257 603 rum,
316 540 452 591 cuius
481 540 620 591 beata
652 541 789 608 virgo
828 540 1048 609 princeps
1087 549 1190 601 est,
1246 540 1420 591 virtute
1460 541 1766 608 complevit),
1818 548 1865 589 et
1894 538 2021 589 illius

125 623 364 692 praesidio
390 623 467 691 qui
492 642 577 692 per
602 625 800 675 eandem
834 625 1068 691 virginem
1102 622 1210 673 huic
1245 624 1419 674 mundo
1451 624 1609 674 lumen
1642 622 1857 686 invexit,
1913 640 2016 673 cua·

124 708 354 758 hactenus
391 708 438 757 in
479 708 630 758 lucem
673 708 970 770 eruerimus,
1025 715 1165 774 atque
1205 707 1417 758 exitialis
1457 707 1582 756 illius
1615 706 1854 773 nequitiae
1885 706 2018 756 virus

122 791 521 859 patefecerimuS,
562 792 619 842 ad
651 801 838 843 ceteras
867 790 1134 841 orationem
1164 790 1579 859 promovebimus,
1621 808 1714 857 quo
1746 790 1852 840 huic
1884 789 2018 857 operi

122 876 353 944 singulari
384 876 457 927 dei
491 894 581 944 ope
612 883 836 942 suscepto
868 875 1006 925 finem
1035 874 1289 941 aliquando
1320 875 1510 924 tandem
1546 873 1874 925 adhibeamuS.

229 1136 232 1139 y
387 1058 884 1119 ADVERSUS
948 1056 1748 1130 COLLYRIDIANOS,

289 1157 383 1233 qui
424 1157 628 1217 Mariae
673 1157 994 1217 sacrificium
1039 1156 1292 1216 offerunt.
1381 1155 1643 1216 Haeresis
1676 1154 1849 1228 LIX„

861 1256 978 1317 sive
1011 1254 1274 1319 LXXIX.

255 1377 376 1430 Post
399 1379 698 1448 superiorem
725 1380 854 1431 illam
886 1379 1107 1431 haeresin
1125 1419 1137 1443 ‚
1179 1380 1400 1448 proxime
1427 1380 1482 1429 ad
1510 1396 1598 1430 nos
1630 1378 1827 1430 alterius
1856 1380 2015 1430 cuius-

119 1463 223 1512 dam
256 1464 377 1514 fama
410 1464 591 1532 perlata
633 1473 735 1527 est,
789 1465 846 1514 de
891 1483 983 1532 qua
1031 1462 1182 1514 Paulo
1227 1472 1338 1514 ante
1384 1463 1673 1514 mentionem
1721 1464 1768 1514 in
1816 1463 2017 1531 epistola

118 1546 199 1597 illa
233 1547 524 1598 faciebamus
551 1565 689 1615 quam
716 1548 774 1598 de
801 1546 959 1599 Maria
983 1548 1171 1614 virgine
1196 1548 1243 1597 in
1271 1548 1494 1598 Arabiam
1526 1547 1824 1616 scripsimus.
1885 1546 2016 1598 llaec

118 1630 245 1680 enim
276 1630 490 1682 haeresis
521 1631 569 1681 in
600 1632 830 1682 Arabiam
862 1650 888 1682 e
925 1631 1139 1683 Thracia
1165 1650 1220 1682 ac
1249 1632 1499 1700 superiore
1530 1631 1728 1701 Scythia
1758 1632 1926 1683 diffusa
1959 1632 2014 1682 ad

117 1731 260 1765 aures
292 1732 443 1782 usque
483 1725 673 1767 nostras
706 1716 943 1784 pervenit.
1022 1713 1160 1782 Quae
1192 1716 1379 1783 quidem
1422 1717 1542 1784 apud
1576 1718 1835 1785 prudentes
1868 1715 2016 1765 homi—

117 1815 204 1848 nes
230 1790 430 1850 ridicula
457 1817 513 1850 ac
540 1799 744 1850 ludibrio
774 1800 913 1867 digna
942 1809 1185 1851 censetur.
1265 1797 1362 1851 Sed
1390 1817 1477 1851 nos
1505 1817 1700 1851 errores
1728 1800 1856 1851 illius
1884 1800 2016 1850 dete-

114 1899 231 1949 gere
262 1901 319 1933 ac
350 1882 460 1950 quid
502 1883 606 1951 ipsa
647 1883 928 1951 profiteatur
958 1883 1146 1952 aperire
1185 1884 1484 1935 conabimur.
1561 1883 1668 1935 Nec
1707 1884 1869 1935 dubito
1903 1884 2014 1951 quin

114 1965 346 2017 stultitiae
388 1967 669 2035 plurimum,
725 1967 988 2035 sapientiae
1031 1986 1089 2018 ne
1129 1968 1372 2018 minimum
1404 1968 1589 2034 quidem
1632 1969 1806 2019 babere
1836 1967 2015 2018 iudice-

115 2058 219 2114 tur3
274 2051 539 2101 cuiusmodi
572 2059 759 2102 ceteras
790 2069 957 2103 omnes
991 2051 1097 2102 buic
1130 2053 1295 2103 affines
1326 2069 1437 2103 esse
1472 2052 1809 2120 cognovimus.
1883 2050 2011 2102 Nam

112 2142 166 2185 ut
193 2135 333 2203 paulo
372 2143 480 2186 ante
512 2135 591 2203 qui
629 2135 928 2204 superiorem
962 2136 1087 2186 illam
1123 2145 1302 2186 sectam
1336 2137 1545 2205 amplexi
1572 2146 1713 2200 sunt,
1768 2145 2015 2187 contume-

113 2218 259 2270 liosas
290 2218 338 2269 in
368 2219 557 2270 beatam
589 2218 825 2287 virginem
859 2220 1110 2288 opiniones
1150 2220 1390 2271 hominum
1432 2221 1636 2288 ingeniis
1680 2230 2010 2290 asperserunt,

111 2303 181 2353 sic
206 2302 287 2354 isti
315 2304 606 2354 contrariam
631 2305 679 2354 in
709 2313 889 2372 partem
919 2305 1215 2355 declinantes
1246 2314 1512 2356 extremam
1539 2305 1586 2355 in
1618 2323 1797 2356 noxam
1821 2323 1875 2355 ac
1907 2322 2014 2373 per-

113 2386 285 2437 niciem
329 2386 624 2450 inciderunt,
678 2397 729 2439 ut
768 2388 1016 2455 gentilium
1052 2388 1439 2457 philosophorum
1468 2389 1659 2439 celebre
1692 2390 1802 2439 illud
1834 2388 2010 2439 dictum

110 2470 160 2521 in
197 2470 313 2538 ipsis
355 2471 719 2539 comprobetur,
772 2477 1087 2521 extremitates
1122 2476 1425 2539 aequalitates
1456 2493 1570 2524 esse.
1650 2471 1895 2542 Siquidem
1928 2490 2013 2541 par

111 2563 161 2605 et
190 2554 314 2604 idem
345 2572 410 2605 ex
435 2555 664 2606 ambabus
691 2555 972 2607 haeresibus
1001 2557 1337 2608 detrimentum
1369 2558 1560 2621 accidit,
1602 2577 1706 2610 cum
1741 2558 1819 2609 alii
1847 2575 2011 2608 sacro-

110 2647 309 2689 sanctae
337 2639 538 2706 virginis
574 2639 851 2706 dignitatem
883 2640 1094 2704 elevent,
1136 2641 1217 2692 alii
1246 2632 1437 2710 praeter
1467 2643 1653 2693 modum
1686 2660 1742 2693 ac
1776 2642 2008 2693 rationem

110 2722 348 2773 attollant.
423 2721 551 2774 Nam
599 2725 722 2791 quod
767 2724 825 2774 ad
867 2725 1105 2792 posterius
1144 2725 1233 2776 hoc
1272 2726 1442 2794 dogma
1482 2726 1718 2794 pertinet,
1777 2743 2008 2794 quosnam

110 2814 302 2875 praeter
332 2806 636 2858 mulierculas
666 2816 911 2871 auctores,
945 2826 1001 2859 ac
1029 2818 1259 2878 patronos
1284 2810 1459 2861 babet?
1510 2809 1652 2877 Quod
1680 2828 1834 2878 genus
1864 2809 2009 2860 lubri-

110 2907 215 2940 cum
251 2899 301 2940 et
335 2890 385 2941 in
415 2908 630 2942 errorem
664 2891 902 2960 proclive,
954 2909 1009 2943 ac
1047 2893 1202 2961 pusilli
1246 2895 1498 2944 admodum
1541 2904 1590 2945 et
1632 2893 1825 2963 angusti
1863 2892 2009 2944 animi

109 2990 222 3025 esse
248 2975 389 3025 solet.
465 2973 564 3027 Per
590 2992 672 3026 eas
702 2975 860 3042 itaque
893 2975 1106 3027 diabolus
1137 2978 1411 3028 evomuisse
1441 2978 1555 3029 illud
1584 2979 1799 3040 videtur,
1860 2977 2007 3026 idem-

110 3075 202 3125 que
245 3059 331 3108 hac
371 3059 417 3109 in
462 3069 597 3128 parte
640 3060 813 3110 fecisse
862 3060 984 3126 quod
1032 3077 1116 3126 per
1166 3059 1444 3128 Quintillam
1489 3081 1545 3112 ac
1591 3061 1911 3112 Maximillam
1959 3068 2007 3109 et

108 3138 375 3193 Priscillam
404 3144 451 3193 in
484 3143 695 3194 ridiculis
722 3143 814 3193 illis
846 3142 1213 3194 disseminandis
1240 3145 1486 3196 erroribus
1518 3146 1842 3214 praestiterat.
1919 3142 2005 3193 Et-

109 3225 234 3275 enim
278 3227 504 3277 mulieres
548 3228 776 3294 quaedam
816 3244 1007 3276 currum
1054 3225 1157 3277 sive
1201 3229 1365 3279 sellam
1399 3231 1675 3296 quadratam
1715 3229 2005 3278 adornantes

109 3325 165 3358 ac
198 3309 344 3360 linteo
385 3311 591 3379 desuper
631 3320 831 3362 extento
870 3310 1075 3361 sollenni
1117 3320 1329 3380 tempore
1367 3331 1452 3381 per
1484 3312 1663 3380 aliquot
1694 3313 1795 3363 dies
1837 3329 2006 3379 panem

108 3403 398 3461 proponunt,
441 3403 488 3444 et
515 3395 562 3444 in
586 3394 777 3446 Mariae
805 3411 978 3444 nomen
1003 3395 1229 3445 offerunt.
1308 3395 1435 3446 Tum
1466 3397 1521 3445 ad
1555 3414 1694 3446 unam
1724 3413 1891 3446 omnes
1925 3395 2005 3446 illo

110 3485 388 3528 vescuntur.
464 3476 539 3528 De
585 3497 677 3546 quo
722 3480 769 3528 in
812 3478 1012 3546 epistola
1059 3477 1138 3527 illa
1184 3496 1319 3544 quam
1362 3480 1409 3529 in
1456 3480 1687 3529 Arabiam
1726 3479 2004 3546 scripsimus

111 3561 325 3611 nonnihil
363 3562 735 3631 disputavimus:
790 3580 915 3613 nunc
954 3578 1071 3612 vero
1111 3562 1382 3612 accuratius
1414 3562 1599 3630 singula
1637 3580 1999 3631 prosequemur,

110 3692 214 3724 tates
235 3689 500 3736 interpretatas
522 3689 592 3740 est)
615 3694 648 3728 et
663 3692 845 3729 petavius
865 3700 1035 3729 correxe-
1148 3689 1184 3727 ὁ.
1216 3690 1364 3738 Repone
1390 3701 1435 3729 τε
1456 3701 1528 3738 pro
1558 3685 1616 3730 δὲ.

110 3745 210 3805 rant.
269 3737 530 3807 uaqu'mreg
547 3747 657 3784 codd.
674 3748 749 3785 Ien.
770 3747 925 3795 Rhediy.
951 3747 1029 3784 Pa·
1141 3741 1181 3783 6.
1215 3746 1273 3794 Cf.
1300 3745 1515 3784 Gazakerus
1543 3747 1638 3795 Opp.
1670 3747 1773 3786 Critt.
1797 3755 1891 3796 paq.
1908 3742 2000 3787 814.

109 3807 174 3835 rus-
236 3811 526 3851 μακαροτητες
551 3802 642 3840 editi
666 3803 766 3841 libri.

2069 1384 2164 1438 Cap.
2185 1387 2211 1423 l.
