2508 4134
516 308 740 349 PANAan
767 308 870 348 Lm.
896 308 967 347 ω.
999 309 1132 349 ΤοΜ.
1158 310 1188 349 1.
1218 310 1379 350 HAER.
1403 311 1597 350 mcxvi.
1905 299 2006 350 259

108 408 351 479 gitandus.
427 405 508 457 Ex
536 423 629 474 quo
654 404 1055 474 profundissimus
1086 405 1180 456 iste
1213 424 1352 457 error
1379 408 1435 458 ad
1464 408 1705 476 ingentem
1733 407 2007 476 dogmatum

109 503 154 546 et
181 490 528 544 sententiarum
559 489 901 540 absurditatem
929 498 1172 558 postremo
1202 490 1467 542 deducitur.
1542 490 1716 560 Neque
1742 491 1868 542 enim
1896 510 2011 543 con-

107 578 281 628 sistere
310 574 495 626 animus
530 573 712 643 uspiam
751 573 945 641 poterit,
986 574 1069 623 sed
1100 572 1213 623 illud
1247 590 1272 623 e
1302 575 1553 642 scripturis
1581 575 1819 644 implebit:
1862 579 2107 625 Stultz’tob.
2132 587 2185 631 ιο,
2213 587 2260 622 14.

103 664 228 728 faeti
246 669 359 709 sunt
382 662 462 708 dei
480 662 620 718 servi,
661 668 707 706 et
723 659 886 723 fatuus
913 661 1058 706 omnis
1086 659 1218 706 homo
1242 661 1451 707 redditus
1477 669 1546 707 est
1567 677 1596 708 a
1620 664 1829 710 scientia.
1907 658 1957 711 N
1963 677 2012 710 e-

110 762 201 813 que
246 743 371 793 enim
409 744 504 791 sibe·
548 745 641 807 ψει·
677 745 914 807 quisquam
959 745 1100 800 vivit,
1154 751 1237 790 aut
1274 746 1497 801 moritur,
1569 760 1723 810 neque
1774 744 2006 811 quicpiam
2041 762 2265 806 Romu-m-

111 827 359 895 cognoscit
387 826 509 877 ullus
551 826 656 876 sine
696 843 783 894 ope
821 824 924 887 dei,
981 824 1058 892 qui
1100 842 1265 875 veram
1299 825 1437 875 nobis
1477 827 1611 876 tidem
1651 828 1901 894 patefecit,
1957 845 2012 878 ac

112 913 257 974 dixit,
299 915 387 960 Hic
412 911 633 974 estfilius
660 927 785 958 meus
811 912 1034 967 dilectus,
1088 913 1234 974 zpsum
1260 913 1442 969 audite,
1497 927 1551 960 ac
1583 911 1687 961 sine
1717 911 1840 962 illius
1870 929 2009 979 quem
2062 931 2202 967 Matth.

111 996 275 1064 genuit
304 993 515 1056 auxilio,
569 993 646 1060 qui
674 1011 810 1044 suum
841 993 979 1042 nobis
1007 1001 1188 1061 patrem
1221 993 1486 1044 declaravit
1511 994 1583 1044 his
1607 994 1799 1045 verbis:
1853 999 1958 1060 Ego
1984 1014 2013 1044 a
2076 975 2204 1051 idalia.

104 1090 243 1146 patre
284 1082 413 1128 exim·
445 1088 494 1127 et
525 1082 670 1127 venio.
749 1075 904 1127 Porro
951 1094 1105 1144 neque
1147 1093 1210 1127 ex
1256 1077 1496 1128 hominum
1543 1079 1861 1147 appellatione
1896 1081 2012 1130 deus
2084 1059 2210 1104 ¹⁶²¹&

110 1164 222 1214 illud
250 1161 621 1230 incomparabile
653 1162 850 1212 sortitus
879 1170 982 1223 est,
1024 1178 1179 1228 neque
1212 1160 1272 1211 ob
1306 1162 1428 1211 idem
1458 1162 1853 1229 incomparabile,
1914 1164 2016 1214 veri

114 1241 169 1298 ac
199 1246 506 1297 subsistentis
548 1246 622 1296 dei
663 1245 827 1309 verbi,
886 1254 985 1295 eta
1019 1254 1152 1312 patre
1188 1245 1292 1295 siue
1330 1245 1424 1296 ullo
1454 1246 1592 1305 initio
1627 1246 1792 1297 eadem
1821 1245 1870 1297 in
1907 1247 2018 1296 sub-

113 1330 288 1383 stantia
331 1330 480 1398 geniti
523 1329 731 1398 dignitas
773 1329 1100 1396 abrogabitur.
1177 1327 1416 1380 Neutrum
1459 1330 1583 1380 enim
1626 1329 1828 1381 istorum
1869 1331 2020 1380 nomi-

115 1433 227 1466 num
251 1414 459 1482 ingeniis
488 1414 751 1478 hominum,
792 1414 870 1465 vel
898 1413 1108 1464 inventis
1131 1422 1378 1482 acceptum
1407 1415 1653 1465 ferendum
1685 1423 1776 1465 est.
1831 1412 2020 1483 Quippe

116 1500 277 1550 diviua
308 1506 477 1549 natura
518 1515 690 1549 novam
729 1498 903 1548 nnllam
934 1497 1212 1565 dignitatem
1245 1497 1640 1549 accessionemve
1668 1507 1826 1566 potest
1853 1500 2022 1549 admit-

117 1591 251 1644 tere,
307 1584 417 1650 qnin
453 1583 611 1650 potius
650 1599 715 1632 ex
754 1599 813 1632 eo
840 1582 962 1649 quod
995 1582 1132 1650 plene
1160 1581 1207 1632 in
1242 1599 1351 1632 sese
1385 1582 1776 1651 abundanterque
1808 1582 2023 1634 continet

117 1666 336 1718 omnibus
365 1667 662 1735 suppeditat,
716 1667 884 1716 eodem
916 1666 963 1716 in
1004 1674 1130 1716 statu
1171 1683 1486 1734 permanens,
1541 1685 1630 1718 nec
1661 1668 1758 1718 ullo
1786 1668 1926 1718 modo
1955 1666 2023 1717 ‹li-

116 1750 326 1813 minuta‚
378 1767 434 1800 ac
459 1751 646 1800 demum
693 1750 900 1801 nominis
938 1749 1065 1800 illius
1092 1767 1149 1801 ac
1180 1752 1431 1819 potestatis
1461 1761 1510 1802 et
1537 1752 1836 1803 substantiae
1872 1752 2026 1820 digni-

118 1842 265 1885 tatem
302 1834 350 1884 in
391 1841 559 1884 natura
598 1850 681 1894 sua
724 1833 1074 1902 complectitur.
1148 1896 1150 1899 .

257 1916 390 1968 Aetii
417 1914 576 1985 Caput
606 1914 754 1968 ΧΙΙΙ.
831 1916 888 1969 Si
915 1918 1114 1986 ingeniti
1143 1919 1354 1970 conditio
1385 1919 1476 1969 deo
1510 1921 1818 1970 extrinsecus
1845 1920 2027 1989 affingi-

121 2011 224 2065 tur,
280 2002 358 2069 qui
391 2018 496 2052 eam
525 2002 817 2052 affinxerunt
848 2003 890 2052 ei
920 2002 1007 2070 ipsi
1044 2003 1118 2053 cui
1154 2003 1394 2070 affingitur
1425 2011 1696 2071 praestant,
1751 2021 1856 2054 cum
1887 2021 2027 2072 prae-

122 2086 330 2137 stantius
369 2102 506 2153 quam
548 2093 716 2136 natura
755 2087 963 2154 patiatur
1000 2086 1045 2137 ei
1083 2105 1257 2138 nomen
1297 2087 1578 2138 attribuant.

264 2166 462 2221 Conl'ut.
500 2167 646 2220 ΧΙΙΙ.
726 2168 832 2221 Deo
882 2171 1052 2221 melior
1101 2188 1209 2223 esse
1265 2189 1405 2222 nemo
1463 2180 1619 2240 potest
1672 2177 1747 2238 (ut
1794 2172 2028 2224 adversus

122 2253 316 2304 Aetium
356 2254 613 2304 commenti
648 2254 787 2305 liuius
834 2263 1078 2306 auctorem
1121 2256 1411 2324 disputem),
1468 2274 1622 2324 neque
1670 2255 1923 2324 quicquam
1970 2273 2028 2307 eo

123 2337 214 2388 dici
248 2347 404 2405 potest
429 2338 612 2389 verius.
688 2337 814 2389 Nam
845 2340 1083 2407 quomodo
1111 2339 1358 2407 quisquam
1389 2341 1479 2390 deo
1512 2340 1682 2390 melior
1709 2358 1818 2391 esse
1849 2348 2026 2409 potest,

126 2439 232 2472 cum
262 2421 319 2471 ab
346 2438 405 2472 eo
429 2422 526 2472 sint
556 2423 714 2473 omnia
742 2425 1006 2491 producta?
1079 2421 1201 2475 Cum
1234 2423 1381 2492 igitur
1406 2424 1703 2475 conditarum
1732 2442 1759 2474 a
1786 2441 1838 2475 se
1868 2441 2030 2475 rerum

127 2505 336 2556 omnium
366 2515 535 2556 auctor
558 2507 620 2556 sit
642 2507 759 2557 deus
787 2525 843 2557 ae
872 2507 1152 2576 principium
1179 2516 1271 2558 tam
1300 2526 1420 2576 quae
1449 2508 1635 2559 ratione
1658 2509 1900 2576 praeditae
1920 2516 2034 2559 sunt

128 2607 266 2657 quam
297 2606 418 2657 quae
443 2589 630 2640 ratione
660 2600 852 2654 carent,
893 2599 987 2642 tam
1019 2609 1138 2659 quae
1169 2592 1320 2642 videri
1347 2602 1549 2661 possunt
1575 2611 1714 2661 quam
1742 2610 1865 2661 quae
1894 2609 2032 2661 aspc-

129 2682 255 2724 etum
299 2672 518 2741 fugiunt,
573 2690 775 2725 necesse
804 2683 879 2725 est
924 2675 1144 2725 omnibus
1182 2684 1232 2725 nt
1269 2676 1330 2726 sit
1359 2677 1441 2728 ille
1480 2677 1832 2746 praestantior,
1886 2693 2034 2744 qnan-

130 2757 306 2809 tumvis
337 2774 403 2808 ex
448 2757 591 2808 rebus
622 2758 833 2820 creatis,
889 2775 1008 2825 quae
1050 2758 1236 2809 ratione
1277 2761 1519 2827 praeditae
1559 2769 1699 2825 sunt,
1752 2769 1935 2811 rectum
1975 2759 2033 2809 ad

132 2842 357 2911 pietatem
397 2842 604 2891 animum
647 2841 969 2903 obtinuerint,
1025 2851 1073 2891 ut
1114 2859 1178 2892 ex
1208 2844 1364 2911 aliqua
1408 2854 1541 2912 parte
1576 2843 1895 2896 excellentius
1921 2842 2034 2892 illud

134 2927 294 2977 colere
329 2943 384 2976 ac
413 2925 692 2994 praedicare
724 2926 927 2993 possint.
1005 2924 1195 2976 Etenim
1224 2927 1262 2977 si
1290 2927 1337 2977 in
1370 2946 1512 2979 unum
1540 2929 1693 2979 locum
1725 2928 2037 2978 conferantur

136 3027 334 3072 omnes,
389 3018 438 3060 et
463 3010 648 3060 infinito
680 3009 839 3076 plures
871 3008 1181 3072 adiiciantur,
1240 3019 1382 3078 atque
1414 3013 1471 3062 ad
1505 3012 1866 3063 collaudandum
1897 3010 2034 3059 deum

135 3095 267 3146 vires
305 3111 417 3145 suas
459 3110 627 3144 omnes
664 3092 939 3155 intendant,
996 3111 1234 3161 nunqnam
1268 3097 1527 3161 perfectum
1570 3097 1694 3146 illius
1732 3093 2036 3162 splendorem

137 3195 193 3229 ac
221 3177 419 3245 gloriam
465 3178 513 3227 in
551 3177 724 3245 seipsis
769 3177 1023 3245 concipere
1055 3186 1306 3245 poterunt3
1362 3197 1420 3229 eo
1453 3180 1577 3246 quod
1616 3175 1937 3245 praestantior
1959 3175 2039 3225 illa

140 3270 310 3313 natura
344 3261 624 3312 inferiorum
654 3279 710 3312 ac
742 3261 831 3311 sibi
862 3260 1183 3312 subiectarum
1215 3262 1551 3328 cogitationem
1592 3279 1780 3312 omnem
1821 3269 2036 3330 superat,

139 3346 252 3397 licet
280 3362 366 3414 pro
391 3344 606 3408 viribus,
648 3346 743 3396 imo
774 3362 917 3413 supra
950 3344 1108 3405 vireS,
1164 3344 1379 3395 laudibus
1413 3345 1777 3413 praeconiisque
1804 3345 1905 3395 suis
1934 3362 2038 3395 cum

143 3429 497 3499 praestantiore
525 3430 794 3497 adaequare
823 3446 875 3480 se
908 3436 1161 3479 conentur.
1238 3426 1330 3478 Est
1361 3429 1485 3478 enim
1526 3447 1619 3478 non
1658 3428 1762 3479 solo
1794 3445 2039 3491 sermone,

145 3514 230 3566 sed
271 3521 533 3582 potestate,
590 3530 709 3564 voce
749 3531 805 3564 ac
832 3514 1020 3563 ratione
1057 3511 1396 3579 praestantior.
1473 3509 1628 3561 Porro
1668 3512 2043 3580 incomparabile

145 3615 290 3648 unum
317 3597 375 3646 ab
403 3597 555 3647 altero
584 3614 822 3664 nunquam
853 3594 1214 3647 excellentioris
1240 3594 1298 3644 ab
1321 3594 1630 3645 inferioribus
1655 3605 1878 3664 suscepta
1909 3612 2046 3663 prae-

147 3681 323 3732 dicatio
351 3679 612 3748 separabit.
688 3678 843 3732 Novit
872 3680 997 3731 enim
1029 3679 1074 3729 in
1102 3687 1236 3747 patre
1264 3677 1586 3744 praestantius
1613 3679 1774 3730 inesse
1801 3680 2041 3748 quiddam,

148 3774 383 3832 quatenus
415 3771 489 3815 est
519 3763 792 3831 ingenitus,
849 3781 903 3814 ac
932 3761 1252 3832 praestantius
1290 3760 1453 3813 itidem
1492 3779 1601 3815 esse
1629 3763 1719 3814 hoc
1746 3765 1869 3832 quod
1897 3764 1954 3815 ab
1987 3780 2045 3814 eo

1605 3859 1714 3915 17*
