2508 4134
511 305 741 347 PANAau
772 306 876 347 Lm.
902 306 972 346 nr.
1000 306 1132 347 ToM.
1159 307 1191 347 1.
1222 307 1389 350 HAER.
1415 306 1596 347 Lxxu.
1939 297 2005 348 65

107 403 261 457 ciendi
290 403 367 468 vi,
408 420 497 455 nee
525 421 619 454 nou
651 411 700 454 et
727 403 934 466 virtute,
976 403 1182 455 consilio
1211 405 1461 473 gloriaque
1489 404 1732 474 praedita,
1774 420 1869 454 non
1903 403 2007 454 ani-

105 507 179 540 ma
221 497 444 556 motuque
487 504 690 550 earenS,
746 496 829 539 aut
870 487 1105 538 eiusmodi
1143 505 1265 555 quae
1310 489 1355 539 iu
1390 489 1484 539 alio
1523 498 1572 539 ut
1608 488 1669 539 sit
1703 487 1902 551 habeat,
1959 496 2009 538 et

106 572 449 642 quodammodo
479 571 729 640 pingatur,
784 571 831 622 in
861 572 1020 640 seipsa
1048 588 1166 622 vero
1205 589 1262 622 ae
1308 589 1393 640 per
1427 589 1537 622 sese
1581 572 1773 623 minime
1812 588 2007 622 movea-

104 667 198 708 tur.
276 653 398 708 Cum
434 664 591 706 autem
638 655 794 723 imago
831 656 958 707 nulla
996 656 1042 705 in
1086 673 1138 706 re
1179 655 1238 706 ab
1278 656 1542 723 exemplari
1579 656 1772 708 diversa
1812 657 2006 721 dicitur,

105 750 283 811 patrem
317 749 488 790 exacta
526 740 604 790 illa
635 739 894 790 similitudo
922 757 1017 790 non
1048 740 1188 804 facit,
1241 738 1326 790 sed
1360 739 1504 789 lilium
1543 740 1761 792 omnibus
1799 743 1856 792 ad
1896 740 2010 792 illud

105 824 354 893 exemplar
395 823 606 875 numeris
645 840 952 892 expressum.

229 907 493 959 ‘Hactenus
532 926 596 959 ex
635 907 840 959 Acacio.

245 994 339 1043 lam
380 1009 497 1043 vero
538 991 725 1060 qnidam
769 1009 833 1043 ex
875 991 1159 1043 orthodoxis
1200 992 1426 1042 fratribus
1458 993 1638 1044 nostris
1675 1001 1723 1043 et
1762 996 2011 1046 confesso-

105 1076 238 1128 ribus
284 1076 640 1146 expositionem
684 1076 790 1127 lidei
833 1093 858 1126 a
893 1077 1171 1144 quibusdam
1213 1074 1434 1127 Marcelli
1477 1078 1723 1147 discipulis
1764 1079 2009 1147 accepisse

107 1178 159 1212 se
185 1161 375 1225 dicunt,
417 1179 537 1230 qnae
571 1162 675 1211 lidci
706 1178 823 1211 suae
855 1160 1088 1211 rationem
1120 1161 1197 1211 ille
1226 1161 1448 1213 reddidit.
1526 1160 1682 1230 Quam
1713 1162 1902 1230 quidem
1936 1162 2011 1214 liic

106 1244 469 1296 adscribendam
498 1246 687 1315 putavi,
730 1245 917 1296 tametsi
946 1245 1154 1313 singula,
1196 1263 1319 1313 quae
1345 1247 1402 1296 ad
1437 1246 1563 1297 illam
1590 1246 1852 1316 pertinent,
1893 1264 2013 1297 uon-

107 1329 215 1380 dum
254 1338 479 1381 accurate
514 1331 845 1398 cognoverim.
920 1327 1212 1399 Exemplum
1252 1349 1371 1383 vero
1411 1340 1485 1382 est
1522 1331 1776 1382 eiusmodi.

663 1540 953 1582 EXPOSlTlO
982 1541 1130 1582 FtDEt
1161 1541 1457 1583 MARCELLI.

250 1637 620 1690 Venerabilibus
665 1648 715 1690 et
755 1639 1073 1691 sanctissimis
1123 1639 1362 1710 episcopis
1410 1639 1768 1692 Diocaesareae
1819 1650 2014 1710 propter

110 1722 424 1774 orthodoxam
456 1724 713 1773 salvatoris
747 1724 896 1774 nostri
929 1726 1034 1775 lesu
1066 1721 1248 1776 Christi
1289 1726 1425 1775 tidem
1475 1725 1812 1789 exul-ultibus,
1867 1724 2017 1777 Eulo-

107 1808 217 1876 gio,
260 1807 527 1875 Adelpliio‚
572 1808 883 1871 Alexandro,
926 1807 1215 1874 Ammonio,
1259 1807 1653 1878 Harpocrationi,
1697 1812 1888 1874 lsaaco‚
1934 1811 2019 1861 lsi-

109 1892 255 1954 doro,
298 1891 606 1956 Anuubioui,
647 1890 851 1957 Pitimo,
897 1890 1191 1961 Euphratio,
1232 1893 1447 1958 Aaroni,
1501 1895 1771 1963 presbyteri
1801 1893 1879 1963 qui
1914 1894 2019 1945 An-

110 1992 256 2044 cyrae
284 1975 331 2025 in
365 1973 550 2026 Galatia
580 1985 719 2040 suut,
772 1975 1038 2039 Photinus,
1098 1975 1410 2040 Eustatliius,
1467 1979 1590 2029 alter
1616 1976 1882 2041 Photinus,
1939 1975 2018 2029 Si-

108 2060 298 2127 gei-iim,
340 2068 388 2111 et
425 2061 655 2111 diaconus
692 2059 945 2130 Hyginus,
1002 2060 1326 2113 subdiaconus
1357 2061 1677 2127 HeraclideS,
1719 2071 1768 2114 et
1800 2061 2018 2131 Elpidius

109 2143 288 2206 lector,
331 2153 380 2195 et
417 2141 656 2214 Cyriacus
694 2146 950 2208 defensor,
993 2145 1040 2195 in
1080 2145 1273 2195 domino
1311 2147 1537 2198 salutem.

250 2224 371 2280 Cum
414 2231 471 2279 ad
508 2230 730 2297 pietatem
771 2238 980 2280 vestram
1017 2246 1043 2280 e
1079 2230 1229 2298 patria
1268 2240 1461 2295 nostra,
1515 2249 1601 2300 pro
1632 2247 1691 2282 eo
1721 2248 1777 2282 ae
1806 2248 1891 2300 par
1920 2240 2014 2295 est,

110 2311 348 2364 invisendi
377 2313 525 2364 vestri
550 2314 704 2381 gratia
734 2314 1056 2378 venissemuS,
1097 2314 1382 2383 interrogati
1411 2334 1437 2366 a
1462 2326 1626 2366 vestra
1655 2317 1908 2366 sanctitate
1938 2334 2019 2366 su-

112 2414 244 2462 mus,
285 2398 451 2465 ecquid
481 2398 539 2448 de
574 2399 663 2449 fide
695 2399 1006 2450 sentiremus·
1084 2397 1239 2465 Quam
1267 2401 1454 2467 quidem
1487 2400 1825 2452 sollicitudinis
1855 2398 2018 2451 officii-

111 2498 202 2549 que
246 2481 433 2550 plenam
473 2482 899 2550 interrogationem
943 2501 1235 2552 magnopere
1271 2485 1558 2553 probantes,
1614 2485 1674 2535 ob
1713 2502 1798 2535 eos
1835 2484 2020 2554 pracci-

112 2583 203 2634 pue
236 2565 314 2634 qui
345 2566 462 2617 salsa
496 2568 552 2617 de
584 2568 722 2618 nobis
750 2568 975 2619 noiinulla
1008 2577 1188 2619 temere
1217 2578 1478 2637 spargunt,
1522 2570 1847 2620 necessarium
1880 2568 2021 2619 duxi·

115 2667 219 2701 mus
246 2650 482 2701 certiores
527 2669 615 2702 vos
644 2654 700 2702 de
738 2662 835 2702 tota
869 2670 921 2703 re
957 2655 1143 2717 lacere,
1198 2671 1291 2703 non
1323 2671 1388 2704 ex
1415 2653 1475 2704 iis
1503 2654 1656 2704 solum
1698 2654 2021 2704 communica-

115 2733 251 2784 toriis
283 2733 433 2787 literis
462 2754 579 2804 quas
605 2754 630 2786 a
665 2736 945 2787 beatissimo
976 2756 1093 2806 papa
1133 2738 1404 2789 Athanasio
1433 2739 1488 2788 ad
1522 2756 1609 2789 uos
1648 2739 1854 2807 scriptas
1884 2737 2020 2788 vobis

115 2819 437 2883 ostendimuS,
507 2837 672 2871 verum
714 2821 856 2871 etiam
894 2839 957 2872 ex
998 2822 1097 2891 ipsa
1136 2822 1440 2891 professione
1485 2832 1651 2874 nostra
1693 2823 1824 2874 bisce
1868 2822 2020 2873 literis

114 2919 379 2970 expressa3
432 2914 481 2955 ut
521 2905 630 2955 illud
666 2904 1027 2973 iutelligerctis,
1084 2908 1196 2957 nihi!
1231 2925 1318 2958 nos
1363 2924 1518 2975 neque
1546 2907 1727 2958 sentire
1758 2907 1897 2958 modo
1933 2923 2021 2956 nee

116 3004 318 3056 unquam
350 2989 565 3039 sensisse
597 2990 719 3057 quod
754 2989 812 3038 ab
843 2991 1056 3058 generali
1092 3000 1138 3041 et
1166 2992 1492 3043 ecclesiastica
1527 2992 1632 3042 lidei
1665 2992 1858 3058 regula,
1900 3006 2021 3058 quae

115 3070 163 3121 iu
195 3070 417 3123 Nicaeua
448 3074 634 3142 synodo
663 3075 922 3124 constituta
956 3083 1058 3137 est,
1109 3075 1424 3140 abhorrere13
1478 3094 1618 3144 quam
1663 3094 1750 3126 nos
1786 3093 1869 3143 pro
1906 3072 2021 3123 viri-

116 3154 204 3206 bus
233 3157 449 3225 amplecti
478 3159 772 3226 profitemur,
813 3167 862 3208 et
889 3176 973 3209 eos
1003 3160 1307 3210 ailathemate
1335 3161 1616 3211 damnamus
1645 3160 1722 3227 qui
1752 3167 2022 3208 creaturam

117 3256 226 3290 esse
267 3241 482 3310 spiritum
520 3252 737 3293 sanctum
782 3252 1036 3307 asserunt,
1090 3245 1173 3295 sed
1206 3253 1254 3296 et
1282 3244 1515 3295 Ariauam
1546 3243 1815 3305 haeresim,
1857 3251 1905 3291 et
1931 3239 2024 3293 Sa-

118 3323 277 3388 benit,
319 3343 374 3377 ac
399 3323 619 3390 Photini,
660 3325 894 3395 Paulique
923 3325 1260 3392 samosateni,
1319 3347 1412 3381 una
1442 3346 1547 3379 cum
1580 3328 1636 3377 iis
1666 3326 1742 3395 qui
1775 3325 2024 3377 sanctissi-

118 3426 239 3459 mam
272 3410 531 3462 trinitatem
580 3419 677 3462 tres
718 3429 829 3463 esse
858 3429 1091 3480 personas
1121 3421 1325 3480 negant,
1383 3414 1524 3464 nullis
1569 3411 1788 3462 terminis
1819 3410 2023 3461 circum·

120 3493 351 3562 scriptaS,
405 3494 757 3561 subsistenteS‚
807 3496 1271 3561 consubstantiales,
1313 3506 1632 3559 coaeterum,
1675 3506 1724 3546 et
1760 3497 2022 3564 perfectas,

168 3687 363 3785 ἔάπίστις
400 3691 471 3733 τοῦ
510 3678 675 3746 (retov'ss'
704 3690 778 3734 τη
820 3694 903 3733 cod.
936 3692 1033 3745 len.)
1097 3750 1115 3787 Ι
1147 3691 1186 3732 Q,
1217 3690 1451 3740 Γαλατείας
1475 3694 1559 3732 cod.
1591 3694 1752 3743 Rhedig.
1785 3678 1920 3746 γαλατ
1943 3693 2026 3731 cod.

124 3756 165 3785 co
223 3777 232 3785 .
262 3759 351 3787 mss.
1115 3759 1171 3786 en.

182 3801 275 3841 Cu.
298 3803 372 3842 Xt.
402 3826 451 3833 —
497 3804 531 3844 1.
563 3800 768 3858 Εὕφατίω
786 3806 869 3845 cod.
892 3805 1049 3855 Rhediy.
1161 3804 1199 3845 ὅ.
1230 3798 1285 3846 δι’
1315 3797 1341 3846 ἃ
1368 3805 1428 3844 ed.
1455 3806 1578 3855 princ.

210 3868 354 3913 Coi-pun
373 3868 598 3907 Haereseol.
621 3870 669 3907 11.
691 3874 726 3908 3.
1661 3880 1691 3927 5

2045 1646 2141 1702 cap.
2168 1646 2244 1689 xr.
