<?xml version="1.0" encoding="UTF-8"?>
<!DOCTYPE html PUBLIC "-//W3C//DTD XHTML 1.0 Transitional//EN"
    "http://www.w3.org/TR/xhtml1/DTD/xhtml1-transitional.dtd">
<html xmlns="http://www.w3.org/1999/xhtml" xml:lang="en" lang="en">
 <head>
  <title>
</title>
<meta http-equiv="Content-Type" content="text/html;charset=utf-8" />
  <meta name='ocr-system' content='tesseract 3.04.00' />
  <meta name='ocr-capabilities' content='ocr_page ocr_carea ocr_par ocr_line ocrx_word'/>
</head>
<body>
  <div class='ocr_page' id='page_1' title='image "./pt3corporishaere02epipuoft_0447.png"; bbox 0 0 2508 4134; ppageno 0'>
   <div class='ocr_carea' id='block_1_1' title="bbox 468 312 1975 366">
    <p class='ocr_par' dir='ltr' id='par_1_1' title="bbox 468 312 1975 366">
     <span class='ocr_line' id='line_1_1' title="bbox 468 312 1975 366; baseline -0.001 -2"><span class='ocrx_word' id='word_1_1' title='bbox 468 324 694 365; x_wconf 75' lang='lat' dir='ltr'>PANARn</span> <span class='ocrx_word' id='word_1_2' title='bbox 722 324 828 365; x_wconf 80' lang='lat' dir='ltr'>Lm.</span> <span class='ocrx_word' id='word_1_3' title='bbox 853 325 925 365; x_wconf 84' lang='lat'>111.</span> <span class='ocrx_word' id='word_1_4' title='bbox 948 325 1085 365; x_wconf 83' lang='grc' dir='ltr'><strong>ΤοΜ.</strong></span> <span class='ocrx_word' id='word_1_5' title='bbox 1108 326 1157 364; x_wconf 84' lang='lat'>11.</span> <span class='ocrx_word' id='word_1_6' title='bbox 1187 324 1349 366; x_wconf 84' lang='lat' dir='ltr'><strong>HAER.</strong></span> <span class='ocrx_word' id='word_1_7' title='bbox 1373 324 1610 364; x_wconf 83' lang='lat' dir='ltr'>Lxxvm.</span> <span class='ocrx_word' id='word_1_8' title='bbox 1874 312 1975 363; x_wconf 87' lang='lat'>437</span> 
     </span>
    </p>
   </div>
   <div class='ocr_carea' id='block_1_2' title="bbox 79 420 1976 743">
    <p class='ocr_par' dir='ltr' id='par_1_2' title="bbox 79 420 1976 743">
     <span class='ocr_line' id='line_1_2' title="bbox 80 420 1976 490; baseline -0.001 -18"><span class='ocrx_word' id='word_1_9' title='bbox 80 427 173 488; x_wconf 67' lang='lat' dir='ltr'>ipsi</span> <span class='ocrx_word' id='word_1_10' title='bbox 193 426 239 472; x_wconf 84' lang='lat' dir='ltr'>in</span> <span class='ocrx_word' id='word_1_11' title='bbox 265 425 515 471; x_wconf 81' lang='lat' dir='ltr'>mulierem.</span> <span class='ocrx_word' id='word_1_12' title='bbox 593 420 704 489; x_wconf 83' lang='lat' dir='ltr'>Quo</span> <span class='ocrx_word' id='word_1_13' title='bbox 731 421 844 472; x_wconf 88' lang='lat' dir='ltr'>illud</span> <span class='ocrx_word' id='word_1_14' title='bbox 871 421 1278 490; x_wconf 87' lang='lat' dir='ltr'>intelligeremus,</span> <span class='ocrx_word' id='word_1_15' title='bbox 1320 421 1560 472; x_wconf 89' lang='lat' dir='ltr'>dominum</span> <span class='ocrx_word' id='word_1_16' title='bbox 1589 420 1771 490; x_wconf 84' lang='lat' dir='ltr'>sibiipsi</span> <span class='ocrx_word' id='word_1_17' title='bbox 1801 437 1976 490; x_wconf 91' lang='lat' dir='ltr'>corpus</span> 
     </span>
     <span class='ocr_line' id='line_1_3' title="bbox 80 503 1976 573; baseline -0.002 -16"><span class='ocrx_word' id='word_1_18' title='bbox 80 523 105 557; x_wconf 91' lang='lat' dir='ltr'>e</span> <span class='ocrx_word' id='word_1_19' title='bbox 136 503 296 556; x_wconf 86' lang='lat' dir='ltr'>Maria</span> <span class='ocrx_word' id='word_1_20' title='bbox 325 505 555 569; x_wconf 81' lang='lat' dir='ltr'>finxisse,</span> <span class='ocrx_word' id='word_1_21' title='bbox 608 506 861 558; x_wconf 88' lang='lat' dir='ltr'>ecclesiam</span> <span class='ocrx_word' id='word_1_22' title='bbox 903 522 1023 556; x_wconf 90' lang='lat' dir='ltr'>vero</span> <span class='ocrx_word' id='word_1_23' title='bbox 1064 523 1129 556; x_wconf 86' lang='lat' dir='ltr'>ex</span> <span class='ocrx_word' id='word_1_24' title='bbox 1172 506 1275 573; x_wconf 90' lang='lat' dir='ltr'>ipso</span> <span class='ocrx_word' id='word_1_25' title='bbox 1320 506 1470 556; x_wconf 88' lang='lat' dir='ltr'>latere</span> <span class='ocrx_word' id='word_1_26' title='bbox 1513 505 1641 555; x_wconf 88' lang='lat' dir='ltr'>velut</span> <span class='ocrx_word' id='word_1_27' title='bbox 1679 505 1976 556; x_wconf 85' lang='lat' dir='ltr'>aedificatam</span> 
     </span>
     <span class='ocr_line' id='line_1_4' title="bbox 81 588 1975 658; baseline 0.001 -19"><span class='ocrx_word' id='word_1_28' title='bbox 81 590 256 653; x_wconf 85' lang='lat' dir='ltr'>fuisse,</span> <span class='ocrx_word' id='word_1_29' title='bbox 312 588 387 640; x_wconf 92' lang='lat' dir='ltr'>cui</span> <span class='ocrx_word' id='word_1_30' title='bbox 417 588 522 641; x_wconf 86' lang='lat' dir='ltr'>eius</span> <span class='ocrx_word' id='word_1_31' title='bbox 551 589 672 642; x_wconf 89' lang='lat' dir='ltr'>latus</span> <span class='ocrx_word' id='word_1_32' title='bbox 712 598 789 640; x_wconf 85' lang='lat' dir='ltr'>est</span> <span class='ocrx_word' id='word_1_33' title='bbox 816 589 1009 658; x_wconf 83' lang='lat' dir='ltr'>cuspide</span> <span class='ocrx_word' id='word_1_34' title='bbox 1045 588 1309 640; x_wconf 87' lang='lat' dir='ltr'>sauciatum</span> <span class='ocrx_word' id='word_1_35' title='bbox 1329 627 1342 648; x_wconf 91' lang='lat'>‚</span> <span class='ocrx_word' id='word_1_36' title='bbox 1399 588 1458 638; x_wconf 91' lang='lat' dir='ltr'>ab</span> <span class='ocrx_word' id='word_1_37' title='bbox 1489 589 1754 656; x_wconf 88' lang='lat' dir='ltr'>eodemque</span> <span class='ocrx_word' id='word_1_38' title='bbox 1780 588 1975 657; x_wconf 89' lang='lat' dir='ltr'>sangui-</span> 
     </span>
     <span class='ocr_line' id='line_1_5' title="bbox 79 671 1660 743; baseline -0.001 -20"><span class='ocrx_word' id='word_1_39' title='bbox 79 673 151 723; x_wconf 90' lang='lat' dir='ltr'>nis</span> <span class='ocrx_word' id='word_1_40' title='bbox 190 680 238 723; x_wconf 91' lang='lat' dir='ltr'>ct</span> <span class='ocrx_word' id='word_1_41' title='bbox 274 690 427 741; x_wconf 86' lang='lat' dir='ltr'>aquae</span> <span class='ocrx_word' id='word_1_42' title='bbox 465 674 521 724; x_wconf 91' lang='lat' dir='ltr'>ad</span> <span class='ocrx_word' id='word_1_43' title='bbox 561 673 791 725; x_wconf 89' lang='lat' dir='ltr'>lotionem</span> <span class='ocrx_word' id='word_1_44' title='bbox 829 681 1042 724; x_wconf 89' lang='lat' dir='ltr'>nostram</span> <span class='ocrx_word' id='word_1_45' title='bbox 1081 673 1370 743; x_wconf 79' lang='lat' dir='ltr'>profluxisse</span> <span class='ocrx_word' id='word_1_46' title='bbox 1410 671 1660 740; x_wconf 85' lang='lat' dir='ltr'>mysteria.</span> 
     </span>
    </p>
   </div>
   <div class='ocr_carea' id='block_1_3' title="bbox 65 838 2225 3694">
    <p class='ocr_par' dir='ltr' id='par_1_3' title="bbox 213 838 2151 910">
     <span class='ocr_line' id='line_1_6' title="bbox 213 838 2151 910; baseline -0.003 -18"><span class='ocrx_word' id='word_1_47' title='bbox 213 840 317 892; x_wconf 90' lang='lat' dir='ltr'>Iam</span> <span class='ocrx_word' id='word_1_48' title='bbox 354 857 473 893; x_wconf 91' lang='lat' dir='ltr'>vero</span> <span class='ocrx_word' id='word_1_49' title='bbox 511 841 634 910; x_wconf 88' lang='lat' dir='ltr'>quod</span> <span class='ocrx_word' id='word_1_50' title='bbox 671 839 876 892; x_wconf 90' lang='lat' dir='ltr'>Mariam</span> <span class='ocrx_word' id='word_1_51' title='bbox 922 839 1154 910; x_wconf 80' lang='lat' dir='ltr'>iosephus</span> <span class='ocrx_word' id='word_1_52' title='bbox 1198 839 1488 908; x_wconf 85' lang='lat' dir='ltr'>cognovisse</span> <span class='ocrx_word' id='word_1_53' title='bbox 1527 838 1730 902; x_wconf 86' lang='lat' dir='ltr'>dicitur,</span> <span class='ocrx_word' id='word_1_54' title='bbox 1783 856 1877 889; x_wconf 92' lang='lat' dir='ltr'>non</span> <span class='ocrx_word' id='word_1_55' title='bbox 1917 839 1976 890; x_wconf 91' lang='lat' dir='ltr'>ad</span> <span class='ocrx_word' id='word_1_56' title='bbox 2053 849 2151 901; x_wconf 81' lang='lat' dir='ltr'>Cap.</span> 
     </span>
    </p>

    <p class='ocr_par' dir='ltr' id='par_1_4' title="bbox 65 905 2225 3584">
     <span class='ocr_line' id='line_1_7' title="bbox 76 905 2146 994; baseline -0 -19"><span class='ocrx_word' id='word_1_57' title='bbox 76 942 211 976; x_wconf 92' lang='lat' dir='ltr'>usum</span> <span class='ocrx_word' id='word_1_58' title='bbox 255 925 459 994; x_wconf 82' lang='lat' dir='ltr'>aliquem</span> <span class='ocrx_word' id='word_1_59' title='bbox 499 926 717 994; x_wconf 90' lang='lat' dir='ltr'>corporis</span> <span class='ocrx_word' id='word_1_60' title='bbox 754 934 895 994; x_wconf 89' lang='lat' dir='ltr'>atque</span> <span class='ocrx_word' id='word_1_61' title='bbox 936 925 1143 976; x_wconf 87' lang='lat' dir='ltr'>usitatae</span> <span class='ocrx_word' id='word_1_62' title='bbox 1183 923 1547 975; x_wconf 80' lang='lat' dir='ltr'>consuetudinis</span> <span class='ocrx_word' id='word_1_63' title='bbox 1592 923 1846 974; x_wconf 85' lang='lat' dir='ltr'>referenda</span> <span class='ocrx_word' id='word_1_64' title='bbox 1884 923 1975 974; x_wconf 91' lang='lat' dir='ltr'>ista</span> <span class='ocrx_word' id='word_1_65' title='bbox 2045 905 2146 945; x_wconf 70' lang='lat' dir='ltr'>XX·</span> 
     </span>
     <span class='ocr_line' id='line_1_8' title="bbox 74 1007 1977 1078; baseline -0.002 -19"><span class='ocrx_word' id='word_1_66' title='bbox 74 1009 283 1077; x_wconf 72' lang='lat' dir='ltr'>cognitio</span> <span class='ocrx_word' id='word_1_67' title='bbox 330 1017 421 1061; x_wconf 83' lang='lat' dir='ltr'>est.</span> <span class='ocrx_word' id='word_1_68' title='bbox 500 1007 597 1061; x_wconf 87' lang='lat' dir='ltr'>Sed</span> <span class='ocrx_word' id='word_1_69' title='bbox 637 1009 746 1060; x_wconf 90' lang='lat' dir='ltr'>ideo</span> <span class='ocrx_word' id='word_1_70' title='bbox 791 1009 1047 1077; x_wconf 85' lang='lat' dir='ltr'>cognovit,</span> <span class='ocrx_word' id='word_1_71' title='bbox 1105 1010 1230 1078; x_wconf 89' lang='lat' dir='ltr'>quod</span> <span class='ocrx_word' id='word_1_72' title='bbox 1263 1007 1338 1060; x_wconf 91' lang='lat' dir='ltr'>cui</span> <span class='ocrx_word' id='word_1_73' title='bbox 1381 1007 1609 1058; x_wconf 90' lang='lat' dir='ltr'>divinitus</span> <span class='ocrx_word' id='word_1_74' title='bbox 1635 1007 1865 1057; x_wconf 74' lang='lat' dir='ltr'>honorem</span> <span class='ocrx_word' id='word_1_75' title='bbox 1895 1007 1977 1056; x_wconf 86' lang='lat' dir='ltr'>ba-</span> 
     </span>
     <span class='ocr_line' id='line_1_9' title="bbox 74 1089 1974 1161; baseline 0 -18"><span class='ocrx_word' id='word_1_76' title='bbox 74 1093 175 1144; x_wconf 89' lang='lat' dir='ltr'>beri</span> <span class='ocrx_word' id='word_1_77' title='bbox 210 1094 398 1144; x_wconf 82' lang='lat' dir='ltr'>viderat</span> <span class='ocrx_word' id='word_1_78' title='bbox 437 1093 637 1144; x_wconf 84' lang='lat' dir='ltr'>eandem</span> <span class='ocrx_word' id='word_1_79' title='bbox 675 1093 859 1144; x_wconf 90' lang='lat' dir='ltr'>honore</span> <span class='ocrx_word' id='word_1_80' title='bbox 890 1102 1175 1161; x_wconf 88' lang='lat' dir='ltr'>prosecutus</span> <span class='ocrx_word' id='word_1_81' title='bbox 1217 1091 1378 1143; x_wconf 87' lang='lat' dir='ltr'>fuerit.</span> <span class='ocrx_word' id='word_1_82' title='bbox 1454 1089 1630 1159; x_wconf 84' lang='lat' dir='ltr'>Neque</span> <span class='ocrx_word' id='word_1_83' title='bbox 1676 1090 1800 1140; x_wconf 84' lang='lat' dir='ltr'>enim</span> <span class='ocrx_word' id='word_1_84' title='bbox 1842 1099 1974 1143; x_wconf 89' lang='lat' dir='ltr'>tanto</span> 
     </span>
     <span class='ocr_line' id='line_1_10' title="bbox 72 1174 1971 1247; baseline -0.002 -20"><span class='ocrx_word' id='word_1_85' title='bbox 72 1177 198 1227; x_wconf 88' lang='lat' dir='ltr'>illam</span> <span class='ocrx_word' id='word_1_86' title='bbox 227 1178 480 1246; x_wconf 79' lang='lat' dir='ltr'>splendore</span> <span class='ocrx_word' id='word_1_87' title='bbox 507 1195 562 1228; x_wconf 90' lang='lat' dir='ltr'>ac</span> <span class='ocrx_word' id='word_1_88' title='bbox 590 1177 742 1244; x_wconf 83' lang='lat' dir='ltr'>gloria</span> <span class='ocrx_word' id='word_1_89' title='bbox 773 1177 1034 1247; x_wconf 88' lang='lat' dir='ltr'>praeditam</span> <span class='ocrx_word' id='word_1_90' title='bbox 1064 1185 1317 1246; x_wconf 86' lang='lat' dir='ltr'>putaverat</span> <span class='ocrx_word' id='word_1_91' title='bbox 1345 1176 1499 1227; x_wconf 90' lang='lat' dir='ltr'>donec</span> <span class='ocrx_word' id='word_1_92' title='bbox 1527 1192 1553 1226; x_wconf 91' lang='lat' dir='ltr'>e</span> <span class='ocrx_word' id='word_1_93' title='bbox 1581 1174 1781 1225; x_wconf 87' lang='lat' dir='ltr'>muliere</span> <span class='ocrx_word' id='word_1_94' title='bbox 1809 1183 1971 1225; x_wconf 87' lang='lat' dir='ltr'>natum</span> 
     </span>
     <span class='ocr_line' id='line_1_11' title="bbox 73 1259 2225 1330; baseline -0.002 -19"><span class='ocrx_word' id='word_1_95' title='bbox 73 1261 314 1312; x_wconf 90' lang='lat' dir='ltr'>dominum</span> <span class='ocrx_word' id='word_1_96' title='bbox 349 1261 707 1312; x_wconf 85' lang='lat' dir='ltr'>animadvertit.</span> <span class='ocrx_word' id='word_1_97' title='bbox 785 1259 925 1329; x_wconf 85' lang='lat' dir='ltr'>Quod</span> <span class='ocrx_word' id='word_1_98' title='bbox 956 1270 1114 1313; x_wconf 85' lang='lat' dir='ltr'>autem</span> <span class='ocrx_word' id='word_1_99' title='bbox 1143 1261 1371 1330; x_wconf 91' lang='lat' dir='ltr'>scriptum</span> <span class='ocrx_word' id='word_1_100' title='bbox 1400 1268 1503 1323; x_wconf 91' lang='lat' dir='ltr'>est,</span> <span class='ocrx_word' id='word_1_101' title='bbox 1558 1263 1821 1324; x_wconf 78' lang='lat' dir='ltr'>Antequam</span> <span class='ocrx_word' id='word_1_102' title='bbox 1862 1278 2225 1327; x_wconf 50' lang='lat' dir='ltr'>COR-Matthaste.</span> 
     </span>
     <span class='ocr_line' id='line_1_12' title="bbox 72 1343 1974 1407; baseline -0.001 -11"><span class='ocrx_word' id='word_1_103' title='bbox 72 1351 306 1407; x_wconf 80' lang='lat' dir='ltr'>venirent,</span> <span class='ocrx_word' id='word_1_104' title='bbox 365 1350 547 1396; x_wconf 81' lang='lat' dir='ltr'>inventa</span> <span class='ocrx_word' id='word_1_105' title='bbox 576 1355 650 1395; x_wconf 81' lang='lat' dir='ltr'>est</span> <span class='ocrx_word' id='word_1_106' title='bbox 672 1350 719 1395; x_wconf 77' lang='lat' dir='ltr'>in</span> <span class='ocrx_word' id='word_1_107' title='bbox 746 1356 877 1396; x_wconf 85' lang='lat' dir='ltr'>utero</span> <span class='ocrx_word' id='word_1_108' title='bbox 907 1348 1101 1407; x_wconf 79' lang='lat' dir='ltr'>habens,</span> <span class='ocrx_word' id='word_1_109' title='bbox 1160 1346 1218 1397; x_wconf 91' lang='lat' dir='ltr'>ob</span> <span class='ocrx_word' id='word_1_110' title='bbox 1251 1363 1353 1396; x_wconf 88' lang='lat' dir='ltr'>eam</span> <span class='ocrx_word' id='word_1_111' title='bbox 1387 1361 1605 1394; x_wconf 83' lang='lat' dir='ltr'>caussam</span> <span class='ocrx_word' id='word_1_112' title='bbox 1643 1343 1855 1406; x_wconf 76' lang='lat' dir='ltr'>additur,</span> <span class='ocrx_word' id='word_1_113' title='bbox 1914 1361 1974 1394; x_wconf 88' lang='lat' dir='ltr'>ne</span> 
     </span>
     <span class='ocr_line' id='line_1_13' title="bbox 71 1427 1976 1498; baseline -0.002 -17"><span class='ocrx_word' id='word_1_114' title='bbox 71 1430 260 1481; x_wconf 90' lang='lat' dir='ltr'>illorum</span> <span class='ocrx_word' id='word_1_115' title='bbox 292 1430 615 1481; x_wconf 80' lang='lat' dir='ltr'>invalesceret</span> <span class='ocrx_word' id='word_1_116' title='bbox 647 1429 808 1498; x_wconf 92' lang='lat' dir='ltr'>opinio</span> <span class='ocrx_word' id='word_1_117' title='bbox 849 1429 926 1498; x_wconf 92' lang='lat' dir='ltr'>qui</span> <span class='ocrx_word' id='word_1_118' title='bbox 970 1430 1317 1481; x_wconf 81' lang='lat' dir='ltr'>incarnationis</span> <span class='ocrx_word' id='word_1_119' title='bbox 1358 1427 1639 1497; x_wconf 83' lang='lat' dir='ltr'>mysterium</span> <span class='ocrx_word' id='word_1_120' title='bbox 1683 1427 1976 1478; x_wconf 84' lang='lat' dir='ltr'>arbitrantur</span> 
     </span>
     <span class='ocr_line' id='line_1_14' title="bbox 73 1509 1975 1583; baseline -0.002 -18"><span class='ocrx_word' id='word_1_121' title='bbox 73 1513 199 1565; x_wconf 89' lang='lat' dir='ltr'>virili</span> <span class='ocrx_word' id='word_1_122' title='bbox 236 1532 380 1583; x_wconf 84' lang='lat' dir='ltr'>opera</span> <span class='ocrx_word' id='word_1_123' title='bbox 420 1514 790 1582; x_wconf 87' lang='lat' dir='ltr'>interventuque</span> <span class='ocrx_word' id='word_1_124' title='bbox 829 1515 1114 1582; x_wconf 84' lang='lat' dir='ltr'>perfectum.</span> <span class='ocrx_word' id='word_1_125' title='bbox 1192 1513 1298 1565; x_wconf 92' lang='lat' dir='ltr'>Hoc</span> <span class='ocrx_word' id='word_1_126' title='bbox 1343 1512 1468 1564; x_wconf 87' lang='lat' dir='ltr'>enim</span> <span class='ocrx_word' id='word_1_127' title='bbox 1506 1509 1646 1561; x_wconf 86' lang='lat' dir='ltr'>dicit:</span> <span class='ocrx_word' id='word_1_128' title='bbox 1704 1510 1975 1579; x_wconf 84' lang='lat' dir='ltr'>Antequam</span> 
     </span>
     <span class='ocr_line' id='line_1_15' title="bbox 71 1595 1971 1667; baseline -0.001 -19"><span class='ocrx_word' id='word_1_129' title='bbox 71 1598 208 1648; x_wconf 88' lang='lat' dir='ltr'>fieret</span> <span class='ocrx_word' id='word_1_130' title='bbox 238 1598 395 1660; x_wconf 84' lang='lat' dir='ltr'>istud,</span> <span class='ocrx_word' id='word_1_131' title='bbox 439 1598 562 1666; x_wconf 88' lang='lat' dir='ltr'>quod</span> <span class='ocrx_word' id='word_1_132' title='bbox 597 1599 804 1649; x_wconf 83' lang='lat' dir='ltr'>futurum</span> <span class='ocrx_word' id='word_1_133' title='bbox 838 1598 1204 1667; x_wconf 82' lang='lat' dir='ltr'>expectabatur,</span> <span class='ocrx_word' id='word_1_134' title='bbox 1246 1598 1435 1649; x_wconf 87' lang='lat' dir='ltr'>tametsi</span> <span class='ocrx_word' id='word_1_135' title='bbox 1464 1616 1705 1666; x_wconf 86' lang='lat' dir='ltr'>nunquam</span> <span class='ocrx_word' id='word_1_136' title='bbox 1735 1595 1971 1647; x_wconf 84' lang='lat' dir='ltr'>extiterit.</span> 
     </span>
     <span class='ocr_line' id='line_1_16' title="bbox 69 1680 1975 1751; baseline -0.002 -17"><span class='ocrx_word' id='word_1_137' title='bbox 69 1680 134 1735; x_wconf 87' lang='lat' dir='ltr'>Ut</span> <span class='ocrx_word' id='word_1_138' title='bbox 173 1682 297 1733; x_wconf 91' lang='lat' dir='ltr'>enim</span> <span class='ocrx_word' id='word_1_139' title='bbox 328 1682 494 1733; x_wconf 90' lang='lat' dir='ltr'>demus</span> <span class='ocrx_word' id='word_1_140' title='bbox 531 1682 673 1747; x_wconf 92' lang='lat' dir='ltr'>illud,</span> <span class='ocrx_word' id='word_1_141' title='bbox 732 1680 986 1751; x_wconf 89' lang='lat' dir='ltr'>losepbum</span> <span class='ocrx_word' id='word_1_142' title='bbox 1032 1682 1298 1733; x_wconf 86' lang='lat' dir='ltr'>maritalem</span> <span class='ocrx_word' id='word_1_143' title='bbox 1341 1700 1445 1733; x_wconf 91' lang='lat' dir='ltr'>cum</span> <span class='ocrx_word' id='word_1_144' title='bbox 1483 1682 1672 1750; x_wconf 87' lang='lat' dir='ltr'>virgine</span> <span class='ocrx_word' id='word_1_145' title='bbox 1712 1680 1975 1749; x_wconf 91' lang='lat' dir='ltr'>copulatio-</span> 
     </span>
     <span class='ocr_line' id='line_1_17' title="bbox 70 1764 1972 1835; baseline -0.002 -18"><span class='ocrx_word' id='word_1_146' title='bbox 70 1783 178 1817; x_wconf 88' lang='lat' dir='ltr'>nem</span> <span class='ocrx_word' id='word_1_147' title='bbox 207 1783 428 1833; x_wconf 83' lang='lat' dir='ltr'>sperasse</span> <span class='ocrx_word' id='word_1_148' title='bbox 456 1766 604 1834; x_wconf 91' lang='lat' dir='ltr'>(quod</span> <span class='ocrx_word' id='word_1_149' title='bbox 641 1766 828 1834; x_wconf 92' lang='lat' dir='ltr'>quidem</span> <span class='ocrx_word' id='word_1_150' title='bbox 858 1784 941 1835; x_wconf 92' lang='lat' dir='ltr'>pro</span> <span class='ocrx_word' id='word_1_151' title='bbox 975 1768 1144 1818; x_wconf 86' lang='lat' dir='ltr'>affecta</span> <span class='ocrx_word' id='word_1_152' title='bbox 1174 1767 1269 1818; x_wconf 90' lang='lat' dir='ltr'>iam</span> <span class='ocrx_word' id='word_1_153' title='bbox 1298 1767 1423 1817; x_wconf 90' lang='lat' dir='ltr'>illius</span> <span class='ocrx_word' id='word_1_154' title='bbox 1451 1775 1609 1818; x_wconf 88' lang='lat' dir='ltr'>aetate</span> <span class='ocrx_word' id='word_1_155' title='bbox 1640 1765 1742 1816; x_wconf 84' lang='lat' dir='ltr'>fieri</span> <span class='ocrx_word' id='word_1_156' title='bbox 1777 1764 1972 1815; x_wconf 88' lang='lat' dir='ltr'>minime</span> 
     </span>
     <span class='ocr_line' id='line_1_18' title="bbox 70 1849 1973 1920; baseline 0 -20"><span class='ocrx_word' id='word_1_157' title='bbox 70 1853 311 1919; x_wconf 85' lang='lat' dir='ltr'>poterat),</span> <span class='ocrx_word' id='word_1_158' title='bbox 374 1859 532 1901; x_wconf 90' lang='lat' dir='ltr'>tamen</span> <span class='ocrx_word' id='word_1_159' title='bbox 574 1849 811 1918; x_wconf 87' lang='lat' dir='ltr'>scriptura</span> <span class='ocrx_word' id='word_1_160' title='bbox 852 1850 956 1919; x_wconf 89' lang='lat' dir='ltr'>ipsa</span> <span class='ocrx_word' id='word_1_161' title='bbox 998 1852 1304 1920; x_wconf 87' lang='lat' dir='ltr'>praemunire</span> <span class='ocrx_word' id='word_1_162' title='bbox 1347 1868 1467 1915; x_wconf 77' lang='lat' dir='ltr'>n08‚</span> <span class='ocrx_word' id='word_1_163' title='bbox 1526 1860 1575 1902; x_wconf 87' lang='lat' dir='ltr'>ct</span> <span class='ocrx_word' id='word_1_164' title='bbox 1615 1850 1875 1901; x_wconf 90' lang='lat' dir='ltr'>admonere</span> <span class='ocrx_word' id='word_1_165' title='bbox 1917 1866 1973 1900; x_wconf 89' lang='lat' dir='ltr'>ac</span> 
     </span>
     <span class='ocr_line' id='line_1_19' title="bbox 69 1932 1975 2004; baseline -0.001 -19"><span class='ocrx_word' id='word_1_166' title='bbox 69 1933 310 1985; x_wconf 89' lang='lat' dir='ltr'>cautiores</span> <span class='ocrx_word' id='word_1_167' title='bbox 334 1934 521 1995; x_wconf 83' lang='lat' dir='ltr'>efficere</span> <span class='ocrx_word' id='word_1_168' title='bbox 549 1934 717 1986; x_wconf 81' lang='lat' dir='ltr'>voluit.</span> <span class='ocrx_word' id='word_1_169' title='bbox 795 1932 1042 2003; x_wconf 88' lang='lat' dir='ltr'>Siquidem</span> <span class='ocrx_word' id='word_1_170' title='bbox 1074 1935 1152 1987; x_wconf 89' lang='lat' dir='ltr'>vel</span> <span class='ocrx_word' id='word_1_171' title='bbox 1181 1936 1271 1986; x_wconf 92' lang='lat' dir='ltr'>hoc</span> <span class='ocrx_word' id='word_1_172' title='bbox 1306 1935 1457 2004; x_wconf 91' lang='lat' dir='ltr'>ipsum</span> <span class='ocrx_word' id='word_1_173' title='bbox 1493 1935 1615 2002; x_wconf 90' lang='lat' dir='ltr'>quod</span> <span class='ocrx_word' id='word_1_174' title='bbox 1651 1943 1761 1984; x_wconf 87' lang='lat' dir='ltr'>tunc</span> <span class='ocrx_word' id='word_1_175' title='bbox 1791 1942 1975 2002; x_wconf 88' lang='lat' dir='ltr'>tempo-</span> 
     </span>
     <span class='ocr_line' id='line_1_20' title="bbox 68 2000 1972 2088; baseline -0.001 -19"><span class='ocrx_word' id='word_1_176' title='bbox 68 2019 137 2071; x_wconf 89' lang='lat' dir='ltr'>ris</span> <span class='ocrx_word' id='word_1_177' title='bbox 165 2018 429 2088; x_wconf 84' lang='lat' dir='ltr'>agebatur,</span> <span class='ocrx_word' id='word_1_178' title='bbox 486 2017 703 2082; x_wconf 88' lang='lat' dir='ltr'>divinus,</span> <span class='ocrx_word' id='word_1_179' title='bbox 759 2019 980 2087; x_wconf 90' lang='lat' dir='ltr'>inquam,</span> <span class='ocrx_word' id='word_1_180' title='bbox 1031 2020 1111 2070; x_wconf 90' lang='lat' dir='ltr'>ille</span> <span class='ocrx_word' id='word_1_181' title='bbox 1146 2030 1308 2088; x_wconf 91' lang='lat' dir='ltr'>partus</span> <span class='ocrx_word' id='word_1_182' title='bbox 1339 2020 1526 2070; x_wconf 88' lang='lat' dir='ltr'>abunde</span> <span class='ocrx_word' id='word_1_183' title='bbox 1564 2000 1856 2088; x_wconf 78' lang='lat' dir='ltr'>persuadere</span> <span class='ocrx_word' id='word_1_184' title='bbox 1889 2036 1972 2086; x_wconf 91' lang='lat' dir='ltr'>po-</span> 
     </span>
     <span class='ocr_line' id='line_1_21' title="bbox 68 2101 1971 2173; baseline -0.003 -17"><span class='ocrx_word' id='word_1_185' title='bbox 68 2113 164 2159; x_wconf 88' lang='lat' dir='ltr'>test</span> <span class='ocrx_word' id='word_1_186' title='bbox 189 2102 541 2156; x_wconf 84' lang='lat' dir='ltr'>sanctissimam</span> <span class='ocrx_word' id='word_1_187' title='bbox 570 2102 805 2172; x_wconf 85' lang='lat' dir='ltr'>virginem</span> <span class='ocrx_word' id='word_1_188' title='bbox 840 2103 1015 2154; x_wconf 88' lang='lat' dir='ltr'>nullius</span> <span class='ocrx_word' id='word_1_189' title='bbox 1042 2113 1209 2173; x_wconf 85' lang='lat' dir='ltr'>postea</span> <span class='ocrx_word' id='word_1_190' title='bbox 1252 2104 1344 2155; x_wconf 88' lang='lat' dir='ltr'>viri</span> <span class='ocrx_word' id='word_1_191' title='bbox 1387 2103 1782 2154; x_wconf 85' lang='lat' dir='ltr'>consuetudinem</span> <span class='ocrx_word' id='word_1_192' title='bbox 1822 2101 1971 2152; x_wconf 86' lang='lat' dir='ltr'>admi-</span> 
     </span>
     <span class='ocr_line' id='line_1_22' title="bbox 67 2185 1970 2256; baseline -0.002 -16"><span class='ocrx_word' id='word_1_193' title='bbox 67 2188 222 2254; x_wconf 83' lang='lat' dir='ltr'>sisse3</span> <span class='ocrx_word' id='word_1_194' title='bbox 273 2187 666 2256; x_wconf 85' lang='lat' dir='ltr'>quemadmodum</span> <span class='ocrx_word' id='word_1_195' title='bbox 696 2188 899 2255; x_wconf 83' lang='lat' dir='ltr'>angelus</span> <span class='ocrx_word' id='word_1_196' title='bbox 939 2185 1145 2256; x_wconf 88' lang='lat' dir='ltr'>losepho</span> <span class='ocrx_word' id='word_1_197' title='bbox 1180 2189 1237 2239; x_wconf 91' lang='lat' dir='ltr'>de</span> <span class='ocrx_word' id='word_1_198' title='bbox 1264 2188 1391 2238; x_wconf 91' lang='lat' dir='ltr'>illius</span> <span class='ocrx_word' id='word_1_199' title='bbox 1426 2205 1564 2256; x_wconf 89' lang='lat' dir='ltr'>quam</span> <span class='ocrx_word' id='word_1_200' title='bbox 1603 2187 1764 2237; x_wconf 87' lang='lat' dir='ltr'>animo</span> <span class='ocrx_word' id='word_1_201' title='bbox 1795 2204 1970 2237; x_wconf 87' lang='lat' dir='ltr'>conce-</span> 
     </span>
     <span class='ocr_line' id='line_1_23' title="bbox 67 2269 1966 2342; baseline -0.002 -18"><span class='ocrx_word' id='word_1_202' title='bbox 67 2281 201 2342; x_wconf 88' lang='lat' dir='ltr'>perat</span> <span class='ocrx_word' id='word_1_203' title='bbox 229 2269 467 2341; x_wconf 87' lang='lat' dir='ltr'>opinionis</span> <span class='ocrx_word' id='word_1_204' title='bbox 511 2271 720 2322; x_wconf 88' lang='lat' dir='ltr'>falsitatc</span> <span class='ocrx_word' id='word_1_205' title='bbox 755 2272 1015 2340; x_wconf 84' lang='lat' dir='ltr'>persuasit.</span> <span class='ocrx_word' id='word_1_206' title='bbox 1092 2271 1221 2323; x_wconf 91' lang='lat' dir='ltr'>Nam</span> <span class='ocrx_word' id='word_1_207' title='bbox 1253 2272 1582 2341; x_wconf 88' lang='lat' dir='ltr'>superioribus</span> <span class='ocrx_word' id='word_1_208' title='bbox 1617 2271 1748 2322; x_wconf 86' lang='lat' dir='ltr'>hisce</span> <span class='ocrx_word' id='word_1_209' title='bbox 1782 2271 1966 2335; x_wconf 79' lang='lat' dir='ltr'>verbiS,</span> 
     </span>
     <span class='ocr_line' id='line_1_24' title="bbox 65 2356 1966 2426; baseline -0.001 -20"><span class='ocrx_word' id='word_1_210' title='bbox 65 2362 327 2423; x_wconf 77' lang='lat' dir='ltr'>Antequam</span> <span class='ocrx_word' id='word_1_211' title='bbox 352 2363 670 2417; x_wconf 77' lang='lat' dir='ltr'>convenirent,</span> <span class='ocrx_word' id='word_1_212' title='bbox 714 2356 884 2425; x_wconf 89' lang='lat' dir='ltr'>quibus</span> <span class='ocrx_word' id='word_1_213' title='bbox 912 2374 991 2407; x_wconf 89' lang='lat' dir='ltr'>res</span> <span class='ocrx_word' id='word_1_214' title='bbox 1017 2357 1065 2407; x_wconf 91' lang='lat' dir='ltr'>in</span> <span class='ocrx_word' id='word_1_215' title='bbox 1093 2358 1430 2426; x_wconf 83' lang='lat' dir='ltr'>expectatione</span> <span class='ocrx_word' id='word_1_216' title='bbox 1461 2357 1644 2425; x_wconf 88' lang='lat' dir='ltr'>posita,</span> <span class='ocrx_word' id='word_1_217' title='bbox 1687 2373 1783 2405; x_wconf 94' lang='lat' dir='ltr'>non</span> <span class='ocrx_word' id='word_1_218' title='bbox 1810 2365 1966 2422; x_wconf 87' lang='lat' dir='ltr'>gesta,</span> 
     </span>
     <span class='ocr_line' id='line_1_25' title="bbox 67 2441 1974 2510; baseline -0.002 -19"><span class='ocrx_word' id='word_1_219' title='bbox 67 2442 363 2505; x_wconf 85' lang='lat' dir='ltr'>declaratur,</span> <span class='ocrx_word' id='word_1_220' title='bbox 421 2441 708 2493; x_wconf 90' lang='lat' dir='ltr'>simillimum</span> <span class='ocrx_word' id='word_1_221' title='bbox 739 2449 814 2492; x_wconf 84' lang='lat' dir='ltr'>est</span> <span class='ocrx_word' id='word_1_222' title='bbox 842 2442 965 2509; x_wconf 88' lang='lat' dir='ltr'>quod</span> <span class='ocrx_word' id='word_1_223' title='bbox 996 2442 1242 2510; x_wconf 90' lang='lat' dir='ltr'>sequitur,</span> <span class='ocrx_word' id='word_1_224' title='bbox 1301 2445 1411 2491; x_wconf 88' lang='lat' dir='ltr'>Cum</span> <span class='ocrx_word' id='word_1_225' title='bbox 1445 2450 1566 2490; x_wconf 77' lang='lat' dir='ltr'>esset</span> <span class='ocrx_word' id='word_1_226' title='bbox 1590 2444 1767 2500; x_wconf 76' lang='lat' dir='ltr'>iustus,</span> <span class='ocrx_word' id='word_1_227' title='bbox 1822 2442 1974 2488; x_wconf 81' lang='lat' dir='ltr'>noluit</span> 
     </span>
     <span class='ocr_line' id='line_1_26' title="bbox 66 2523 1970 2592; baseline -0.001 -17"><span class='ocrx_word' id='word_1_228' title='bbox 66 2529 191 2575; x_wconf 81' lang='lat' dir='ltr'>illam</span> <span class='ocrx_word' id='word_1_229' title='bbox 236 2531 508 2586; x_wconf 83' lang='lat' dir='ltr'>traducere,</span> <span class='ocrx_word' id='word_1_230' title='bbox 560 2529 643 2575; x_wconf 79' lang='lat' dir='ltr'>sed</span> <span class='ocrx_word' id='word_1_231' title='bbox 682 2529 859 2575; x_wconf 80' lang='lat' dir='ltr'>occulte</span> <span class='ocrx_word' id='word_1_232' title='bbox 899 2529 1144 2575; x_wconf 76' lang='lat' dir='ltr'>dimittere.</span> <span class='ocrx_word' id='word_1_233' title='bbox 1240 2523 1394 2592; x_wconf 80' lang='lat' dir='ltr'>Quasi</span> <span class='ocrx_word' id='word_1_234' title='bbox 1442 2525 1592 2575; x_wconf 86' lang='lat' dir='ltr'>malus</span> <span class='ocrx_word' id='word_1_235' title='bbox 1637 2524 1727 2574; x_wconf 83' lang='lat' dir='ltr'>iam</span> <span class='ocrx_word' id='word_1_236' title='bbox 1772 2523 1831 2574; x_wconf 90' lang='lat' dir='ltr'>ob</span> <span class='ocrx_word' id='word_1_237' title='bbox 1874 2531 1970 2573; x_wconf 85' lang='lat' dir='ltr'>tra-</span> 
     </span>
     <span class='ocr_line' id='line_1_27' title="bbox 67 2607 1969 2675; baseline -0.001 -15"><span class='ocrx_word' id='word_1_238' title='bbox 67 2610 337 2660; x_wconf 87' lang='lat' dir='ltr'>ductionem</span> <span class='ocrx_word' id='word_1_239' title='bbox 371 2610 500 2661; x_wconf 88' lang='lat' dir='ltr'>illam</span> <span class='ocrx_word' id='word_1_240' title='bbox 530 2618 690 2673; x_wconf 89' lang='lat' dir='ltr'>esset,</span> <span class='ocrx_word' id='word_1_241' title='bbox 745 2627 849 2660; x_wconf 89' lang='lat' dir='ltr'>cum</span> <span class='ocrx_word' id='word_1_242' title='bbox 893 2628 987 2660; x_wconf 89' lang='lat' dir='ltr'>nou</span> <span class='ocrx_word' id='word_1_243' title='bbox 1031 2610 1175 2660; x_wconf 87' lang='lat' dir='ltr'>fuerit</span> <span class='ocrx_word' id='word_1_244' title='bbox 1215 2618 1395 2660; x_wconf 79' lang='lat' dir='ltr'>tamen.</span> <span class='ocrx_word' id='word_1_245' title='bbox 1470 2607 1680 2660; x_wconf 82' lang='lat' dir='ltr'>Perinde</span> <span class='ocrx_word' id='word_1_246' title='bbox 1710 2618 1852 2675; x_wconf 89' lang='lat' dir='ltr'>atque</span> <span class='ocrx_word' id='word_1_247' title='bbox 1884 2625 1969 2658; x_wconf 90' lang='lat' dir='ltr'>an-</span> 
     </span>
     <span class='ocr_line' id='line_1_28' title="bbox 65 2693 1965 2762; baseline -0.002 -18"><span class='ocrx_word' id='word_1_248' title='bbox 65 2694 202 2762; x_wconf 85' lang='lat' dir='ltr'>gelus</span> <span class='ocrx_word' id='word_1_249' title='bbox 242 2695 382 2745; x_wconf 82' lang='lat' dir='ltr'>docet</span> <span class='ocrx_word' id='word_1_250' title='bbox 411 2694 471 2746; x_wconf 88' lang='lat' dir='ltr'>iis</span> <span class='ocrx_word' id='word_1_251' title='bbox 499 2693 689 2744; x_wconf 84' lang='lat' dir='ltr'>verbis:</span> <span class='ocrx_word' id='word_1_252' title='bbox 744 2696 862 2742; x_wconf 88' lang='lat' dir='ltr'>Noli</span> <span class='ocrx_word' id='word_1_253' title='bbox 888 2698 1047 2743; x_wconf 84' lang='lat' dir='ltr'>timere</span> <span class='ocrx_word' id='word_1_254' title='bbox 1071 2699 1280 2759; x_wconf 76' lang='lat' dir='ltr'>accipere</span> <span class='ocrx_word' id='word_1_255' title='bbox 1306 2697 1508 2743; x_wconf 88' lang='lat' dir='ltr'>Mariam</span> <span class='ocrx_word' id='word_1_256' title='bbox 1541 2697 1779 2757; x_wconf 82' lang='lat' dir='ltr'>coniugem</span> <span class='ocrx_word' id='word_1_257' title='bbox 1811 2702 1933 2741; x_wconf 87' lang='lat' dir='ltr'>tuam</span> <span class='ocrx_word' id='word_1_258' title='bbox 1949 2714 1965 2753; x_wconf 80' lang='lat'>‚-</span> 
     </span>
     <span class='ocr_line' id='line_1_29' title="bbox 68 2776 1967 2846; baseline -0.001 -19"><span class='ocrx_word' id='word_1_259' title='bbox 68 2795 186 2846; x_wconf 90' lang='lat' dir='ltr'>quae</span> <span class='ocrx_word' id='word_1_260' title='bbox 229 2780 435 2828; x_wconf 89' lang='lat' dir='ltr'>nondum</span> <span class='ocrx_word' id='word_1_261' title='bbox 482 2776 661 2828; x_wconf 87' lang='lat' dir='ltr'>coniux</span> <span class='ocrx_word' id='word_1_262' title='bbox 704 2785 863 2839; x_wconf 86' lang='lat' dir='ltr'>esset,</span> <span class='ocrx_word' id='word_1_263' title='bbox 921 2795 1059 2845; x_wconf 87' lang='lat' dir='ltr'>quam</span> <span class='ocrx_word' id='word_1_264' title='bbox 1094 2787 1142 2829; x_wconf 87' lang='lat' dir='ltr'>tu</span> <span class='ocrx_word' id='word_1_265' title='bbox 1169 2778 1375 2828; x_wconf 88' lang='lat' dir='ltr'>violatae</span> <span class='ocrx_word' id='word_1_266' title='bbox 1407 2777 1659 2846; x_wconf 84' lang='lat' dir='ltr'>pudicitiae</span> <span class='ocrx_word' id='word_1_267' title='bbox 1695 2785 1967 2845; x_wconf 87' lang='lat' dir='ltr'>suspectam</span> 
     </span>
     <span class='ocr_line' id='line_1_30' title="bbox 66 2859 1968 2928; baseline -0.001 -16"><span class='ocrx_word' id='word_1_268' title='bbox 66 2862 243 2926; x_wconf 90' lang='lat' dir='ltr'>habes,</span> <span class='ocrx_word' id='word_1_269' title='bbox 296 2862 409 2913; x_wconf 87' lang='lat' dir='ltr'>licet</span> <span class='ocrx_word' id='word_1_270' title='bbox 444 2862 550 2912; x_wconf 89' lang='lat' dir='ltr'>talis</span> <span class='ocrx_word' id='word_1_271' title='bbox 586 2861 779 2911; x_wconf 89' lang='lat' dir='ltr'>minime</span> <span class='ocrx_word' id='word_1_272' title='bbox 809 2861 867 2911; x_wconf 84' lang='lat' dir='ltr'>sit</span> <span class='ocrx_word' id='word_1_273' title='bbox 900 2861 1087 2928; x_wconf 88' lang='lat' dir='ltr'>qualem</span> <span class='ocrx_word' id='word_1_274' title='bbox 1121 2862 1400 2926; x_wconf 88' lang='lat' dir='ltr'>arbitraris,</span> <span class='ocrx_word' id='word_1_275' title='bbox 1442 2873 1534 2912; x_wconf 90' lang='lat' dir='ltr'>etc.</span> <span class='ocrx_word' id='word_1_276' title='bbox 1611 2859 1738 2912; x_wconf 88' lang='lat' dir='ltr'>Nam</span> <span class='ocrx_word' id='word_1_277' title='bbox 1766 2860 1968 2910; x_wconf 88' lang='lat' dir='ltr'>subinde</span> 
     </span>
     <span class='ocr_line' id='line_1_31' title="bbox 65 2944 1968 3015; baseline -0.001 -20"><span class='ocrx_word' id='word_1_278' title='bbox 65 2944 113 2996; x_wconf 92' lang='lat' dir='ltr'>in</span> <span class='ocrx_word' id='word_1_279' title='bbox 145 2947 552 3015; x_wconf 87' lang='lat' dir='ltr'>consequentibus</span> <span class='ocrx_word' id='word_1_280' title='bbox 581 2946 736 3009; x_wconf 84' lang='lat' dir='ltr'>addit,</span> <span class='ocrx_word' id='word_1_281' title='bbox 781 2948 912 3008; x_wconf 82' lang='lat' dir='ltr'>Quod</span> <span class='ocrx_word' id='word_1_282' title='bbox 937 2950 1053 2995; x_wconf 85' lang='lat' dir='ltr'>enim</span> <span class='ocrx_word' id='word_1_283' title='bbox 1079 2957 1235 2996; x_wconf 81' lang='lat' dir='ltr'>natum</span> <span class='ocrx_word' id='word_1_284' title='bbox 1266 2956 1336 2995; x_wconf 80' lang='lat' dir='ltr'>est</span> <span class='ocrx_word' id='word_1_285' title='bbox 1362 2950 1408 2995; x_wconf 80' lang='lat' dir='ltr'>z‘n</span> <span class='ocrx_word' id='word_1_286' title='bbox 1435 2949 1560 3011; x_wconf 68' lang='grc' dir='ltr'><strong><em>ᾑυεα,</em></strong></span> <span class='ocrx_word' id='word_1_287' title='bbox 1604 2945 1735 3012; x_wconf 87' lang='lat' dir='ltr'>quasi</span> <span class='ocrx_word' id='word_1_288' title='bbox 1766 2945 1859 2994; x_wconf 87' lang='lat' dir='ltr'>iam</span> <span class='ocrx_word' id='word_1_289' title='bbox 1891 2961 1968 2994; x_wconf 91' lang='lat' dir='ltr'>es-</span> 
     </span>
     <span class='ocr_line' id='line_1_32' title="bbox 67 3028 1964 3098; baseline -0.001 -18"><span class='ocrx_word' id='word_1_290' title='bbox 67 3039 141 3080; x_wconf 88' lang='lat' dir='ltr'>set</span> <span class='ocrx_word' id='word_1_291' title='bbox 167 3039 349 3081; x_wconf 90' lang='lat' dir='ltr'>natum.</span> <span class='ocrx_word' id='word_1_292' title='bbox 432 3028 551 3080; x_wconf 80' lang='lat' dir='ltr'>lllud</span> <span class='ocrx_word' id='word_1_293' title='bbox 583 3046 729 3093; x_wconf 88' lang='lat' dir='ltr'>vero,</span> <span class='ocrx_word' id='word_1_294' title='bbox 783 3033 944 3078; x_wconf 84' lang='lat' dir='ltr'>Pariet</span> <span class='ocrx_word' id='word_1_295' title='bbox 960 3032 1138 3093; x_wconf 79' lang='lat' dir='ltr'>filium,</span> <span class='ocrx_word' id='word_1_296' title='bbox 1193 3031 1250 3081; x_wconf 90' lang='lat' dir='ltr'>ad</span> <span class='ocrx_word' id='word_1_297' title='bbox 1284 3032 1490 3080; x_wconf 88' lang='lat' dir='ltr'>futurum</span> <span class='ocrx_word' id='word_1_298' title='bbox 1520 3038 1704 3098; x_wconf 90' lang='lat' dir='ltr'>tempus</span> <span class='ocrx_word' id='word_1_299' title='bbox 1735 3029 1964 3078; x_wconf 73' lang='lat' dir='ltr'>refertur.</span> 
     </span>
     <span class='ocr_line' id='line_1_33' title="bbox 67 3112 1964 3180; baseline -0.001 -17"><span class='ocrx_word' id='word_1_300' title='bbox 67 3112 138 3163; x_wconf 88' lang='lat' dir='ltr'>Ita</span> <span class='ocrx_word' id='word_1_301' title='bbox 166 3114 290 3164; x_wconf 90' lang='lat' dir='ltr'>enim</span> <span class='ocrx_word' id='word_1_302' title='bbox 322 3130 374 3164; x_wconf 91' lang='lat' dir='ltr'>se</span> <span class='ocrx_word' id='word_1_303' title='bbox 406 3131 486 3165; x_wconf 90' lang='lat' dir='ltr'>res</span> <span class='ocrx_word' id='word_1_304' title='bbox 516 3113 748 3177; x_wconf 69' lang='lat' dir='ltr'>habebat,</span> <span class='ocrx_word' id='word_1_305' title='bbox 790 3113 873 3163; x_wconf 90' lang='lat' dir='ltr'>sed</span> <span class='ocrx_word' id='word_1_306' title='bbox 902 3114 958 3163; x_wconf 92' lang='lat' dir='ltr'>ad</span> <span class='ocrx_word' id='word_1_307' title='bbox 989 3113 1124 3163; x_wconf 83' lang='lat' dir='ltr'>fidem</span> <span class='ocrx_word' id='word_1_308' title='bbox 1154 3114 1482 3165; x_wconf 88' lang='lat' dir='ltr'>stabiliendam</span> <span class='ocrx_word' id='word_1_309' title='bbox 1513 3113 1642 3180; x_wconf 91' lang='lat' dir='ltr'>prius</span> <span class='ocrx_word' id='word_1_310' title='bbox 1676 3113 1754 3163; x_wconf 93' lang='lat' dir='ltr'>illa</span> <span class='ocrx_word' id='word_1_311' title='bbox 1783 3112 1964 3161; x_wconf 90' lang='lat' dir='ltr'>denun-</span> 
     </span>
     <span class='ocr_line' id='line_1_34' title="bbox 66 3196 1966 3262; baseline -0.002 -15"><span class='ocrx_word' id='word_1_312' title='bbox 66 3197 200 3248; x_wconf 86' lang='lat' dir='ltr'>tiatio</span> <span class='ocrx_word' id='word_1_313' title='bbox 243 3198 367 3248; x_wconf 86' lang='lat' dir='ltr'>sacta</span> <span class='ocrx_word' id='word_1_314' title='bbox 407 3207 510 3262; x_wconf 80' lang='lat' dir='ltr'>est,</span> <span class='ocrx_word' id='word_1_315' title='bbox 565 3196 832 3248; x_wconf 88' lang='lat' dir='ltr'>cuiusmodi</span> <span class='ocrx_word' id='word_1_316' title='bbox 865 3206 912 3246; x_wconf 89' lang='lat' dir='ltr'>et</span> <span class='ocrx_word' id='word_1_317' title='bbox 942 3197 1023 3247; x_wconf 86' lang='lat' dir='ltr'>illa</span> <span class='ocrx_word' id='word_1_318' title='bbox 1063 3197 1209 3248; x_wconf 86' lang='lat' dir='ltr'>verba</span> <span class='ocrx_word' id='word_1_319' title='bbox 1250 3207 1391 3249; x_wconf 85' lang='lat' dir='ltr'>sunt:</span> <span class='ocrx_word' id='word_1_320' title='bbox 1444 3201 1720 3262; x_wconf 76' lang='lat' dir='ltr'>Priusquam</span> <span class='ocrx_word' id='word_1_321' title='bbox 1754 3199 1966 3244; x_wconf 79' lang='lat' dir='ltr'>eonveni-</span> 
     </span>
     <span class='ocr_line' id='line_1_35' title="bbox 67 3279 1961 3348; baseline -0.001 -19"><span class='ocrx_word' id='word_1_322' title='bbox 67 3291 184 3330; x_wconf 87' lang='lat' dir='ltr'>rent.</span> <span class='ocrx_word' id='word_1_323' title='bbox 261 3279 354 3332; x_wconf 92' lang='lat' dir='ltr'>Ubi</span> <span class='ocrx_word' id='word_1_324' title='bbox 382 3283 600 3334; x_wconf 89' lang='lat' dir='ltr'>sufficere</span> <span class='ocrx_word' id='word_1_325' title='bbox 644 3282 781 3332; x_wconf 87' lang='lat' dir='ltr'>nobis</span> <span class='ocrx_word' id='word_1_326' title='bbox 815 3281 955 3331; x_wconf 88' lang='lat' dir='ltr'>debet</span> <span class='ocrx_word' id='word_1_327' title='bbox 988 3298 1226 3348; x_wconf 90' lang='lat' dir='ltr'>nunquam</span> <span class='ocrx_word' id='word_1_328' title='bbox 1253 3281 1378 3331; x_wconf 88' lang='lat' dir='ltr'>istud</span> <span class='ocrx_word' id='word_1_329' title='bbox 1409 3280 1601 3332; x_wconf 90' lang='lat' dir='ltr'>omnino</span> <span class='ocrx_word' id='word_1_330' title='bbox 1631 3297 1740 3330; x_wconf 91' lang='lat' dir='ltr'>esse</span> <span class='ocrx_word' id='word_1_331' title='bbox 1768 3280 1961 3341; x_wconf 76' lang='lat' dir='ltr'>factum,</span> 
     </span>
     <span class='ocr_line' id='line_1_36' title="bbox 68 3363 1962 3432; baseline -0.001 -18"><span class='ocrx_word' id='word_1_332' title='bbox 68 3367 220 3414; x_wconf 82' lang='lat' dir='ltr'>Donec</span> <span class='ocrx_word' id='word_1_333' title='bbox 242 3370 425 3430; x_wconf 76' lang='lat' dir='ltr'>peperit</span> <span class='ocrx_word' id='word_1_334' title='bbox 444 3368 606 3431; x_wconf 78' lang='lat' dir='ltr'>filium</span> <span class='ocrx_word' id='word_1_335' title='bbox 644 3384 775 3416; x_wconf 83' lang='lat' dir='ltr'>suum</span> <span class='ocrx_word' id='word_1_336' title='bbox 806 3369 1195 3430; x_wconf 54' lang='lat' dir='ltr'>primogenitum·</span> <span class='ocrx_word' id='word_1_337' title='bbox 1254 3365 1376 3432; x_wconf 90' lang='lat' dir='ltr'>quod</span> <span class='ocrx_word' id='word_1_338' title='bbox 1409 3366 1611 3416; x_wconf 90' lang='lat' dir='ltr'>eundem</span> <span class='ocrx_word' id='word_1_339' title='bbox 1655 3380 1849 3414; x_wconf 87' lang='lat' dir='ltr'>sensum</span> <span class='ocrx_word' id='word_1_340' title='bbox 1880 3363 1962 3413; x_wconf 91' lang='lat' dir='ltr'>ha-</span> 
     </span>
     <span class='ocr_line' id='line_1_37' title="bbox 67 3446 1963 3516; baseline -0.001 -18"><span class='ocrx_word' id='word_1_341' title='bbox 67 3446 175 3511; x_wconf 82' lang='lat' dir='ltr'>bet,</span> <span class='ocrx_word' id='word_1_342' title='bbox 229 3458 274 3498; x_wconf 88' lang='lat' dir='ltr'>et</span> <span class='ocrx_word' id='word_1_343' title='bbox 311 3450 368 3499; x_wconf 90' lang='lat' dir='ltr'>ad</span> <span class='ocrx_word' id='word_1_344' title='bbox 399 3449 722 3500; x_wconf 86' lang='lat' dir='ltr'>admirabilem</span> <span class='ocrx_word' id='word_1_345' title='bbox 761 3451 818 3499; x_wconf 88' lang='lat' dir='ltr'>de</span> <span class='ocrx_word' id='word_1_346' title='bbox 849 3449 1036 3516; x_wconf 85' lang='lat' dir='ltr'>virgine</span> <span class='ocrx_word' id='word_1_347' title='bbox 1068 3448 1390 3516; x_wconf 86' lang='lat' dir='ltr'>coguitionem</span> <span class='ocrx_word' id='word_1_348' title='bbox 1430 3450 1668 3511; x_wconf 83' lang='lat' dir='ltr'>refertur,</span> <span class='ocrx_word' id='word_1_349' title='bbox 1719 3447 1795 3497; x_wconf 92' lang='lat' dir='ltr'>cui</span> <span class='ocrx_word' id='word_1_350' title='bbox 1834 3465 1963 3499; x_wconf 90' lang='lat' dir='ltr'>sum-</span> 
     </span>
     <span class='ocr_line' id='line_1_38' title="bbox 69 3532 906 3584; baseline 0.002 -3"><span class='ocrx_word' id='word_1_351' title='bbox 69 3548 172 3582; x_wconf 91' lang='lat' dir='ltr'>mus</span> <span class='ocrx_word' id='word_1_352' title='bbox 212 3532 366 3583; x_wconf 90' lang='lat' dir='ltr'>honor</span> <span class='ocrx_word' id='word_1_353' title='bbox 404 3550 428 3582; x_wconf 91' lang='lat' dir='ltr'>a</span> <span class='ocrx_word' id='word_1_354' title='bbox 469 3535 559 3584; x_wconf 91' lang='lat' dir='ltr'>deo</span> <span class='ocrx_word' id='word_1_355' title='bbox 598 3534 906 3584; x_wconf 86' lang='lat' dir='ltr'>tribueretur.</span> 
     </span>
    </p>

    <p class='ocr_par' dir='ltr' id='par_1_5' title="bbox 207 3614 2134 3694">
     <span class='ocr_line' id='line_1_39' title="bbox 207 3614 2134 3694; baseline -0.002 -27"><span class='ocrx_word' id='word_1_356' title='bbox 207 3614 387 3667; x_wconf 91' lang='lat' dir='ltr'>Verum</span> <span class='ocrx_word' id='word_1_357' title='bbox 429 3634 488 3668; x_wconf 92' lang='lat' dir='ltr'>ne</span> <span class='ocrx_word' id='word_1_358' title='bbox 525 3617 631 3686; x_wconf 90' lang='lat' dir='ltr'>quis</span> <span class='ocrx_word' id='word_1_359' title='bbox 669 3635 733 3669; x_wconf 83' lang='lat' dir='ltr'>ex</span> <span class='ocrx_word' id='word_1_360' title='bbox 763 3635 821 3669; x_wconf 88' lang='lat' dir='ltr'>eo</span> <span class='ocrx_word' id='word_1_361' title='bbox 852 3617 976 3685; x_wconf 89' lang='lat' dir='ltr'>quod</span> <span class='ocrx_word' id='word_1_362' title='bbox 1016 3616 1248 3685; x_wconf 89' lang='lat' dir='ltr'>scriptum</span> <span class='ocrx_word' id='word_1_363' title='bbox 1293 3625 1397 3680; x_wconf 85' lang='lat' dir='ltr'>est,</span> <span class='ocrx_word' id='word_1_364' title='bbox 1453 3621 1715 3681; x_wconf 75' lang='lat' dir='ltr'>Antequam</span> <span class='ocrx_word' id='word_1_365' title='bbox 1754 3619 1964 3665; x_wconf 84' lang='lat' dir='ltr'>eonvem‘-</span> <span class='ocrx_word' id='word_1_366' title='bbox 2035 3640 2134 3694; x_wconf 81' lang='lat' dir='ltr'>cap.</span> 
     </span>
    </p>
   </div>
   <div class='ocr_carea' id='block_1_4' title="bbox 69 3754 1963 3868">
    <p class='ocr_par' dir='ltr' id='par_1_6' title="bbox 69 3754 1963 3868">
     <span class='ocr_line' id='line_1_40' title="bbox 69 3754 1963 3819; baseline 0.003 -27"><span class='ocrx_word' id='word_1_367' title='bbox 69 3757 250 3795; x_wconf 84' lang='lat' dir='ltr'>vocabulo</span> <span class='ocrx_word' id='word_1_368' title='bbox 273 3754 503 3810; x_wconf 79' lang='grc' dir='ltr'>γεγένηται.</span> <span class='ocrx_word' id='word_1_369' title='bbox 560 3760 619 3797; x_wconf 78' lang='lat' dir='ltr'>Ita</span> <span class='ocrx_word' id='word_1_370' title='bbox 639 3760 754 3797; x_wconf 79' lang='lat' dir='ltr'>eliam</span> <span class='ocrx_word' id='word_1_371' title='bbox 778 3759 987 3798; x_wconf 82' lang='lat' dir='ltr'>Carnarius</span> <span class='ocrx_word' id='word_1_372' title='bbox 1042 3756 1380 3810; x_wconf 81' lang='lat' dir='ltr'>primogenitum,</span> <span class='ocrx_word' id='word_1_373' title='bbox 1426 3754 1570 3795; x_wconf 87' lang='lat' dir='ltr'>eodem</span> <span class='ocrx_word' id='word_1_374' title='bbox 1600 3755 1725 3797; x_wconf 88' lang='lat' dir='ltr'>modo</span> <span class='ocrx_word' id='word_1_375' title='bbox 1754 3755 1963 3819; x_wconf 86' lang='lat' dir='ltr'>interpre-</span> 
     </span>
     <span class='ocr_line' id='line_1_41' title="bbox 70 3812 1615 3868; baseline 0.001 -17"><span class='ocrx_word' id='word_1_376' title='bbox 70 3813 178 3851; x_wconf 77' lang='lat' dir='ltr'>vertit</span> <span class='ocrx_word' id='word_1_377' title='bbox 219 3813 295 3860; x_wconf 86' lang='lat' dir='ltr'>Et,</span> <span class='ocrx_word' id='word_1_378' title='bbox 340 3814 480 3852; x_wconf 86' lang='lat' dir='ltr'>Donec</span> <span class='ocrx_word' id='word_1_379' title='bbox 518 3813 676 3868; x_wconf 85' lang='lat' dir='ltr'>peperit</span> <span class='ocrx_word' id='word_1_380' title='bbox 715 3813 840 3853; x_wconf 83' lang='lat' dir='ltr'>filium</span> <span class='ocrx_word' id='word_1_381' title='bbox 878 3827 993 3853; x_wconf 87' lang='lat' dir='ltr'>suum</span> <span class='ocrx_word' id='word_1_382' title='bbox 1049 3812 1127 3853; x_wconf 85' lang='lat' dir='ltr'>tari</span> <span class='ocrx_word' id='word_1_383' title='bbox 1157 3812 1306 3863; x_wconf 87' lang='lat' dir='ltr'>debes,</span> <span class='ocrx_word' id='word_1_384' title='bbox 1338 3820 1506 3867; x_wconf 87' lang='lat' dir='ltr'>propter</span> <span class='ocrx_word' id='word_1_385' title='bbox 1535 3816 1615 3853; x_wconf 75' lang='lat' dir='ltr'>cett.</span> 
     </span>
    </p>
   </div>
  </div>
 </body>
</html>
