2508 4134
168 1864 258 1902 pag.
278 1851 376 1891 1014.

167 3306 280 3364 Κεφ.
296 3305 378 3352 κα’.

400 260 502 313 368
1110 269 1316 312 εΑΝοΤι
1345 270 1637 317 ΕΡΙΡΗΑΝΠ

399 389 498 438 γων
519 366 595 421 ὅτι
625 363 685 422 οὗ
715 369 795 419 δεῖ
816 367 996 420 τέλειον
1023 364 1300 438 ἄνθρωπον
1321 365 1409 422 τόν
1440 366 1592 423 αὐτὸν
1625 365 1940 437 ἀνειληφέναι
1961 369 2138 439 λέγειν,
2176 370 2334 438 δῆθεν

401 451 502 506 ἆπὸ
527 458 619 505 τοῦ
649 455 803 522 ῥητοῦ
832 453 1120 523 εἰρημένου,
1155 451 1539 523 Ἀναλαμβάνων
1569 461 1745 527 πραεῖς
1769 452 1801 508 ὅ
1826 455 2012 525 κύριος.
2092 452 2254 507 Οὐδὲν
2281 453 2335 508 δὲ

398 536 713 606 θαυμαστὸν,
761 535 875 591 οὔτε
899 538 1191 609 διαφθοράν
1219 562 1328 593 τινα
1367 542 1421 594 ἐν
1445 538 1603 614 τούτῳ
1634 563 1707 603 τις
1734 541 1829 608 ἔχει
1857 543 2034 605 δεῖξαι,
2084 545 2151 612 τῷ
2181 541 2336 593 εἰπεῖν

398 621 659 692 ἀναλαβεῖν
700 622 858 694 σάρκα
899 623 985 678 τὸν
1026 623 1226 695 κύριον,
1285 624 1320 694 ἢ
1360 625 1575 697 λαβόντα
1613 629 1795 680 τελείαν
1835 624 2246 695 ἐνανθρώπησιν,
2299 623 2335 693 ἢ

400 709 559 781 ὥςπερ
601 709 834 772 πολλάκις
863 712 916 764 ἐν
943 707 1065 778 ἡμῖν
1090 708 1367 780 ὁμωνύμως
1403 712 1574 765 πολλαὶ
1612 712 1759 775 λέξεις
1783 710 2122 782 τυγχάνουσιν.
2187 711 2335 766 Ἀνα-

397 794 663 865 λαμβάνων
702 794 823 867 γάρ,
875 797 1025 864 φησὶ,
1077 804 1252 870 πραεῖς
1292 795 1321 851 ὁ
1358 796 1562 868 κύριος,
1611 798 1722 862 καὶ,
1774 795 1999 866 Ἀνέλαβέ
2034 818 2093 865 με
2143 798 2198 851 ἐκ
2237 801 2338 850 τῶν

398 885 644 951 ποιμνίων
670 887 768 935 τῶν
795 881 1087 953 προβάτων,
1137 884 1240 949 καὶ,
1270 868 1571 950 Ἀνεληφθη,
1608 884 1688 935 καὶ
1724 879 1865 936 εἷπον
1902 881 1993 936 δύο
2020 880 2222 954 ἄνδρες,
2279 884 2337 935 Τί

400 967 654 1037 ἑστήκατε,
704 965 880 1038 ἄνδρες
922 974 1193 1033 Γαλιλαῖοις
1268 961 1412 1030 οὗτος
1453 965 1483 1021 ὅ
1533 964 1621 1034 ἐφ’
1654 964 1796 1036 ὑμῶν
1833 965 2155 1036 άναληφθείς.
2238 967 2336 1020 Καὶ

401 1054 462 1108 οὗ
488 1053 683 1117 πάντως
706 1051 760 1108 τό
787 1054 1049 1122 ἀναλαβεῖν
1077 1058 1194 1122 μίαν
1222 1055 1313 1122 ἔχει
1342 1051 1616 1123 διαφοράν,
1668 1055 1719 1107 ἐν
1741 1059 1810 1126 τῷ
1833 1054 2013 1124 λέγειν,
2061 1052 2334 1122 Ἀνέλαβεν,

398 1139 449 1209 ἢ,
468 1138 697 1208 ”Ελαβεν,
736 1138 783 1207 ἢ,
812 1139 1143 1193 Ἀνεπλάσατο
1184 1142 1252 1201 εἰς
1292 1138 1468 1193 ἑαυτὸν
1502 1137 1593 1206 τὴν
1630 1140 1762 1191 ἰδίαν
1798 1137 2202 1210 ἐνανθρώπησιν·
2242 1137 2337 1194 οὐκ

401 1224 500 1280 άπὸ
529 1232 618 1294 τῆς
653 1226 826 1289 λέξεως
854 1223 988 1294 ἡμᾶς
1024 1225 1204 1292 ταύτης
1229 1225 1502 1296 πτύρουσιν
1534 1227 1585 1278 οἱ
1617 1223 1911 1293 βουλόμενοι
1947 1247 2073 1278 κατα
2101 1230 2201 1278 τῶν
2224 1223 2336 1278 ἄκε-

402 1315 555 1384 ραίων
581 1314 928 1382 ἐπεγείρεσθαι.
1014 1318 1030 1347 ¹
1050 1313 1152 1365 Καὶ
1183 1310 1343 1373 ου’τως
1369 1309 1460 1381 χρὴ
1496 1312 1674 1381 λέγειν,
1724 1311 1811 1363 καὶ
1836 1310 1904 1378 μή
1927 1332 2001 1374 τις
2024 1314 2200 1385 νομίσῃ
2234 1313 2338 1364 δια-

401 1398 594 1468 βάλλειν
631 1395 788 1466 ημᾶς,
840 1395 875 1464 η’
914 1403 1239 1465 χλευαστικῶς
1283 1398 1438 1467 λέγειν
1476 1397 1587 1467 περι
1625 1401 1712 1464 τῆς
1742 1394 2033 1459 ὑποθέσεως
2067 1395 2250 1465 ταύτης
2277 1418 2337 1450 τα

402 1484 611 1556 ρήματα.
689 1482 937 1545 Πολλάκις
975 1482 1068 1553 γάρ
1101 1482 1390 1551 ἐσκεψάμην
1426 1483 1538 1552 περὶ
1565 1480 1741 1535 τούτου
1778 1481 2014 1554 γράφειν,
2051 1485 2135 1536 ινα
2168 1481 2235 1551 μή
2263 1503 2338 1545 τις

400 1574 577 1644 νομίσῃ
605 1567 736 1637 ἡμᾶς
764 1566 867 1622 κατ’
891 1571 1078 1639 ἔχθραν
1116 1566 1221 1622 κατ’
1249 1568 1406 1622 αὐτοῦ
1438 1570 1799 1639 ἐπεγείρησθαι.
1878 1569 2041 1621 Οὐδὲν
2079 1566 2170 1639 γάρ
2207 1566 2338 1637 ἡμᾶς

403 1656 569 1718 οὐδεὶς
597 1658 826 1724 ἔβλαψεν,
858 1652 925 1716 ὥς
947 1653 1073 1708 κατά
1094 1653 1147 1708 τὸ
1174 1653 1497 1725 ἀνθρώπινον
1518 1655 1659 1724 λέγω,
1698 1653 1816 1708 οὐδὲ
1839 1652 1900 1707 τά
1923 1651 2064 1722 ἡμῶν
2090 1655 2143 1709 ἐν
2166 1653 2337 1729 κόσμῳ

403 1742 709 1813 ἀφήρπασεν.
784 1739 1130 1810 Σκεπτόμενος
1158 1741 1211 1794 δὲ
1237 1747 1326 1795 τοῦ
1353 1739 1420 1810 μὴ
1452 1739 1678 1811 γράφειν,
1714 1737 2043 1811 ἠναγκάσθην
2068 1737 2154 1793 ὑπ’
2181 1740 2338 1810 αὐτῆς

402 1836 489 1898 τῆς
522 1828 788 1897 ἀληθείας,
844 1833 870 1863 2
887 1829 970 1880 ἵνα
998 1825 1067 1895 μὴ
1092 1831 1384 1898 παραλείψω
1416 1833 1516 1880 τῶν
1545 1824 1679 1896 παρὰ
1705 1824 1793 1895 τὴν
1820 1829 1984 1879 πίστιν
2011 1849 2058 1880 τι
2088 1847 2337 1897 πεφρονη-

402 1914 584 1971 κότων·
620 1912 688 1977 ὥς
712 1915 796 1968 καὶ
823 1912 1027 1983 ὕστερον
1056 1915 1109 1966 οἱ
1131 1916 1386 1981 θεοσεβεῖς
1413 1911 1692 1981 ἐντυχόντες
1718 1910 2097 1982 ἐπιγνώσονται,
2146 1911 2223 1967 ὅτι
2249 1910 2338 1982 οὐχ

405 2004 546 2057 ἕνεκα
572 1999 718 2069 ζήλου
744 2005 988 2069 κοσμικοῦ
1013 1997 1133 2067 ἡμῖν
1158 1997 1188 2053 ό
1213 1998 1372 2070 λόγος.
1444 2005 1654 2052 Μᾶλλον
1680 1996 1770 2068 γάρ
1801 1997 1984 2064 ὠφελεῖ
2005 1995 2137 2066 ἡμᾶς
2162 1996 2194 2052 o‘
2212 1996 2337 2070 άνῆρ

403 2086 464 2142 τά
492 2089 692 2158 μέγιστα
720 2092 816 2140 τῶν
852 2084 977 2139 κατά
1005 2084 1193 2154 κόσμον
1217 2087 1300 2139 καὶ
1326 2083 1453 2138 κατὰ
1482 2083 1573 2154 τὴν
1597 2081 1820 2155 άγάπην,
1869 2085 2002 2154 εἴπερ
2038 2080 2338 2154 ὅμοφρόνως

403 2180 463 2249 τῇ
489 2170 604 2246 άγία
629 2179 757 2226 θεοῦ
785 2174 1013 2245 ἐκκλησία
1040 2169 1166 2225 κατά
1188 2170 1350 2224 πάντα
1375 2179 1479 2234 τοῖς
1505 2176 1628 2223 πᾶσι
1650 2173 1948 2235 συνετίθετο,
1987 2171 2073 2223 καὶ
2102 2169 2170 2238 μή
2195 2172 2337 2235 ξένον

406 2284 452 2315 τι
484 2257 809 2329 παρειςήγαγε
846 2261 992 2328 ῤ’ῆμα.
1052 2256 1200 2311 ’Ήτοι
1226 2250 1315 2311 οὖν
1340 2255 1454 2327 παρ’
1482 2254 1633 2329 αὐτῷ,
1667 2254 1702 2324 ἢ
1732 2263 1836 2318 τοῖς
1863 2252 1977 2326 παρ’
2009 2252 2165 2310 αὐτοῦ
2188 2277 2334 2326 μεμα-

403 2347 728 2415 θητευμένοις
766 2342 793 2397 ὁ
820 2343 966 2414 λόγος
994 2340 1150 2406 ἄλλως
1186 2342 1458 2411 νοούμενος
1489 2342 1571 2396 διὰ
1598 2349 1689 2396 τοῦ
1720 2341 1948 2397 τοιούτου
1976 2343 2221 2413 σχήματος
2250 2344 2336 2396 καὶ

405 2431 705 2504 προφάσεως
732 2433 784 2484 ἐν
810 2428 1015 2503 παρόδῳ
1041 2426 1238 2502 ᾅδεται,
1293 2429 1388 2483 οὐκ
1423 2431 1514 2497 ἔχω
1542 2430 1710 2500 λέγειν.
1787 2427 2037 2492 Πολλάκις
2070 2429 2123 2483 δὲ
2150 2425 2338 2498 διενοή-

404 2526 593 2586 θημεν,
630 2518 715 2570 καὶ
748 2518 1009 2583 ἔκπληκτοι
1041 2515 1334 2586 γεγόναμεν,
1371 2514 1447 2569 ὅτι
1475 2516 1635 2569 ἕνεκεν
1663 2521 1753 2570 τοῦ
1782 2515 1930 2586 λόγου
1967 2513 2149 2569 τούτου
2190 2512 2224 2583 ἦ
2261 2515 2334 2568 ἔν-

405 2621 572 2666 στασις
601 2608 690 2670 τῆς
715 2605 1015 2668 φιλονεικίας
1043 2603 1127 2655 καὶ
1151 2607 1241 2655 τοῦ
1274 2599 1465 2672 ἀγῶνος
1496 2603 1588 2664 ἕως
1618 2607 1846 2655 θανατοῦ
1874 2599 1987 2672 παρ’
2017 2599 2180 2654 αὐτῶν
2208 2602 2337 2654 ἐκδι-

405 2697 574 2744 κεῖται.
648 2689 750 2740 Καὶ
774 2689 827 2741 ἐκ
851 2688 1029 2741 τούτου
1055 2690 1271 2759 ἔγνωμεν
1293 2687 1369 2742 ’ὅτι
1388 2686 1511 2758 τάχα
1533 2689 1846 2761 περιττοτέρςι
1872 2689 1968 2742 τινὶ
1989 2684 2201 2759 ὑπονοίᾳ
2228 2707 2329 2758 παρ

407 2775 577 2837 αὐτοῖς
615 2770 644 2828 o‘
678 2774 822 2845 λόγος
858 2773 1042 2847 ᾄδεται.

536 3291 692 3345 ’Ὅταν
734 3290 826 3362 γάρ
868 3288 1119 3363 ἐρωτήσῃς
1157 3288 1294 3352 τινας
1333 3292 1382 3353 ἐξ
1422 3289 1612 3355 αὐτῶν,
1665 3286 1919 3358 διαφόρως
1954 3287 2041 3354 μὲν
2079 3288 2131 3339 οἱ
2157 3284 2339 3349 πάντες

409 3378 769 3448 ἀναγγέλλουσι.
855 3376 992 3438 Τινὲς
1017 3376 1069 3429 δὲ
1093 3377 1288 3445 λέγουσι
1317 3374 1383 3443 μὴ
1411 3379 1591 3428 τελείαν
1617 3375 1869 3442 εἰληφέναι
1893 3371 1978 3426 τὸν
2002 3370 2176 3441 κύριον
2200 3373 2338 3425 ἐναν-

410 3462 692 3534 θρώπησιν,
731 3462 853 3530 μηδὲ
876 3463 1053 3515 τέλειον
1080 3459 1228 3514 αὐτόν
1257 3447 1505 3531 γεγονέναι
1533 3459 1816 3530 ἄνθρωπον.
1881 3457 2085 3526 Ἐπειδὴ
2111 3458 2164 3510 δὲ
2192 3462 2337 3510 τοῦτο

412 3548 627 3616 φευκτόν
652 3551 834 3618 ἐγίνετο
864 3554 1083 3613 πολλοῖς,
1121 3546 1297 3600 λοιπόν
1324 3546 1525 3616 ὕστερον
1549 3548 1768 3616 εἰρωνεία
1796 3545 2069 3615 ἐκέχρηντο,
2110 3541 2177 3605 ὦς
2203 3541 2337 3595 ὕστε-

413 3656 502 3703 ρον
539 3637 592 3687 ἐκ
633 3638 722 3687 τοῦ
754 3633 995 3701 στόματος
1044 3630 1243 3685 ιαὐτῶν
1285 3628 1507 3703 άκριβῶς
1543 3629 1912 3700 μεμαθήκαμεν.
1977 3629 2096 3682 Ἐπὶ
2121 3634 2207 3696 τῆς
2231 3625 2338 3679 Ἀν-

471 3776 566 3817 CAP.
595 3779 701 3819 XX.
733 3802 783 3810 --
845 3779 881 3820 1.
911 3775 1000 3821 Καὶ
1029 3780 1158 3819 omiss.
1185 3779 1226 3818 in
1260 3779 1347 3818 edit
1462 3776 1501 3817 2.
1533 3776 1786 3816 Scribendum
1823 3775 1982 3825 fortasse
2010 3771 2070 3830 μή
2099 3786 2200 3816 τινα.
2262 3773 2337 3813 Pe-

413 3835 551 3876 Pelav.
583 3837 715 3876 Colon.
743 3840 858 3886 repet.
1405 3835 1535 3874 iuvius
1558 3835 1714 3884 putavit
1735 3831 1801 3875 ἵνα
1828 3830 2004 3885 μηδένα.
