2508 4134
857 270 1389 313 ANAcErHALAEoffls
1978 260 2078 310 583

181 378 286 422 etus
315 369 570 437 unicuique
597 369 860 440 permissus
889 378 993 434 est,
1048 378 1276 437 quantum
1309 387 1478 421 vocem
1511 369 1638 420 illius
1668 369 1833 420 audire
1859 385 1915 418 ac
1942 376 2083 436 prout

179 470 352 522 capere
381 462 587 522 poterat.
663 451 856 506 Utcum
884 470 971 522 per
1000 450 1173 504 lsaiam
1196 454 1263 504 ita
1287 453 1522 521 loquitur:
1570 457 1693 502 Ecce
1720 456 1942 516 intellegit
1958 469 2080 516 puer
2096 454 2329 533 fiai-57²3?-

178 556 302 588 meus
337 540 548 588 delectus.
627 535 766 605 Quae
812 536 960 606 patris
1001 536 1150 605 ipsius
1185 537 1335 588 verba
1378 546 1508 588 sunt.
1588 534 1670 588 Sic
1718 535 1918 599 Daniel,
1978 538 2086 585 Vz'a'z·
2189 523 2197 533 ’
2240 523 2251 543 ’

177 626 414 687 antiquum
442 625 649 684 diam,-
691 622 812 690 quod
839 620 994 674 visum
1026 619 1174 689 patris
1200 620 1439 688 proprium
1470 620 1576 670 suit.
1655 618 1931 687 Quinetiam
1958 621 2079 688 apud

178 706 319 757 alium
350 705 653 774 prophetam,
692 709 827 770 Ego,
867 704 1049 772 inquit,
1104 708 1300 754 vzlsz'ones
1330 707 1657 769 multszz'cavl,
1714 715 1762 753 et
1785 709 1831 754 z‘n
1863 707 2072 754 manibus
2090 710 2176 746 0⁸0·
2199 709 2253 753 12,
2276 708 2328 743 1⁰·

170 793 500 855 prophetarum
522 793 806 839 assz'nu'latus
828 807 946 839 sum.
1002 786 1074 838 Ea
1100 805 1198 838 vox
1227 796 1302 838 est
1330 788 1411 837 filii
1439 789 1651 856 propria.
1702 789 1843 857 Apud
1871 788 2080 839 Ezechi-

178 861 300 924 elem
347 890 494 936 vero,
548 877 616 923 Et
647 877 895 938 assumpsit
933 891 1027 931 me,
1081 870 1259 938 inquit,
1315 875 1510 936 spei-ilas
1550 876 1648 932 dei,
1701 883 1747 921 et
1777 877 1910 922 ezec-it
1935 891 2004 922 me
2031 876 2078 923 in
2093 877 2265 957 Εῑξῖὶιρῗ),
2276 878 2328 914 12.

175 975 412 1023 campum3
453 959 576 1025 quod
605 958 661 1008 ad
691 956 907 1024 spiritum
935 963 1150 1007 sanetum
1178 955 1401 1023 pertinet.
1479 954 1727 1007 Eiusmodi
1752 956 1841 1007 alia
1873 957 2080 1024 proferri
2258 945 2268 954 ⁵

176 1058 315 1110 quam
344 1041 543 1110 plurima
575 1049 802 1109 possunt3
844 1057 870 1090 e
900 1038 1068 1107 quibus
1099 1056 1250 1106 pauca
1279 1039 1511 1106 quaedam
1539 1039 1694 1090 obiter
1722 1041 2076 1108 proposuimus·

174 1124 336 1192 Atque
381 1134 430 1176 ut
474 1124 711 1194 propriam
756 1124 992 1175 ecclesiae
1039 1124 1239 1174 formam
1275 1141 1331 1173 ac
1363 1131 1502 1173 notas
1534 1125 1931 1188 ostenderemus,
1984 1124 2076 1174 duo

176 1209 332 1259 triave
374 1209 522 1267 verba
561 1210 610 1259 in
640 1208 846 1260 medium
877 1207 1122 1266 attulimus
1163 1224 1227 1258 ex
1253 1207 1450 1258 infinitis
1492 1208 1612 1258 locis
1645 1225 1767 1275 quae
1795 1208 1983 1257 illorum
2014 1208 2078 1257 si-

174 1293 302 1343 milia
345 1292 406 1343 in.
436 1293 687 1361 scripturis
727 1310 783 1342 ae
815 1300 908 1342 tam
951 1300 1118 1342 vetere
1156 1309 1292 1359 quam
1338 1310 1466 1342 novo
1500 1300 1789 1342 testamento
1831 1292 2075 1358 leguntur.

174 1375 294 1428 lllud
322 1394 438 1428 vero
469 1377 667 1446 insuper
694 1376 898 1428 ecclesia
921 1376 1190 1444 profitetur,
1232 1375 1472 1426 dominum
1501 1376 1653 1444 ipsum
1683 1393 1857 1445 corpus
1889 1376 2077 1426 Adamo

174 1461 468 1525 fabricasse,
525 1471 572 1512 et
610 1465 861 1526 mspffasse
896 1463 974 1510 z'llz‘
1003 1464 1216 1525 spiritum
1253 1464 1399 1520 vitae,
1457 1478 1563 1510 cum
1603 1461 1846 1511 viventem
1885 1459 1929 1510 ei
1962 1478 2072 1528 pro-
2137 1469 2231 1506 Gen.
2253 1468 2285 1505 ².

175 1554 364 1597 crearet
399 1547 625 1599 animam.
704 1543 830 1595 Tum
859 1542 1024 1614 Moysi
1053 1545 1207 1611 legem
1240 1543 1495 1595 tradidisse
1524 1546 1662 1595 deum
1687 1545 1839 1613 ipsum
1870 1554 2073 1613 patrem,

173 1631 318 1681 filium
349 1638 397 1680 et
419 1630 635 1698 spiritum
665 1638 903 1692 sanctum,
945 1646 1066 1696 quae
1091 1638 1164 1678 est
1191 1647 1282 1679 una
1309 1629 1553 1680 divinitas,
1607 1628 1794 1680 Deinde
1821 1629 1880 1679 ab
1911 1629 2076 1679 eadem

174 1714 424 1765 divinitate
466 1712 721 1782 prophetas
762 1729 872 1763 esse
902 1713 1095 1764 missoS.
1175 1713 1250 1765 Ad
1279 1713 1395 1764 haec
1425 1722 1640 1764 nostrum
1672 1714 1802 1764 illum
1835 1714 1972 1769 deum
2002 1709 2079 1763 lu-

174 1798 402 1849 daeorum
430 1814 486 1847 ac
511 1795 897 1848 Christianorum
925 1814 1035 1847 esse
1061 1815 1380 1859 communem,
1423 1797 1501 1865 qui
1531 1795 1735 1848 ludaeos
1762 1798 1818 1847 ad
1844 1796 2075 1848 iustitiam

172 1899 257 1932 eos
307 1881 524 1945 vocavit,
583 1882 662 1949 qui
700 1881 1080 1932 incarnationem
1122 1881 1273 1949 ipsam
1321 1882 1498 1932 domini
1544 1882 1694 1932 nostri
1740 1879 1852 1932 Iesu
1892 1878 2077 1932 Christi

170 1982 465 2034 nequaquam
510 1965 837 2031 abnegarent,
892 1965 1065 2032 quique
1103 1965 1211 2016 illos
1256 1983 1423 2017 omnes
1462 1976 1656 2028 servat,
1715 1966 1792 2034 qui
1826 1983 1891 2015 ex
1929 1981 2075 2015 verae

167 2049 318 2116 ipsius
344 2049 452 2099 fidei
480 2049 776 2118 praescripto
805 2048 949 2099 vitam
976 2050 1248 2112 instituunt,
1291 2068 1444 2118 neque
1472 2052 1662 2101 sincere
1689 2059 1737 2100 et
1761 2049 2074 2117 evangelicae

168 2134 294 2185 illius
325 2133 573 2183 doetrinae
613 2134 938 2201 praedicatum
984 2133 1156 2201 ubique
1197 2136 1368 2201 dogma
1407 2144 1658 2203 respuunt.
1736 2132 1885 2184 Venit
1923 2132 2070 2196 enim,

168 2218 301 2270 venit
327 2217 638 2285 unigenitus,
692 2217 853 2285 itaque
897 2226 1051 2267 mater
1093 2218 1300 2269 ecclesia
1330 2220 1597 2287 prolitetur.
1676 2217 1813 2286 Quae
1842 2215 2074 2285 tranquil-

169 2303 243 2357 lus
281 2302 410 2372 pacis
447 2310 613 2370 portus
645 2310 744 2364 est,
806 2309 852 2351 et
880 2301 1094 2353 suavitas
1123 2303 1354 2370 quaedam
1387 2303 1497 2355 vitis
1530 2322 1720 2369 cyprum
1746 2306 1983 2362 redolenS,
2025 2311 2075 2351 et
2092 2316 2199 2354 eant.
2222 2314 2322 2358 1,14.

170 2389 347 2436 botrum
390 2385 528 2437 nobis
571 2385 922 2437 benedictionis
960 2388 1244 2454 proferens,
1298 2405 1386 2438 nec
1421 2406 1515 2438 non
1549 2398 1597 2439 et
1629 2388 2073 2456 praesentissimum

169 2471 281 2522 illud
313 2471 635 2538 abstergendo
679 2470 889 2520 moerori
924 2480 1112 2538 potum,
1167 2489 1350 2529 merum
1383 2471 1569 2523 scilicet
1597 2490 1653 2523 ac
1691 2490 1856 2523 verum
1890 2468 2074 2522 Christi

171 2555 484 2622 sanguinem,
527 2555 738 2623 quotidie
778 2554 1005 2622 largiens.

307 2636 569 2689 Praeterea
601 2635 847 2703 Christum
874 2656 899 2688 e
925 2637 1084 2689 Maria
1115 2656 1306 2708 semper
1337 2640 1526 2708 virgine
1559 2658 1731 2692 revera
1763 2648 1925 2690 natum
1959 2655 2069 2690 esse

170 2722 350 2782 eredit,
393 2739 418 2773 e
443 2722 611 2789 spiritu
639 2731 805 2773 sancto
832 2740 925 2772 non
957 2740 1018 2773 ex
1057 2723 1181 2775 virili
1213 2724 1424 2788 semine,
1467 2725 1549 2775 sed
1580 2743 1643 2775 ex
1673 2725 1874 2792 ipsamet
1906 2741 2071 2774 sacro-

168 2815 334 2857 sancta
358 2806 564 2874 virgine,
605 2824 660 2856 ac
689 2806 847 2874 reipsa
876 2824 1069 2875 corpuS,
1111 2826 1206 2858 non
1234 2809 1395 2876 specie
1426 2809 1661 2860 duntaxat
1689 2809 1922 2870 induisse,
1965 2825 2071 2857 car-

168 2907 306 2953 nem,
346 2891 536 2958 inquam
556 2930 568 2953 ,
612 2907 880 2959 corpusque
909 2908 1072 2941 verum
1091 2930 1104 2954 ,
1147 2909 1251 2942 cum
1281 2893 1470 2944 ossibus
1502 2911 1557 2944 ac
1587 2893 1750 2945 nervis
1779 2891 2069 2959 reliquisque

169 2992 289 3042 quae
321 2974 459 3025 nobis
482 2974 647 3025 insunt
686 2973 936 3038 omnibus,
993 2974 1108 3025 nihil
1147 2984 1196 3026 ut
1227 2993 1253 3024 a
1286 2977 1422 3027 nobis
1463 2977 1581 3045 ipsis
1619 2986 1952 3045 praeterquam
1980 2993 2069 3026 ex-

167 3058 359 3110 cellenti
389 3059 587 3126 quadam
619 3058 887 3108 sanctitatis
921 3075 975 3109 ac
1009 3059 1271 3110 divinitatis
1301 3061 1456 3127 gloria
1494 3062 1761 3129 discrepet,
1814 3068 1913 3110 tum
1944 3060 2069 3127 quod

168 3143 439 3201 sanctitatis
483 3161 538 3194 ac
579 3143 790 3193 iustitiae
830 3160 916 3192 vas
957 3142 1036 3192 sit.
1116 3141 1275 3194 Habet.
1316 3154 1472 3195 autem
1519 3145 1678 3195 omnia
1721 3144 2069 3212 perfectissime

168 3227 286 3278 citra
315 3237 579 3296 peccatum.
659 3224 822 3292 Quare
855 3227 1059 3276 humana
1087 3243 1261 3278 revera
1294 3238 1367 3278 est
1398 3229 1557 3279 anima
1591 3229 1860 3296 praeditus,
1904 3228 2068 3278 huma-

169 3328 323 3378 naque
352 3321 545 3375 mente3
596 3330 689 3362 non
722 3311 844 3378 quod
878 3319 1084 3360 mentem
1118 3310 1397 3378 hypostasin
1432 3329 1541 3362 esse
1573 3313 1815 3374 dicamus,
1867 3321 1917 3361 ut
1946 3312 2069 3362 affir-

167 3481 279 3520 codd.
309 3492 399 3520 mss.
428 3485 594 3532 uterque.
1199 3477 1264 3518 31.
1280 3476 1370 3532 τὴν,
1395 3482 1498 3529 quod
1521 3482 1636 3531 vulgo
1662 3482 1767 3520 abest
1789 3482 1838 3519 ab
1861 3481 1985 3531 editis,
2008 3492 2069 3520 re-

223 3535 289 3577 27.
318 3531 348 3586 τί
380 3539 507 3576 omiss.
537 3539 579 3576 in
606 3538 696 3576 edit.
726 3537 860 3576 Petav.
1141 3537 1248 3574 stimi
1275 3546 1322 3574 ex
1349 3537 1458 3575 codd.
1490 3548 1576 3575 mss.

224 3591 290 3631 28.
334 3593 485 3641 chone
518 3589 593 3644 τήν
639 3589 782 3644 κύπριν
828 3603 875 3630 ex
915 3591 1089 3632 Panario
1200 3590 1267 3630 32.
1297 3588 1440 3638 >eochoda
1479 3585 1593 3632 ἄλλοι
1630 3590 1794 3646 λέγουσι
1832 3589 1939 3633 κατὰ
1977 3594 2068 3632 edit.

165 3645 401 3697 ρα9.10(,)6.
1144 3649 1303 3696 Petav.‚
1343 3650 1474 3696 invitis
1513 3650 1619 3688 libris
1657 3660 1747 3688 mss.
1816 3650 2067 3690 Scribendum

224 3701 291 3742 29.
324 3704 443 3753 Vulyo
469 3706 557 3743 libri.
577 3698 786 3756 ἅληῖτινός.
1142 3706 1235 3753 puto
1278 3701 1348 3743 καὶ
1377 3701 1428 3744 τὰ
1464 3700 1596 3745 πάντα
1631 3707 1690 3743 vel
1732 3702 1785 3746 τὰ
1811 3701 1944 3747 πάντα
1977 3707 2063 3748 κτλ.

223 3759 288 3801 30,
321 3754 342 3802 ὁ
374 3762 498 3801 omiss.
531 3762 570 3801 in
599 3762 687 3800 edit.
719 3762 852 3802 Petav,
1149 3759 1207 3811 Cf.
1236 3760 1387 3800 Panar.
1413 3759 1575 3815 (Expos
1599 3760 1706 3816 Fid.)
1735 3773 1827 3813 pay.
1847 3761 1966 3806 1097.
