<?xml version="1.0" encoding="UTF-8"?>
<!DOCTYPE html PUBLIC "-//W3C//DTD XHTML 1.0 Transitional//EN"
    "http://www.w3.org/TR/xhtml1/DTD/xhtml1-transitional.dtd">
<html xmlns="http://www.w3.org/1999/xhtml" xml:lang="en" lang="en">
 <head>
  <title>
</title>
<meta http-equiv="Content-Type" content="text/html;charset=utf-8" />
  <meta name='ocr-system' content='tesseract 3.04.00' />
  <meta name='ocr-capabilities' content='ocr_page ocr_carea ocr_par ocr_line ocrx_word'/>
</head>
<body>
  <div class='ocr_page' id='page_1' title='image "./pt3corporishaere02epipuoft_0076.png"; bbox 0 0 2508 4134; ppageno 0'>
   <div class='ocr_carea' id='block_1_1' title="bbox 285 794 481 853">
    <p class='ocr_par' dir='ltr' id='par_1_1' title="bbox 285 794 481 853">
     <span class='ocr_line' id='line_1_1' title="bbox 285 794 481 853; baseline -0.015 -13"><span class='ocrx_word' id='word_1_1' title='bbox 285 796 397 853; x_wconf 80' lang='grc' dir='ltr'><strong><em>Κεφ.</em></strong></span> <span class='ocrx_word' id='word_1_2' title='bbox 414 794 481 853; x_wconf 86' lang='grc' dir='ltr'><strong><em>ιβ’.</em></strong></span> 
     </span>
    </p>
   </div>
   <div class='ocr_carea' id='block_1_2' title="bbox 293 1817 473 1863">
    <p class='ocr_par' dir='ltr' id='par_1_2' title="bbox 293 1817 473 1863">
     <span class='ocr_line' id='line_1_2' title="bbox 293 1817 473 1863; baseline 0 -11"><span class='ocrx_word' id='word_1_3' title='bbox 293 1826 378 1863; x_wconf 78' lang='lat' dir='ltr'><strong>pag.</strong></span> <span class='ocrx_word' id='word_1_4' title='bbox 399 1817 473 1853; x_wconf 66' lang='lat'><strong><em>814.</em></strong></span> 
     </span>
    </p>
   </div>
   <div class='ocr_carea' id='block_1_3' title="bbox 520 250 1753 304">
    <p class='ocr_par' dir='ltr' id='par_1_3' title="bbox 520 250 1753 304">
     <span class='ocr_line' id='line_1_3' title="bbox 520 250 1753 304; baseline 0.007 -10"><span class='ocrx_word' id='word_1_5' title='bbox 520 250 589 302; x_wconf 84' lang='grc'><strong><em>66</em></strong></span> <span class='ocrx_word' id='word_1_6' title='bbox 1239 261 1441 303; x_wconf 80' lang='grc' dir='ltr'><strong>8ΑΝΟΤΙ</strong></span> <span class='ocrx_word' id='word_1_7' title='bbox 1471 263 1753 304; x_wconf 80' lang='grc' dir='ltr'><strong>ΕΡΙΡΗΑΝΙΙ</strong></span> 
     </span>
    </p>
   </div>
   <div class='ocr_carea' id='block_1_4' title="bbox 519 353 2453 435">
    <p class='ocr_par' dir='ltr' id='par_1_4' title="bbox 519 353 2453 435">
     <span class='ocr_line' id='line_1_4' title="bbox 519 353 2453 435; baseline 0.004 -25"><span class='ocrx_word' id='word_1_8' title='bbox 519 357 776 423; x_wconf 80' lang='grc' dir='ltr'><em>αὐτοτελῆ,</em></span> <span class='ocrx_word' id='word_1_9' title='bbox 827 353 1263 423; x_wconf 81' lang='grc' dir='ltr'><strong><em>ἀναθεματίζοντες</em></strong></span> <span class='ocrx_word' id='word_1_10' title='bbox 1309 358 1363 411; x_wconf 79' lang='grc' dir='ltr'><strong><em>δὲ</em></strong></span> <span class='ocrx_word' id='word_1_11' title='bbox 1403 360 1487 412; x_wconf 83' lang='grc' dir='ltr'><strong><em>καὶ</em></strong></span> <span class='ocrx_word' id='word_1_12' title='bbox 1529 358 1645 422; x_wconf 79' lang='grc' dir='ltr'><strong><em>τοῦς</em></strong></span> <span class='ocrx_word' id='word_1_13' title='bbox 1684 358 1994 427; x_wconf 81' lang='grc' dir='ltr'><strong><em>πλατυσμόν,</em></strong></span> <span class='ocrx_word' id='word_1_14' title='bbox 2046 361 2079 430; x_wconf 79' lang='grc' dir='ltr'><em>ἢ</em></span> <span class='ocrx_word' id='word_1_15' title='bbox 2115 364 2382 434; x_wconf 70' lang='grc' dir='ltr'><strong><em>συστολὴν,</em></strong></span> <span class='ocrx_word' id='word_1_16' title='bbox 2418 365 2453 435; x_wconf 72' lang='grc' dir='ltr'><em>ἢ</em></span> 
     </span>
    </p>
   </div>
   <div class='ocr_carea' id='block_1_5' title="bbox 513 438 2452 686">
    <p class='ocr_par' dir='ltr' id='par_1_5' title="bbox 513 438 2452 686">
     <span class='ocr_line' id='line_1_5' title="bbox 517 438 2449 521; baseline 0.006 -27"><span class='ocrx_word' id='word_1_17' title='bbox 517 444 763 512; x_wconf 78' lang='grc' dir='ltr'><strong><em>ἐνέργειαν</em></strong></span> <span class='ocrx_word' id='word_1_18' title='bbox 805 446 893 494; x_wconf 87' lang='grc' dir='ltr'><strong><em>τοῦ</em></strong></span> <span class='ocrx_word' id='word_1_19' title='bbox 930 439 1117 510; x_wconf 75' lang='grc' dir='ltr'><strong><em>πατρὸς</em></strong></span> <span class='ocrx_word' id='word_1_20' title='bbox 1158 440 1243 495; x_wconf 73' lang='grc' dir='ltr'><strong><em>τόν</em></strong></span> <span class='ocrx_word' id='word_1_21' title='bbox 1280 443 1391 497; x_wconf 85' lang='grc' dir='ltr'><strong><em>υἷὸν</em></strong></span> <span class='ocrx_word' id='word_1_22' title='bbox 1423 438 1676 514; x_wconf 81' lang='grc' dir='ltr'><strong><em>λέγοντας,</em></strong></span> <span class='ocrx_word' id='word_1_23' title='bbox 1727 446 1811 497; x_wconf 89' lang='grc' dir='ltr'><strong><em>καὶ</em></strong></span> <span class='ocrx_word' id='word_1_24' title='bbox 1847 444 1966 508; x_wconf 82' lang='grc' dir='ltr'><strong><em>τούς</em></strong></span> <span class='ocrx_word' id='word_1_25' title='bbox 2004 445 2091 500; x_wconf 77' lang='grc' dir='ltr'><strong><em>τόν</em></strong></span> <span class='ocrx_word' id='word_1_26' title='bbox 2127 448 2251 502; x_wconf 77' lang='grc' dir='ltr'><strong><em>θεὸν</em></strong></span> <span class='ocrx_word' id='word_1_27' title='bbox 2282 439 2449 521; x_wconf 76' lang='grc' dir='ltr'><strong><em>λόγον,</em></strong></span> 
     </span>
     <span class='ocr_line' id='line_1_6' title="bbox 514 524 2452 603; baseline 0.006 -25"><span class='ocrx_word' id='word_1_28' title='bbox 514 524 602 579; x_wconf 85' lang='grc' dir='ltr'><strong><em>τὸν</em></strong></span> <span class='ocrx_word' id='word_1_29' title='bbox 632 524 744 578; x_wconf 82' lang='grc' dir='ltr'><strong><em>υἷὸν</em></strong></span> <span class='ocrx_word' id='word_1_30' title='bbox 771 531 859 578; x_wconf 91' lang='grc' dir='ltr'><strong><em>τοῦ</em></strong></span> <span class='ocrx_word' id='word_1_31' title='bbox 886 532 1041 590; x_wconf 87' lang='grc' dir='ltr'><strong><em>θεοῦ,</em></strong></span> <span class='ocrx_word' id='word_1_32' title='bbox 1088 526 1416 597; x_wconf 82' lang='grc' dir='ltr'><strong><em>προαιῶνιον,</em></strong></span> <span class='ocrx_word' id='word_1_33' title='bbox 1470 532 1552 581; x_wconf 80' lang='grc' dir='ltr'><strong><em>καὶ</em></strong></span> <span class='ocrx_word' id='word_1_34' title='bbox 1589 531 1816 582; x_wconf 83' lang='grc' dir='ltr'><strong><em>συαΐδιον</em></strong></span> <span class='ocrx_word' id='word_1_35' title='bbox 1840 536 1909 602; x_wconf 78' lang='grc' dir='ltr'><strong><em>τῷ</em></strong></span> <span class='ocrx_word' id='word_1_36' title='bbox 1937 533 2086 603; x_wconf 86' lang='grc' dir='ltr'><strong><em>πατρὶ</em></strong></span> <span class='ocrx_word' id='word_1_37' title='bbox 2112 537 2242 588; x_wconf 52' lang='grc' dir='ltr'><strong><em>ἰκαὶ</em></strong></span> <span class='ocrx_word' id='word_1_38' title='bbox 2269 535 2452 590; x_wconf 86' lang='grc' dir='ltr'><strong><em>ἐνυπό·</em></strong></span> 
     </span>
     <span class='ocr_line' id='line_1_7' title="bbox 513 609 2089 686; baseline 0.004 -23"><span class='ocrx_word' id='word_1_39' title='bbox 513 628 718 676; x_wconf 89' lang='grc' dir='ltr'><strong><em>στατον,</em></strong></span> <span class='ocrx_word' id='word_1_40' title='bbox 757 612 842 664; x_wconf 85' lang='grc' dir='ltr'><strong><em>καὶ</em></strong></span> <span class='ocrx_word' id='word_1_41' title='bbox 879 609 1137 680; x_wconf 67' lang='grc' dir='ltr'><strong><em>αὐτοτελῆ,</em></strong></span> <span class='ocrx_word' id='word_1_42' title='bbox 1176 612 1288 667; x_wconf 82' lang='grc' dir='ltr'><strong><em>υἷόν</em></strong></span> <span class='ocrx_word' id='word_1_43' title='bbox 1322 615 1412 667; x_wconf 85' lang='grc' dir='ltr'><strong><em>καὶ</em></strong></span> <span class='ocrx_word' id='word_1_44' title='bbox 1448 612 1573 667; x_wconf 78' lang='grc' dir='ltr'><strong><em>θεόν</em></strong></span> <span class='ocrx_word' id='word_1_45' title='bbox 1610 612 1679 681; x_wconf 80' lang='grc' dir='ltr'><strong><em>μὴ</em></strong></span> <span class='ocrx_word' id='word_1_46' title='bbox 1718 612 2089 686; x_wconf 78' lang='grc' dir='ltr'><strong><em>ὁμολογοῦντας.</em></strong></span> 
     </span>
    </p>
   </div>
   <div class='ocr_carea' id='block_1_6' title="bbox 476 780 2490 3592">
    <p class='ocr_par' dir='ltr' id='par_1_6' title="bbox 476 780 2490 3421">
     <span class='ocr_line' id='line_1_8' title="bbox 654 780 2449 859; baseline 0.006 -25"><span class='ocrx_word' id='word_1_47' title='bbox 654 785 730 835; x_wconf 76' lang='grc' dir='ltr'><strong><em>Εἴ</em></strong></span> <span class='ocrx_word' id='word_1_48' title='bbox 752 804 825 844; x_wconf 87' lang='grc' dir='ltr'><strong><em>τις</em></strong></span> <span class='ocrx_word' id='word_1_49' title='bbox 853 780 941 835; x_wconf 85' lang='grc' dir='ltr'><strong><em>τὸν</em></strong></span> <span class='ocrx_word' id='word_1_50' title='bbox 971 780 1122 836; x_wconf 82' lang='grc' dir='ltr'><strong><em>αύτόν</em></strong></span> <span class='ocrx_word' id='word_1_51' title='bbox 1152 786 1338 854; x_wconf 78' lang='grc' dir='ltr'><strong><em>πατέρα</em></strong></span> <span class='ocrx_word' id='word_1_52' title='bbox 1365 787 1450 837; x_wconf 84' lang='grc' dir='ltr'><strong><em>καὶ</em></strong></span> <span class='ocrx_word' id='word_1_53' title='bbox 1483 783 1594 838; x_wconf 80' lang='grc' dir='ltr'><strong><em>υἷόν</em></strong></span> <span class='ocrx_word' id='word_1_54' title='bbox 1624 787 1710 838; x_wconf 85' lang='grc' dir='ltr'><strong><em>καὶ</em></strong></span> <span class='ocrx_word' id='word_1_55' title='bbox 1743 784 1886 855; x_wconf 69' lang='grc' dir='ltr'><strong><em>ἅγιον</em></strong></span> <span class='ocrx_word' id='word_1_56' title='bbox 1912 794 2106 855; x_wconf 87' lang='grc' dir='ltr'><strong><em>πνεῦμα</em></strong></span> <span class='ocrx_word' id='word_1_57' title='bbox 2131 790 2283 859; x_wconf 86' lang='grc' dir='ltr'><strong><em>λέγει,</em></strong></span> <span class='ocrx_word' id='word_1_58' title='bbox 2328 789 2449 845; x_wconf 78' lang='grc' dir='ltr'><strong><em>ἀνά-</em></strong></span> 
     </span>
     <span class='ocr_line' id='line_1_9' title="bbox 509 866 2450 951; baseline 0.005 -31"><span class='ocrx_word' id='word_1_59' title='bbox 509 875 643 935; x_wconf 89' lang='grc' dir='ltr'><strong><em>θεμα</em></strong></span> <span class='ocrx_word' id='word_1_60' title='bbox 680 870 815 922; x_wconf 72' lang='grc' dir='ltr'><strong><em>ἔστω.</em></strong></span> <span class='ocrx_word' id='word_1_61' title='bbox 891 871 966 921; x_wconf 73' lang='grc' dir='ltr'><strong><em>Εἴ</em></strong></span> <span class='ocrx_word' id='word_1_62' title='bbox 988 891 1060 931; x_wconf 93' lang='grc' dir='ltr'><strong><em>τις</em></strong></span> <span class='ocrx_word' id='word_1_63' title='bbox 1089 866 1242 938; x_wconf 71' lang='grc' dir='ltr'><strong><em>ἀρχὴν</em></strong></span> <span class='ocrx_word' id='word_1_64' title='bbox 1273 868 1307 936; x_wconf 76' lang='grc' dir='ltr'><em>ἢ</em></span> <span class='ocrx_word' id='word_1_65' title='bbox 1337 872 1472 932; x_wconf 85' lang='grc' dir='ltr'><strong><em>τέλος</em></strong></span> <span class='ocrx_word' id='word_1_66' title='bbox 1498 877 1566 942; x_wconf 78' lang='grc' dir='ltr'><strong><em>τῷ</em></strong></span> <span class='ocrx_word' id='word_1_67' title='bbox 1596 873 1692 944; x_wconf 78' lang='grc' dir='ltr'><strong><em>υἱῷ</em></strong></span> <span class='ocrx_word' id='word_1_68' title='bbox 1719 877 1809 924; x_wconf 90' lang='grc' dir='ltr'><strong><em>τοῦ</em></strong></span> <span class='ocrx_word' id='word_1_69' title='bbox 1840 878 1967 925; x_wconf 85' lang='grc' dir='ltr'><em>θεοῦ</em></span> <span class='ocrx_word' id='word_1_70' title='bbox 1994 875 2077 926; x_wconf 79' lang='grc' dir='ltr'><strong><em>καὶ</em></strong></span> <span class='ocrx_word' id='word_1_71' title='bbox 2105 873 2259 947; x_wconf 77' lang='grc' dir='ltr'><strong><em>λόγῳ,</em></strong></span> <span class='ocrx_word' id='word_1_72' title='bbox 2310 874 2346 943; x_wconf 80' lang='grc' dir='ltr'><em>ἢ</em></span> <span class='ocrx_word' id='word_1_73' title='bbox 2386 882 2450 951; x_wconf 75' lang='grc' dir='ltr'><strong><em>τῇ</em></strong></span> 
     </span>
     <span class='ocr_line' id='line_1_10' title="bbox 509 951 2447 1031; baseline 0.005 -25"><span class='ocrx_word' id='word_1_74' title='bbox 509 957 726 1027; x_wconf 72' lang='grc' dir='ltr'><strong><em>βασιλεία</em></strong></span> <span class='ocrx_word' id='word_1_75' title='bbox 767 955 923 1008; x_wconf 80' lang='grc' dir='ltr'><strong><em>αὐτοῦ</em></strong></span> <span class='ocrx_word' id='word_1_76' title='bbox 959 957 1185 1019; x_wconf 83' lang='grc' dir='ltr'><strong><em>δίδωσιν,</em></strong></span> <span class='ocrx_word' id='word_1_77' title='bbox 1242 951 1475 1023; x_wconf 81' lang='grc' dir='ltr'><strong><em>ἀνάθεμα</em></strong></span> <span class='ocrx_word' id='word_1_78' title='bbox 1519 958 1655 1009; x_wconf 76' lang='grc' dir='ltr'><strong><em>ἔστω.</em></strong></span> <span class='ocrx_word' id='word_1_79' title='bbox 1730 959 1805 1010; x_wconf 77' lang='grc' dir='ltr'><strong><em>Εἴ</em></strong></span> <span class='ocrx_word' id='word_1_80' title='bbox 1836 979 1908 1019; x_wconf 89' lang='grc' dir='ltr'><strong><em>τις</em></strong></span> <span class='ocrx_word' id='word_1_81' title='bbox 1948 959 2097 1026; x_wconf 80' lang='grc' dir='ltr'><strong><em>μέρος</em></strong></span> <span class='ocrx_word' id='word_1_82' title='bbox 2136 965 2227 1013; x_wconf 91' lang='grc' dir='ltr'><strong><em>τοῦ</em></strong></span> <span class='ocrx_word' id='word_1_83' title='bbox 2261 960 2447 1031; x_wconf 74' lang='grc' dir='ltr'><strong><em>πατρός</em></strong></span> 
     </span>
     <span class='ocr_line' id='line_1_11' title="bbox 506 1037 2448 1114; baseline 0.005 -23"><span class='ocrx_word' id='word_1_84' title='bbox 506 1041 629 1110; x_wconf 83' lang='grc' dir='ltr'><strong><em>λέγει</em></strong></span> <span class='ocrx_word' id='word_1_85' title='bbox 659 1037 745 1093; x_wconf 83' lang='grc' dir='ltr'><strong><em>τὸν</em></strong></span> <span class='ocrx_word' id='word_1_86' title='bbox 773 1038 910 1104; x_wconf 82' lang='grc' dir='ltr'><strong><em>υίόν,</em></strong></span> <span class='ocrx_word' id='word_1_87' title='bbox 961 1038 995 1107; x_wconf 74' lang='grc' dir='ltr'><em>ἢ</em></span> <span class='ocrx_word' id='word_1_88' title='bbox 1021 1039 1075 1093; x_wconf 78' lang='grc' dir='ltr'><strong><em>τό</em></strong></span> <span class='ocrx_word' id='word_1_89' title='bbox 1114 1047 1311 1108; x_wconf 87' lang='grc' dir='ltr'><strong><em>πνεῦμα</em></strong></span> <span class='ocrx_word' id='word_1_90' title='bbox 1342 1039 1397 1093; x_wconf 85' lang='grc' dir='ltr'><strong><em>τὸ</em></strong></span> <span class='ocrx_word' id='word_1_91' title='bbox 1440 1039 1599 1112; x_wconf 71' lang='grc' dir='ltr'><strong><em>ἀγιον,</em></strong></span> <span class='ocrx_word' id='word_1_92' title='bbox 1645 1043 1725 1094; x_wconf 79' lang='grc' dir='ltr'><strong><em>καὶ</em></strong></span> <span class='ocrx_word' id='word_1_93' title='bbox 1762 1041 1829 1110; x_wconf 82' lang='grc' dir='ltr'><strong><em>μή</em></strong></span> <span class='ocrx_word' id='word_1_94' title='bbox 1858 1040 2085 1114; x_wconf 79' lang='grc' dir='ltr'><strong><em>ὁμολογεῖ</em></strong></span> <span class='ocrx_word' id='word_1_95' title='bbox 2106 1042 2194 1098; x_wconf 82' lang='grc' dir='ltr'><strong><em>τὸν</em></strong></span> <span class='ocrx_word' id='word_1_96' title='bbox 2216 1043 2330 1099; x_wconf 83' lang='grc' dir='ltr'><strong><em>υἷὸν</em></strong></span> <span class='ocrx_word' id='word_1_97' title='bbox 2356 1052 2448 1100; x_wconf 88' lang='grc' dir='ltr'><strong><em>τοῦ</em></strong></span> 
     </span>
     <span class='ocr_line' id='line_1_12' title="bbox 505 1124 2444 1198; baseline 0.004 -21"><span class='ocrx_word' id='word_1_98' title='bbox 505 1130 633 1178; x_wconf 82' lang='grc' dir='ltr'><strong><em>θεοῦ</em></strong></span> <span class='ocrx_word' id='word_1_99' title='bbox 661 1127 715 1179; x_wconf 85' lang='grc' dir='ltr'><strong><em>ἐκ</em></strong></span> <span class='ocrx_word' id='word_1_100' title='bbox 747 1132 834 1195; x_wconf 89' lang='grc' dir='ltr'><strong><em>τῆς</em></strong></span> <span class='ocrx_word' id='word_1_101' title='bbox 862 1131 949 1179; x_wconf 89' lang='grc' dir='ltr'><strong><em>τοῦ</em></strong></span> <span class='ocrx_word' id='word_1_102' title='bbox 986 1125 1172 1194; x_wconf 74' lang='grc' dir='ltr'><strong><em>πατρὸς</em></strong></span> <span class='ocrx_word' id='word_1_103' title='bbox 1197 1124 1369 1189; x_wconf 81' lang='grc' dir='ltr'><strong><em>οὐσίας</em></strong></span> <span class='ocrx_word' id='word_1_104' title='bbox 1396 1125 1492 1196; x_wconf 83' lang='grc' dir='ltr'><strong><em>πρό</em></strong></span> <span class='ocrx_word' id='word_1_105' title='bbox 1519 1126 1680 1195; x_wconf 72' lang='grc' dir='ltr'><strong><em>πάσης</em></strong></span> <span class='ocrx_word' id='word_1_106' title='bbox 1710 1129 1931 1190; x_wconf 79' lang='grc' dir='ltr'><strong><em>ἐπινοίας</em></strong></span> <span class='ocrx_word' id='word_1_107' title='bbox 1955 1135 2275 1198; x_wconf 81' lang='grc' dir='ltr'><strong><em>γεγενῆσθαι,</em></strong></span> <span class='ocrx_word' id='word_1_108' title='bbox 2328 1129 2444 1185; x_wconf 78' lang='grc' dir='ltr'><strong><em>ἀνά-</em></strong></span> 
     </span>
     <span class='ocr_line' id='line_1_13' title="bbox 504 1211 2445 1287; baseline 0.004 -24"><span class='ocrx_word' id='word_1_109' title='bbox 504 1218 639 1277; x_wconf 88' lang='grc' dir='ltr'><strong><em>θεμα</em></strong></span> <span class='ocrx_word' id='word_1_110' title='bbox 676 1213 812 1265; x_wconf 75' lang='grc' dir='ltr'><strong><em>ἔστω.</em></strong></span> <span class='ocrx_word' id='word_1_111' title='bbox 891 1212 1016 1281; x_wconf 82' lang='grc' dir='ltr'><strong><em>Περὶ</em></strong></span> <span class='ocrx_word' id='word_1_112' title='bbox 1059 1212 1112 1265; x_wconf 81' lang='grc' dir='ltr'><strong><em>δὲ</em></strong></span> <span class='ocrx_word' id='word_1_113' title='bbox 1143 1218 1229 1279; x_wconf 88' lang='grc' dir='ltr'><strong><em>τῆς</em></strong></span> <span class='ocrx_word' id='word_1_114' title='bbox 1258 1211 1550 1281; x_wconf 74' lang='grc' dir='ltr'><strong><em>σαρκώσεως</em></strong></span> <span class='ocrx_word' id='word_1_115' title='bbox 1577 1219 1666 1266; x_wconf 91' lang='grc' dir='ltr'><strong><em>τοῦ</em></strong></span> <span class='ocrx_word' id='word_1_116' title='bbox 1700 1219 1826 1266; x_wconf 84' lang='grc' dir='ltr'><strong><em>θεοῦ</em></strong></span> <span class='ocrx_word' id='word_1_117' title='bbox 1848 1213 1999 1283; x_wconf 84' lang='grc' dir='ltr'><strong><em>λόγου</em></strong></span> <span class='ocrx_word' id='word_1_118' title='bbox 2028 1221 2119 1268; x_wconf 90' lang='grc' dir='ltr'><strong><em>τοῦ</em></strong></span> <span class='ocrx_word' id='word_1_119' title='bbox 2146 1222 2445 1287; x_wconf 79' lang='grc' dir='ltr'><strong><em>μονογενοῦς</em></strong></span> 
     </span>
     <span class='ocr_line' id='line_1_14' title="bbox 504 1294 2443 1371; baseline 0.003 -21"><span class='ocrx_word' id='word_1_120' title='bbox 504 1298 620 1350; x_wconf 84' lang='grc' dir='ltr'><strong><em>υἷοῦ</em></strong></span> <span class='ocrx_word' id='word_1_121' title='bbox 661 1303 748 1350; x_wconf 91' lang='grc' dir='ltr'><strong><em>τοῦ</em></strong></span> <span class='ocrx_word' id='word_1_122' title='bbox 790 1302 917 1350; x_wconf 85' lang='grc' dir='ltr'><strong><em>θεοῦ</em></strong></span> <span class='ocrx_word' id='word_1_123' title='bbox 958 1294 1291 1367; x_wconf 78' lang='grc' dir='ltr'><strong><em>ὁμολογοῦμεν</em></strong></span> <span class='ocrx_word' id='word_1_124' title='bbox 1327 1296 1405 1351; x_wconf 75' lang='grc' dir='ltr'><strong><em>ὅτι</em></strong></span> <span class='ocrx_word' id='word_1_125' title='bbox 1443 1297 1553 1360; x_wconf 79' lang='grc' dir='ltr'><strong><em>υίὸς</em></strong></span> <span class='ocrx_word' id='word_1_126' title='bbox 1588 1304 1677 1350; x_wconf 90' lang='grc' dir='ltr'><strong><em>τοῦ</em></strong></span> <span class='ocrx_word' id='word_1_127' title='bbox 1712 1304 1840 1351; x_wconf 90' lang='grc' dir='ltr'><strong><em>θεοῦ</em></strong></span> <span class='ocrx_word' id='word_1_128' title='bbox 1867 1301 1952 1351; x_wconf 85' lang='grc' dir='ltr'><strong><em>καὶ</em></strong></span> <span class='ocrx_word' id='word_1_129' title='bbox 1979 1297 2250 1368; x_wconf 74' lang='grc' dir='ltr'><strong><em>ἅνθρωπος</em></strong></span> <span class='ocrx_word' id='word_1_130' title='bbox 2274 1303 2443 1371; x_wconf 84' lang='grc' dir='ltr'><strong><em>γέγονε</em></strong></span> 
     </span>
     <span class='ocr_line' id='line_1_15' title="bbox 501 1379 2440 1455; baseline 0.003 -20"><span class='ocrx_word' id='word_1_131' title='bbox 501 1383 651 1452; x_wconf 85' lang='grc' dir='ltr'><strong><em>χωρὶς</em></strong></span> <span class='ocrx_word' id='word_1_132' title='bbox 690 1379 950 1452; x_wconf 73' lang='grc' dir='ltr'><strong><em>ἁμαρτίας,</em></strong></span> <span class='ocrx_word' id='word_1_133' title='bbox 1006 1381 1132 1436; x_wconf 80' lang='grc' dir='ltr'><strong><em>κατά</em></strong></span> <span class='ocrx_word' id='word_1_134' title='bbox 1179 1391 1195 1421; x_wconf 87' lang='lat'>¹</span> <span class='ocrx_word' id='word_1_135' title='bbox 1223 1382 1505 1453; x_wconf 87' lang='grc' dir='ltr'><strong><em>πρόςληψιν</em></strong></span> <span class='ocrx_word' id='word_1_136' title='bbox 1545 1383 1707 1451; x_wconf 76' lang='grc' dir='ltr'><strong><em>πάσης</em></strong></span> <span class='ocrx_word' id='word_1_137' title='bbox 1748 1389 1837 1451; x_wconf 82' lang='grc' dir='ltr'><strong><em>τῆς</em></strong></span> <span class='ocrx_word' id='word_1_138' title='bbox 1877 1381 2197 1455; x_wconf 86' lang='grc' dir='ltr'><strong><em>ἀνθρωπείας</em></strong></span> <span class='ocrx_word' id='word_1_139' title='bbox 2226 1388 2440 1452; x_wconf 85' lang='grc' dir='ltr'><strong><em>φύσεως,</em></strong></span> 
     </span>
     <span class='ocr_line' id='line_1_16' title="bbox 504 1467 2440 1539; baseline 0.003 -19"><span class='ocrx_word' id='word_1_140' title='bbox 504 1469 721 1522; x_wconf 85' lang='grc' dir='ltr'><strong><em>τουτέστι</em></strong></span> <span class='ocrx_word' id='word_1_141' title='bbox 752 1473 918 1536; x_wconf 80' lang='grc' dir='ltr'><strong><em>ψυχῆς</em></strong></span> <span class='ocrx_word' id='word_1_142' title='bbox 942 1473 1142 1537; x_wconf 81' lang='grc' dir='ltr'><strong><em>λογικῆς</em></strong></span> <span class='ocrx_word' id='word_1_143' title='bbox 1163 1469 1243 1520; x_wconf 78' lang='grc' dir='ltr'><strong><em>καὶ</em></strong></span> <span class='ocrx_word' id='word_1_144' title='bbox 1268 1474 1461 1537; x_wconf 79' lang='grc' dir='ltr'><strong><em>νοερᾶς,</em></strong></span> <span class='ocrx_word' id='word_1_145' title='bbox 1501 1470 1585 1522; x_wconf 85' lang='grc' dir='ltr'><strong><em>καὶ</em></strong></span> <span class='ocrx_word' id='word_1_146' title='bbox 1610 1467 1791 1539; x_wconf 86' lang='grc' dir='ltr'><strong><em>σαρκὸς</em></strong></span> <span class='ocrx_word' id='word_1_147' title='bbox 1816 1469 2154 1539; x_wconf 88' lang='grc' dir='ltr'><strong><em>ἀνθρωπίνης.</em></strong></span> <span class='ocrx_word' id='word_1_148' title='bbox 2232 1472 2440 1526; x_wconf 87' lang='grc' dir='ltr'><strong><em>Πιστεύ-</em></strong></span> 
     </span>
     <span class='ocr_line' id='line_1_17' title="bbox 504 1551 2440 1628; baseline 0.002 -22"><span class='ocrx_word' id='word_1_149' title='bbox 504 1574 623 1620; x_wconf 89' lang='grc' dir='ltr'><strong><em>ομεν</em></strong></span> <span class='ocrx_word' id='word_1_150' title='bbox 678 1555 747 1614; x_wconf 86' lang='grc' dir='ltr'><strong><em>εἷς</em></strong></span> <span class='ocrx_word' id='word_1_151' title='bbox 800 1554 886 1606; x_wconf 73' lang='grc' dir='ltr'><strong><em>ἕνα</em></strong></span> <span class='ocrx_word' id='word_1_152' title='bbox 938 1551 1062 1606; x_wconf 74' lang='grc' dir='ltr'><strong><em>θεὸν</em></strong></span> <span class='ocrx_word' id='word_1_153' title='bbox 1105 1554 1292 1623; x_wconf 89' lang='grc' dir='ltr'><strong><em>πατέρα</em></strong></span> <span class='ocrx_word' id='word_1_154' title='bbox 1334 1553 1741 1624; x_wconf 77' lang='grc' dir='ltr'><strong><em>παντοκράτορα,</em></strong></span> <span class='ocrx_word' id='word_1_155' title='bbox 1793 1553 1993 1607; x_wconf 73' lang='grc' dir='ltr'><strong><em>πάντων</em></strong></span> <span class='ocrx_word' id='word_1_156' title='bbox 2032 1553 2225 1628; x_wconf 78' lang='grc' dir='ltr'><strong><em>ὁρατῶν</em></strong></span> <span class='ocrx_word' id='word_1_157' title='bbox 2265 1578 2315 1610; x_wconf 91' lang='grc' dir='ltr'><strong><em>τε</em></strong></span> <span class='ocrx_word' id='word_1_158' title='bbox 2354 1559 2440 1611; x_wconf 81' lang='grc' dir='ltr'><strong><em>καὶ</em></strong></span> 
     </span>
     <span class='ocr_line' id='line_1_18' title="bbox 500 1635 2438 1710; baseline 0.003 -19"><span class='ocrx_word' id='word_1_159' title='bbox 500 1636 731 1707; x_wconf 75' lang='grc' dir='ltr'><strong><em>ἀοράτων</em></strong></span> <span class='ocrx_word' id='word_1_160' title='bbox 757 1635 996 1705; x_wconf 73' lang='grc' dir='ltr'><strong><em>ποιητὴν,</em></strong></span> <span class='ocrx_word' id='word_1_161' title='bbox 1048 1639 1133 1691; x_wconf 82' lang='grc' dir='ltr'><strong><em>καὶ</em></strong></span> <span class='ocrx_word' id='word_1_162' title='bbox 1165 1641 1232 1700; x_wconf 83' lang='grc' dir='ltr'><strong><em>εἷς</em></strong></span> <span class='ocrx_word' id='word_1_163' title='bbox 1257 1640 1343 1692; x_wconf 77' lang='grc' dir='ltr'><strong><em>ἕνα</em></strong></span> <span class='ocrx_word' id='word_1_164' title='bbox 1369 1637 1546 1710; x_wconf 86' lang='grc' dir='ltr'><strong><em>κύριον</em></strong></span> <span class='ocrx_word' id='word_1_165' title='bbox 1569 1637 1762 1707; x_wconf 83' lang='grc' dir='ltr'><strong><em>Ἰησοῦν</em></strong></span> <span class='ocrx_word' id='word_1_166' title='bbox 1800 1639 2045 1710; x_wconf 80' lang='grc' dir='ltr'><strong><em>Χριστόν,</em></strong></span> <span class='ocrx_word' id='word_1_167' title='bbox 2096 1641 2183 1696; x_wconf 77' lang='grc' dir='ltr'><strong><em>τόν</em></strong></span> <span class='ocrx_word' id='word_1_168' title='bbox 2209 1640 2322 1696; x_wconf 80' lang='grc' dir='ltr'><strong><em>υἷὸν</em></strong></span> <span class='ocrx_word' id='word_1_169' title='bbox 2349 1649 2438 1697; x_wconf 91' lang='grc' dir='ltr'><strong><em>τοῦ</em></strong></span> 
     </span>
     <span class='ocr_line' id='line_1_19' title="bbox 497 1723 2439 1796; baseline 0.002 -19"><span class='ocrx_word' id='word_1_170' title='bbox 497 1731 651 1790; x_wconf 83' lang='grc' dir='ltr'><strong><em>θεοῦ,</em></strong></span> <span class='ocrx_word' id='word_1_171' title='bbox 702 1723 787 1778; x_wconf 87' lang='grc' dir='ltr'><strong><em>τὸν</em></strong></span> <span class='ocrx_word' id='word_1_172' title='bbox 827 1724 1126 1794; x_wconf 81' lang='grc' dir='ltr'><strong><em>γεννηθέντα</em></strong></span> <span class='ocrx_word' id='word_1_173' title='bbox 1171 1726 1225 1777; x_wconf 86' lang='grc' dir='ltr'><strong><em>ἐκ</em></strong></span> <span class='ocrx_word' id='word_1_174' title='bbox 1265 1730 1354 1778; x_wconf 91' lang='grc' dir='ltr'><strong><em>τοῦ</em></strong></span> <span class='ocrx_word' id='word_1_175' title='bbox 1399 1723 1585 1794; x_wconf 74' lang='grc' dir='ltr'><strong><em>πατρός</em></strong></span> <span class='ocrx_word' id='word_1_176' title='bbox 1627 1731 1895 1795; x_wconf 84' lang='grc' dir='ltr'><strong><em>μονογενῆ,</em></strong></span> <span class='ocrx_word' id='word_1_177' title='bbox 1960 1728 2210 1780; x_wconf 88' lang='grc' dir='ltr'><strong><em>τουτέστιν</em></strong></span> <span class='ocrx_word' id='word_1_178' title='bbox 2252 1729 2305 1782; x_wconf 85' lang='grc' dir='ltr'><strong><em>ἐκ</em></strong></span> <span class='ocrx_word' id='word_1_179' title='bbox 2349 1733 2439 1796; x_wconf 83' lang='grc' dir='ltr'><strong><em>τῆς</em></strong></span> 
     </span>
     <span class='ocr_line' id='line_1_20' title="bbox 498 1807 2436 1881; baseline 0.002 -17"><span class='ocrx_word' id='word_1_180' title='bbox 498 1807 668 1873; x_wconf 77' lang='grc' dir='ltr'><strong><em>οὐσίας</em></strong></span> <span class='ocrx_word' id='word_1_181' title='bbox 693 1817 783 1864; x_wconf 89' lang='grc' dir='ltr'><strong><em>τοῦ</em></strong></span> <span class='ocrx_word' id='word_1_182' title='bbox 809 1809 1023 1880; x_wconf 77' lang='grc' dir='ltr'><strong><em>πατρὸς,</em></strong></span> <span class='ocrx_word' id='word_1_183' title='bbox 1064 1808 1186 1862; x_wconf 81' lang='grc' dir='ltr'><strong><em>θεόν</em></strong></span> <span class='ocrx_word' id='word_1_184' title='bbox 1215 1812 1269 1864; x_wconf 89' lang='grc' dir='ltr'><strong><em>ἐκ</em></strong></span> <span class='ocrx_word' id='word_1_185' title='bbox 1298 1816 1452 1876; x_wconf 89' lang='grc' dir='ltr'><strong><em>θεοῦ,</em></strong></span> <span class='ocrx_word' id='word_1_186' title='bbox 1491 1816 1602 1876; x_wconf 86' lang='grc' dir='ltr'><strong><em>φῶς</em></strong></span> <span class='ocrx_word' id='word_1_187' title='bbox 1629 1812 1682 1863; x_wconf 83' lang='grc' dir='ltr'><strong><em>ἐκ</em></strong></span> <span class='ocrx_word' id='word_1_188' title='bbox 1716 1809 1909 1877; x_wconf 76' lang='grc' dir='ltr'><strong><em>φωτός,</em></strong></span> <span class='ocrx_word' id='word_1_189' title='bbox 1948 1811 2072 1865; x_wconf 75' lang='grc' dir='ltr'><strong><em>θεον</em></strong></span> <span class='ocrx_word' id='word_1_190' title='bbox 2103 1811 2351 1881; x_wconf 75' lang='grc' dir='ltr'><strong><em>ἀληθινόν</em></strong></span> <span class='ocrx_word' id='word_1_191' title='bbox 2382 1816 2436 1868; x_wconf 75' lang='grc' dir='ltr'><strong><em>ἐκ</em></strong></span> 
     </span>
     <span class='ocr_line' id='line_1_21' title="bbox 493 1893 2436 1970; baseline 0.002 -21"><span class='ocrx_word' id='word_1_192' title='bbox 493 1902 621 1949; x_wconf 85' lang='grc' dir='ltr'><strong><em>θεοῦ</em></strong></span> <span class='ocrx_word' id='word_1_193' title='bbox 648 1893 922 1964; x_wconf 89' lang='grc' dir='ltr'><strong><em>ἀληθινοῦ,</em></strong></span> <span class='ocrx_word' id='word_1_194' title='bbox 962 1896 1290 1966; x_wconf 84' lang='grc' dir='ltr'><strong><em>γεννηθέντα,</em></strong></span> <span class='ocrx_word' id='word_1_195' title='bbox 1330 1896 1391 1949; x_wconf 87' lang='grc' dir='ltr'><strong><em>οὐ</em></strong></span> <span class='ocrx_word' id='word_1_196' title='bbox 1422 1897 1724 1964; x_wconf 84' lang='grc' dir='ltr'><strong><em>ποιηθέντα,</em></strong></span> <span class='ocrx_word' id='word_1_197' title='bbox 1765 1894 2034 1964; x_wconf 79' lang='grc' dir='ltr'><strong><em>ὄμοούσιον</em></strong></span> <span class='ocrx_word' id='word_1_198' title='bbox 2058 1903 2129 1970; x_wconf 81' lang='grc' dir='ltr'><strong><em>τῷ</em></strong></span> <span class='ocrx_word' id='word_1_199' title='bbox 2159 1899 2333 1969; x_wconf 82' lang='grc' dir='ltr'><strong><em>πατρὶ,</em></strong></span> <span class='ocrx_word' id='word_1_200' title='bbox 2372 1896 2436 1952; x_wconf 81' lang='grc' dir='ltr'><strong><em>δι’</em></strong></span> 
     </span>
     <span class='ocr_line' id='line_1_22' title="bbox 494 1975 2433 2054; baseline 0.002 -18"><span class='ocrx_word' id='word_1_201' title='bbox 494 1975 558 2036; x_wconf 78' lang='grc' dir='ltr'><strong><em>οὗ</em></strong></span> <span class='ocrx_word' id='word_1_202' title='bbox 593 1980 652 2035; x_wconf 86' lang='grc' dir='ltr'><strong><em>τά</em></strong></span> <span class='ocrx_word' id='word_1_203' title='bbox 693 1981 853 2035; x_wconf 73' lang='grc' dir='ltr'><strong><em>πάντα</em></strong></span> <span class='ocrx_word' id='word_1_204' title='bbox 899 1984 1114 2052; x_wconf 84' lang='grc' dir='ltr'><strong><em>ἐγένετο,</em></strong></span> <span class='ocrx_word' id='word_1_205' title='bbox 1164 1981 1224 2034; x_wconf 85' lang='grc' dir='ltr'><strong><em>τά</em></strong></span> <span class='ocrx_word' id='word_1_206' title='bbox 1256 2002 1305 2034; x_wconf 92' lang='grc' dir='ltr'><strong><em>τε</em></strong></span> <span class='ocrx_word' id='word_1_207' title='bbox 1349 1983 1401 2035; x_wconf 85' lang='grc' dir='ltr'><strong><em>ἐν</em></strong></span> <span class='ocrx_word' id='word_1_208' title='bbox 1433 1979 1628 2054; x_wconf 78' lang='grc' dir='ltr'><strong><em>ούρανῶ</em></strong></span> <span class='ocrx_word' id='word_1_209' title='bbox 1665 1983 1749 2034; x_wconf 87' lang='grc' dir='ltr'><strong><em>καὶ</em></strong></span> <span class='ocrx_word' id='word_1_210' title='bbox 1779 1981 1838 2035; x_wconf 67' lang='lat' dir='ltr'><strong><em>ro}</em></strong></span> <span class='ocrx_word' id='word_1_211' title='bbox 1867 1984 1947 2036; x_wconf 85' lang='grc' dir='ltr'><strong><em>ἐπὶ</em></strong></span> <span class='ocrx_word' id='word_1_212' title='bbox 1977 1989 2066 2051; x_wconf 83' lang='grc' dir='ltr'><strong><em>τῆς</em></strong></span> <span class='ocrx_word' id='word_1_213' title='bbox 2104 1990 2224 2054; x_wconf 85' lang='grc' dir='ltr'><strong><em>γῆς,</em></strong></span> <span class='ocrx_word' id='word_1_214' title='bbox 2261 1981 2345 2038; x_wconf 74' lang='grc' dir='ltr'><strong><em>τόν</em></strong></span> <span class='ocrx_word' id='word_1_215' title='bbox 2372 1982 2433 2039; x_wconf 77' lang='grc' dir='ltr'><strong><em>δι’</em></strong></span> 
     </span>
     <span class='ocr_line' id='line_1_23' title="bbox 493 2064 2429 2136; baseline 0.001 -15"><span class='ocrx_word' id='word_1_216' title='bbox 493 2064 625 2136; x_wconf 74' lang='grc' dir='ltr'><strong><em>ἡμᾶς</em></strong></span> <span class='ocrx_word' id='word_1_217' title='bbox 657 2067 773 2131; x_wconf 81' lang='grc' dir='ltr'><strong><em>τούς</em></strong></span> <span class='ocrx_word' id='word_1_218' title='bbox 802 2066 1138 2135; x_wconf 79' lang='grc' dir='ltr'><strong><em>ἀνθρώπους,</em></strong></span> <span class='ocrx_word' id='word_1_219' title='bbox 1195 2069 1279 2120; x_wconf 84' lang='grc' dir='ltr'><strong><em>καὶ</em></strong></span> <span class='ocrx_word' id='word_1_220' title='bbox 1308 2065 1388 2120; x_wconf 78' lang='grc' dir='ltr'><strong><em>διά</em></strong></span> <span class='ocrx_word' id='word_1_221' title='bbox 1426 2066 1515 2134; x_wconf 82' lang='grc' dir='ltr'><strong><em>τήν</em></strong></span> <span class='ocrx_word' id='word_1_222' title='bbox 1544 2066 1784 2136; x_wconf 75' lang='grc' dir='ltr'><strong><em>ἡμετέραν</em></strong></span> <span class='ocrx_word' id='word_1_223' title='bbox 1819 2072 2066 2136; x_wconf 85' lang='grc' dir='ltr'><strong><em>σωτηρίαν</em></strong></span> <span class='ocrx_word' id='word_1_224' title='bbox 2107 2067 2429 2135; x_wconf 81' lang='grc' dir='ltr'><strong><em>κατελθόντα,</em></strong></span> 
     </span>
     <span class='ocr_line' id='line_1_24' title="bbox 491 2151 2428 2229; baseline 0.001 -22"><span class='ocrx_word' id='word_1_225' title='bbox 491 2155 576 2207; x_wconf 82' lang='grc' dir='ltr'><strong><em>καὶ</em></strong></span> <span class='ocrx_word' id='word_1_226' title='bbox 606 2155 957 2220; x_wconf 88' lang='grc' dir='ltr'><strong><em>σαρκωθέντα,</em></strong></span> <span class='ocrx_word' id='word_1_227' title='bbox 996 2154 1081 2205; x_wconf 84' lang='grc' dir='ltr'><strong><em>καὶ</em></strong></span> <span class='ocrx_word' id='word_1_228' title='bbox 1114 2152 1596 2223; x_wconf 77' lang='grc' dir='ltr'><strong><em>ἐνανθρωπήσαντα,</em></strong></span> <span class='ocrx_word' id='word_1_229' title='bbox 1651 2151 1910 2217; x_wconf 86' lang='grc' dir='ltr'><strong><em>παθόντα,</em></strong></span> <span class='ocrx_word' id='word_1_230' title='bbox 1948 2155 2032 2206; x_wconf 87' lang='grc' dir='ltr'><strong><em>καὶ</em></strong></span> <span class='ocrx_word' id='word_1_231' title='bbox 2065 2151 2343 2208; x_wconf 80' lang='grc' dir='ltr'><strong><em>ἀναστάντα</em></strong></span> <span class='ocrx_word' id='word_1_232' title='bbox 2368 2160 2428 2229; x_wconf 77' lang='grc' dir='ltr'><strong><em>τῇ</em></strong></span> 
     </span>
     <span class='ocr_line' id='line_1_25' title="bbox 490 2235 2430 2312; baseline 0.001 -21"><span class='ocrx_word' id='word_1_233' title='bbox 490 2242 628 2312; x_wconf 80' lang='grc' dir='ltr'><strong><em>τρίτῃ</em></strong></span> <span class='ocrx_word' id='word_1_234' title='bbox 663 2236 853 2311; x_wconf 76' lang='grc' dir='ltr'><strong><em>ἡμέρᾳ,</em></strong></span> <span class='ocrx_word' id='word_1_235' title='bbox 905 2236 1179 2291; x_wconf 88' lang='grc' dir='ltr'><strong><em>ἀνελθόντα</em></strong></span> <span class='ocrx_word' id='word_1_236' title='bbox 1206 2239 1273 2300; x_wconf 82' lang='grc' dir='ltr'><strong><em>είς</em></strong></span> <span class='ocrx_word' id='word_1_237' title='bbox 1297 2235 1415 2300; x_wconf 80' lang='grc' dir='ltr'><strong><em>τούς</em></strong></span> <span class='ocrx_word' id='word_1_238' title='bbox 1447 2237 1719 2308; x_wconf 76' lang='grc' dir='ltr'><strong><em>οὐρανούς,</em></strong></span> <span class='ocrx_word' id='word_1_239' title='bbox 1769 2237 2032 2307; x_wconf 77' lang='grc' dir='ltr'><strong><em>ἐρχόμενον</em></strong></span> <span class='ocrx_word' id='word_1_240' title='bbox 2059 2246 2224 2309; x_wconf 88' lang='grc' dir='ltr'><strong><em>κρῖναι</em></strong></span> <span class='ocrx_word' id='word_1_241' title='bbox 2252 2246 2430 2304; x_wconf 85' lang='grc' dir='ltr'><strong><em>ζῶντας</em></strong></span> 
     </span>
     <span class='ocr_line' id='line_1_26' title="bbox 489 2317 2433 2394; baseline 0.002 -18"><span class='ocrx_word' id='word_1_242' title='bbox 489 2325 574 2376; x_wconf 84' lang='grc' dir='ltr'><strong><em>καὶ</em></strong></span> <span class='ocrx_word' id='word_1_243' title='bbox 609 2322 839 2394; x_wconf 78' lang='grc' dir='ltr'><strong><em>νεκρούς·</em></strong></span> <span class='ocrx_word' id='word_1_244' title='bbox 880 2325 964 2376; x_wconf 81' lang='grc' dir='ltr'><strong><em>καὶ</em></strong></span> <span class='ocrx_word' id='word_1_245' title='bbox 996 2325 1064 2385; x_wconf 83' lang='grc' dir='ltr'><strong><em>εἰς</em></strong></span> <span class='ocrx_word' id='word_1_246' title='bbox 1098 2321 1152 2376; x_wconf 83' lang='grc' dir='ltr'>τὸ</span> <span class='ocrx_word' id='word_1_247' title='bbox 1193 2322 1333 2393; x_wconf 69' lang='grc' dir='ltr'><strong><em>ἅγιον</em></strong></span> <span class='ocrx_word' id='word_1_248' title='bbox 1368 2329 1577 2391; x_wconf 89' lang='grc' dir='ltr'><strong><em>πνεῦμα.</em></strong></span> <span class='ocrx_word' id='word_1_249' title='bbox 1661 2322 1790 2385; x_wconf 79' lang='grc' dir='ltr'><strong><em>Τούς</em></strong></span> <span class='ocrx_word' id='word_1_250' title='bbox 1817 2325 1870 2376; x_wconf 82' lang='grc' dir='ltr'><strong><em>δὲ</em></strong></span> <span class='ocrx_word' id='word_1_251' title='bbox 1894 2325 2146 2394; x_wconf 85' lang='grc' dir='ltr'><strong><em>λέγοντας,</em></strong></span> <span class='ocrx_word' id='word_1_252' title='bbox 2194 2317 2286 2377; x_wconf 84' lang='grc' dir='ltr'><strong><em>Ἦν</em></strong></span> <span class='ocrx_word' id='word_1_253' title='bbox 2312 2346 2433 2380; x_wconf 86' lang='grc' dir='ltr'><strong><em>ποτε</em></strong></span> 
     </span>
     <span class='ocr_line' id='line_1_27' title="bbox 489 2403 2430 2481; baseline 0.001 -19"><span class='ocrx_word' id='word_1_254' title='bbox 489 2407 569 2463; x_wconf 74' lang='grc' dir='ltr'><strong><em>ὅτε</em></strong></span> <span class='ocrx_word' id='word_1_255' title='bbox 595 2408 689 2462; x_wconf 82' lang='grc' dir='ltr'><strong><em>οὐκ</em></strong></span> <span class='ocrx_word' id='word_1_256' title='bbox 716 2403 802 2477; x_wconf 78' lang='grc' dir='ltr'><strong><em>ἦν,</em></strong></span> <span class='ocrx_word' id='word_1_257' title='bbox 840 2411 924 2462; x_wconf 85' lang='grc' dir='ltr'><strong><em>καὶ</em></strong></span> <span class='ocrx_word' id='word_1_258' title='bbox 953 2410 1070 2477; x_wconf 86' lang='grc' dir='ltr'><strong><em>πρὶν</em></strong></span> <span class='ocrx_word' id='word_1_259' title='bbox 1100 2415 1402 2479; x_wconf 86' lang='grc' dir='ltr'><strong><em>γεννηθῆναι</em></strong></span> <span class='ocrx_word' id='word_1_260' title='bbox 1430 2408 1524 2462; x_wconf 76' lang='grc' dir='ltr'><strong><em>οὐκ</em></strong></span> <span class='ocrx_word' id='word_1_261' title='bbox 1557 2403 1645 2477; x_wconf 71' lang='grc' dir='ltr'><strong><em>ἦν,</em></strong></span> <span class='ocrx_word' id='word_1_262' title='bbox 1683 2410 1766 2462; x_wconf 86' lang='grc' dir='ltr'><strong><em>καὶ</em></strong></span> <span class='ocrx_word' id='word_1_263' title='bbox 1796 2408 1874 2463; x_wconf 74' lang='grc' dir='ltr'><strong><em>ὅτι</em></strong></span> <span class='ocrx_word' id='word_1_264' title='bbox 1901 2411 1950 2474; x_wconf 78' lang='grc' dir='ltr'><strong><em>ἐξ</em></strong></span> <span class='ocrx_word' id='word_1_265' title='bbox 1978 2407 2070 2463; x_wconf 81' lang='grc' dir='ltr'><strong><em>οῦκ</em></strong></span> <span class='ocrx_word' id='word_1_266' title='bbox 2097 2407 2253 2464; x_wconf 73' lang='grc' dir='ltr'><strong><em>ὄντων</em></strong></span> <span class='ocrx_word' id='word_1_267' title='bbox 2281 2412 2430 2481; x_wconf 86' lang='grc' dir='ltr'><strong><em>ἐγένε-</em></strong></span> 
     </span>
     <span class='ocr_line' id='line_1_28' title="bbox 487 2491 2430 2566; baseline 0.001 -18"><span class='ocrx_word' id='word_1_268' title='bbox 487 2517 571 2559; x_wconf 90' lang='grc' dir='ltr'><strong><em>το,</em></strong></span> <span class='ocrx_word' id='word_1_269' title='bbox 609 2493 644 2562; x_wconf 79' lang='grc' dir='ltr'><em>ἢ</em></span> <span class='ocrx_word' id='word_1_270' title='bbox 671 2497 719 2558; x_wconf 81' lang='grc' dir='ltr'><strong><em>ἐξ</em></strong></span> <span class='ocrx_word' id='word_1_271' title='bbox 749 2495 916 2561; x_wconf 74' lang='grc' dir='ltr'><strong><em>ἐτέρας</em></strong></span> <span class='ocrx_word' id='word_1_272' title='bbox 949 2491 1266 2557; x_wconf 73' lang='grc' dir='ltr'><strong><em>’ὑποστάσεως</em></strong></span> <span class='ocrx_word' id='word_1_273' title='bbox 1291 2493 1323 2562; x_wconf 77' lang='grc' dir='ltr'><em>ἢ</em></span> <span class='ocrx_word' id='word_1_274' title='bbox 1353 2494 1527 2556; x_wconf 81' lang='grc' dir='ltr'><strong><em>οὐσίας</em></strong></span> <span class='ocrx_word' id='word_1_275' title='bbox 1557 2494 1840 2561; x_wconf 78' lang='grc' dir='ltr'><strong><em>φάσκοντας</em></strong></span> <span class='ocrx_word' id='word_1_276' title='bbox 1870 2492 2021 2561; x_wconf 84' lang='grc' dir='ltr'><strong><em>εἶναι,</em></strong></span> <span class='ocrx_word' id='word_1_277' title='bbox 2059 2493 2094 2563; x_wconf 79' lang='grc' dir='ltr'><em>ἢ</em></span> <span class='ocrx_word' id='word_1_278' title='bbox 2122 2494 2373 2566; x_wconf 76' lang='grc' dir='ltr'><strong><em>τρεπτόν,”</em></strong></span> <span class='ocrx_word' id='word_1_279' title='bbox 2395 2495 2430 2565; x_wconf 78' lang='grc' dir='ltr'><em>ἢ</em></span> 
     </span>
     <span class='ocr_line' id='line_1_29' title="bbox 487 2578 2428 2649; baseline 0.001 -16"><span class='ocrx_word' id='word_1_280' title='bbox 487 2578 756 2647; x_wconf 81' lang='grc' dir='ltr'><strong><em>ἀλλοιωτὴν</em></strong></span> <span class='ocrx_word' id='word_1_281' title='bbox 794 2579 881 2633; x_wconf 87' lang='grc' dir='ltr'><strong><em>τὸν</em></strong></span> <span class='ocrx_word' id='word_1_282' title='bbox 908 2578 1020 2632; x_wconf 85' lang='grc' dir='ltr'><strong><em>υἵὸν</em></strong></span> <span class='ocrx_word' id='word_1_283' title='bbox 1064 2585 1154 2634; x_wconf 91' lang='grc' dir='ltr'><strong><em>τοῦ</em></strong></span> <span class='ocrx_word' id='word_1_284' title='bbox 1183 2586 1338 2645; x_wconf 87' lang='grc' dir='ltr'><strong><em>θεοῦ,</em></strong></span> <span class='ocrx_word' id='word_1_285' title='bbox 1387 2580 1595 2643; x_wconf 85' lang='grc' dir='ltr'><strong><em>τούτους</em></strong></span> <span class='ocrx_word' id='word_1_286' title='bbox 1639 2579 1980 2648; x_wconf 84' lang='grc' dir='ltr'><strong><em>ἀναθεματίζει</em></strong></span> <span class='ocrx_word' id='word_1_287' title='bbox 2010 2578 2044 2649; x_wconf 77' lang='grc' dir='ltr'><em>ἦ</em></span> <span class='ocrx_word' id='word_1_288' title='bbox 2071 2579 2313 2649; x_wconf 80' lang='grc' dir='ltr'><strong><em>καθολική</em></strong></span> <span class='ocrx_word' id='word_1_289' title='bbox 2343 2583 2428 2635; x_wconf 80' lang='grc' dir='ltr'><strong><em>καὶ</em></strong></span> 
     </span>
     <span class='ocr_line' id='line_1_30' title="bbox 485 2664 2490 2737; baseline 0 -16"><span class='ocrx_word' id='word_1_290' title='bbox 485 2664 788 2732; x_wconf 80' lang='grc' dir='ltr'><strong><em>ἀποστολική</em></strong></span> <span class='ocrx_word' id='word_1_291' title='bbox 829 2667 1068 2733; x_wconf 81' lang='grc' dir='ltr'><strong><em>ἐκκλησία.</em></strong></span> <span class='ocrx_word' id='word_1_292' title='bbox 1138 2664 1269 2736; x_wconf 75' lang='grc' dir='ltr'><strong><em>Ἐγώ</em></strong></span> <span class='ocrx_word' id='word_1_293' title='bbox 1316 2664 1565 2727; x_wconf 86' lang='grc' dir='ltr'><strong><em>Φωτεινὸς</em></strong></span> <span class='ocrx_word' id='word_1_294' title='bbox 1600 2665 1929 2736; x_wconf 87' lang='grc' dir='ltr'><strong><em>πρεσβύτερος</em></strong></span> <span class='ocrx_word' id='word_1_295' title='bbox 1970 2671 2058 2734; x_wconf 75' lang='grc' dir='ltr'><strong><em>τῆς</em></strong></span> <span class='ocrx_word' id='word_1_296' title='bbox 2095 2665 2220 2719; x_wconf 83' lang='grc' dir='ltr'><strong><em>κατά</em></strong></span> <span class='ocrx_word' id='word_1_297' title='bbox 2245 2665 2426 2737; x_wconf 81' lang='grc' dir='ltr'><strong><em>’Ἀγκυ-</em></strong></span> <span class='ocrx_word' id='word_1_298' title='bbox 2486 2710 2490 2713; x_wconf 88' lang='grc'>-</span> 
     </span>
     <span class='ocr_line' id='line_1_31' title="bbox 486 2748 2424 2822; baseline 0.002 -19"><span class='ocrx_word' id='word_1_299' title='bbox 486 2773 579 2822; x_wconf 89' lang='grc' dir='ltr'><strong><em>ραν</em></strong></span> <span class='ocrx_word' id='word_1_300' title='bbox 612 2756 639 2788; x_wconf 76' lang='lat'><strong>2</strong></span> <span class='ocrx_word' id='word_1_301' title='bbox 661 2757 932 2819; x_wconf 82' lang='grc' dir='ltr'><strong><em>καθολικῆς</em></strong></span> <span class='ocrx_word' id='word_1_302' title='bbox 954 2753 1210 2818; x_wconf 84' lang='grc' dir='ltr'><strong><em>ἐκκλησίας</em></strong></span> <span class='ocrx_word' id='word_1_303' title='bbox 1237 2750 1368 2805; x_wconf 74' lang='grc' dir='ltr'><strong><em>οὕτω</em></strong></span> <span class='ocrx_word' id='word_1_304' title='bbox 1396 2751 1609 2805; x_wconf 86' lang='grc' dir='ltr'><strong><em>πιστεύω</em></strong></span> <span class='ocrx_word' id='word_1_305' title='bbox 1636 2753 1719 2804; x_wconf 84' lang='grc' dir='ltr'><strong><em>καὶ</em></strong></span> <span class='ocrx_word' id='word_1_306' title='bbox 1747 2757 1920 2822; x_wconf 82' lang='grc' dir='ltr'><strong><em>φρονῶ</em></strong></span> <span class='ocrx_word' id='word_1_307' title='bbox 1951 2748 2019 2813; x_wconf 77' lang='grc' dir='ltr'><strong><em>ῶς</em></strong></span> <span class='ocrx_word' id='word_1_308' title='bbox 2043 2753 2424 2822; x_wconf 84' lang='grc' dir='ltr'><strong><em>προγέγραπται.</em></strong></span> 
     </span>
     <span class='ocr_line' id='line_1_32' title="bbox 476 2834 2425 2907; baseline 0.001 -17"><span class='ocrx_word' id='word_1_309' title='bbox 476 2835 608 2906; x_wconf 81' lang='grc' dir='ltr'><strong><em>Ἐγῶ</em></strong></span> <span class='ocrx_word' id='word_1_310' title='bbox 647 2837 878 2906; x_wconf 87' lang='grc' dir='ltr'><strong><em>Σιγέριος</em></strong></span> <span class='ocrx_word' id='word_1_311' title='bbox 917 2836 1246 2907; x_wconf 87' lang='grc' dir='ltr'><strong><em>πρεσβύτερος</em></strong></span> <span class='ocrx_word' id='word_1_312' title='bbox 1287 2843 1375 2905; x_wconf 83' lang='grc' dir='ltr'><strong><em>τῆς</em></strong></span> <span class='ocrx_word' id='word_1_313' title='bbox 1411 2835 1565 2905; x_wconf 81' lang='grc' dir='ltr'><strong><em>αὐτῆς</em></strong></span> <span class='ocrx_word' id='word_1_314' title='bbox 1603 2836 1734 2890; x_wconf 75' lang='grc' dir='ltr'><strong><em>οὕτω</em></strong></span> <span class='ocrx_word' id='word_1_315' title='bbox 1769 2835 1979 2889; x_wconf 83' lang='grc' dir='ltr'><strong><em>πιστεύω</em></strong></span> <span class='ocrx_word' id='word_1_316' title='bbox 2022 2838 2105 2889; x_wconf 84' lang='grc' dir='ltr'><strong><em>καὶ</em></strong></span> <span class='ocrx_word' id='word_1_317' title='bbox 2145 2842 2322 2906; x_wconf 88' lang='grc' dir='ltr'><strong><em>φρονῶ</em></strong></span> <span class='ocrx_word' id='word_1_318' title='bbox 2357 2834 2425 2901; x_wconf 75' lang='grc' dir='ltr'><strong><em>ὥς</em></strong></span> 
     </span>
     <span class='ocr_line' id='line_1_33' title="bbox 483 2919 2420 2993; baseline 0 -17"><span class='ocrx_word' id='word_1_319' title='bbox 483 2923 860 2993; x_wconf 88' lang='grc' dir='ltr'><strong><em>προγέγραπται.</em></strong></span> <span class='ocrx_word' id='word_1_320' title='bbox 930 2919 1056 2992; x_wconf 79' lang='grc' dir='ltr'><strong><em>Ἑγώ</em></strong></span> <span class='ocrx_word' id='word_1_321' title='bbox 1086 2920 1285 2993; x_wconf 66' lang='grc' dir='ltr'><strong><em>ρΥγῖνος</em></strong></span> <span class='ocrx_word' id='word_1_322' title='bbox 1325 2921 1560 2985; x_wconf 77' lang='grc' dir='ltr'><strong><em>διάκονος</em></strong></span> <span class='ocrx_word' id='word_1_323' title='bbox 1597 2928 1684 2990; x_wconf 84' lang='grc' dir='ltr'><strong><em>τῆς</em></strong></span> <span class='ocrx_word' id='word_1_324' title='bbox 1732 2920 1888 2989; x_wconf 77' lang='grc' dir='ltr'><strong><em>αὐτῆς</em></strong></span> <span class='ocrx_word' id='word_1_325' title='bbox 1926 2920 2057 2975; x_wconf 71' lang='grc' dir='ltr'><strong><em>οὕτω</em></strong></span> <span class='ocrx_word' id='word_1_326' title='bbox 2093 2920 2304 2976; x_wconf 81' lang='grc' dir='ltr'><strong><em>πιστεύω</em></strong></span> <span class='ocrx_word' id='word_1_327' title='bbox 2337 2924 2420 2976; x_wconf 78' lang='grc' dir='ltr'><strong><em>καὶ</em></strong></span> 
     </span>
     <span class='ocr_line' id='line_1_34' title="bbox 485 3003 2422 3079; baseline -0.001 -17"><span class='ocrx_word' id='word_1_328' title='bbox 485 3014 658 3078; x_wconf 89' lang='grc' dir='ltr'><strong><em>φρονῶ</em></strong></span> <span class='ocrx_word' id='word_1_329' title='bbox 702 3004 769 3070; x_wconf 73' lang='grc' dir='ltr'><strong><em>ὥς</em></strong></span> <span class='ocrx_word' id='word_1_330' title='bbox 808 3009 1190 3078; x_wconf 87' lang='grc' dir='ltr'><strong><em>προγέγραπται.</em></strong></span> <span class='ocrx_word' id='word_1_331' title='bbox 1262 3006 1388 3079; x_wconf 73' lang='grc' dir='ltr'><strong><em>Ἐγώ</em></strong></span> <span class='ocrx_word' id='word_1_332' title='bbox 1415 3006 1730 3077; x_wconf 82' lang='grc' dir='ltr'><strong><em>Ἡρακλείδης</em></strong></span> <span class='ocrx_word' id='word_1_333' title='bbox 1769 3003 2106 3069; x_wconf 79' lang='grc' dir='ltr'><strong><em>ύποδιάκονος</em></strong></span> <span class='ocrx_word' id='word_1_334' title='bbox 2141 3013 2228 3075; x_wconf 84' lang='grc' dir='ltr'><strong><em>τῆς</em></strong></span> <span class='ocrx_word' id='word_1_335' title='bbox 2264 3007 2422 3077; x_wconf 73' lang='grc' dir='ltr'><strong><em>αὐτῆς</em></strong></span> 
     </span>
     <span class='ocr_line' id='line_1_35' title="bbox 485 3089 2418 3165; baseline -0.001 -18"><span class='ocrx_word' id='word_1_336' title='bbox 485 3094 615 3147; x_wconf 75' lang='grc' dir='ltr'><strong><em>οὕτω</em></strong></span> <span class='ocrx_word' id='word_1_337' title='bbox 659 3091 871 3147; x_wconf 89' lang='grc' dir='ltr'><strong><em>πιστεύω</em></strong></span> <span class='ocrx_word' id='word_1_338' title='bbox 908 3094 994 3146; x_wconf 83' lang='grc' dir='ltr'><strong><em>καὶ</em></strong></span> <span class='ocrx_word' id='word_1_339' title='bbox 1034 3099 1205 3163; x_wconf 89' lang='grc' dir='ltr'><strong><em>φρονῶ</em></strong></span> <span class='ocrx_word' id='word_1_340' title='bbox 1249 3092 1317 3156; x_wconf 77' lang='grc' dir='ltr'><strong><em>ῶς</em></strong></span> <span class='ocrx_word' id='word_1_341' title='bbox 1357 3095 1737 3165; x_wconf 86' lang='grc' dir='ltr'><strong><em>προγέγραπται.</em></strong></span> <span class='ocrx_word' id='word_1_342' title='bbox 1818 3089 1983 3162; x_wconf 75' lang='grc' dir='ltr'><strong><em>3Ἐγῶ</em></strong></span> <span class='ocrx_word' id='word_1_343' title='bbox 2013 3092 2266 3155; x_wconf 86' lang='grc' dir='ltr'><strong><em>Ἐλπίδιος</em></strong></span> <span class='ocrx_word' id='word_1_344' title='bbox 2301 3091 2418 3146; x_wconf 83' lang='grc' dir='ltr'><strong><em>ἀνα-</em></strong></span> 
     </span>
     <span class='ocr_line' id='line_1_36' title="bbox 482 3175 2415 3250; baseline 0.001 -19"><span class='ocrx_word' id='word_1_345' title='bbox 482 3178 702 3250; x_wconf 79' lang='grc' dir='ltr'><strong><em>γνῶστης</em></strong></span> <span class='ocrx_word' id='word_1_346' title='bbox 729 3176 759 3233; x_wconf 77' lang='grc' dir='ltr'>ὁ</span> <span class='ocrx_word' id='word_1_347' title='bbox 785 3177 964 3246; x_wconf 89' lang='grc' dir='ltr'><strong><em>ταύτης</em></strong></span> <span class='ocrx_word' id='word_1_348' title='bbox 1003 3177 1134 3232; x_wconf 74' lang='grc' dir='ltr'><strong><em>οὕτω</em></strong></span> <span class='ocrx_word' id='word_1_349' title='bbox 1164 3179 1374 3233; x_wconf 88' lang='grc' dir='ltr'><strong><em>πιστεύω</em></strong></span> <span class='ocrx_word' id='word_1_350' title='bbox 1412 3181 1496 3232; x_wconf 81' lang='grc' dir='ltr'><strong><em>καὶ</em></strong></span> <span class='ocrx_word' id='word_1_351' title='bbox 1533 3184 1706 3249; x_wconf 89' lang='grc' dir='ltr'><strong><em>φρονῶ</em></strong></span> <span class='ocrx_word' id='word_1_352' title='bbox 1739 3175 1807 3239; x_wconf 75' lang='grc' dir='ltr'><strong><em>ῶς</em></strong></span> <span class='ocrx_word' id='word_1_353' title='bbox 1838 3179 2219 3249; x_wconf 88' lang='grc' dir='ltr'><strong><em>προγέγραπται.</em></strong></span> <span class='ocrx_word' id='word_1_354' title='bbox 2289 3176 2415 3249; x_wconf 76' lang='grc' dir='ltr'><strong><em>Ἐγῶ</em></strong></span> 
     </span>
     <span class='ocr_line' id='line_1_37' title="bbox 484 3261 2414 3338; baseline 0.001 -22"><span class='ocrx_word' id='word_1_355' title='bbox 484 3263 741 3334; x_wconf 87' lang='grc' dir='ltr'><strong><em>Κυριακὸς</em></strong></span> <span class='ocrx_word' id='word_1_356' title='bbox 775 3262 1051 3336; x_wconf 81' lang='grc' dir='ltr'><strong><em>προστάτης</em></strong></span> <span class='ocrx_word' id='word_1_357' title='bbox 1088 3270 1176 3333; x_wconf 85' lang='grc' dir='ltr'><strong><em>τῆς</em></strong></span> <span class='ocrx_word' id='word_1_358' title='bbox 1210 3264 1363 3334; x_wconf 79' lang='grc' dir='ltr'><strong><em>αὐτῆς</em></strong></span> <span class='ocrx_word' id='word_1_359' title='bbox 1402 3264 1533 3319; x_wconf 78' lang='grc' dir='ltr'><strong><em>οὕτω</em></strong></span> <span class='ocrx_word' id='word_1_360' title='bbox 1577 3261 1788 3318; x_wconf 87' lang='grc' dir='ltr'><strong><em>πιστεύω</em></strong></span> <span class='ocrx_word' id='word_1_361' title='bbox 1818 3265 1902 3316; x_wconf 85' lang='grc' dir='ltr'><strong><em>καὶ</em></strong></span> <span class='ocrx_word' id='word_1_362' title='bbox 1939 3269 2112 3334; x_wconf 91' lang='grc' dir='ltr'><strong><em>φρονῶ</em></strong></span> <span class='ocrx_word' id='word_1_363' title='bbox 2144 3261 2214 3327; x_wconf 79' lang='grc' dir='ltr'><strong><em>ῶς</em></strong></span> <span class='ocrx_word' id='word_1_364' title='bbox 2240 3265 2414 3338; x_wconf 83' lang='grc' dir='ltr'><strong><em>προγέ-</em></strong></span> 
     </span>
     <span class='ocr_line' id='line_1_38' title="bbox 483 3373 711 3421; baseline 0 -18"><span class='ocrx_word' id='word_1_365' title='bbox 483 3373 711 3421; x_wconf 89' lang='grc' dir='ltr'><strong><em>γραπται.</em></strong></span> 
     </span>
    </p>

    <p class='ocr_par' dir='ltr' id='par_1_7' title="bbox 483 3431 2411 3592">
     <span class='ocr_line' id='line_1_39' title="bbox 633 3431 2411 3506; baseline 0 -18"><span class='ocrx_word' id='word_1_366' title='bbox 633 3433 799 3489; x_wconf 84' lang='grc' dir='ltr'><strong><em>Ταῦτά</em></strong></span> <span class='ocrx_word' id='word_1_367' title='bbox 826 3437 927 3489; x_wconf 88' lang='grc' dir='ltr'><strong><em>ἐστι</em></strong></span> <span class='ocrx_word' id='word_1_368' title='bbox 946 3433 1005 3488; x_wconf 85' lang='grc' dir='ltr'><strong><em>τά</em></strong></span> <span class='ocrx_word' id='word_1_369' title='bbox 1030 3432 1114 3487; x_wconf 74' lang='grc' dir='ltr'><strong><em>ὑπ’</em></strong></span> <span class='ocrx_word' id='word_1_370' title='bbox 1141 3432 1304 3488; x_wconf 76' lang='grc' dir='ltr'><strong><em>αὐτῶν</em></strong></span> <span class='ocrx_word' id='word_1_371' title='bbox 1331 3434 1457 3506; x_wconf 76' lang='grc' dir='ltr'><strong><em>πρὸς</em></strong></span> <span class='ocrx_word' id='word_1_372' title='bbox 1480 3433 1596 3497; x_wconf 79' lang='grc' dir='ltr'><strong><em>τούς</em></strong></span> <span class='ocrx_word' id='word_1_373' title='bbox 1621 3431 1924 3503; x_wconf 81' lang='grc' dir='ltr'><strong><em>ὅμολογητάς</em></strong></span> <span class='ocrx_word' id='word_1_374' title='bbox 1947 3436 2033 3486; x_wconf 82' lang='grc' dir='ltr'><strong><em>καὶ</em></strong></span> <span class='ocrx_word' id='word_1_375' title='bbox 2058 3435 2271 3505; x_wconf 86' lang='grc' dir='ltr'><strong><em>πατέρας</em></strong></span> <span class='ocrx_word' id='word_1_376' title='bbox 2293 3456 2411 3506; x_wconf 83' lang='grc' dir='ltr'><strong><em>γρα-</em></strong></span> 
     </span>
     <span class='ocr_line' id='line_1_40' title="bbox 483 3516 2410 3592; baseline 0.001 -20"><span class='ocrx_word' id='word_1_377' title='bbox 483 3521 650 3587; x_wconf 82' lang='grc' dir='ltr'><strong><em>φέντα.</em></strong></span> <span class='ocrx_word' id='word_1_378' title='bbox 725 3523 795 3574; x_wconf 87' lang='grc' dir='ltr'><strong><em>Εἰ</em></strong></span> <span class='ocrx_word' id='word_1_379' title='bbox 820 3525 987 3575; x_wconf 88' lang='grc' dir='ltr'><strong><em>τοίνυν</em></strong></span> <span class='ocrx_word' id='word_1_380' title='bbox 1013 3518 1217 3574; x_wconf 86' lang='grc' dir='ltr'><strong><em>δύναται</em></strong></span> <span class='ocrx_word' id='word_1_381' title='bbox 1247 3520 1383 3592; x_wconf 82' lang='grc' dir='ltr'><strong><em>παρά</em></strong></span> <span class='ocrx_word' id='word_1_382' title='bbox 1413 3525 1626 3574; x_wconf 85' lang='grc' dir='ltr'><strong><em>συνετῶν</em></strong></span> <span class='ocrx_word' id='word_1_383' title='bbox 1647 3526 1873 3572; x_wconf 89' lang='grc' dir='ltr'><strong><em>νοεῖσθαι</em></strong></span> <span class='ocrx_word' id='word_1_384' title='bbox 1900 3521 1952 3572; x_wconf 90' lang='grc' dir='ltr'><strong><em>ἐν</em></strong></span> <span class='ocrx_word' id='word_1_385' title='bbox 1979 3522 2224 3573; x_wconf 85' lang='grc' dir='ltr'><strong><em>καλλίοσιν</em></strong></span> <span class='ocrx_word' id='word_1_386' title='bbox 2250 3516 2410 3591; x_wconf 79' lang='grc' dir='ltr'><strong><em>ύπᾰρ-</em></strong></span> 
     </span>
    </p>
   </div>
   <div class='ocr_carea' id='block_1_7' title="bbox 484 3687 2406 3864">
    <p class='ocr_par' dir='ltr' id='par_1_8' title="bbox 484 3687 2406 3864">
     <span class='ocr_line' id='line_1_41' title="bbox 537 3687 2406 3747; baseline 0.002 -14"><span class='ocrx_word' id='word_1_387' title='bbox 537 3687 575 3733; x_wconf 83' lang='grc'><strong><em>4.</em></strong></span> <span class='ocrx_word' id='word_1_388' title='bbox 608 3691 681 3735; x_wconf 77' lang='grc' dir='ltr'><strong><em>καὶ</em></strong></span> <span class='ocrx_word' id='word_1_389' title='bbox 708 3705 781 3734; x_wconf 88' lang='lat' dir='ltr'><strong><em>om.</em></strong></span> <span class='ocrx_word' id='word_1_390' title='bbox 812 3697 852 3734; x_wconf 82' lang='lat' dir='ltr'><strong><em>in</em></strong></span> <span class='ocrx_word' id='word_1_391' title='bbox 883 3696 941 3735; x_wconf 78' lang='lat' dir='ltr'><strong><em>ed.</em></strong></span> <span class='ocrx_word' id='word_1_392' title='bbox 969 3697 1104 3736; x_wconf 73' lang='lat' dir='ltr'><strong><em>Petav.</em></strong></span> <span class='ocrx_word' id='word_1_393' title='bbox 1140 3696 1269 3735; x_wconf 85' lang='lat' dir='ltr'><strong><em>Colon.</em></strong></span> <span class='ocrx_word' id='word_1_394' title='bbox 1298 3699 1413 3745; x_wconf 81' lang='lat' dir='ltr'><strong><em>repet.</em></strong></span> <span class='ocrx_word' id='word_1_395' title='bbox 1472 3707 1567 3736; x_wconf 81' lang='lat' dir='ltr'><strong><em>nem</em></strong></span> <span class='ocrx_word' id='word_1_396' title='bbox 1601 3691 1727 3733; x_wconf 66' lang='lat' dir='ltr'>totfus</span> <span class='ocrx_word' id='word_1_397' title='bbox 1762 3692 1965 3733; x_wconf 80' lang='lat' dir='ltr'>humanae</span> <span class='ocrx_word' id='word_1_398' title='bbox 1995 3692 2185 3747; x_wconf 79' lang='lat' dir='ltr'>naturae)</span> <span class='ocrx_word' id='word_1_399' title='bbox 2217 3696 2252 3735; x_wconf 79' lang='lat' dir='ltr'><strong><em>et</em></strong></span> <span class='ocrx_word' id='word_1_400' title='bbox 2281 3695 2406 3735; x_wconf 74' lang='lat' dir='ltr'><strong><em>Peta-</em></strong></span> 
     </span>
     <span class='ocr_line' id='line_1_42' title="bbox 542 3746 2149 3804; baseline 0.001 -17"><span class='ocrx_word' id='word_1_401' title='bbox 542 3749 638 3789; x_wconf 70' lang='lat' dir='ltr'>CAP.</span> <span class='ocrx_word' id='word_1_402' title='bbox 656 3750 749 3789; x_wconf 83' lang='grc' dir='ltr'><strong><em>ΧΙΙ.</em></strong></span> <span class='ocrx_word' id='word_1_403' title='bbox 766 3773 819 3780; x_wconf 92' lang='lat'><strong><em>-</em></strong></span> <span class='ocrx_word' id='word_1_404' title='bbox 854 3750 888 3791; x_wconf 85' lang='lat'><strong><em>1.</em></strong></span> <span class='ocrx_word' id='word_1_405' title='bbox 908 3749 1140 3804; x_wconf 73' lang='grc' dir='ltr'><strong><em>πρόςληῴιν</em></strong></span> <span class='ocrx_word' id='word_1_406' title='bbox 1164 3753 1421 3792; x_wconf 74' lang='lat' dir='ltr'><strong><em>emendarunt</em></strong></span> <span class='ocrx_word' id='word_1_407' title='bbox 1474 3753 1574 3792; x_wconf 78' lang='lat' dir='ltr'><strong><em>vius.</em></strong></span> <span class='ocrx_word' id='word_1_408' title='bbox 1624 3751 1732 3790; x_wconf 83' lang='lat' dir='ltr'><strong><em>Libri</em></strong></span> <span class='ocrx_word' id='word_1_409' title='bbox 1760 3751 1900 3791; x_wconf 77' lang='lat' dir='ltr'><em>habent</em></span> <span class='ocrx_word' id='word_1_410' title='bbox 1927 3746 2149 3804; x_wconf 79' lang='grc' dir='ltr'><strong><em>πρόληψιν.</em></strong></span> 
     </span>
     <span class='ocr_line' id='line_1_43' title="bbox 484 3806 1419 3864; baseline 0.002 -17"><span class='ocrx_word' id='word_1_411' title='bbox 484 3806 695 3848; x_wconf 68' lang='lat' dir='ltr'><strong><em>Con-narius</em></strong></span> <span class='ocrx_word' id='word_1_412' title='bbox 724 3808 855 3861; x_wconf 74' lang='lat' dir='ltr'><strong><em>(vertit</em></strong></span> <span class='ocrx_word' id='word_1_413' title='bbox 883 3809 985 3848; x_wconf 74' lang='lat' dir='ltr'><strong><em>enlm</em></strong></span> <span class='ocrx_word' id='word_1_414' title='bbox 1020 3807 1133 3849; x_wconf 76' lang='lat' dir='ltr'>iuxta</span> <span class='ocrx_word' id='word_1_415' title='bbox 1165 3808 1419 3864; x_wconf 75' lang='lat' dir='ltr'>assumptio-</span> 
     </span>
    </p>
   </div>
  </div>
 </body>
</html>
