2508 4134
531 256 987 309 PANAR11“1.13.111.
1016 263 1152 307 ΤοΜ.
1174 266 1208 308 1.
1236 263 1623 308 HAER.Lxx111.
1934 256 2031 308 113

120 382 244 419 mus:
287 362 530 432 Scriptum
563 379 592 412 a
621 362 762 416 vobis
789 371 865 414 est
893 361 1100 414 similem
1129 380 1238 415 esse
1266 365 1514 417 voluntate
1545 365 1723 429 filium,
1763 364 2035 417 substantia

120 449 430 513 dissimilem3
484 448 609 503 unde
637 447 752 499 illud
778 455 951 499 contra
987 445 1299 516 scripsimus,
1358 467 1454 500 non
1486 450 1591 501 sola
1617 450 1895 515 voluntate,
1949 448 2038 501 sed

120 544 169 586 et
196 533 466 587 substantia
494 531 698 583 similem
728 547 858 584 esse.
934 528 1178 598 Quoniam
1215 531 1365 600 igitur
1405 534 1543 601 primi
1574 534 1873 586 substantiae
1902 552 2036 585 men-

120 620 299 671 tionem
329 616 541 681 fecistiS,
583 634 689 668 cum
716 615 996 668 dissimilem
1026 633 1138 668 esse
1163 615 1433 669 substantia
1459 617 1682 670 dixeritis
1700 657 1714 683 ,
1758 628 1902 688 atque
1927 619 2037 671 ideo

120 702 420 757 substantiae
446 719 621 753 nomen
651 718 677 752 e
709 701 867 752 medio
896 701 1338 752 tollere'studeatis
1357 740 1371 765 ,
1428 720 1521 770 quo
1561 703 1662 753 sola
1697 703 1944 755 voluntate
1975 703 2042 755 si-

123 789 283 841 milem
329 805 439 839 esse
479 786 748 837 defendatis
789 786 966 850 filium,
1022 784 1066 837 si
1092 803 1158 837 ex
1185 786 1331 837 animi
1367 787 1518 837 vestri
1558 788 1800 838 sententia
1834 788 2040 840 similem

121 875 171 926 in
199 873 421 925 omnibus
446 889 557 923 esse
587 871 707 939 patri
740 870 884 922 lilium
925 871 1177 934 statuatiS,
1233 871 1454 921 damnate
1493 871 1602 922 illos
1633 871 1936 922 anathemate
1962 873 2043 940 qui

122 958 447 1011 similitudinis
474 956 752 1008 discrimine
780 964 1079 1024 agnoscunt,
1133 963 1275 1023 atque
1302 954 1368 1006 ita
1391 955 1670 1007 scribitote:
1726 954 1780 1007 Si
1809 958 1914 1025 quis
1946 975 2043 1008 non

121 1043 171 1095 in
203 1042 425 1094 omnibus
466 1040 669 1093 similem
714 1057 824 1092 esse
866 1040 991 1109 patri
1029 1040 1174 1090 filium
1216 1039 1424 1103 dixerit,
1483 1041 1882 1108 quemadmodum
1921 1040 2045 1110 patri

123 1127 295 1180 similis
327 1136 402 1179 est
427 1127 581 1190 filius,
635 1126 721 1178 sed
761 1124 1010 1176 voluntate
1044 1124 1276 1188 similem,
1328 1124 1599 1176 substantia
1624 1124 1902 1176 dissimilem
1935 1142 2046 1176 esse

125 1213 335 1277 dixerit,
390 1211 647 1263 anathema
682 1210 764 1261 sit.
840 1207 1106 1260 Praeterea
1134 1209 1176 1259 si
1203 1209 1504 1262 substantiae
1536 1227 1712 1261 nomen
1755 1226 2047 1261 commemo-

124 1314 235 1350 rare
267 1296 447 1360 velint,
503 1314 560 1347 ac
599 1295 699 1347 suis
729 1294 944 1364 ipsorum
984 1293 1419 1362 subscriptionibus
1458 1294 1729 1363 refragari,
1785 1296 1912 1346 facta
1944 1294 2049 1345 ubi-

126 1399 219 1452 que
253 1381 557 1433 substantiae
599 1380 846 1431 mentione
885 1378 945 1430 iis
976 1395 1097 1447 quae
1127 1388 1290 1447 patres
1321 1380 1526 1449 professi
1555 1389 1669 1431 sunt
1696 1379 2046 1442 assentiantur,

128 1486 225 1520 non
268 1466 518 1519 voluntate
555 1466 730 1528 modo,
787 1464 871 1515 sed
908 1473 957 1515 et
985 1464 1109 1532 quod
1142 1465 1199 1515 ad
1231 1481 1343 1515 esse
1373 1464 1530 1534 ipsum
1557 1465 1757 1528 attinet,
1811 1482 1867 1515 ac
1893 1464 2050 1516 subsi-

129 1551 385 1614 stentiam,
439 1559 486 1601 et
521 1548 867 1613 existentiam,
927 1558 1076 1617 atque,
1102 1549 1150 1599 in
1185 1549 1407 1600 omnibus
1445 1550 1651 1618 denique
1689 1549 1894 1601 similem
1938 1566 2049 1600 esse

127 1638 251 1707 patri
276 1636 420 1687 filium
448 1643 698 1698 asserant,
739 1634 1134 1702 quemadmodum
1165 1634 1335 1686 similis
1363 1644 1438 1686 est
1466 1636 1589 1704 patri
1619 1635 1772 1699 filius,
1815 1634 1881 1685 uti
1911 1651 2050 1686 sacra

128 1723 299 1774 literae
336 1728 597 1772 testantur.

270 1803 502 1858 Ceterum
544 1804 818 1873 propositae
849 1802 917 1855 illi
955 1803 1064 1854 fidei
1093 1803 1421 1869 confessioni,
1473 1822 1566 1872 qua
1596 1804 1720 1855 filius
1750 1804 1799 1855 in
1828 1804 2051 1855 omnibus

132 1891 254 1962 patri
294 1889 464 1942 similis
505 1905 615 1940 esse
659 1889 911 1952 delinitur,
964 1888 1030 1938 ita
1070 1887 1481 1957 subscripserunt.
1558 1887 1758 1940 Marcus
1797 1890 2053 1958 episcopus

134 1975 432 2028 Arethusiae
460 1974 526 2024 ita
555 1974 701 2025 credo
732 1982 780 2025 et
806 1972 966 2025 sentio
996 1982 1046 2024 ut
1077 1989 1222 2042 supra
1251 1973 1480 2042 scriptum
1514 1982 1607 2025 est.
1684 1972 1873 2024 Eodem
1912 1972 2052 2023 modo

134 2070 184 2112 et
213 2061 293 2129 qui
322 2060 522 2111 aderant
563 2058 975 2127 subscripserunt.
1052 2058 1122 2109 At
1147 2055 1334 2108 Valens
1362 2057 1486 2109 hunc
1518 2058 1567 2109 in
1595 2059 1815 2111 modum:
1871 2055 2055 2125 Quem·

133 2146 386 2196 admodum
427 2161 484 2195 ea
521 2152 665 2195 nocte
709 2161 847 2212 quam
893 2143 995 2195 dies
1033 2140 1355 2194 Pentecostes
1395 2153 1562 2194 secuta
1596 2151 1701 2208 est,
1753 2141 2054 2212 superiorem

136 2229 260 2281 hanc
287 2228 692 2297 subscriptionem
722 2228 1045 2291 ediderimus,
1100 2236 1280 2278 norunt
1324 2227 1529 2295 quitum
1571 2236 1854 2297 praesentes
1894 2234 2052 2289 erant,

137 2331 195 2366 ac
221 2315 326 2384 pius
352 2312 572 2382 inprimis
599 2312 890 2382 imperator,
943 2313 1064 2382 apud
1093 2329 1233 2380 quem
1265 2321 1312 2363 et
1336 2312 1442 2363 sine
1464 2313 1644 2382 scripto
1669 2330 1774 2364 sum
1799 2320 1849 2363 et
1876 2310 2056 2380 scripto

137 2406 457 2450 contestatus.
534 2395 652 2449 Post
690 2397 808 2448 haec
834 2415 941 2448 cum
972 2396 1158 2450 Valens
1187 2414 1276 2448 suo
1309 2415 1444 2448 more
1469 2397 1865 2467 subscripsisset,
1922 2405 1970 2447 et
1998 2395 2057 2446 ad

138 2482 543 2551 subscriptionem
571 2481 860 2547 addidisset,
914 2481 1118 2532 similem
1152 2499 1262 2533 esse
1302 2481 1427 2550 patri
1455 2482 1636 2545 filium,
1696 2480 2057 2551 praetermissis

139 2566 214 2618 his
246 2566 477 2631 vocibuS,
531 2570 587 2616 In
617 2568 853 2627 omm'bm,
910 2584 1113 2634 cumque
1144 2583 1202 2617 ea
1232 2583 1286 2617 re
1318 2567 1644 2631 declarasset,
1704 2584 1843 2634 quem
1870 2567 1919 2616 in
1945 2583 2057 2616 sen-

142 2669 248 2703 sum
273 2669 332 2703 ea
358 2668 481 2720 quae
511 2651 691 2719 scripta
720 2652 911 2702 fuerant
939 2650 1283 2720 approbasset,
1340 2668 1395 2702 ac
1423 2651 1821 2719 quemadmodum
1852 2650 2060 2702 consub-

141 2736 381 2788 stantialis
412 2754 584 2788 vocem
616 2735 936 2802 intelligeret,
994 2734 1100 2804 pius
1132 2735 1222 2786 boc
1256 2736 1521 2805 imperator
1551 2736 1858 2800 observavit,
1912 2746 1962 2786 et
1986 2744 2058 2798 ut,

141 2824 197 2871 In
227 2822 464 2893 omnibuS,
521 2819 756 2871 adiiceret
794 2819 983 2887 coegit,
1040 2820 1183 2887 idque
1227 2829 1278 2871 ut
1315 2820 1475 2872 iussus
1515 2829 1620 2872 erat
1658 2820 1917 2889 praestitit.
1992 2819 2064 2869 At

143 2903 357 2957 Basilius
391 2905 664 2975 suspicatus
707 2921 852 2956 voces
894 2903 1032 2967 illas,
1086 2908 1142 2954 In
1183 2907 1417 2965 omnz'buS,
1473 2922 1537 2956 ex
1577 2905 1770 2974 propria
1806 2913 1968 2955 mente
2006 2920 2062 2954 ac

144 3007 293 3042 sensu
319 2991 378 3042 ad
412 2989 665 3041 formulam
698 2988 944 3052 adiectaS,
1002 3005 1107 3038 cum
1137 2990 1411 3058 exemplum
1442 2989 1763 3058 professionis
1797 2989 1925 3039 illius
1963 2985 2061 3038 Va-

143 3074 249 3125 lens
278 3093 387 3126 cum
420 3074 521 3126 suis
553 3074 730 3125 habere
760 3074 934 3136 vellet,
990 3073 1114 3140 quod
1155 3091 1320 3125 secum
1351 3074 1408 3124 ad
1435 3073 1798 3124 Ariminensem
1825 3071 2062 3141 synodum

147 3158 392 3222 deferret,
451 3158 540 3209 hoc
570 3160 712 3209 modo
739 3156 1053 3224 subscripsit:
1108 3154 1321 3209 Basilius
1349 3157 1603 3227 episcopus
1638 3159 1868 3226 Ancyrae
1897 3155 2063 3218 credo,

149 3252 198 3294 et
225 3242 469 3295 assentior
500 3242 561 3294 iis
601 3260 724 3311 quae
766 3260 910 3312 supra
942 3239 1117 3308 scripta
1151 3250 1288 3305 sunt,
1348 3241 1553 3293 similem
1586 3242 1633 3292 in
1667 3240 1887 3291 omnibus
1919 3239 2067 3289 confi-

150 3335 258 3378 tens
290 3327 439 3396 patris
478 3344 589 3378 esse
619 3327 786 3379 filium.
861 3331 917 3376 In
951 3326 1160 3374 omnibus
1190 3343 1310 3377 vero
1349 3345 1455 3377 cum
1497 3326 1633 3389 dico,
1691 3342 1786 3375 non
1819 3323 2067 3374 voluntate

148 3411 303 3463 solum
330 3411 579 3479 intelligo,
639 3413 723 3463 sed
756 3422 804 3463 et
831 3409 1144 3462 subsistentia
1173 3418 1220 3460 et
1252 3410 1545 3473 existentia,
1595 3410 1812 3476 adeoque
1853 3406 2068 3459 essentia

150 3495 286 3563 ipsa,
326 3503 492 3564 utpote
525 3495 700 3559 filium,
744 3496 869 3565 quod
897 3510 1066 3547 sacrae
1100 3493 1271 3544 literae
1299 3494 1614 3557 confirmant,
1667 3492 1885 3561 spiritum
1916 3509 1942 3542 e
1972 3490 2069 3560 spi-

150 3578 279 3644 ritu,
318 3579 466 3631 vitam
502 3596 527 3630 e
554 3578 680 3644 vita,
723 3581 881 3632 lumen
911 3597 937 3631 e
967 3577 1165 3641 lumine,
1207 3577 1345 3628 deum
1378 3594 1444 3628 ex
1472 3578 1593 3640 deo,
1635 3593 1802 3627 verum
1834 3575 1982 3627 filium
2005 3592 2071 3626 ex

207 3690 248 3732 8.
278 3693 531 3732 Scribendum
569 3697 662 3742 puto
692 3689 751 3740 ὥς
781 3691 833 3734 τοὶ
862 3693 933 3734 ἰ’σα
971 3690 1077 3742 ἐστι,
1135 3693 1204 3730 bus
1231 3691 1490 3739 concinentia,
1519 3701 1759 3739 quamquam
1784 3700 1872 3729 eam
1897 3690 2074 3728 vocabuli

152 3752 186 3787 et
224 3750 449 3797 interpretor
489 3744 541 3790 τὰ
578 3749 650 3790 ἴσα
690 3751 918 3799 apographa
965 3750 1080 3798 fidem
1136 3747 1453 3796 siynificationem
1474 3758 1547 3796 quo
1567 3748 1724 3796 probem
1745 3750 1814 3786 aut
1831 3747 1980 3796 firmem
1997 3755 2076 3785 non

154 3805 359 3844 authentici
384 3807 608 3854 aequantia,
636 3817 797 3855 cumque
821 3817 863 3845 eo
887 3807 927 3844 in
955 3805 1076 3844 omni·
1133 3804 1265 3842 habeo.

242 3869 387 3914 Corpus
406 3869 631 3907 Haereseol.
663 3870 710 3906 11.
733 3872 764 3907 3.
1703 3877 1732 3925 8
