2508 4134
559 260 781 302 PANARH
810 259 912 299 Lm.
937 259 1007 299 ιιι.
1034 260 1166 300 ΤοΜ.
1191 261 1222 300 1.
1253 259 1414 301 HAER.
1441 259 1640 300 Lxxw.
1955 246 2048 295 143

153 369 365 412 creatum
394 374 505 410 esse
535 351 619 409 dei'
639 358 813 420 filium,
871 373 926 407 ac
957 364 1167 406 creatum
1196 356 1412 422 spiritum
1444 365 1660 407 sanetum
1679 395 1693 420 ,
1747 371 1803 404 ac
1833 352 1907 403 dei
1939 352 2050 403 sub-

152 444 325 495 stantia
372 442 578 493 alienum
627 440 812 510 publice
861 438 1139 518 praedicare
1193 457 1288 488 non
1338 439 1569 490 dubitent.
1659 437 1787 490 Nam
1829 437 1952 505 quod
1992 436 2049 486 ad

152 525 428 578 Eudoxium
458 525 646 587 attinet,
687 540 713 574 a
738 541 831 591 quo
854 532 1068 589 tempore
1097 520 1339 588 Georgius
1371 522 1696 573 Alexandriae
1724 520 2050 590 turpissimum

154 611 279 662 vitae
309 609 491 661 exitum
520 608 720 659 sortitus
752 616 854 670 est,
894 623 999 656 cum
1028 604 1287 674 principem
1320 604 1456 654 facile
1487 605 1641 655 locum
1677 603 1912 669 obtinuit,
1955 612 2051 654 tum

153 695 274 763 apud
311 711 397 744 eos
435 709 583 760 penes
618 708 737 759 quos
777 708 1011 741 summum
1052 688 1300 758 imperium
1339 695 1440 751 est,
1493 689 1646 755 gratia
1687 697 1733 739 et
1767 689 2054 738 auctoritate

154 776 336 828 floruit.
410 775 665 826 Eudoxius
710 774 857 842 igitur
900 791 965 824 ex
1002 771 1199 842 Hypani
1240 781 1288 822 et
1327 770 1552 822 Eunomii
1590 789 1769 839 grege,
1824 782 1875 823 ut
1917 790 1971 824 se
1996 774 2053 823 ad

154 870 342 929 tempus
383 859 739 922 accommodet,
795 858 1045 909 convictus
1086 855 1370 925 praesertim
1408 873 1463 906 ac
1510 855 1862 922 reprehensuS‚
1919 856 2054 907 Ano-

155 961 403 996 moeorum
430 943 653 1009 dogmata
683 940 1010 1005 nihilominus,
1052 941 1135 991 sed
1158 939 1343 990 occulte
1373 956 1428 989 ac
1454 939 1810 990 dissimulanter
1836 940 2050 992 retinuit.

157 1027 286 1080 Tum
315 1044 435 1095 quos
464 1025 525 1076 ob
561 1025 841 1077 altissimam
873 1026 997 1077 illam
1031 1023 1288 1093 impietatis
1318 1023 1599 1090 voraginem
1639 1023 1894 1090 aliquando
1932 1025 2056 1075 rele-

155 1119 416 1180 gaverant,
473 1109 531 1160 ad
571 1109 831 1178 potentiam
869 1109 1065 1173 evexit,
1118 1107 1454 1176 Demophilum
1494 1107 1714 1175 inquam,
1771 1106 2052 1176 Hypatium,

157 1193 446 1246 Eunomium
475 1194 603 1245 illius
630 1193 762 1245 Ae‘tii
790 1193 1079 1263 discipulos,
1122 1192 1199 1260 qui
1228 1209 1256 1242 a
1287 1189 1502 1259 Georgio
1530 1190 1867 1242 Alexandrino
1898 1192 2057 1243 diaco-.-

157 1296 247 1331 nus
290 1278 538 1329 ordinatus
572 1278 620 1328 in
653 1276 820 1328 Tauro
861 1277 1126 1328 subiectam
1159 1274 1406 1343 regionem
1441 1275 1720 1344 deportatus
1756 1285 1855 1340 est,
1909 1293 1937 1326 a
1965 1293 2056 1343 quo

157 1363 521 1414 Anomoeorum
553 1362 690 1430 origo
722 1362 968 1424 manavit,
1025 1361 1145 1411 adeo
1185 1369 1237 1410 ut
1274 1376 1367 1410 una
1408 1359 1596 1427 quidem
1632 1377 1688 1410 ac
1730 1358 1964 1427 singulari
1993 1377 2057 1411 ex

159 1445 352 1511 radice,
408 1446 654 1516 spinarum
696 1445 876 1509 instar,
929 1445 1156 1495 haereses
1198 1444 1307 1494 illae
1345 1460 1512 1494 omnes
1551 1443 1915 1508 fruticaverint,
1973 1445 2058 1494 sed

158 1530 309 1583 variis
341 1538 499 1580 tamen
533 1529 715 1593 modis,
770 1538 821 1579 ut
851 1529 898 1579 in
930 1529 1174 1597 spinarum
1209 1527 1352 1578 ramis
1378 1544 1434 1578 ac
1461 1528 1695 1591 surculis,
1753 1528 1942 1578 illorum
1972 1527 2060 1578 im-

159 1615 376 1684 probitas
402 1613 508 1664 aliis
538 1613 634 1664 alio
657 1622 874 1681 tempore
905 1613 1116 1663 nefariae
1145 1611 1361 1662 haeresis
1388 1611 1679 1680 excogitatis
1703 1611 2060 1680 interpretatio-

159 1698 327 1762 nibuS,
376 1705 426 1748 et
454 1699 501 1748 in
536 1696 746 1748 deterius
782 1698 1082 1765 progressis,
1126 1714 1264 1747 suum
1292 1696 1339 1746 in
1370 1696 1533 1746 orbem
1568 1705 1804 1747 terrarum
1832 1696 2054 1759 exitium,

160 1799 215 1832 ac
248 1782 381 1832 virus
420 1781 669 1845 effuderit,
724 1782 1119 1849 quemadmodum
1165 1781 1220 1831 de
1262 1780 1349 1830 hac
1386 1780 1488 1849 ipsa
1527 1780 1889 1831 Anomoeorum
1929 1789 2060 1831 secta

158 1867 331 1916 iterum
359 1873 527 1933 postea
557 1865 788 1916 dicemus.
863 1863 1011 1916 Nunc
1036 1874 1193 1915 autem
1222 1864 1305 1928 iis,
1362 1881 1481 1932 quae
1516 1873 1628 1916 sunt
1652 1864 1881 1915 hactenus
1912 1864 2056 1928 dicta,

160 1950 402 2012 cont-enti,
452 1967 555 2000 cum
594 1949 728 2000 velut
762 1948 1019 2000 immanem
1050 1950 1285 2017 quendam
1316 1957 1588 2016 serpentem
1620 1948 1974 2000 extinxerimus
2005 1966 2059 1999 ac

159 2033 601 2104 profligaverimuS,
661 2033 785 2083 hunc
824 2051 913 2084 nos
958 2033 1281 2102 proculcatum
1329 2041 1662 2101 mortuumque
1709 2033 2057 2100 relinquamuS,

159 2127 207 2169 et
233 2119 293 2169 ad
327 2118 421 2169 alia
459 2117 683 2168 conversi
720 2126 908 2168 ceteras
945 2117 1283 2185 aggrediamur
1319 2116 1574 2181 haereses,
1628 2116 1704 2167 dei
1740 2134 1829 2186 ope
1857 2117 2058 2185 primum

162 2203 371 2253 omnium
400 2202 652 2265 advocata,
693 2210 745 2252 ut
769 2210 1043 2269 susceptum
1067 2219 1185 2271 opus
1213 2202 1272 2252 ad
1299 2202 1482 2253 exitum
1509 2202 1772 2271 perducere
1799 2201 2056 2269 possimus.

415 2399 799 2461 CONTRA
856 2399 1812 2474 PNEUMATOMACHOS,

497 2519 631 2575 quae
668 2504 760 2559 'est
802 2499 1045 2560 haeresis
1087 2499 1260 2575 LIV„
1304 2500 1420 2561 sive
1465 2499 1728 2560 LXXIV.

302 2621 380 2673 Ab
420 2622 494 2674 his
539 2621 858 2676 Semiarianis
897 2634 946 2675 et
984 2625 1042 2675 ab
1084 2625 1369 2676 orthodoxis
1399 2634 1664 2676 monstrum
1698 2623 1960 2694 quoddam,
2013 2634 2064 2676 ut
2117 2630 2266 2684 Cap.1.

161 2707 230 2758 ita
262 2707 444 2770 dicam,
497 2706 768 2758 biformium
805 2708 1044 2759 homiuum
1076 2726 1133 2760 ac
1174 2709 1508 2761 semiferorum
1542 2719 1711 2760 contra
1751 2727 1840 2761 nos
1876 2709 2063 2761 excita-

163 2799 260 2843 tum
295 2799 398 2855 est,
454 2791 718 2842 cuiusmodi
748 2789 1051 2857 Centauros,
1103 2803 1185 2845 aut
1213 2792 1402 2856 PanaS,
1444 2803 1529 2845 aut
1556 2792 1760 2846 Sirenas
1795 2793 2060 2844 fabularum

165 2875 302 2926 nobis
341 2875 553 2927 artifices
593 2876 863 2926 ediderunt.
940 2876 1039 2927 Alii
1068 2878 1236 2946 quippe
1269 2879 1327 2928 ab
1362 2879 1546 2929 Ariana
1572 2878 1820 2947 disciplina
1860 2877 2062 2946 profecti

164 2962 309 3013 filium
367 2978 462 3012 non
502 2960 768 3011 absolutam
799 2960 1023 3011 videlicet
1066 2971 1337 3013 creaturam
1379 2980 1489 3014 esse
1528 2963 1786 3025 deliniunt,
1839 2962 1922 3011 sed
1955 2960 2060 3011 sine

166 3055 380 3115 tempore
420 3062 530 3096 esse
569 3045 802 3112 genitum.
880 3042 1097 3113 Tempus
1134 3056 1292 3097 autem
1339 3047 1452 3097 illud
1490 3048 1538 3099 in
1576 3065 1664 3098 sua
1700 3045 1924 3113 opinione
1964 3053 2062 3095 sta-

166 3138 305 3181 tuunt
335 3130 459 3198 quod
486 3147 514 3180 a
539 3129 675 3179 coelo
706 3128 897 3179 condito
931 3129 987 3178 ad
1022 3129 1300 3180 hodiernum
1335 3149 1486 3199 usque
1514 3132 1636 3182 diem
1684 3130 1883 3180 effluxit.
1962 3127 2062 3180 Sed

167 3231 195 3266 a
221 3214 378 3282 priore
408 3214 488 3264 ina
518 3213 785 3276 sententia,
844 3230 980 3280 quam
1011 3212 1159 3263 Arius
1187 3215 1429 3278 evomuit,
1481 3232 1776 3283 nequaquam
1808 3214 2059 3278 recedunt,

167 3298 317 3349 fuisse
345 3297 566 3349 nimirum
597 3307 782 3366 tempus
811 3315 916 3347 cum
947 3297 1152 3346 nondum
1184 3307 1315 3349 esset
1344 3299 1486 3349 filius.
1561 3296 1718 3349 Porro
1744 3316 1849 3348 cum
1878 3306 2061 3367 tempo-

167 3383 300 3433 ribus
338 3382 558 3433 omnibus
594 3383 884 3432 anteriorem
927 3380 1056 3430 illum
1086 3398 1195 3431 esse
1225 3382 1427 3445 docent,
1470 3401 1560 3447 per
1589 3401 1718 3448 quem
1748 3387 1899 3432 omnia
1928 3385 2058 3449 faeta
2079 3396 2290 3447 Ioann.1‚e.

168 3476 302 3526 sunt,
358 3475 453 3516 tum
496 3467 553 3516 de
579 3466 749 3533 spiritu
779 3475 948 3516 sancto
981 3465 1325 3516 contumeliose
1359 3466 1597 3533 garriunt.
1672 3466 1770 3517 Alii
1802 3484 1920 3517 vero
1953 3487 2058 3519 cum

169 3551 227 3601 de
258 3550 353 3600 filio
393 3558 525 3611 recte
562 3559 610 3600 et
650 3566 715 3601 ex
743 3550 850 3600 fidei
880 3548 1143 3600 catholicae
1176 3550 1471 3617 praescripto
1503 3547 1741 3614 sentiant,
1782 3569 1839 3602 ac
1869 3569 2061 3622 semper

172 3702 278 3732 στιον
314 3690 407 3742 (sic)
445 3691 578 3731 Petav.
650 3693 693 3730 In
734 3692 839 3730 libris
875 3694 927 3730 est
965 3687 1087 3741 τέρας
1142 3688 1285 3728 dicam.
1356 3691 1492 3729 Vocab.
1522 3687 1736 3744 τεράστιος
1769 3695 1803 3732 ει
1837 3694 1933 3734 alibi
1969 3706 2061 3735 usu,

169 3744 264 3787 τισὶ.
326 3748 503 3787 cornaria·
535 3749 655 3786 versio
693 3755 901 3795 monstra,
946 3753 989 3783 ut
1029 3744 1086 3784 ita
1142 3750 1217 3796 est,
1245 3747 1301 3784 uti
1327 3745 1432 3785 haer.
1453 3742 1517 3796 19,
1533 3744 1572 3787 4.
1599 3752 1634 3787 et
1659 3747 1776 3798 36,1.
