2508 4134
209 2930 296 2967 pag.
319 2922 394 2957 910.

200 3578 307 3634 Κεφ.
336 3576 388 3627 ς’.

412 222 513 277 184
1116 228 1321 272 εΑΝοΤι
1349 228 1633 271 EPIPHANH

409 329 556 385 λαιάν
586 328 839 395 διαθήκην
873 324 1044 399 ῥάβδῳ
1080 325 1224 399 μόνῃ.
1296 323 1418 380 ‘Yazd
1452 332 1540 380 τοῦ
1573 331 1700 380 θεοῦ
1733 326 1787 379 δὲ
1813 324 2177 396 ἀπεσταλμένος
2203 331 2257 384 ἐν
2281 336 2352 404 τῷ

416 419 651 478 εἰςελθεῖν
689 416 758 475 εἰς
788 416 1047 483 Αἴγυπτον
1069 414 1385 483 προςτίθεται
1414 411 1550 484 αὐτῷ
1575 414 1644 474 εἰς
1673 410 1917 479 βοήθειαν
1934 411 2133 483 Ἀαρών
2155 412 2188 468 ὅ
2211 414 2351 468 ἀδελ-

413 499 511 569 φὸς
539 498 710 552 αὐτοῦ.
786 495 914 552 Εἶτα
941 495 1062 564 μετά
1090 495 1145 550 τό
1176 503 1431 551 πιστεῦσαι
1457 497 1592 570 αὐτῷ
1617 494 1704 550 τόν
1731 494 1948 564 άδελφὸν
1975 498 2201 568 συνήχθη
2223 499 2352 568 πρός

411 583 564 639 αύτὸν
594 582 630 652 ἦ
652 584 883 654 γερουσία
917 583 1001 635 καὶ
1041 585 1093 636 οἱ
1125 582 1334 653 ἀρχηγοὶ
1365 588 1453 636 τοῦ
1491 588 1613 636 λαοῦ
1654 581 1758 635 κατ’
1790 584 1943 636 ἐκεῖνο
1982 589 2174 655 καιροῦ.
2250 586 2352 638 Καὶ

412 667 531 739 μετὰ
572 675 728 722 ταῦτα
769 668 1136 739 κρατυνομένου
1178 673 1268 721 τοῦ
1306 669 1479 738 ἔργου,
1531 669 1617 721 καὶ
1656 674 1746 736 τῆς
1794 665 2101 731 ἀκολουθίας
2143 687 2352 741 συναγο-

411 757 586 824 μένης,
639 755 893 823 διεπέρασε
934 752 1024 821 τήν
1064 751 1333 806 θάλασσαν.
1411 755 1511 806 Καὶ
1553 751 1694 806 οὔπω
1731 747 1859 822 ἦσαν
1891 751 2018 807 κατά
2054 751 2141 808 τόν
2178 753 2350 823 νόμον,

410 842 504 902 ἕως
529 839 610 893 ὅτε
641 841 814 909 κύριος
843 836 995 892 αύτὸν
1018 844 1154 891 καλεῖ
1182 840 1253 899 εἷς
1280 835 1334 890 τό
1365 835 1493 907 ὅρος.
1570 841 1757 892 Δίδωσι
1784 839 1836 892 δὲ
1870 837 2003 913 αύτῷ
2032 838 2122 902 τοὶς
2149 839 2351 908 πτύχας,

412 927 498 980 καὶ
526 922 873 978 ὑποδείκνυσιν
913 922 1051 997 αὐτῷ
1081 922 1265 991 σκηνήν
1314 922 1735 989 2κατασκευάσαι,
1787 923 2034 995 ἆρχηγούς
2060 946 2110 978 τε
2138 923 2352 995 προστή-

411 1017 624 1075 σασθαι,
691 1008 981 1081 δεκάρχους,
1045 1004 1524 1077 πεντηκοντάρχους,
1590 1008 2002 1080 ἑκατοντάρχους,
2058 1010 2350 1081 χιλιάρχους.

414 1098 514 1149 Καὶ
544 1093 668 1170 ὁρᾷς
692 1101 799 1156 πῶς
827 1092 887 1148 τά
910 1094 1174 1165 πράγματα
1204 1091 1517 1157 πλατύνεται,
1576 1091 1726 1164 “’Ὀρα,
1766 1097 1905 1163 φησὶ,
1944 1095 2166 1165 ποιήσεις
2191 1095 2354 1149 πάντα

411 1179 538 1236 κατά
579 1179 666 1234 τόν
708 1179 869 1234 τύπον
915 1179 1000 1233 τόν
1040 1180 1295 1247 δειχθέντα
1327 1196 1405 1231 σοι
1433 1179 1486 1231 ἐν
1509 1183 1577 1251 τῷ
1606 1177 1713 1250 ὄρει
1742 1185 1894 1252 Σινςῖ.
1970 1183 2072 1234 Καὶ
2101 1179 2223 1254 ὁρᾷς
2248 1188 2356 1244 πῶς

412 1267 691 1338 προςετέθη
733 1271 794 1340 τῇ
835 1268 1110 1337 νομοθεσίᾳ
1155 1262 1432 1331 ἓπτάμυξος
1471 1267 1662 1332 λυχνία,
1712 1264 1911 1336 ποδήρη
1955 1265 2174 1338 ἱερατικά
2215 1265 2354 1321 ἐνδύ-

416 1375 570 1422 ματα,
626 1350 858 1412 κώδωνές
882 1372 931 1403 τε
954 1352 1039 1403 καὶ
1068 1348 1308 1418 μανδύαι,
1359 1351 1604 1417 ἐπωμίδες
1631 1370 1681 1402 τε
1705 1352 1790 1403 καὶ
1819 1349 2066 1423 κιδάρεις,
2105 1355 2270 1421 μίτραι
2302 1373 2354 1406 τε

412 1440 497 1492 καὶ
529 1440 685 1491 λίθων
717 1435 975 1505 διαφόρων
1013 1436 1291 1499 συνθέσεις,
1331 1434 1545 1499 κύαθοι,
1584 1439 1823 1500 θυΐσκαι,
1873 1442 2130 1507 λουτῆρες,
2181 1445 2357 1490 θυσια-

413 1523 612 1594 στήρια,
652 1526 879 1591 τρυβλία,
919 1518 1225 1592 μασμαρώθ,
1278 1519 1422 1574 ἅτινά
1452 1522 1550 1574 ἐστι
1576 1520 1924 1592 διῦληστήρια,
1963 1521 2186 1590 μιδικώθ
2215 1521 2359 1578 ἅτινα

397 1615 681 1663 ’καλοῦνται
712 1606 925 1677 κύαθοι,
970 1603 1285 1675 3μαχωνιὸθ,
1336 1607 1517 1667 αἵτινές
1548 1608 1638 1660 εἰσι
1665 1605 1856 1675 βάσεις,
1894 1608 1979 1660 καὶ
2006 1606 2190 1679 ὅσαπερ
2219 1605 2251 1662 ό
2276 1606 2358 1663 νό-

415 1717 509 1764 μος
543 1695 836 1763 διαλέγεται,
881 1693 1164 1762 Χερουβὶμ,
1213 1692 1295 1745 καὶ
1323 1688 1383 1744 τά
1415 1689 1562 1756 ἄλλα,
1611 1690 1824 1760 κιβωτός
1848 1691 2126 1762 διαθήκης,
2165 1690 2356 1761 άναφο-

416 1788 519 1851 ρεῐς
556 1800 605 1832 τε
648 1781 733 1832 καὶ
760 1778 1038 1842 δακτύλιοι,
1075 1777 1234 1845 σκηνή
1266 1798 1315 1830 τε
1341 1779 1423 1830 καὶ
1450 1779 1637 1848 δέρρεις
1666 1779 1752 1831 καὶ
1781 1779 1996 1847 δέρματα
2024 1781 2051 1816 4
2069 1777 2355 1849 ήρυθροδα-

414 1867 632 1934 νωμένα,
687 1862 895 1935 άγκύλαι
921 1885 971 1917 τε
997 1865 1082 1917 καὶ
1107 1861 1167 1917 τά
1196 1860 1340 1928 ἅλλα,
1394 1865 1645 1934 πυλωροὶ,
1683 1866 1769 1916 καὶ
1795 1862 2056 1935 σάλπιγγες
2085 1866 2246 1919 ἐλαταὶ
2273 1866 2360 1920 καὶ

415 1949 694 2019 καμπύλαι,
745 1953 832 2004 καὶ
877 1956 1100 2020 ὖχρυσαῖ
1140 1950 1225 2002 καὶ
1268 1948 1508 2019 ἀργυραῖ,
1560 1955 1758 2017 χαλκαῖ,
1815 1952 2129 2020 ὃκερατίναι,
2183 1953 2268 2005 καὶ
2297 1950 2358 2005 τοὶ

416 2035 535 2090 ἄλλα
579 2035 766 2105 ὅσαπερ
801 2034 830 2090 ὅ
859 2035 1013 2103 νόμος
1049 2037 1173 2101 ἔφη,
1230 2038 1405 2087 θυσίαι
1445 2032 1708 2103 διάφοροι,
1763 2037 2084 2091 διδασκαλίαι.
2150 2034 2358 2105 Ἐπειδὴ

415 2123 641 2191 ἆπαρχῆς
671 2128 825 2175 ταῦτα
856 2119 948 2175 ούκ
980 2114 1069 2189 ἦν,
1123 2114 1220 2189 ἆρα
1263 2118 1382 2187 μετά
1425 2119 1479 2174 vd
1508 2121 1736 2189 γενέσθαι
1768 2119 1858 2189 τὴν
1889 2120 2025 2185 τάξιν
2063 2119 2156 2175 ούκ
2188 2125 2358 2190 εἴληφε

414 2206 473 2262 τά
503 2207 792 2278 πράγματα,
848 2206 992 2260 Οὕτω
1023 2206 1108 2260 καὶ
1138 2203 1199 2257 τά
1226 2203 1361 2275 παρα
1390 2211 1459 2277 τῷ
1488 2202 1746 2279 άποστόλῳ
1776 2208 2110 2276 γεγραμμένα,
2160 2209 2253 2270 ἕως
2278 2207 2360 2262 ὅτε

416 2292 704 2360 ἐπλατύνθη
736 2291 771 2361 ή
797 2295 1051 2360 ἐκκλησία,
1089 2293 1182 2353 ἕως
1212 2289 1292 2345 ὅτε
1321 2293 1390 2354 εἰς
1414 2291 1467 2345 τό
1496 2294 1625 2345 ἴδιον
1659 2293 1839 2362 μέτρον
1872 2291 2117 2360 ἐλήλακεν,
2156 2294 2249 2355 ἕως
2278 2291 2359 2346 ὅτε

417 2378 503 2432 τὸν
544 2378 737 2447 κόσμον
777 2384 867 2446 τῆς
908 2379 1150 2438 συνέσεως
1192 2376 1480 2430 δικαιότατα
1519 2379 1572 2431 ἐκ
1612 2377 1800 2447 πατρός
1837 2379 1921 2430 καὶ
1954 2380 2068 2431 υἱοῦ
2097 2379 2182 2432 καὶ
2215 2375 2358 2449 ἇγίου

419 2462 702 2533 πνεύματος
741 2461 1066 2537 ᾠκονόμηται.
1145 2464 1246 2516 Καὶ
1283 2465 1450 2516 ἔπεσεν
1487 2460 1517 2517 ὁ
1551 2468 1641 2516 τοῦ
1671 2463 1870 2534 Ἀερίου
1905 2461 2065 2534 λόγος.

559 2636 659 2687 Καὶ
691 2633 765 2687 ὅτι
793 2634 881 2701 μὲν
910 2631 972 2687 ού
1002 2634 1209 2687 δύναται
1249 2631 1427 2687 ταύτὸν
1461 2630 1585 2687 εἶναι
1616 2633 1838 2688 διδάσκει
1870 2632 1902 2689 ὅ
1927 2643 2071 2698 θεῖος
2094 2637 2240 2706 λόγος
2263 2642 2358 2690 τοῦ

418 2719 564 2790 άγίου
597 2719 899 2785 ἀποστόλου,
948 2723 1020 2782 τίς
1062 2721 1148 2788 μὲν
1184 2722 1316 2773 ἔστιν
1344 2722 1637 2785 ἐπίσκοπος,
1693 2724 1764 2782 τίς
1793 2721 1846 2774 δὲ
1875 2723 1976 2774 ἔστι
2003 2720 2350 2792 πρεσβύτερος,

424 2804 491 2869 ὦς
519 2808 644 2877 λέγει
678 2807 909 2879 Τιμοθέῳ
934 2804 1197 2879 ἐπισκόπῳ
1222 2803 1350 2870 ὄντι,
1393 2811 1418 2842 7
1438 2804 1786 2876 Πρεσβύτερον
1816 2804 1884 2874 μὴ
1911 2805 2197 2879 ἐπιπλήξῃς,
2236 2805 2358 2861 ἄλλά

418 2891 689 2962 παρακάλει
719 2890 786 2954 ὥς
813 2892 1014 2961 πατέρα.
1097 2897 1153 2944 Τί
1179 2888 1271 2958 εἶχε
1298 2895 1502 2960 πρᾶγμα
1527 2893 1797 2945 ἐπίσκοπον
1822 2892 2133 2964 πρεσβυτέρῳ
2162 2890 2227 2960 μή
2253 2894 2354 2946 ε’πι-

414 2978 668 3045 πλήττειν,
720 2980 765 3030 εἰ
788 2976 854 3045 μὴ
886 2970 949 3044 ἦν
979 2974 1101 3045 ὑπὲρ
1133 2974 1219 3029 τὸν
1245 2976 1577 3047 πρεσβύτερον
1611 2978 1733 3045 ἔχων
1758 2975 1849 3045 τήν
1874 2979 2099 3040 ἐξουσίαν
2109 3000 2125 3041 ,·
2179 2975 2247 3040 οἷς
2271 2980 2356 3031 καὶ

414 3064 561 3116 πάλιν
586 3065 737 3133 λέγει,
794 3061 935 3115 Kato}
967 3063 1302 3132 πρεσβυτέρου
1340 3061 1408 3130 μή
1436 3065 1617 3131 ταχέως
1657 3066 1953 3133 κατηγορίαν
1987 3063 2158 3130 δέχου,
2219 3065 2264 3116 εἰ
2285 3063 2354 3132 μή

413 3172 460 3202 τι
488 3151 567 3202 ἐπὶ
597 3149 688 3202 δύο
715 3149 800 3206 καὶ
823 3153 972 3218 τριῶν
1002 3147 1279 3217 μαρτύρων,
1357 3150 1457 3201 Καὶ
1486 3147 1578 3201 ούκ
1604 3146 1708 3201 εἶπέ
1741 3170 1831 3201 τινι
1863 3153 1961 3201 τῶν
1989 3150 2352 3218 πρεσβυτέρων,

416 3233 513 3302 Μὴ
534 3236 653 3307 δέξῃ
676 3238 973 3303 κατηγορίαν
996 3233 1119 3287 κατά
1146 3233 1439 3299 ἐπισκόπου,
1476 3234 1594 3287 οὐδὲ
1618 3236 1805 3304 ἔγραψε
1837 3239 1859 3270 ⁸
1877 3234 1990 3302 περὶ
2016 3238 2114 3285 τῶν
2138 3236 2352 3302 πρεσβυ-

414 3322 567 3388 τέρων
594 3322 689 3373 τινὶ
717 3318 782 3388 μὴ
813 3320 1121 3387 ἐπιπλήττειν
1150 3319 1418 3392 ἐπισκόπῳ.
1479 3322 1580 3372 Καὶ
1608 3317 1734 3391 ὁρᾷς
1763 3317 1838 3371 ὅτι
1860 3316 2044 3380 παντός
2071 3324 2159 3371 τοῦ
2183 3321 2239 3372 ἐκ
2263 3325 2352 3373 τοῦ

417 3405 651 3473 διαβόλου
690 3406 1156 3476 παρασαλευομένου
1193 3403 1225 3473 ή
1262 3411 1447 3467 πτῶσις
1484 3403 1544 3458 ού
1583 3402 1734 3475 μικρά
1772 3407 1843 3466 τίς
1882 3406 2033 3467 ἐστιν,-

544 3574 754 3644 ’Ίδωμεν
779 3577 831 3629 δὲ
858 3578 941 3629 καὶ
970 3575 1028 3629 τά
1056 3574 1172 3628 ἄλλα
1197 3574 1365 3642 αὐτοῦ,
1403 3578 1485 3629 καὶ
1515 3574 1937 3643 διασκοπήσωμεν.
1995 3576 2095 3627 Καὶ
2125 3576 2239 3643 περὶ
2262 3581 2350 3628 τοῦ

472 3677 513 3717 2.
531 3679 847 3721 κατασκευᾶσαι
865 3681 975 3719 codd.
990 3691 1080 3719 mss.
1098 3683 1132 3719 et
1150 3681 1209 3719 ed.
1225 3682 1351 3730 princ.
1411 3681 1493 3719 cod.
1522 3681 1596 3720 len.
1625 3689 1712 3718 cum
1739 3689 1895 3717 rasura.
1953 3673 2351 3731 ἤρυῧρωδανωμένα

471 3733 510 3774 3.
545 3733 753 3799 μ,εχιι)νώὲτ
782 3738 863 3775 cod.
899 3738 1056 3785 Rlzediq.
1412 3737 1516 3775 editi.

471 3786 511 3830 4.
551 3792 931 3846 ηρυῖιροδανωμένα
973 3794 1055 3833 cod.
1089 3794 1276 3844 Rhedi9.,
1321 3796 1356 3833 et
1469 3793 1506 3832 ὁ.
1551 3788 1703 3849 χρυσαὶ
1745 3788 1819 3833 καὶ
1860 3786 2038 3847 ἅργυραὶ
2078 3789 2152 3837 καὶ
2193 3788 2349 3848 χαλκαὶ
