2508 4134
231 2188 342 2243 Κεφ.
371 2185 424 2236 ς’.

221 2366 304 2401 pag.
330 2358 423 2395 1038.

451 266 553 314 410
1159 279 1361 321 SANCTI
1391 281 1678 323 EPIPHANII

451 369 691 441 θεότητος
723 374 807 440 ὂν,
845 377 929 428 καὶ
958 375 1026 443 μὴ
1059 375 1369 444 ἐνδεχόμενον
1395 374 1519 431 εἶναι
1544 376 1797 447 ἀλλότριον
1822 384 1909 447 τῆς
1935 378 2203 446 θεότητος,
2255 380 2374 447 βού-

452 467 639 527 λονται,
694 458 763 522 οἷς
797 459 939 513 αὐτοὶ
981 463 1207 524 ἐξουσίαν
1237 464 1423 530 ἔχοντες
1457 462 1665 515 κελεύειν
1699 469 1878 530 μᾶλλον
1911 470 2018 536 θεῷ
2053 463 2177 535 ’ἤπερ
2215 464 2377 518 κελεύ-

452 553 621 609 εσθαις
701 545 810 598 Οὐκ
835 545 1176 614 αἰσχυνόμενοι
1199 546 1291 617 γάρ
1320 546 1570 618 ἀλλότριον
1601 547 1654 601 τό
1681 554 1875 616 πνεῦμα
1902 550 2110 618 λέγουσι,
2148 552 2233 604 καὶ
2263 553 2378 604 δοῦ-

450 635 563 695 λον,
613 631 698 682 καὶ
742 633 944 697 κτίσμα,
994 633 1078 684 καὶ
1124 631 1438 702 πρόσφατον,
1491 634 1575 685 καὶ
1621 632 1854 700 ποιητὸν,
1907 635 1991 686 καὶ
2029 637 2077 687 εἷ’
2119 658 2164 689 τι
2214 637 2377 706 ἕτερον

452 714 651 783 αἰσχρόν
678 714 803 785 πρὸς
828 713 1074 769 ὑπόνοιαν
1112 719 1224 787 περὶ
1252 717 1408 770 αὐτοῦ
1443 719 1637 779 ἑαυτοῖς
1671 724 1848 784 μᾶλλον
1877 720 2132 773 ἐπινοοῦσι
2159 742 2376 791 προςπο-

450 804 699 864 ρίσασθαι.
779 807 800 837 3
820 799 955 854 Ἐπεὶ
984 795 1075 855 οὖν
1101 800 1129 855 ό
1162 801 1346 870 κόσμος
1368 804 1480 855 νυνὶ
1522 801 1680 864 οὕτως
1713 808 1894 869 μᾶλλον
1945 806 2143 874 πληγεὶς
2186 805 2378 877 πληγὴν

450 882 650 938 άνίατον
690 885 942 951 ἀπιστίας,
991 890 1074 940 ’ἵνα
1101 889 1254 955 μηδέν
1295 910 1339 939 τι
1369 891 1650 960 παραλείψῃ
1693 886 1727 955 ἦ
1752 887 1932 954 ἀνομία
1961 886 1991 955 ἦ
2019 888 2138 951 τούς
2173 887 2379 960 α’νθρῶ-

450 991 578 1032 πους
617 969 929 1024 άπολλύουσα
953 978 1012 1045 τῇ
1044 976 1283 1045 κακονοίᾳ
1294 1017 1306 1039 ,
1357 974 1442 1025 καὶ
1470 969 1696 1044 άπιστίᾳ,
1748 974 1830 1025 καὶ
1856 972 2100 1046 ἀγνωσία,
2153 972 2237 1028 οἷα
2261 974 2378 1038 τοῦς

448 1051 831 1125 α’ποδράσαντας
868 1062 954 1124 τῆς
983 1060 1093 1128 περὶ
1125 1056 1215 1125 τὴν
1248 1056 1393 1127 άγίαν
1423 1056 1601 1127 τριάδα
1628 1060 1941 1126 βλασφημίας
1978 1060 2047 1121 εἰς
2070 1060 2208 1128 ἕτερα
2234 1059 2379 1113 πάλιν

451 1139 484 1210 ἦ
512 1139 638 1212 άργή
663 1144 748 1195 καὶ
773 1141 1079 1210 κακόβουλος
1104 1144 1268 1196 ἔννοια
1296 1144 1618 1213 περιέσπασεν
1636 1185 1648 1207 ,
1686 1145 1768 1195 ’ἵνα
1796 1144 1964 1210 μηδεὶς
1985 1143 2136 1197 λάθοι
2164 1142 2379 1214 ἁμαρτά-

449 1249 562 1280 νων.
638 1225 797 1281 Κενὸν
837 1226 929 1298 γάρ
965 1250 1009 1281 τι
1041 1225 1209 1281 άκούω
1239 1230 1348 1298 περὶ
1389 1233 1475 1295 τῆς
1515 1225 1656 1297 άγίας
1685 1231 1892 1298 Μαρίας
1925 1234 2013 1296 τῆς
2043 1227 2378 1301 άειπαρθένου

449 1310 559 1365 τινά.
598 1315 932 1378 διανοεῖσθαι,
986 1315 1071 1365 καὶ
1113 1318 1293 1380 τολμᾶν
1334 1311 1630 1381 βλάσφημόν
1674 1335 1782 1365 τινα
1825 1311 2069 1367 ὑπόνοιαν
2110 1313 2184 1368 ἐπ’
2221 1315 2380 1384 αὐτὴν

450 1396 756 1465 ἐνσκήπτειν,
812 1401 880 1460 εἰς
906 1397 961 1451 τό
991 1400 1044 1451 ἐκ
1074 1397 1388 1465 πανταχόθεν
1418 1395 1542 1451 εἶναι
1565 1397 1653 1452 τόν
1676 1398 1852 1468 χρόνον
1876 1397 2019 1466 ’ἡμῶν
2049 1403 2191 1469 δίκην
2220 1396 2379 1456 κακοῦ

451 1481 616 1549 ὄφεως
644 1485 767 1536 4καὶ
797 1483 958 1554 θηρός
984 1482 1184 1550 ἰοβόλου
1217 1485 1269 1535 ἐν
1294 1481 1453 1555 σκότῳ
1484 1483 1883 1552 ἐμφωλεύοντος,
1921 1486 2003 1538 καὶ
2037 1493 2141 1549 τοῖς
2165 1486 2380 1558 δήγμασι

449 1567 637 1630 πάντας
665 1567 1004 1639 πειράζοντος,
1041 1567 1128 1620 τόν
1156 1568 1240 1635 μὲν
1263 1570 1373 1636 περὶ
1403 1567 1456 1622 τό
1483 1567 1777 1639 πρόςωπον,
1817 1568 1959 1623 ἄλλον
1988 1573 2100 1641 περὶ
2125 1570 2214 1639 τὴν
2238 1573 2380 1643 πτέρ-

447 1676 563 1718 ναν,
603 1655 766 1722 ἕτερον
796 1656 908 1723 περὶ
934 1651 1024 1721 τὴν
1054 1660 1211 1721 χεῖρα·
1250 1656 1331 1706 ἵνα
1362 1655 1549 1721 μηδένα
1575 1653 1725 1707 λάθοι
1750 1653 1804 1708 τό
1833 1658 1996 1724 δῆγμα
2023 1662 2110 1723 τῆς
2137 1654 2378 1723 άπιστίας,

450 1737 566 1791 άλλά
594 1736 622 1791 ό
655 1741 816 1792 δοκῶν
845 1741 897 1792 ἐν
924 1737 1083 1811 τούτῳ
1117 1737 1421 1808 ἀποδρᾶναι,
1460 1741 1636 1810 ἑτέρως
1666 1739 1752 1793 τόν
1781 1738 1856 1793 ι’ὁν
1882 1739 1949 1809 μὴ
1973 1741 2132 1816 λάθῃ,
2170 1740 2208 1797 ό,
2229 1743 2282 1796 δὲ
2328 1745 2381 1797 ἐν

447 1823 573 1897 ἄλλῳ
619 1822 734 1894 ὑγιῆ
772 1826 894 1893 ἔχων
932 1823 1020 1892 τὴν
1057 1827 1243 1892 πίστιν,
1301 1822 1457 1887 ἄλλως
1503 1846 1610 1887 πως
1648 1825 1968 1893 βλάπτεσθαι·
1991 1824 2169 1882 ἔαυτόν
2207 1831 2379 1900 προξε-

446 1909 650 1978 νήσειεν.

596 2166 774 2221 Πόθεν
797 2166 921 2236 αῦτη
947 2165 980 2235 ἦ
1004 2165 1268 2232 κακόνοια,
1347 2165 1524 2219 Πόθεν
1558 2164 1590 2234 ἦ
1611 2166 1826 2234 τοσαύτη
1851 2166 2032 2234 τόλμας
2112 2174 2130 2204 ¹
2151 2168 2289 2222 Αὐτὸ
2323 2167 2378 2223 τό

449 2251 606 2321 ὄνομα
635 2253 697 2307 οὗ
728 2262 978 2324 μαρτυρεῖ,
1018 2253 1076 2306 οὐ
1104 2256 1266 2305 πείθει
1295 2270 1373 2317 σε,
1413 2246 1452 2304 ὦ
1482 2250 1752 2318 φιλόνεικες
1834 2255 1917 2313 Τίς
1945 2274 2080 2318 ποτε,
2118 2252 2153 2321 ἢ
2179 2256 2232 2307 ἐν
2256 2258 2379 2327 ποίᾳ

448 2343 591 2412 γενεᾷ
621 2339 879 2406 τετόλμηκε
909 2345 1073 2391 καλεῖν
1100 2336 1154 2391 τό
1187 2336 1342 2405 ὄνομα
1370 2340 1579 2407 Μαρίας
1613 2343 1702 2404 τῆς
1733 2334 1900 2405 άγίας,
1955 2339 2039 2390 καὶ
2066 2338 2380 2408 ἐρωτώμενος

446 2425 540 2476 οὐκ
582 2423 738 2486 εὐθὺς
768 2423 1002 2494 ἐπήνεγκε
1041 2421 1121 2487 τό,
1179 2424 1473 2493 Παρθένον,·
1544 2420 1624 2485 Ἐξ
1669 2422 1833 2475 αὐτῶν
1870 2421 1961 2492 γάρ
1998 2429 2096 2476 τῶν
2133 2426 2380 2479 ἐπιθέτων

448 2507 705 2576 ὀνομάτων
743 2511 827 2562 καὶ
851 2516 939 2576 τῆς
965 2506 1140 2576 άρετῆς
1166 2505 1435 2574 ὑποφαίνει
1465 2506 1524 2560 τά
1550 2506 1800 2576 τεκμήρια.
1867 2507 2147 2576 Ἀξιώματα
2171 2510 2259 2578 μὲν
2283 2509 2378 2581 γάρ

447 2593 726 2662 ὀνομασιῶν
766 2594 1025 2661 εἰλήφασιν
1057 2597 1109 2646 οἱ
1147 2596 1333 2646 δίκαιοι
1362 2591 1549 2665 ἑκάστῳ
1590 2593 1902 2661 πρεπόντως,
1955 2595 2039 2645 καὶ
2076 2592 2146 2656 ὥς
2184 2594 2378 2664 ἥρμοζε.

450 2682 550 2732 Καὶ
571 2686 639 2752 τῷ
670 2681 756 2746 μὲν
779 2678 1000 2747 Ἁβραάμ
1028 2681 1300 2748 προςετέθη
1332 2678 1387 2731 τό
1424 2681 1575 2740 Φίλος
1611 2685 1764 2743 θεοῦ,
1802 2680 1886 2730 καὶ
1917 2677 1979 2732 οὗ
2008 2679 2378 2747 διαλυθήσεται,

445 2772 513 2837 τῷ
542 2766 593 2818 δὲ
629 2763 807 2833 Ἰακώβ
833 2764 887 2817 τό
923 2763 1112 2833 Ἰσραὴλ
1140 2771 1418 2829 καλεῖσθαι,
1469 2765 1551 2816 καὶ
1581 2763 1675 2816 οὐκ
1706 2762 2115 2832 ἆλλοιωθήσεται,
2163 2766 2247 2817 καὶ
2276 2772 2381 2828 τοῖς

447 2849 738 2912 ἀποστόλοις
765 2849 818 2902 τό
853 2850 1145 2920 Βοανεργὲς,
1195 2850 1442 2902 τουτέστιν
1475 2850 1590 2901 Υἱοὶ
1614 2852 1850 2918 βροντῆς,
1900 2852 1981 2903 καὶ
2011 2848 2103 2903 οὐκ
2130 2847 2379 2903 άποκατα-

446 2935 789 3004 λειφθήσεται,
842 2937 925 2988 καὶ
963 2942 1023 3009 τῇ
1051 2932 1165 3007 άγία
1197 2938 1377 3006 Μαρίᾳ
1414 2932 1469 2987 τὸ
1507 2936 1799 3004 Παρθένος,
1852 2936 1936 2988 καὶ
1971 2934 2032 2987 οὗ
2066 2935 2378 3004 τραπήσεται.

435 3021 703 3092 ’Ἀχραντος
744 3019 837 3091 γάρ
883 3023 1117 3088 διέμεινεν
1153 3019 1186 3088 ἦ
1228 3017 1354 3090 άγία.
1428 3016 1572 3086 Αὕτη
1615 3017 1649 3088 ἦ
1687 3019 1838 3097 φῦσις
1875 3019 1934 3073 οὗ
1968 3020 2189 3072 διδάσκει
2219 3017 2376 3087 ὑμᾶς,

433 3107 502 3160 '⁸52
528 3114 702 3175 καινῆς
736 3110 936 3174 μανίας,
989 3105 1029 3159 0⁵2¹
1058 3112 1243 3159 καινῶν
1282 3102 1593 3175 πραγμάτων.
1671 3104 1840 3158 Πολλοὶ
1863 3106 1917 3157 δέ
1951 3107 2077 3158 ἐστιν
2103 3106 2241 3174 ἕτερα
2268 3104 2301 3158 ἃ
2327 3107 2380 3160 ἐν

447 3201 549 3255 τοῖς
588 3199 815 3253 παλαιοῖς
845 3191 1041 3262 χρόνοις
1085 3191 1178 3245 οὐκ
1215 3190 1465 3257 ἐτολμήθη
1496 3197 1600 3251 τοῖς
1631 3189 1865 3259 πατράσι·
1916 3195 2008 3241 νῦν
2038 3189 2089 3241 δὲ
2123 3188 2265 3252 ἄλλος
2293 3192 2381 3258 μὲν

449 3283 730 3347 βλασφημεῖ
755 3280 822 3339 εἰς
846 3277 937 3345 τὴν
965 3279 1202 3345 ἔνσαρκον
1243 3281 1462 3346 Χριστοῦ
1490 3279 1795 3345 παρουσίαν,
1847 3276 1983 3342 ἕτερα
2009 3280 2166 3328 λαλῶν
2198 3278 2266 3337 εἷς
2292 3274 2379 3330 αὖ·

448 3363 537 3431 τὴν
572 3363 660 3431 τὴν
698 3362 935 3430 θεότητα,
990 3361 1131 3424 ἄλλος
1177 3362 1228 3414 δὲ
1254 3364 1420 3428 ἐλλιπῆ
1448 3367 1658 3413 ποιεῖται
1700 3361 1752 3412 ἐν
1787 3360 1942 3430 ἐαυτῷ
1978 3358 2068 3426 τὴν
2099 3366 2187 3427 τῆς
2218 3362 2382 3430 πάσης

451 3449 692 3519 ἐνσάρκου
719 3452 992 3518 παρουσίας
1024 3450 1384 3518 πραγματείαν,
1425 3447 1586 3515 ἕτερος
1614 3444 1667 3496 δὲ
1695 3446 1745 3497 ἐν
1772 3450 1834 3516 τῇ
1863 3441 2121 3498 ἀναστάσει
2156 3444 2381 3513 ἀσχάλλει

506 3594 547 3635 3.
568 3595 778 3634 Cornarius
787 3595 948 3633 haecita
959 3596 1234 3644 interpretatur
1247 3593 1384 3641 Quan-
1442 3588 1698 3643 blasphemia
1719 3587 1763 3627 in
1786 3595 1970 3628 sanctam
1993 3588 2219 3630 trinitatem
2241 3605 2378 3631 rursus

451 3649 672 3703 doquidem
710 3650 835 3702 igitur
862 3650 1035 3688 mundus
1068 3663 1176 3689 nunc
1205 3648 1263 3688 sic
1292 3662 1385 3687 ma-
1445 3645 1497 3686 ad
1514 3645 1592 3685 alia
1607 3644 1747 3690 traxit,
1773 3652 1820 3683 ut
1846 3658 1899 3683 ne
1918 3644 2005 3698 quis
2035 3660 2209 3699 peccans
2234 3646 2376 3687 lateat.

449 3706 510 3758 gis
527 3705 818 3745 immedicabili
836 3705 1138 3746 incredulitatis
1154 3704 1274 3759 plaga
1294 3718 1384 3757 per·
1507 3703 1541 3742 1.
1557 3700 1630 3743 καὶ
1653 3703 1780 3742 omiss.
1799 3703 1840 3741 in
1854 3703 1943 3741 edit.
1960 3704 2092 3743 Petav.
2111 3706 2242 3744 colon.
2259 3708 2376 3754 repet.

453 3776 587 3800 cussus
617 3771 704 3807 est,
735 3771 777 3801 et
801 3763 1058 3815 ignorantia,
1090 3776 1193 3801 vana
1224 3769 1266 3800 et
1290 3759 1387 3799 mali
1504 3759 1684 3797 CARVI.
1712 3781 1766 3787 —
1813 3757 1847 3797 1.
1880 3760 2017 3798 Malim
2041 3761 2275 3810 distinyuere
2289 3773 2378 3800 cnm

452 3816 610 3861 consilii
649 3818 921 3872 intelligentia
968 3819 1080 3859 velut
1126 3817 1322 3873 fugitivos
1364 3831 1387 3857 a
1447 3816 1534 3857 edit.
1559 3816 1684 3865 princ.
1709 3811 1853 3859 Πόθεν
1875 3809 1984 3869 αὕτη
2005 3811 2035 3868 ’ἦ
2059 3813 2272 3867 κακόνοια,
2301 3815 2377 3862 πό-
