<?xml version="1.0" encoding="UTF-8"?>
<!DOCTYPE html PUBLIC "-//W3C//DTD XHTML 1.0 Transitional//EN"
    "http://www.w3.org/TR/xhtml1/DTD/xhtml1-transitional.dtd">
<html xmlns="http://www.w3.org/1999/xhtml" xml:lang="en" lang="en">
 <head>
  <title>
</title>
<meta http-equiv="Content-Type" content="text/html;charset=utf-8" />
  <meta name='ocr-system' content='tesseract 3.04.00' />
  <meta name='ocr-capabilities' content='ocr_page ocr_carea ocr_par ocr_line ocrx_word'/>
</head>
<body>
  <div class='ocr_page' id='page_1' title='image "./pt3corporishaere02epipuoft_0677.png"; bbox 0 0 2508 4134; ppageno 0'>
   <div class='ocr_carea' id='block_1_1' title="bbox 633 265 2023 327">
    <p class='ocr_par' dir='ltr' id='par_1_1' title="bbox 633 265 2023 327">
     <span class='ocr_line' id='line_1_1' title="bbox 633 265 2023 327; baseline -0.008 -1"><span class='ocrx_word' id='word_1_1' title='bbox 633 283 774 327; x_wconf 85' lang='lat' dir='ltr'>TOM1</span> <span class='ocrx_word' id='word_1_2' title='bbox 800 282 1013 324; x_wconf 79' lang='lat' dir='ltr'><strong>Pmoms</strong></span> <span class='ocrx_word' id='word_1_3' title='bbox 1041 281 1174 323; x_wconf 77' lang='lat' dir='ltr'>PARS</span> <span class='ocrx_word' id='word_1_4' title='bbox 1204 280 1523 322; x_wconf 71' lang='lat' dir='ltr'><strong>Pos‘remon.</strong></span> <span class='ocrx_word' id='word_1_5' title='bbox 1922 265 2023 317; x_wconf 86' lang='grc'>667</span> 
     </span>
    </p>
   </div>
   <div class='ocr_carea' id='block_1_2' title="bbox 117 372 2048 3314">
    <p class='ocr_par' dir='ltr' id='par_1_2' title="bbox 130 372 2028 579">
     <span class='ocr_line' id='line_1_2' title="bbox 131 372 2028 436; baseline -0.008 -9"><span class='ocrx_word' id='word_1_6' title='bbox 131 385 231 428; x_wconf 82' lang='lat' dir='ltr'>ibid.</span> <span class='ocrx_word' id='word_1_7' title='bbox 259 384 391 426; x_wconf 85' lang='lat' dir='ltr'><strong>omitt.</strong></span> <span class='ocrx_word' id='word_1_8' title='bbox 417 383 491 427; x_wconf 77' lang='grc' dir='ltr'>καὶ</span> <span class='ocrx_word' id='word_1_9' title='bbox 515 390 610 424; x_wconf 83' lang='lat' dir='ltr'><strong>ante</strong></span> <span class='ocrx_word' id='word_1_10' title='bbox 634 380 883 436; x_wconf 84' lang='grc' dir='ltr'>θυμοῦσθαι.</span> <span class='ocrx_word' id='word_1_11' title='bbox 916 402 968 412; x_wconf 91' lang='grc'>--</span> <span class='ocrx_word' id='word_1_12' title='bbox 1024 380 1052 421; x_wconf 86' lang='lat' dir='ltr'>l.</span> <span class='ocrx_word' id='word_1_13' title='bbox 1081 379 1148 422; x_wconf 85' lang='lat'>32.</span> <span class='ocrx_word' id='word_1_14' title='bbox 1177 378 1231 422; x_wconf 87' lang='grc' dir='ltr'>τά</span> <span class='ocrx_word' id='word_1_15' title='bbox 1266 373 1371 422; x_wconf 83' lang='grc' dir='ltr'>ἄλλα</span> <span class='ocrx_word' id='word_1_16' title='bbox 1410 373 1492 422; x_wconf 77' lang='grc' dir='ltr'>ὅσα</span> <span class='ocrx_word' id='word_1_17' title='bbox 1530 375 1728 430; x_wconf 77' lang='grc' dir='ltr'>πονηρίας</span> <span class='ocrx_word' id='word_1_18' title='bbox 1752 375 1858 416; x_wconf 88' lang='lat' dir='ltr'><strong>Ven.</strong></span> <span class='ocrx_word' id='word_1_19' title='bbox 1914 372 2028 414; x_wconf 85' lang='lat' dir='ltr'><strong>Idem</strong></span> 
     </span>
     <span class='ocr_line' id='line_1_3' title="bbox 133 442 2028 511; baseline -0.007 -14"><span class='ocrx_word' id='word_1_20' title='bbox 133 455 254 511; x_wconf 86' lang='lat' dir='ltr'><strong>paulo</strong></span> <span class='ocrx_word' id='word_1_21' title='bbox 289 462 385 510; x_wconf 89' lang='lat' dir='ltr'><strong>post</strong></span> <span class='ocrx_word' id='word_1_22' title='bbox 422 453 494 509; x_wconf 81' lang='grc' dir='ltr'>μὲν</span> <span class='ocrx_word' id='word_1_23' title='bbox 531 452 669 497; x_wconf 89' lang='grc' dir='ltr'>ἐποίει.</span> <span class='ocrx_word' id='word_1_24' title='bbox 701 475 754 485; x_wconf 95' lang='grc'>-</span> <span class='ocrx_word' id='word_1_25' title='bbox 811 450 838 493; x_wconf 87' lang='lat'>1.</span> <span class='ocrx_word' id='word_1_26' title='bbox 867 450 940 491; x_wconf 86' lang='lat' dir='ltr'>ult.</span> <span class='ocrx_word' id='word_1_27' title='bbox 985 449 1044 499; x_wconf 85' lang='grc' dir='ltr'>εἰς</span> <span class='ocrx_word' id='word_1_28' title='bbox 1078 451 1241 499; x_wconf 84' lang='grc' dir='ltr'>ταῦτα,</span> <span class='ocrx_word' id='word_1_29' title='bbox 1287 444 1458 504; x_wconf 82' lang='grc' dir='ltr'>ἅμιγαῖς</span> <span class='ocrx_word' id='word_1_30' title='bbox 1493 445 1715 502; x_wconf 76' lang='grc' dir='ltr'><strong>ἁμαρτίαις</strong></span> <span class='ocrx_word' id='word_1_31' title='bbox 1751 446 1856 487; x_wconf 86' lang='lat' dir='ltr'>ven.</span> <span class='ocrx_word' id='word_1_32' title='bbox 1911 442 2028 486; x_wconf 76' lang='lat' dir='ltr'><strong>Idem</strong></span> 
     </span>
     <span class='ocr_line' id='line_1_4' title="bbox 130 522 595 579; baseline 0.002 -13"><span class='ocrx_word' id='word_1_33' title='bbox 130 525 229 566; x_wconf 87' lang='lat' dir='ltr'><strong>ibid.</strong></span> <span class='ocrx_word' id='word_1_34' title='bbox 259 522 595 579; x_wconf 77' lang='grc' dir='ltr'>διαμιλλώμενον.</span> 
     </span>
    </p>

    <p class='ocr_par' dir='ltr' id='par_1_3' title="bbox 132 580 2033 1348">
     <span class='ocr_line' id='line_1_5' title="bbox 243 580 2027 651; baseline -0.012 -12"><span class='ocrx_word' id='word_1_35' title='bbox 243 595 374 651; x_wconf 72' lang='lat' dir='ltr'>Pag.</span> <span class='ocrx_word' id='word_1_36' title='bbox 403 595 528 639; x_wconf 80' lang='lat'>340.</span> <span class='ocrx_word' id='word_1_37' title='bbox 583 593 611 634; x_wconf 91' lang='lat'>1.</span> <span class='ocrx_word' id='word_1_38' title='bbox 639 593 679 635; x_wconf 85' lang='lat'>2.</span> <span class='ocrx_word' id='word_1_39' title='bbox 710 589 923 640; x_wconf 83' lang='grc' dir='ltr'>Πολλάκις</span> <span class='ocrx_word' id='word_1_40' title='bbox 946 580 1015 634; x_wconf 84' lang='grc' dir='ltr'>οῦν</span> <span class='ocrx_word' id='word_1_41' title='bbox 1041 591 1147 631; x_wconf 83' lang='lat' dir='ltr'>ven.</span> <span class='ocrx_word' id='word_1_42' title='bbox 1205 588 1319 630; x_wconf 83' lang='lat' dir='ltr'><strong>Idem</strong></span> <span class='ocrx_word' id='word_1_43' title='bbox 1356 588 1384 628; x_wconf 94' lang='lat' dir='ltr'>l.</span> <span class='ocrx_word' id='word_1_44' title='bbox 1404 588 1444 631; x_wconf 85' lang='lat'>3.</span> <span class='ocrx_word' id='word_1_45' title='bbox 1475 587 1589 628; x_wconf 87' lang='lat' dir='ltr'><strong>delet</strong></span> <span class='ocrx_word' id='word_1_46' title='bbox 1625 588 1758 631; x_wconf 85' lang='grc' dir='ltr'>ταῦτα</span> <span class='ocrx_word' id='word_1_47' title='bbox 1783 593 1879 628; x_wconf 81' lang='lat' dir='ltr'><strong>ante</strong></span> <span class='ocrx_word' id='word_1_48' title='bbox 1905 581 2027 630; x_wconf 77' lang='grc' dir='ltr'>διδά-</span> 
     </span>
     <span class='ocr_line' id='line_1_6' title="bbox 135 650 2028 719; baseline -0.006 -10"><span class='ocrx_word' id='word_1_49' title='bbox 135 679 272 715; x_wconf 81' lang='grc' dir='ltr'>σκων,</span> <span class='ocrx_word' id='word_1_50' title='bbox 317 672 360 704; x_wconf 89' lang='lat' dir='ltr'>et</span> <span class='ocrx_word' id='word_1_51' title='bbox 386 663 508 718; x_wconf 82' lang='lat' dir='ltr'><strong>paulo</strong></span> <span class='ocrx_word' id='word_1_52' title='bbox 545 670 642 718; x_wconf 87' lang='lat' dir='ltr'><strong>post</strong></span> <span class='ocrx_word' id='word_1_53' title='bbox 680 661 798 719; x_wconf 78' lang='grc' dir='ltr'><strong>φησὶ.</strong></span> <span class='ocrx_word' id='word_1_54' title='bbox 828 684 882 693; x_wconf 94' lang='lat'>—-</span> <span class='ocrx_word' id='word_1_55' title='bbox 937 660 965 701; x_wconf 85' lang='lat'>1.</span> <span class='ocrx_word' id='word_1_56' title='bbox 989 657 1029 702; x_wconf 84' lang='lat'>4.</span> <span class='ocrx_word' id='word_1_57' title='bbox 1072 654 1167 703; x_wconf 73' lang='grc' dir='ltr'>οὔτε</span> <span class='ocrx_word' id='word_1_58' title='bbox 1201 658 1341 713; x_wconf 85' lang='grc' dir='ltr'>πόρνοι</span> <span class='ocrx_word' id='word_1_59' title='bbox 1373 659 1450 716; x_wconf 85' lang='grc' dir='ltr'>βοᾷ</span> <span class='ocrx_word' id='word_1_60' title='bbox 1485 659 1589 701; x_wconf 89' lang='lat' dir='ltr'><strong>Ven.</strong></span> <span class='ocrx_word' id='word_1_61' title='bbox 1619 681 1672 689; x_wconf 89' lang='lat'>—</span> <span class='ocrx_word' id='word_1_62' title='bbox 1728 657 1755 699; x_wconf 92' lang='lat' dir='ltr'>l.</span> <span class='ocrx_word' id='word_1_63' title='bbox 1780 656 1820 699; x_wconf 88' lang='grc'>6.</span> <span class='ocrx_word' id='word_1_64' title='bbox 1855 656 1952 700; x_wconf 89' lang='grc' dir='ltr'>θεοῦ</span> <span class='ocrx_word' id='word_1_65' title='bbox 1981 650 2028 699; x_wconf 80' lang='grc' dir='ltr'>οῦ</span> 
     </span>
     <span class='ocr_line' id='line_1_7' title="bbox 132 724 2030 789; baseline -0.007 -9"><span class='ocrx_word' id='word_1_66' title='bbox 132 730 492 789; x_wconf 66' lang='grc' dir='ltr'>κληρονομήσουσι</span> <span class='ocrx_word' id='word_1_67' title='bbox 515 735 620 775; x_wconf 88' lang='lat' dir='ltr'><strong>Ven.</strong></span> <span class='ocrx_word' id='word_1_68' title='bbox 653 757 702 765; x_wconf 91' lang='lat'>—</span> <span class='ocrx_word' id='word_1_69' title='bbox 746 732 774 774; x_wconf 87' lang='lat'>1.</span> <span class='ocrx_word' id='word_1_70' title='bbox 791 730 831 774; x_wconf 84' lang='lat'>9.</span> <span class='ocrx_word' id='word_1_71' title='bbox 862 725 1013 779; x_wconf 80' lang='grc' dir='ltr'>Οῦτως</span> <span class='ocrx_word' id='word_1_72' title='bbox 1039 724 1086 773; x_wconf 86' lang='grc' dir='ltr'>ού</span> <span class='ocrx_word' id='word_1_73' title='bbox 1109 730 1171 785; x_wconf 79' lang='grc' dir='ltr'>τῷ</span> <span class='ocrx_word' id='word_1_74' title='bbox 1193 734 1319 772; x_wconf 88' lang='grc' dir='ltr'>ποιεῖν</span> <span class='ocrx_word' id='word_1_75' title='bbox 1341 737 1481 769; x_wconf 86' lang='lat' dir='ltr'><strong>tuetur</strong></span> <span class='ocrx_word' id='word_1_76' title='bbox 1511 729 1704 771; x_wconf 85' lang='lat' dir='ltr'><strong>Venetus.</strong></span> <span class='ocrx_word' id='word_1_77' title='bbox 1751 726 1852 767; x_wconf 88' lang='lat' dir='ltr'><strong>Ibid.</strong></span> <span class='ocrx_word' id='word_1_78' title='bbox 1876 738 2030 781; x_wconf 85' lang='lat' dir='ltr'><strong>repone</strong></span> 
     </span>
     <span class='ocr_line' id='line_1_8' title="bbox 134 790 2030 858; baseline -0.006 -12"><span class='ocrx_word' id='word_1_79' title='bbox 134 811 348 846; x_wconf 80' lang='lat' dir='ltr'><strong>accentum</strong></span> <span class='ocrx_word' id='word_1_80' title='bbox 375 818 498 858; x_wconf 89' lang='lat' dir='ltr'><strong>super</strong></span> <span class='ocrx_word' id='word_1_81' title='bbox 525 799 728 856; x_wconf 77' lang='grc' dir='ltr'>καθάπερ.</span> <span class='ocrx_word' id='word_1_82' title='bbox 758 826 804 833; x_wconf 93' lang='lat'><em>-</em></span> <span class='ocrx_word' id='word_1_83' title='bbox 866 801 895 842; x_wconf 89' lang='lat' dir='ltr'>l.</span> <span class='ocrx_word' id='word_1_84' title='bbox 927 803 989 842; x_wconf 91' lang='grc'>11.</span> <span class='ocrx_word' id='word_1_85' title='bbox 1020 799 1161 840; x_wconf 85' lang='lat' dir='ltr'><strong>Scribe</strong></span> <span class='ocrx_word' id='word_1_86' title='bbox 1187 793 1236 842; x_wconf 73' lang='grc' dir='ltr'>ἄν</span> <span class='ocrx_word' id='word_1_87' title='bbox 1265 790 1316 853; x_wconf 66' lang='grc' dir='ltr'>ἦν</span> <span class='ocrx_word' id='word_1_88' title='bbox 1355 812 1404 838; x_wconf 84' lang='lat' dir='ltr'>ex</span> <span class='ocrx_word' id='word_1_89' title='bbox 1428 799 1531 839; x_wconf 89' lang='lat' dir='ltr'><strong>Ven.</strong></span> <span class='ocrx_word' id='word_1_90' title='bbox 1563 806 1603 838; x_wconf 88' lang='lat' dir='ltr'>et</span> <span class='ocrx_word' id='word_1_91' title='bbox 1627 797 1787 838; x_wconf 84' lang='lat' dir='ltr'>Photio.</span> <span class='ocrx_word' id='word_1_92' title='bbox 1815 819 1872 828; x_wconf 94' lang='lat'>--</span> <span class='ocrx_word' id='word_1_93' title='bbox 1927 794 2030 836; x_wconf 85' lang='lat' dir='ltr'><strong>Ibid.</strong></span> 
     </span>
     <span class='ocr_line' id='line_1_9' title="bbox 134 864 2031 926; baseline -0.007 -8"><span class='ocrx_word' id='word_1_94' title='bbox 134 873 391 918; x_wconf 83' lang='grc' dir='ltr'>ἐπιπίπτουσι</span> <span class='ocrx_word' id='word_1_95' title='bbox 427 875 529 914; x_wconf 91' lang='lat' dir='ltr'><strong>Ven.</strong></span> <span class='ocrx_word' id='word_1_96' title='bbox 568 897 617 904; x_wconf 97' lang='lat'><strong>—</strong></span> <span class='ocrx_word' id='word_1_97' title='bbox 688 872 716 914; x_wconf 91' lang='lat'>1.</span> <span class='ocrx_word' id='word_1_98' title='bbox 747 871 812 916; x_wconf 88' lang='grc'>13.</span> <span class='ocrx_word' id='word_1_99' title='bbox 855 867 1127 926; x_wconf 78' lang='grc' dir='ltr'>ἐμπιπλάντες</span> <span class='ocrx_word' id='word_1_100' title='bbox 1168 867 1241 912; x_wconf 85' lang='grc' dir='ltr'>καὶ</span> <span class='ocrx_word' id='word_1_101' title='bbox 1276 867 1533 923; x_wconf 86' lang='grc' dir='ltr'>περιεργείας</span> <span class='ocrx_word' id='word_1_102' title='bbox 1572 864 1723 922; x_wconf 79' lang='grc' dir='ltr'>ἀλόγου</span> <span class='ocrx_word' id='word_1_103' title='bbox 1757 869 1861 909; x_wconf 82' lang='lat' dir='ltr'>ven.</span> <span class='ocrx_word' id='word_1_104' title='bbox 1917 866 2031 906; x_wconf 89' lang='lat' dir='ltr'><strong>Idem</strong></span> 
     </span>
     <span class='ocr_line' id='line_1_10' title="bbox 133 934 2030 999; baseline -0.003 -14"><span class='ocrx_word' id='word_1_105' title='bbox 133 944 161 985; x_wconf 84' lang='lat'>1.</span> <span class='ocrx_word' id='word_1_106' title='bbox 189 945 252 985; x_wconf 90' lang='lat'>15.</span> <span class='ocrx_word' id='word_1_107' title='bbox 279 943 404 984; x_wconf 81' lang='lat' dir='ltr'><strong>habet</strong></span> <span class='ocrx_word' id='word_1_108' title='bbox 427 937 544 999; x_wconf 81' lang='grc' dir='ltr'>ἄχρι,</span> <span class='ocrx_word' id='word_1_109' title='bbox 576 951 617 983; x_wconf 90' lang='lat' dir='ltr'>et</span> <span class='ocrx_word' id='word_1_110' title='bbox 645 943 672 983; x_wconf 86' lang='lat'>1.</span> <span class='ocrx_word' id='word_1_111' title='bbox 696 941 757 985; x_wconf 87' lang='lat'>16.</span> <span class='ocrx_word' id='word_1_112' title='bbox 791 940 952 997; x_wconf 80' lang='grc' dir='ltr'>μηδένα</span> <span class='ocrx_word' id='word_1_113' title='bbox 974 935 1085 988; x_wconf 73' lang='grc' dir='ltr'>ὅλως</span> <span class='ocrx_word' id='word_1_114' title='bbox 1113 954 1203 980; x_wconf 89' lang='lat' dir='ltr'>cum</span> <span class='ocrx_word' id='word_1_115' title='bbox 1231 938 1364 980; x_wconf 83' lang='lat' dir='ltr'><strong>editis.</strong></span> <span class='ocrx_word' id='word_1_116' title='bbox 1393 962 1448 970; x_wconf 91' lang='lat'>—-</span> <span class='ocrx_word' id='word_1_117' title='bbox 1502 938 1532 980; x_wconf 91' lang='grc'>1.</span> <span class='ocrx_word' id='word_1_118' title='bbox 1556 938 1622 979; x_wconf 89' lang='grc'>22.</span> <span class='ocrx_word' id='word_1_119' title='bbox 1653 934 1731 981; x_wconf 81' lang='grc' dir='ltr'>ύπὸ</span> <span class='ocrx_word' id='word_1_120' title='bbox 1758 939 1840 980; x_wconf 85' lang='grc' dir='ltr'>τῶν</span> <span class='ocrx_word' id='word_1_121' title='bbox 1870 936 2030 993; x_wconf 80' lang='grc' dir='ltr'>ἐχθρῶν</span> 
     </span>
     <span class='ocr_line' id='line_1_11' title="bbox 133 1007 2033 1067; baseline -0.004 -11"><span class='ocrx_word' id='word_1_122' title='bbox 133 1015 237 1057; x_wconf 88' lang='lat' dir='ltr'>Ven.</span> <span class='ocrx_word' id='word_1_123' title='bbox 295 1012 419 1064; x_wconf 88' lang='lat' dir='ltr'><strong>Quod</strong></span> <span class='ocrx_word' id='word_1_124' title='bbox 450 1012 777 1067; x_wconf 83' lang='lat' dir='ltr'><strong>praeferendum.</strong></span> <span class='ocrx_word' id='word_1_125' title='bbox 810 1036 861 1044; x_wconf 91' lang='lat'><strong>—</strong></span> <span class='ocrx_word' id='word_1_126' title='bbox 917 1011 945 1053; x_wconf 93' lang='lat' dir='ltr'>l.</span> <span class='ocrx_word' id='word_1_127' title='bbox 968 1011 1034 1054; x_wconf 83' lang='lat'>23.</span> <span class='ocrx_word' id='word_1_128' title='bbox 1061 1009 1203 1062; x_wconf 83' lang='grc' dir='ltr'>τοξίας</span> <span class='ocrx_word' id='word_1_129' title='bbox 1231 1010 1332 1050; x_wconf 78' lang='lat' dir='ltr'>ven.</span> <span class='ocrx_word' id='word_1_130' title='bbox 1364 1031 1416 1040; x_wconf 92' lang='lat'>—-</span> <span class='ocrx_word' id='word_1_131' title='bbox 1473 1009 1500 1049; x_wconf 94' lang='lat' dir='ltr'>l.</span> <span class='ocrx_word' id='word_1_132' title='bbox 1525 1008 1592 1050; x_wconf 83' lang='lat'>25.</span> <span class='ocrx_word' id='word_1_133' title='bbox 1635 1008 1796 1063; x_wconf 83' lang='grc' dir='ltr'>μηδένα</span> <span class='ocrx_word' id='word_1_134' title='bbox 1829 1007 2033 1056; x_wconf 82' lang='grc' dir='ltr'>λείποντες</span> 
     </span>
     <span class='ocr_line' id='line_1_12' title="bbox 136 1074 2032 1138; baseline -0.005 -10"><span class='ocrx_word' id='word_1_135' title='bbox 136 1099 230 1135; x_wconf 88' lang='grc' dir='ltr'>σπ.,</span> <span class='ocrx_word' id='word_1_136' title='bbox 259 1080 346 1127; x_wconf 80' lang='grc' dir='ltr'>ἐστ’</span> <span class='ocrx_word' id='word_1_137' title='bbox 371 1078 419 1127; x_wconf 71' lang='grc' dir='ltr'>ἄν</span> <span class='ocrx_word' id='word_1_138' title='bbox 444 1082 491 1127; x_wconf 87' lang='grc' dir='ltr'>τὸ</span> <span class='ocrx_word' id='word_1_139' title='bbox 522 1082 673 1138; x_wconf 85' lang='grc' dir='ltr'>στέφος</span> <span class='ocrx_word' id='word_1_140' title='bbox 694 1084 797 1124; x_wconf 86' lang='lat' dir='ltr'><strong>Ven.</strong></span> <span class='ocrx_word' id='word_1_141' title='bbox 856 1082 969 1123; x_wconf 88' lang='lat' dir='ltr'><strong>Idem</strong></span> <span class='ocrx_word' id='word_1_142' title='bbox 996 1081 1023 1122; x_wconf 93' lang='lat' dir='ltr'>l.</span> <span class='ocrx_word' id='word_1_143' title='bbox 1045 1079 1112 1125; x_wconf 82' lang='lat'>26.</span> <span class='ocrx_word' id='word_1_144' title='bbox 1143 1079 1255 1120; x_wconf 88' lang='lat' dir='ltr'><strong>delet</strong></span> <span class='ocrx_word' id='word_1_145' title='bbox 1284 1077 1364 1133; x_wconf 81' lang='grc' dir='ltr'>γὰρ</span> <span class='ocrx_word' id='word_1_146' title='bbox 1395 1087 1491 1133; x_wconf 82' lang='lat' dir='ltr'><strong>post</strong></span> <span class='ocrx_word' id='word_1_147' title='bbox 1516 1076 1662 1134; x_wconf 87' lang='grc' dir='ltr'><strong>Ὁρᾷς.</strong></span> <span class='ocrx_word' id='word_1_148' title='bbox 1690 1100 1746 1108; x_wconf 92' lang='lat'>—-</span> <span class='ocrx_word' id='word_1_149' title='bbox 1801 1077 1829 1117; x_wconf 90' lang='lat' dir='ltr'>l.</span> <span class='ocrx_word' id='word_1_150' title='bbox 1858 1077 1925 1120; x_wconf 89' lang='lat'>27.</span> <span class='ocrx_word' id='word_1_151' title='bbox 1954 1074 2032 1131; x_wconf 68' lang='grc' dir='ltr'>τήν</span> 
     </span>
     <span class='ocr_line' id='line_1_13' title="bbox 134 1143 2032 1204; baseline -0.006 -5"><span class='ocrx_word' id='word_1_152' title='bbox 134 1154 369 1200; x_wconf 78' lang='grc' dir='ltr'>ἐνοικοῦσαν</span> <span class='ocrx_word' id='word_1_153' title='bbox 406 1155 510 1195; x_wconf 91' lang='lat' dir='ltr'><strong>Ven.</strong></span> <span class='ocrx_word' id='word_1_154' title='bbox 567 1155 628 1194; x_wconf 80' lang='lat' dir='ltr'>Ex</span> <span class='ocrx_word' id='word_1_155' title='bbox 666 1152 813 1193; x_wconf 89' lang='lat' dir='ltr'><strong>eodem</strong></span> <span class='ocrx_word' id='word_1_156' title='bbox 850 1152 957 1193; x_wconf 89' lang='lat' dir='ltr'><strong>libro</strong></span> <span class='ocrx_word' id='word_1_157' title='bbox 995 1151 1094 1192; x_wconf 85' lang='lat' dir='ltr'>ibid.</span> <span class='ocrx_word' id='word_1_158' title='bbox 1129 1164 1287 1204; x_wconf 83' lang='lat' dir='ltr'><strong>repone</strong></span> <span class='ocrx_word' id='word_1_159' title='bbox 1326 1147 1517 1203; x_wconf 85' lang='grc' dir='ltr'>καθάπερ</span> <span class='ocrx_word' id='word_1_160' title='bbox 1541 1143 1573 1202; x_wconf 63' lang='grc' dir='ltr'>ἦ</span> <span class='ocrx_word' id='word_1_161' title='bbox 1603 1162 1678 1203; x_wconf 88' lang='lat' dir='ltr'>pro</span> <span class='ocrx_word' id='word_1_162' title='bbox 1708 1146 1947 1201; x_wconf 76' lang='grc' dir='ltr'>καθαπερεὶ.</span> <span class='ocrx_word' id='word_1_163' title='bbox 1979 1169 2032 1178; x_wconf 91' lang='grc'>-</span> 
     </span>
     <span class='ocr_line' id='line_1_14' title="bbox 133 1214 2032 1278; baseline -0.003 -12"><span class='ocrx_word' id='word_1_164' title='bbox 133 1225 160 1266; x_wconf 92' lang='lat' dir='ltr'>l.</span> <span class='ocrx_word' id='word_1_165' title='bbox 182 1223 248 1267; x_wconf 82' lang='lat'>29.</span> <span class='ocrx_word' id='word_1_166' title='bbox 278 1224 569 1278; x_wconf 84' lang='grc' dir='ltr'>δοκιμάζοντος</span> <span class='ocrx_word' id='word_1_167' title='bbox 591 1220 708 1277; x_wconf 68' lang='grc' dir='ltr'>ἡμᾶς</span> <span class='ocrx_word' id='word_1_168' title='bbox 733 1224 834 1263; x_wconf 90' lang='lat' dir='ltr'><strong>Ven.</strong></span> <span class='ocrx_word' id='word_1_169' title='bbox 863 1246 920 1253; x_wconf 90' lang='lat'>--</span> <span class='ocrx_word' id='word_1_170' title='bbox 975 1222 1002 1262; x_wconf 94' lang='lat' dir='ltr'>l.</span> <span class='ocrx_word' id='word_1_171' title='bbox 1029 1223 1067 1263; x_wconf 87' lang='lat'>5.</span> <span class='ocrx_word' id='word_1_172' title='bbox 1097 1221 1148 1262; x_wconf 86' lang='lat' dir='ltr'>ab</span> <span class='ocrx_word' id='word_1_173' title='bbox 1172 1220 1248 1262; x_wconf 82' lang='lat' dir='ltr'>inf.</span> <span class='ocrx_word' id='word_1_174' title='bbox 1278 1221 1450 1275; x_wconf 89' lang='lat' dir='ltr'><strong>Repone</strong></span> <span class='ocrx_word' id='word_1_175' title='bbox 1475 1217 1579 1274; x_wconf 87' lang='grc' dir='ltr'>πρὸς</span> <span class='ocrx_word' id='word_1_176' title='bbox 1608 1214 1746 1262; x_wconf 73' lang='grc' dir='ltr'>αὐτῶν</span> <span class='ocrx_word' id='word_1_177' title='bbox 1773 1232 1822 1258; x_wconf 84' lang='lat' dir='ltr'>ex</span> <span class='ocrx_word' id='word_1_178' title='bbox 1846 1218 1950 1260; x_wconf 90' lang='lat' dir='ltr'><strong>Ven.</strong></span> <span class='ocrx_word' id='word_1_179' title='bbox 1984 1239 2032 1249; x_wconf 91' lang='lat'>-</span> 
     </span>
     <span class='ocr_line' id='line_1_15' title="bbox 134 1288 975 1348; baseline -0.002 -12"><span class='ocrx_word' id='word_1_180' title='bbox 134 1295 163 1337; x_wconf 90' lang='lat' dir='ltr'>l.</span> <span class='ocrx_word' id='word_1_181' title='bbox 187 1295 227 1338; x_wconf 88' lang='grc'>3.</span> <span class='ocrx_word' id='word_1_182' title='bbox 259 1294 310 1335; x_wconf 82' lang='lat' dir='ltr'>ab</span> <span class='ocrx_word' id='word_1_183' title='bbox 338 1294 414 1335; x_wconf 82' lang='lat' dir='ltr'>inf.</span> <span class='ocrx_word' id='word_1_184' title='bbox 444 1288 685 1348; x_wconf 84' lang='grc' dir='ltr'>ἅνθρωπος,</span> <span class='ocrx_word' id='word_1_185' title='bbox 715 1292 844 1348; x_wconf 74' lang='grc' dir='ltr'>φησὶν</span> <span class='ocrx_word' id='word_1_186' title='bbox 872 1294 975 1334; x_wconf 87' lang='lat' dir='ltr'>Ven.</span> 
     </span>
    </p>

    <p class='ocr_par' dir='ltr' id='par_1_4' title="bbox 136 1357 2041 2052">
     <span class='ocr_line' id='line_1_16' title="bbox 245 1357 2035 1422; baseline -0.004 -13"><span class='ocrx_word' id='word_1_187' title='bbox 245 1366 377 1422; x_wconf 70' lang='lat' dir='ltr'>Pag.</span> <span class='ocrx_word' id='word_1_188' title='bbox 410 1363 538 1409; x_wconf 75' lang='lat'>342.</span> <span class='ocrx_word' id='word_1_189' title='bbox 591 1363 621 1404; x_wconf 86' lang='lat' dir='ltr'>l·</span> <span class='ocrx_word' id='word_1_190' title='bbox 651 1366 686 1406; x_wconf 94' lang='lat'>1.</span> <span class='ocrx_word' id='word_1_191' title='bbox 731 1363 914 1417; x_wconf 88' lang='grc' dir='ltr'>Θέλομεν</span> <span class='ocrx_word' id='word_1_192' title='bbox 957 1361 1004 1406; x_wconf 88' lang='grc' dir='ltr'>δὲ</span> <span class='ocrx_word' id='word_1_193' title='bbox 1041 1358 1099 1416; x_wconf 77' lang='grc' dir='ltr'><strong>μή</strong></span> <span class='ocrx_word' id='word_1_194' title='bbox 1142 1362 1247 1404; x_wconf 86' lang='lat' dir='ltr'><strong>Ven.</strong></span> <span class='ocrx_word' id='word_1_195' title='bbox 1276 1384 1326 1392; x_wconf 89' lang='lat'>-—</span> <span class='ocrx_word' id='word_1_196' title='bbox 1384 1359 1487 1401; x_wconf 91' lang='lat' dir='ltr'><strong>Ibid.</strong></span> <span class='ocrx_word' id='word_1_197' title='bbox 1526 1357 1644 1414; x_wconf 64' lang='grc' dir='ltr'>ἡμᾶς</span> <span class='ocrx_word' id='word_1_198' title='bbox 1671 1366 1767 1413; x_wconf 90' lang='lat' dir='ltr'><strong>post</strong></span> <span class='ocrx_word' id='word_1_199' title='bbox 1797 1357 2035 1409; x_wconf 84' lang='grc' dir='ltr'>ἐξέλκοντας</span> 
     </span>
     <span class='ocr_line' id='line_1_17' title="bbox 137 1422 2033 1489; baseline -0.003 -12"><span class='ocrx_word' id='word_1_200' title='bbox 137 1435 272 1477; x_wconf 85' lang='lat' dir='ltr'><strong>omiss.</strong></span> <span class='ocrx_word' id='word_1_201' title='bbox 298 1435 340 1475; x_wconf 90' lang='lat' dir='ltr'>in</span> <span class='ocrx_word' id='word_1_202' title='bbox 362 1435 489 1485; x_wconf 90' lang='lat' dir='ltr'><strong>Ven.‚</strong></span> <span class='ocrx_word' id='word_1_203' title='bbox 529 1433 598 1489; x_wconf 89' lang='lat' dir='ltr'>qui</span> <span class='ocrx_word' id='word_1_204' title='bbox 634 1434 756 1474; x_wconf 80' lang='lat' dir='ltr'><strong>etiam</strong></span> <span class='ocrx_word' id='word_1_205' title='bbox 788 1427 837 1477; x_wconf 74' lang='grc' dir='ltr'>ἂν</span> <span class='ocrx_word' id='word_1_206' title='bbox 874 1434 1020 1487; x_wconf 84' lang='grc' dir='ltr'>ἱδρῶτι</span> <span class='ocrx_word' id='word_1_207' title='bbox 1056 1446 1132 1487; x_wconf 89' lang='lat' dir='ltr'>pro</span> <span class='ocrx_word' id='word_1_208' title='bbox 1170 1426 1376 1485; x_wconf 74' lang='grc' dir='ltr'><strong>ἀνιδρωτὶ.</strong></span> <span class='ocrx_word' id='word_1_209' title='bbox 1410 1453 1460 1461; x_wconf 90' lang='lat'>—-</span> <span class='ocrx_word' id='word_1_210' title='bbox 1516 1429 1546 1469; x_wconf 89' lang='lat' dir='ltr'>l.</span> <span class='ocrx_word' id='word_1_211' title='bbox 1573 1430 1610 1470; x_wconf 94' lang='grc'>2.</span> <span class='ocrx_word' id='word_1_212' title='bbox 1644 1428 1824 1484; x_wconf 83' lang='grc' dir='ltr'>γίνεται,</span> <span class='ocrx_word' id='word_1_213' title='bbox 1868 1425 1974 1472; x_wconf 78' lang='grc' dir='ltr'>ἀλλὰ</span> <span class='ocrx_word' id='word_1_214' title='bbox 2010 1422 2033 1471; x_wconf 77' lang='grc' dir='ltr'>ὃ</span> 
     </span>
     <span class='ocr_line' id='line_1_18' title="bbox 136 1495 2037 1558; baseline -0.004 -8"><span class='ocrx_word' id='word_1_215' title='bbox 136 1508 240 1550; x_wconf 88' lang='lat' dir='ltr'><strong>Ven.</strong></span> <span class='ocrx_word' id='word_1_216' title='bbox 271 1529 322 1536; x_wconf 89' lang='lat'><strong>—</strong></span> <span class='ocrx_word' id='word_1_217' title='bbox 380 1505 408 1546; x_wconf 92' lang='lat'>1.</span> <span class='ocrx_word' id='word_1_218' title='bbox 444 1505 482 1548; x_wconf 88' lang='lat'>7.</span> <span class='ocrx_word' id='word_1_219' title='bbox 521 1506 603 1558; x_wconf 82' lang='grc' dir='ltr'>τῆς</span> <span class='ocrx_word' id='word_1_220' title='bbox 639 1501 808 1558; x_wconf 72' lang='grc' dir='ltr'>εἰρήνης</span> <span class='ocrx_word' id='word_1_221' title='bbox 842 1518 922 1544; x_wconf 90' lang='lat' dir='ltr'><strong>om.</strong></span> <span class='ocrx_word' id='word_1_222' title='bbox 950 1504 1079 1554; x_wconf 86' lang='lat' dir='ltr'><strong>Ven.,</strong></span> <span class='ocrx_word' id='word_1_223' title='bbox 1123 1502 1191 1557; x_wconf 89' lang='lat' dir='ltr'>qui</span> <span class='ocrx_word' id='word_1_224' title='bbox 1218 1502 1351 1556; x_wconf 84' lang='lat' dir='ltr'><strong>pergit</strong></span> <span class='ocrx_word' id='word_1_225' title='bbox 1389 1499 1430 1545; x_wconf 85' lang='grc' dir='ltr'>ἐν</span> <span class='ocrx_word' id='word_1_226' title='bbox 1457 1500 1561 1544; x_wconf 84' lang='grc' dir='ltr'>πᾶσι</span> <span class='ocrx_word' id='word_1_227' title='bbox 1596 1498 1643 1544; x_wconf 82' lang='grc' dir='ltr'>δὲ</span> <span class='ocrx_word' id='word_1_228' title='bbox 1671 1495 1942 1556; x_wconf 80' lang='grc' dir='ltr'>ἀναλάβωμεν</span> <span class='ocrx_word' id='word_1_229' title='bbox 1966 1497 2037 1542; x_wconf 79' lang='grc' dir='ltr'>τᾶν</span> 
     </span>
     <span class='ocr_line' id='line_1_19' title="bbox 138 1569 2036 1630; baseline -0.005 -9"><span class='ocrx_word' id='word_1_230' title='bbox 138 1579 228 1630; x_wconf 86' lang='grc' dir='ltr'><strong>θυρ.</strong></span> <span class='ocrx_word' id='word_1_231' title='bbox 257 1599 315 1608; x_wconf 87' lang='grc'>-</span> <span class='ocrx_word' id='word_1_232' title='bbox 368 1575 394 1616; x_wconf 82' lang='lat' dir='ltr'>l.</span> <span class='ocrx_word' id='word_1_233' title='bbox 418 1574 456 1617; x_wconf 88' lang='grc'>8.</span> <span class='ocrx_word' id='word_1_234' title='bbox 488 1571 770 1629; x_wconf 71' lang='grc' dir='ltr'>δυνησόμεθα</span> <span class='ocrx_word' id='word_1_235' title='bbox 792 1575 894 1615; x_wconf 89' lang='lat' dir='ltr'><strong>Ven.</strong></span> <span class='ocrx_word' id='word_1_236' title='bbox 924 1575 1013 1617; x_wconf 83' lang='lat' dir='ltr'>Bas.</span> <span class='ocrx_word' id='word_1_237' title='bbox 1045 1597 1096 1604; x_wconf 93' lang='lat'><strong>—</strong></span> <span class='ocrx_word' id='word_1_238' title='bbox 1153 1573 1181 1613; x_wconf 92' lang='lat'>1.</span> <span class='ocrx_word' id='word_1_239' title='bbox 1209 1571 1250 1615; x_wconf 89' lang='grc'>9.</span> <span class='ocrx_word' id='word_1_240' title='bbox 1281 1571 1497 1623; x_wconf 85' lang='grc' dir='ltr'>δέξασθαι,</span> <span class='ocrx_word' id='word_1_241' title='bbox 1526 1584 1603 1625; x_wconf 89' lang='lat' dir='ltr'>pro</span> <span class='ocrx_word' id='word_1_242' title='bbox 1629 1585 1710 1626; x_wconf 87' lang='lat' dir='ltr'>quo</span> <span class='ocrx_word' id='word_1_243' title='bbox 1738 1585 1814 1625; x_wconf 89' lang='lat' dir='ltr'>ego</span> <span class='ocrx_word' id='word_1_244' title='bbox 1840 1569 2036 1620; x_wconf 84' lang='grc' dir='ltr'>δέξασθε,</span> 
     </span>
     <span class='ocr_line' id='line_1_20' title="bbox 136 1640 2036 1700; baseline -0.005 -11"><span class='ocrx_word' id='word_1_245' title='bbox 136 1649 238 1689; x_wconf 87' lang='lat' dir='ltr'><strong>Ven.</strong></span> <span class='ocrx_word' id='word_1_246' title='bbox 263 1660 348 1688; x_wconf 89' lang='lat' dir='ltr'>non</span> <span class='ocrx_word' id='word_1_247' title='bbox 369 1645 568 1700; x_wconf 78' lang='lat' dir='ltr'>agnoscit.</span> <span class='ocrx_word' id='word_1_248' title='bbox 598 1668 650 1675; x_wconf 84' lang='lat'><em>-</em></span> <span class='ocrx_word' id='word_1_249' title='bbox 707 1644 735 1684; x_wconf 92' lang='lat' dir='ltr'>l.</span> <span class='ocrx_word' id='word_1_250' title='bbox 767 1643 828 1685; x_wconf 88' lang='grc'>11.</span> <span class='ocrx_word' id='word_1_251' title='bbox 859 1643 1070 1698; x_wconf 84' lang='grc' dir='ltr'>καθαίρειν</span> <span class='ocrx_word' id='word_1_252' title='bbox 1099 1644 1200 1685; x_wconf 88' lang='lat' dir='ltr'><strong>Ven.</strong></span> <span class='ocrx_word' id='word_1_253' title='bbox 1232 1666 1282 1673; x_wconf 91' lang='lat'>-—</span> <span class='ocrx_word' id='word_1_254' title='bbox 1340 1642 1367 1683; x_wconf 92' lang='lat' dir='ltr'>l.</span> <span class='ocrx_word' id='word_1_255' title='bbox 1388 1640 1473 1690; x_wconf 73' lang='grc'><strong>,13.</strong></span> <span class='ocrx_word' id='word_1_256' title='bbox 1500 1642 1647 1691; x_wconf 83' lang='grc' dir='ltr'>ταῦτα,</span> <span class='ocrx_word' id='word_1_257' title='bbox 1677 1650 1773 1682; x_wconf 86' lang='lat' dir='ltr'><strong>ante</strong></span> <span class='ocrx_word' id='word_1_258' title='bbox 1802 1640 1925 1696; x_wconf 89' lang='grc' dir='ltr'>λέγω,</span> <span class='ocrx_word' id='word_1_259' title='bbox 1954 1654 2036 1681; x_wconf 85' lang='lat' dir='ltr'>orn.</span> 
     </span>
     <span class='ocr_line' id='line_1_21' title="bbox 137 1712 2039 1770; baseline -0.005 -10"><span class='ocrx_word' id='word_1_260' title='bbox 137 1720 240 1760; x_wconf 90' lang='lat' dir='ltr'>Ven.</span> <span class='ocrx_word' id='word_1_261' title='bbox 270 1739 324 1749; x_wconf 89' lang='lat'>--</span> <span class='ocrx_word' id='word_1_262' title='bbox 379 1715 407 1756; x_wconf 93' lang='lat' dir='ltr'>l.</span> <span class='ocrx_word' id='word_1_263' title='bbox 440 1714 503 1757; x_wconf 87' lang='grc'><strong>16.</strong></span> <span class='ocrx_word' id='word_1_264' title='bbox 529 1713 875 1769; x_wconf 82' lang='grc' dir='ltr'>μεμελετημένως</span> <span class='ocrx_word' id='word_1_265' title='bbox 899 1712 985 1770; x_wconf 78' lang='grc' dir='ltr'>ἔχει</span> <span class='ocrx_word' id='word_1_266' title='bbox 1009 1715 1111 1754; x_wconf 82' lang='lat' dir='ltr'>ven.</span> <span class='ocrx_word' id='word_1_267' title='bbox 1169 1713 1282 1754; x_wconf 85' lang='lat' dir='ltr'><strong>Idem</strong></span> <span class='ocrx_word' id='word_1_268' title='bbox 1311 1713 1337 1753; x_wconf 91' lang='lat' dir='ltr'>l.</span> <span class='ocrx_word' id='word_1_269' title='bbox 1367 1713 1428 1756; x_wconf 90' lang='lat'>17.</span> <span class='ocrx_word' id='word_1_270' title='bbox 1459 1712 1710 1767; x_wconf 86' lang='grc' dir='ltr'>προείρημαι</span> <span class='ocrx_word' id='word_1_271' title='bbox 1740 1727 1830 1753; x_wconf 85' lang='lat' dir='ltr'>cum</span> <span class='ocrx_word' id='word_1_272' title='bbox 1865 1713 1953 1752; x_wconf 84' lang='lat' dir='ltr'>Bas.</span> <span class='ocrx_word' id='word_1_273' title='bbox 1982 1731 2039 1742; x_wconf 88' lang='lat'><em>-</em></span> 
     </span>
     <span class='ocr_line' id='line_1_22' title="bbox 136 1776 2038 1838; baseline -0.003 -9"><span class='ocrx_word' id='word_1_274' title='bbox 136 1789 164 1829; x_wconf 92' lang='lat' dir='ltr'>l.</span> <span class='ocrx_word' id='word_1_275' title='bbox 184 1787 252 1830; x_wconf 88' lang='lat'>23.</span> <span class='ocrx_word' id='word_1_276' title='bbox 283 1784 417 1830; x_wconf 86' lang='grc' dir='ltr'>πάντα</span> <span class='ocrx_word' id='word_1_277' title='bbox 444 1786 619 1830; x_wconf 79' lang='grc' dir='ltr'>διελθεῖν</span> <span class='ocrx_word' id='word_1_278' title='bbox 642 1786 744 1826; x_wconf 90' lang='lat' dir='ltr'><strong>Ven.</strong></span> <span class='ocrx_word' id='word_1_279' title='bbox 803 1784 916 1824; x_wconf 87' lang='lat' dir='ltr'><strong>Idem</strong></span> <span class='ocrx_word' id='word_1_280' title='bbox 939 1784 1037 1824; x_wconf 88' lang='lat' dir='ltr'><strong>ibid.</strong></span> <span class='ocrx_word' id='word_1_281' title='bbox 1063 1798 1234 1838; x_wconf 88' lang='grc' dir='ltr'>μακροτ.</span> <span class='ocrx_word' id='word_1_282' title='bbox 1265 1799 1333 1837; x_wconf 89' lang='grc' dir='ltr'>μοι</span> <span class='ocrx_word' id='word_1_283' title='bbox 1360 1784 1442 1827; x_wconf 79' lang='grc' dir='ltr'>τῶν</span> <span class='ocrx_word' id='word_1_284' title='bbox 1472 1781 1605 1838; x_wconf 84' lang='grc' dir='ltr'>λόγων</span> <span class='ocrx_word' id='word_1_285' title='bbox 1628 1776 1661 1835; x_wconf 69' lang='grc' dir='ltr'>η’</span> <span class='ocrx_word' id='word_1_286' title='bbox 1693 1782 1806 1838; x_wconf 90' lang='lat' dir='ltr'>(cod.</span> <span class='ocrx_word' id='word_1_287' title='bbox 1834 1779 1886 1837; x_wconf 72' lang='grc' dir='ltr'>τῖ)</span> <span class='ocrx_word' id='word_1_288' title='bbox 1913 1795 2038 1835; x_wconf 87' lang='grc' dir='ltr'>προς-</span> 
     </span>
     <span class='ocr_line' id='line_1_23' title="bbox 138 1851 2041 1913; baseline -0.003 -13"><span class='ocrx_word' id='word_1_289' title='bbox 138 1857 337 1913; x_wconf 82' lang='grc' dir='ltr'>εδόκησα.</span> <span class='ocrx_word' id='word_1_290' title='bbox 395 1856 488 1896; x_wconf 86' lang='lat' dir='ltr'>Hoc</span> <span class='ocrx_word' id='word_1_291' title='bbox 522 1855 817 1910; x_wconf 87' lang='lat' dir='ltr'><strong>reponendum.</strong></span> <span class='ocrx_word' id='word_1_292' title='bbox 849 1878 903 1886; x_wconf 90' lang='lat'>—</span> <span class='ocrx_word' id='word_1_293' title='bbox 958 1854 985 1894; x_wconf 90' lang='lat' dir='ltr'>l.</span> <span class='ocrx_word' id='word_1_294' title='bbox 1010 1854 1076 1897; x_wconf 91' lang='lat'>27.</span> <span class='ocrx_word' id='word_1_295' title='bbox 1121 1854 1261 1895; x_wconf 84' lang='lat' dir='ltr'><strong>Scribe</strong></span> <span class='ocrx_word' id='word_1_296' title='bbox 1301 1854 1466 1911; x_wconf 79' lang='grc' dir='ltr'>συνέβη.</span> <span class='ocrx_word' id='word_1_297' title='bbox 1510 1878 1562 1884; x_wconf 89' lang='grc'>-</span> <span class='ocrx_word' id='word_1_298' title='bbox 1630 1853 1658 1894; x_wconf 94' lang='grc'>1.</span> <span class='ocrx_word' id='word_1_299' title='bbox 1685 1854 1750 1895; x_wconf 84' lang='grc'>30.</span> <span class='ocrx_word' id='word_1_300' title='bbox 1792 1851 2041 1900; x_wconf 87' lang='grc' dir='ltr'>κενωθέντος</span> 
     </span>
     <span class='ocr_line' id='line_1_24' title="bbox 137 1918 2040 1978; baseline -0.003 -10"><span class='ocrx_word' id='word_1_301' title='bbox 137 1930 241 1969; x_wconf 86' lang='lat' dir='ltr'><strong>Ven.</strong></span> <span class='ocrx_word' id='word_1_302' title='bbox 298 1926 412 1968; x_wconf 90' lang='lat' dir='ltr'><strong>Idem</strong></span> <span class='ocrx_word' id='word_1_303' title='bbox 445 1926 473 1966; x_wconf 92' lang='lat' dir='ltr'>l.</span> <span class='ocrx_word' id='word_1_304' title='bbox 497 1925 566 1968; x_wconf 88' lang='lat'>31.</span> <span class='ocrx_word' id='word_1_305' title='bbox 598 1924 733 1965; x_wconf 88' lang='lat' dir='ltr'><strong>omitt.</strong></span> <span class='ocrx_word' id='word_1_306' title='bbox 778 1920 800 1968; x_wconf 75' lang='grc' dir='ltr'>ὁ</span> <span class='ocrx_word' id='word_1_307' title='bbox 825 1933 921 1965; x_wconf 87' lang='lat' dir='ltr'><strong>ante</strong></span> <span class='ocrx_word' id='word_1_308' title='bbox 955 1921 1219 1973; x_wconf 82' lang='grc' dir='ltr'>πολύπλοκος.</span> <span class='ocrx_word' id='word_1_309' title='bbox 1250 1948 1302 1956; x_wconf 93' lang='grc'><strong>-</strong></span> <span class='ocrx_word' id='word_1_310' title='bbox 1359 1924 1385 1964; x_wconf 89' lang='lat'>1.</span> <span class='ocrx_word' id='word_1_311' title='bbox 1413 1926 1452 1965; x_wconf 87' lang='lat'>5.</span> <span class='ocrx_word' id='word_1_312' title='bbox 1485 1924 1537 1965; x_wconf 89' lang='lat' dir='ltr'>ab</span> <span class='ocrx_word' id='word_1_313' title='bbox 1567 1923 1641 1965; x_wconf 85' lang='lat' dir='ltr'>inf.</span> <span class='ocrx_word' id='word_1_314' title='bbox 1671 1918 1829 1978; x_wconf 76' lang='grc' dir='ltr'>ηῦρατο</span> <span class='ocrx_word' id='word_1_315' title='bbox 1854 1924 1957 1965; x_wconf 80' lang='lat' dir='ltr'>ven.</span> <span class='ocrx_word' id='word_1_316' title='bbox 1986 1944 2040 1954; x_wconf 89' lang='lat'><strong>—</strong></span> 
     </span>
     <span class='ocr_line' id='line_1_25' title="bbox 138 1993 1001 2052; baseline -0.003 -13"><span class='ocrx_word' id='word_1_317' title='bbox 138 1998 166 2042; x_wconf 93' lang='lat' dir='ltr'>l.</span> <span class='ocrx_word' id='word_1_318' title='bbox 192 1997 266 2040; x_wconf 87' lang='lat' dir='ltr'>ult.</span> <span class='ocrx_word' id='word_1_319' title='bbox 294 1994 410 2052; x_wconf 72' lang='grc' dir='ltr'>ἤδη,</span> <span class='ocrx_word' id='word_1_320' title='bbox 440 2003 536 2050; x_wconf 83' lang='lat' dir='ltr'><strong>post</strong></span> <span class='ocrx_word' id='word_1_321' title='bbox 566 1993 756 2050; x_wconf 76' lang='grc' dir='ltr'>μηνύειν,</span> <span class='ocrx_word' id='word_1_322' title='bbox 788 2008 867 2036; x_wconf 89' lang='lat' dir='ltr'><strong>om.</strong></span> <span class='ocrx_word' id='word_1_323' title='bbox 900 1996 1001 2036; x_wconf 81' lang='lat' dir='ltr'>ven.</span> 
     </span>
    </p>

    <p class='ocr_par' dir='ltr' id='par_1_5' title="bbox 117 2058 2048 2825">
     <span class='ocr_line' id='line_1_26' title="bbox 251 2058 2043 2124; baseline -0.003 -11"><span class='ocrx_word' id='word_1_324' title='bbox 251 2069 383 2124; x_wconf 70' lang='lat' dir='ltr'>Pag.</span> <span class='ocrx_word' id='word_1_325' title='bbox 414 2065 541 2112; x_wconf 77' lang='lat'>344.</span> <span class='ocrx_word' id='word_1_326' title='bbox 595 2065 623 2106; x_wconf 91' lang='lat' dir='ltr'>l.</span> <span class='ocrx_word' id='word_1_327' title='bbox 650 2066 685 2107; x_wconf 90' lang='lat'>1.</span> <span class='ocrx_word' id='word_1_328' title='bbox 714 2061 805 2114; x_wconf 72' lang='grc' dir='ltr'>αἰεὶ,</span> <span class='ocrx_word' id='word_1_329' title='bbox 836 2073 933 2119; x_wconf 89' lang='lat' dir='ltr'><strong>post</strong></span> <span class='ocrx_word' id='word_1_330' title='bbox 959 2062 1103 2119; x_wconf 65' lang='grc' dir='ltr'>ἡμᾶς,</span> <span class='ocrx_word' id='word_1_331' title='bbox 1134 2078 1214 2105; x_wconf 85' lang='lat' dir='ltr'><strong>om.</strong></span> <span class='ocrx_word' id='word_1_332' title='bbox 1236 2066 1338 2105; x_wconf 92' lang='lat' dir='ltr'><strong>Ven.</strong></span> <span class='ocrx_word' id='word_1_333' title='bbox 1369 2088 1423 2096; x_wconf 91' lang='lat'>—</span> <span class='ocrx_word' id='word_1_334' title='bbox 1478 2065 1506 2108; x_wconf 91' lang='lat' dir='ltr'>l.</span> <span class='ocrx_word' id='word_1_335' title='bbox 1527 2065 1567 2107; x_wconf 93' lang='lat'>2.</span> <span class='ocrx_word' id='word_1_336' title='bbox 1604 2064 1875 2109; x_wconf 80' lang='grc' dir='ltr'>συνίστανται.</span> <span class='ocrx_word' id='word_1_337' title='bbox 1920 2058 2043 2107; x_wconf 82' lang='grc' dir='ltr'>’Ὅσα</span> 
     </span>
     <span class='ocr_line' id='line_1_27' title="bbox 138 2130 2042 2194; baseline 0 -16"><span class='ocrx_word' id='word_1_338' title='bbox 138 2136 218 2194; x_wconf 80' lang='grc' dir='ltr'>γὰρ</span> <span class='ocrx_word' id='word_1_339' title='bbox 256 2139 359 2178; x_wconf 88' lang='lat' dir='ltr'>Ven.</span> <span class='ocrx_word' id='word_1_340' title='bbox 388 2160 443 2170; x_wconf 93' lang='lat'>·-—</span> <span class='ocrx_word' id='word_1_341' title='bbox 498 2137 527 2179; x_wconf 90' lang='grc'>1.</span> <span class='ocrx_word' id='word_1_342' title='bbox 553 2135 595 2178; x_wconf 92' lang='grc'><strong>3.</strong></span> <span class='ocrx_word' id='word_1_343' title='bbox 640 2134 862 2190; x_wconf 87' lang='grc' dir='ltr'>ἐπιθυμίας</span> <span class='ocrx_word' id='word_1_344' title='bbox 896 2135 975 2189; x_wconf 81' lang='grc' dir='ltr'>τῆς</span> <span class='ocrx_word' id='word_1_345' title='bbox 1014 2134 1055 2178; x_wconf 92' lang='grc' dir='ltr'>ἐν</span> <span class='ocrx_word' id='word_1_346' title='bbox 1097 2135 1185 2191; x_wconf 79' lang='grc' dir='ltr'>θεῷ</span> <span class='ocrx_word' id='word_1_347' title='bbox 1216 2132 1431 2190; x_wconf 79' lang='grc' dir='ltr'>πεσούσης</span> <span class='ocrx_word' id='word_1_348' title='bbox 1466 2137 1568 2177; x_wconf 87' lang='lat' dir='ltr'><strong>Ven.</strong></span> <span class='ocrx_word' id='word_1_349' title='bbox 1599 2160 1651 2166; x_wconf 91' lang='lat'>—-</span> <span class='ocrx_word' id='word_1_350' title='bbox 1709 2136 1735 2175; x_wconf 86' lang='lat' dir='ltr'>I.</span> <span class='ocrx_word' id='word_1_351' title='bbox 1761 2135 1798 2178; x_wconf 91' lang='lat'>7.</span> <span class='ocrx_word' id='word_1_352' title='bbox 1823 2130 1959 2178; x_wconf 72' lang='grc' dir='ltr'>’Ὅθεν</span> <span class='ocrx_word' id='word_1_353' title='bbox 1986 2135 2042 2191; x_wconf 77' lang='grc' dir='ltr'>τῇ</span> 
     </span>
     <span class='ocr_line' id='line_1_28' title="bbox 143 2202 2044 2264; baseline -0.003 -12"><span class='ocrx_word' id='word_1_354' title='bbox 143 2207 216 2264; x_wconf 80' lang='grc' dir='ltr'>μὲν</span> <span class='ocrx_word' id='word_1_355' title='bbox 241 2207 466 2264; x_wconf 83' lang='grc' dir='ltr'>νομοθεσίᾳ</span> <span class='ocrx_word' id='word_1_356' title='bbox 492 2208 594 2248; x_wconf 87' lang='lat' dir='ltr'><strong>Ven.</strong></span> <span class='ocrx_word' id='word_1_357' title='bbox 653 2205 766 2247; x_wconf 89' lang='lat' dir='ltr'><strong>Idem</strong></span> <span class='ocrx_word' id='word_1_358' title='bbox 794 2206 819 2246; x_wconf 92' lang='lat' dir='ltr'>l.</span> <span class='ocrx_word' id='word_1_359' title='bbox 841 2205 880 2247; x_wconf 88' lang='grc'>8.</span> <span class='ocrx_word' id='word_1_360' title='bbox 908 2207 963 2261; x_wconf 82' lang='grc' dir='ltr'>τῇ</span> <span class='ocrx_word' id='word_1_361' title='bbox 991 2202 1070 2260; x_wconf 78' lang='grc' dir='ltr'>γὰρ</span> <span class='ocrx_word' id='word_1_362' title='bbox 1093 2205 1332 2262; x_wconf 86' lang='grc' dir='ltr'>νομοθεσίᾳ,</span> <span class='ocrx_word' id='word_1_363' title='bbox 1365 2215 1406 2246; x_wconf 89' lang='lat' dir='ltr'>et</span> <span class='ocrx_word' id='word_1_364' title='bbox 1430 2206 1552 2261; x_wconf 84' lang='lat' dir='ltr'><strong>paulo</strong></span> <span class='ocrx_word' id='word_1_365' title='bbox 1574 2213 1672 2260; x_wconf 85' lang='lat' dir='ltr'><strong>post</strong></span> <span class='ocrx_word' id='word_1_366' title='bbox 1699 2205 1933 2248; x_wconf 83' lang='grc' dir='ltr'>ἐνοικοῦσαν</span> <span class='ocrx_word' id='word_1_367' title='bbox 1959 2203 2044 2248; x_wconf 88' lang='grc' dir='ltr'>ἐπι·</span> 
     </span>
     <span class='ocr_line' id='line_1_29' title="bbox 144 2272 2044 2333; baseline -0.002 -11"><span class='ocrx_word' id='word_1_368' title='bbox 144 2279 294 2333; x_wconf 89' lang='grc' dir='ltr'>θυμίαν</span> <span class='ocrx_word' id='word_1_369' title='bbox 324 2277 365 2321; x_wconf 90' lang='grc' dir='ltr'>ἐν</span> <span class='ocrx_word' id='word_1_370' title='bbox 389 2278 444 2333; x_wconf 78' lang='grc' dir='ltr'>τῇ</span> <span class='ocrx_word' id='word_1_371' title='bbox 471 2276 606 2331; x_wconf 85' lang='grc' dir='ltr'>σαρκί.</span> <span class='ocrx_word' id='word_1_372' title='bbox 639 2300 691 2308; x_wconf 91' lang='lat'>-</span> <span class='ocrx_word' id='word_1_373' title='bbox 749 2276 774 2316; x_wconf 90' lang='lat' dir='ltr'>l.</span> <span class='ocrx_word' id='word_1_374' title='bbox 805 2277 867 2318; x_wconf 89' lang='lat'>10.</span> <span class='ocrx_word' id='word_1_375' title='bbox 894 2276 966 2319; x_wconf 91' lang='grc' dir='ltr'>τοῦ</span> <span class='ocrx_word' id='word_1_376' title='bbox 997 2276 1123 2325; x_wconf 90' lang='grc' dir='ltr'>θεοῦ,</span> <span class='ocrx_word' id='word_1_377' title='bbox 1155 2273 1232 2319; x_wconf 81' lang='grc' dir='ltr'>οἷον</span> <span class='ocrx_word' id='word_1_378' title='bbox 1256 2277 1312 2332; x_wconf 79' lang='grc' dir='ltr'>τῇ</span> <span class='ocrx_word' id='word_1_379' title='bbox 1338 2274 1443 2330; x_wconf 81' lang='grc' dir='ltr'>πρὸς</span> <span class='ocrx_word' id='word_1_380' title='bbox 1467 2275 1515 2320; x_wconf 84' lang='grc' dir='ltr'>τὸ</span> <span class='ocrx_word' id='word_1_381' title='bbox 1545 2272 1704 2332; x_wconf 77' lang='grc' dir='ltr'>ἀγαθὸν</span> <span class='ocrx_word' id='word_1_382' title='bbox 1735 2274 1846 2332; x_wconf 77' lang='grc' dir='ltr'>ὁρμῇ</span> <span class='ocrx_word' id='word_1_383' title='bbox 1873 2276 1926 2331; x_wconf 79' lang='grc' dir='ltr'>τῇ</span> <span class='ocrx_word' id='word_1_384' title='bbox 1953 2274 2044 2318; x_wconf 89' lang='grc' dir='ltr'>ἐπι-</span> 
     </span>
     <span class='ocr_line' id='line_1_30' title="bbox 144 2343 2047 2405; baseline -0.002 -13"><span class='ocrx_word' id='word_1_385' title='bbox 144 2348 273 2405; x_wconf 88' lang='grc' dir='ltr'>θυμίᾳ</span> <span class='ocrx_word' id='word_1_386' title='bbox 303 2348 375 2392; x_wconf 90' lang='grc' dir='ltr'>τοῦ</span> <span class='ocrx_word' id='word_1_387' title='bbox 400 2345 492 2396; x_wconf 81' lang='grc' dir='ltr'>νοὸς</span> <span class='ocrx_word' id='word_1_388' title='bbox 510 2349 612 2388; x_wconf 83' lang='lat' dir='ltr'>ven.</span> <span class='ocrx_word' id='word_1_389' title='bbox 673 2346 785 2387; x_wconf 84' lang='lat' dir='ltr'><strong>Idem</strong></span> <span class='ocrx_word' id='word_1_390' title='bbox 810 2346 838 2387; x_wconf 92' lang='lat' dir='ltr'>l.</span> <span class='ocrx_word' id='word_1_391' title='bbox 867 2347 928 2388; x_wconf 93' lang='lat'>12.</span> <span class='ocrx_word' id='word_1_392' title='bbox 957 2346 1061 2400; x_wconf 85' lang='grc' dir='ltr'>πρὸς</span> <span class='ocrx_word' id='word_1_393' title='bbox 1085 2344 1246 2402; x_wconf 64' lang='grc' dir='ltr'>ἡδονῶν</span> <span class='ocrx_word' id='word_1_394' title='bbox 1271 2343 1483 2397; x_wconf 78' lang='grc' dir='ltr'>ἑλκτικάς,</span> <span class='ocrx_word' id='word_1_395' title='bbox 1513 2347 1671 2388; x_wconf 86' lang='lat' dir='ltr'><strong>vitiose.</strong></span> <span class='ocrx_word' id='word_1_396' title='bbox 1699 2368 1755 2377; x_wconf 92' lang='lat'>-—</span> <span class='ocrx_word' id='word_1_397' title='bbox 1811 2346 1838 2386; x_wconf 93' lang='lat'>1.</span> <span class='ocrx_word' id='word_1_398' title='bbox 1865 2346 1928 2389; x_wconf 94' lang='lat'>17.</span> <span class='ocrx_word' id='word_1_399' title='bbox 1959 2344 2047 2388; x_wconf 73' lang='grc' dir='ltr'>ἔτε-</span> 
     </span>
     <span class='ocr_line' id='line_1_31' title="bbox 145 2415 2045 2474; baseline -0.001 -16"><span class='ocrx_word' id='word_1_400' title='bbox 145 2435 209 2474; x_wconf 78' lang='grc' dir='ltr'>ρον</span> <span class='ocrx_word' id='word_1_401' title='bbox 248 2417 295 2463; x_wconf 79' lang='grc' dir='ltr'>τὸ</span> <span class='ocrx_word' id='word_1_402' title='bbox 344 2419 447 2458; x_wconf 82' lang='lat' dir='ltr'><strong>Ven.</strong></span> <span class='ocrx_word' id='word_1_403' title='bbox 510 2417 623 2458; x_wconf 85' lang='lat' dir='ltr'><strong>Idem</strong></span> <span class='ocrx_word' id='word_1_404' title='bbox 660 2417 687 2457; x_wconf 93' lang='lat' dir='ltr'>l.</span> <span class='ocrx_word' id='word_1_405' title='bbox 723 2416 786 2460; x_wconf 85' lang='lat'>18.</span> <span class='ocrx_word' id='word_1_406' title='bbox 827 2431 906 2458; x_wconf 89' lang='lat' dir='ltr'><strong>om.</strong></span> <span class='ocrx_word' id='word_1_407' title='bbox 946 2418 1000 2473; x_wconf 74' lang='grc' dir='ltr'>τῇ</span> <span class='ocrx_word' id='word_1_408' title='bbox 1036 2426 1133 2458; x_wconf 82' lang='lat' dir='ltr'><strong>ante</strong></span> <span class='ocrx_word' id='word_1_409' title='bbox 1178 2416 1313 2472; x_wconf 78' lang='grc' dir='ltr'><strong>σαρκὶ.</strong></span> <span class='ocrx_word' id='word_1_410' title='bbox 1347 2441 1398 2448; x_wconf 84' lang='grc'>-</span> <span class='ocrx_word' id='word_1_411' title='bbox 1457 2417 1484 2457; x_wconf 87' lang='lat' dir='ltr'>l.</span> <span class='ocrx_word' id='word_1_412' title='bbox 1516 2416 1582 2459; x_wconf 80' lang='lat'>23.</span> <span class='ocrx_word' id='word_1_413' title='bbox 1630 2417 1795 2471; x_wconf 86' lang='lat' dir='ltr'><strong>Corrige</strong></span> <span class='ocrx_word' id='word_1_414' title='bbox 1835 2415 1958 2459; x_wconf 80' lang='grc' dir='ltr'>ἔνδον.</span> <span class='ocrx_word' id='word_1_415' title='bbox 1990 2439 2045 2447; x_wconf 89' lang='lat'>—-</span> 
     </span>
     <span class='ocr_line' id='line_1_32' title="bbox 143 2483 2047 2543; baseline -0.002 -13"><span class='ocrx_word' id='word_1_416' title='bbox 143 2490 172 2530; x_wconf 89' lang='lat' dir='ltr'>l.</span> <span class='ocrx_word' id='word_1_417' title='bbox 197 2487 265 2530; x_wconf 79' lang='lat'>24.</span> <span class='ocrx_word' id='word_1_418' title='bbox 310 2486 478 2541; x_wconf 88' lang='grc' dir='ltr'>ἐπιθυμ.</span> <span class='ocrx_word' id='word_1_419' title='bbox 516 2484 768 2543; x_wconf 81' lang='grc' dir='ltr'>ῦπάρχοντος</span> <span class='ocrx_word' id='word_1_420' title='bbox 791 2489 1059 2542; x_wconf 84' lang='grc' dir='ltr'>κραταιοῦται</span> <span class='ocrx_word' id='word_1_421' title='bbox 1085 2490 1188 2528; x_wconf 82' lang='lat' dir='ltr'>Ven.</span> <span class='ocrx_word' id='word_1_422' title='bbox 1219 2512 1272 2518; x_wconf 96' lang='lat'><strong>—</strong></span> <span class='ocrx_word' id='word_1_423' title='bbox 1328 2487 1357 2528; x_wconf 92' lang='lat' dir='ltr'>l.</span> <span class='ocrx_word' id='word_1_424' title='bbox 1385 2487 1450 2529; x_wconf 91' lang='lat'>25.</span> <span class='ocrx_word' id='word_1_425' title='bbox 1494 2487 1536 2530; x_wconf 88' lang='grc' dir='ltr'>ἐν</span> <span class='ocrx_word' id='word_1_426' title='bbox 1560 2483 1701 2536; x_wconf 80' lang='grc' dir='ltr'>αύτοῖς</span> <span class='ocrx_word' id='word_1_427' title='bbox 1726 2484 1827 2542; x_wconf 61' lang='grc' dir='ltr'>ημῖν</span> <span class='ocrx_word' id='word_1_428' title='bbox 1856 2488 1959 2526; x_wconf 88' lang='lat' dir='ltr'><strong>Ven.</strong></span> <span class='ocrx_word' id='word_1_429' title='bbox 1990 2509 2047 2517; x_wconf 93' lang='lat'><em>-</em></span> 
     </span>
     <span class='ocr_line' id='line_1_33' title="bbox 117 2551 2046 2612; baseline -0.002 -12"><span class='ocrx_word' id='word_1_430' title='bbox 117 2570 119 2572; x_wconf 84' lang='grc'><em>“</em></span> <span class='ocrx_word' id='word_1_431' title='bbox 142 2559 170 2600; x_wconf 79' lang='lat' dir='ltr'>l.</span> <span class='ocrx_word' id='word_1_432' title='bbox 186 2559 252 2601; x_wconf 84' lang='lat'>27.</span> <span class='ocrx_word' id='word_1_433' title='bbox 279 2554 505 2601; x_wconf 84' lang='grc' dir='ltr'>πλεονάσαν</span> <span class='ocrx_word' id='word_1_434' title='bbox 531 2551 554 2600; x_wconf 73' lang='grc' dir='ltr'>ὃ</span> <span class='ocrx_word' id='word_1_435' title='bbox 578 2553 770 2611; x_wconf 58' lang='lat' dir='ltr'><strong>&amp;vt-terp„</strong></span> <span class='ocrx_word' id='word_1_436' title='bbox 801 2557 955 2598; x_wconf 70' lang='lat' dir='ltr'><strong>Patavii</strong></span> <span class='ocrx_word' id='word_1_437' title='bbox 980 2558 1323 2609; x_wconf 82' lang='lat' dir='ltr'><strong>emendationem,</strong></span> <span class='ocrx_word' id='word_1_438' title='bbox 1349 2566 1488 2599; x_wconf 85' lang='lat' dir='ltr'><strong>tuetur</strong></span> <span class='ocrx_word' id='word_1_439' title='bbox 1511 2557 1635 2598; x_wconf 87' lang='lat' dir='ltr'><strong>etiam</strong></span> <span class='ocrx_word' id='word_1_440' title='bbox 1657 2559 1774 2608; x_wconf 87' lang='lat' dir='ltr'><strong>Ven.,</strong></span> <span class='ocrx_word' id='word_1_441' title='bbox 1807 2556 1876 2612; x_wconf 90' lang='lat' dir='ltr'>qui</span> <span class='ocrx_word' id='word_1_442' title='bbox 1897 2556 2046 2597; x_wconf 87' lang='lat' dir='ltr'><strong>deinde</strong></span> 
     </span>
     <span class='ocr_line' id='line_1_34' title="bbox 143 2624 2048 2683; baseline -0.002 -10"><span class='ocrx_word' id='word_1_443' title='bbox 143 2627 190 2673; x_wconf 83' lang='grc' dir='ltr'>τὸ</span> <span class='ocrx_word' id='word_1_444' title='bbox 216 2628 257 2672; x_wconf 85' lang='grc' dir='ltr'>ἐν</span> <span class='ocrx_word' id='word_1_445' title='bbox 280 2625 381 2682; x_wconf 62' lang='grc' dir='ltr'>’ἡμῖν</span> <span class='ocrx_word' id='word_1_446' title='bbox 406 2627 490 2682; x_wconf 86' lang='grc' dir='ltr'><strong>λέγ.</strong></span> <span class='ocrx_word' id='word_1_447' title='bbox 522 2625 687 2682; x_wconf 81' lang='grc' dir='ltr'><strong>οἶγαθῷ.</strong></span> <span class='ocrx_word' id='word_1_448' title='bbox 715 2650 772 2658; x_wconf 95' lang='lat'>—</span> <span class='ocrx_word' id='word_1_449' title='bbox 830 2627 942 2668; x_wconf 88' lang='lat' dir='ltr'><strong>Idem</strong></span> <span class='ocrx_word' id='word_1_450' title='bbox 968 2627 992 2667; x_wconf 91' lang='lat' dir='ltr'>l.</span> <span class='ocrx_word' id='word_1_451' title='bbox 1019 2629 1087 2670; x_wconf 77' lang='grc'>28.</span> <span class='ocrx_word' id='word_1_452' title='bbox 1119 2624 1266 2683; x_wconf 78' lang='grc' dir='ltr'>ἄγεται</span> <span class='ocrx_word' id='word_1_453' title='bbox 1303 2626 1422 2672; x_wconf 86' lang='grc' dir='ltr'>πάλιν</span> <span class='ocrx_word' id='word_1_454' title='bbox 1470 2625 1649 2680; x_wconf 83' lang='grc' dir='ltr'>άντιστρ.</span> <span class='ocrx_word' id='word_1_455' title='bbox 1687 2626 1790 2680; x_wconf 73' lang='grc' dir='ltr'>πρὸς</span> <span class='ocrx_word' id='word_1_456' title='bbox 1818 2626 2048 2683; x_wconf 86' lang='grc' dir='ltr'>φαντασίας</span> 
     </span>
     <span class='ocr_line' id='line_1_35' title="bbox 144 2694 2046 2753; baseline -0.001 -11"><span class='ocrx_word' id='word_1_457' title='bbox 144 2701 227 2748; x_wconf 84' lang='grc' dir='ltr'>πᾶς</span> <span class='ocrx_word' id='word_1_458' title='bbox 252 2696 275 2744; x_wconf 79' lang='grc' dir='ltr'>ὁ</span> <span class='ocrx_word' id='word_1_459' title='bbox 304 2694 419 2752; x_wconf 80' lang='grc' dir='ltr'><strong>ἅνθρ.</strong></span> <span class='ocrx_word' id='word_1_460' title='bbox 445 2721 497 2729; x_wconf 89' lang='grc'><strong>-</strong></span> <span class='ocrx_word' id='word_1_461' title='bbox 525 2697 552 2739; x_wconf 90' lang='grc'>1.</span> <span class='ocrx_word' id='word_1_462' title='bbox 581 2697 734 2752; x_wconf 84' lang='lat' dir='ltr'><strong>penult.</strong></span> <span class='ocrx_word' id='word_1_463' title='bbox 764 2696 894 2752; x_wconf 92' lang='grc' dir='ltr'>λέγων</span> <span class='ocrx_word' id='word_1_464' title='bbox 926 2698 1040 2738; x_wconf 82' lang='lat' dir='ltr'><strong>deest</strong></span> <span class='ocrx_word' id='word_1_465' title='bbox 1068 2698 1108 2738; x_wconf 90' lang='lat' dir='ltr'>in</span> <span class='ocrx_word' id='word_1_466' title='bbox 1134 2701 1238 2740; x_wconf 90' lang='lat' dir='ltr'><strong>Ven.</strong></span> <span class='ocrx_word' id='word_1_467' title='bbox 1296 2698 1410 2739; x_wconf 90' lang='lat' dir='ltr'><strong>Idem</strong></span> <span class='ocrx_word' id='word_1_468' title='bbox 1438 2698 1538 2740; x_wconf 86' lang='lat' dir='ltr'><strong>ibid.</strong></span> <span class='ocrx_word' id='word_1_469' title='bbox 1562 2695 1682 2742; x_wconf 80' lang='grc' dir='ltr'>Αύτά</span> <span class='ocrx_word' id='word_1_470' title='bbox 1712 2701 1808 2753; x_wconf 88' lang='grc' dir='ltr'>γοῦν</span> <span class='ocrx_word' id='word_1_471' title='bbox 1831 2711 1906 2752; x_wconf 91' lang='lat' dir='ltr'>pro</span> <span class='ocrx_word' id='word_1_472' title='bbox 1931 2694 2046 2740; x_wconf 80' lang='grc' dir='ltr'>Αύτά</span> 
     </span>
     <span class='ocr_line' id='line_1_36' title="bbox 145 2762 1206 2825; baseline -0.001 -16"><span class='ocrx_word' id='word_1_473' title='bbox 145 2768 239 2825; x_wconf 80' lang='grc' dir='ltr'><strong>γὰρ.</strong></span> <span class='ocrx_word' id='word_1_474' title='bbox 269 2793 322 2800; x_wconf 94' lang='grc'>-</span> <span class='ocrx_word' id='word_1_475' title='bbox 380 2767 408 2809; x_wconf 90' lang='grc'>1.</span> <span class='ocrx_word' id='word_1_476' title='bbox 436 2767 507 2807; x_wconf 89' lang='lat' dir='ltr'>ult.</span> <span class='ocrx_word' id='word_1_477' title='bbox 539 2766 623 2810; x_wconf 77' lang='grc' dir='ltr'>ἔσω</span> <span class='ocrx_word' id='word_1_478' title='bbox 653 2766 836 2821; x_wconf 89' lang='grc' dir='ltr'>λέγοντος</span> <span class='ocrx_word' id='word_1_479' title='bbox 864 2762 1077 2821; x_wconf 81' lang='grc' dir='ltr'>ἄνθρωπον</span> <span class='ocrx_word' id='word_1_480' title='bbox 1109 2770 1206 2809; x_wconf 90' lang='lat' dir='ltr'><strong>Ven.</strong></span> 
     </span>
    </p>

    <p class='ocr_par' dir='ltr' id='par_1_6' title="bbox 130 2835 2048 3314">
     <span class='ocr_line' id='line_1_37' title="bbox 257 2835 2047 2896; baseline -0.002 -14"><span class='ocrx_word' id='word_1_481' title='bbox 257 2841 388 2896; x_wconf 73' lang='lat' dir='ltr'>Pag.</span> <span class='ocrx_word' id='word_1_482' title='bbox 417 2836 543 2882; x_wconf 79' lang='lat'>346.</span> <span class='ocrx_word' id='word_1_483' title='bbox 598 2837 626 2877; x_wconf 82' lang='lat' dir='ltr'>l·</span> <span class='ocrx_word' id='word_1_484' title='bbox 654 2839 687 2878; x_wconf 91' lang='lat'>1.</span> <span class='ocrx_word' id='word_1_485' title='bbox 732 2836 866 2891; x_wconf 77' lang='grc' dir='ltr'>ἕτερον</span> <span class='ocrx_word' id='word_1_486' title='bbox 892 2835 1015 2893; x_wconf 86' lang='grc' dir='ltr'>νόμον</span> <span class='ocrx_word' id='word_1_487' title='bbox 1044 2837 1085 2881; x_wconf 84' lang='grc' dir='ltr'>ἐν</span> <span class='ocrx_word' id='word_1_488' title='bbox 1109 2843 1196 2888; x_wconf 82' lang='grc' dir='ltr'>τοῖς</span> <span class='ocrx_word' id='word_1_489' title='bbox 1221 2838 1366 2893; x_wconf 83' lang='grc' dir='ltr'>μέλεσί</span> <span class='ocrx_word' id='word_1_490' title='bbox 1395 2854 1472 2893; x_wconf 90' lang='grc' dir='ltr'>μου</span> <span class='ocrx_word' id='word_1_491' title='bbox 1500 2835 1678 2892; x_wconf 83' lang='grc' dir='ltr'>άντιστρ.</span> <span class='ocrx_word' id='word_1_492' title='bbox 1709 2846 1831 2893; x_wconf 83' lang='lat' dir='ltr'><strong>auget</strong></span> <span class='ocrx_word' id='word_1_493' title='bbox 1857 2839 1960 2880; x_wconf 88' lang='lat' dir='ltr'>Ven.</span> <span class='ocrx_word' id='word_1_494' title='bbox 1993 2861 2047 2869; x_wconf 92' lang='lat'>—</span> 
     </span>
     <span class='ocr_line' id='line_1_38' title="bbox 130 2905 2043 2964; baseline -0.003 -12"><span class='ocrx_word' id='word_1_495' title='bbox 130 2911 173 2953; x_wconf 79' lang='lat'>—1.</span> <span class='ocrx_word' id='word_1_496' title='bbox 196 2909 235 2951; x_wconf 87' lang='grc'>3.</span> <span class='ocrx_word' id='word_1_497' title='bbox 266 2906 445 2963; x_wconf 85' lang='grc' dir='ltr'>ῥύσηται</span> <span class='ocrx_word' id='word_1_498' title='bbox 466 2909 567 2948; x_wconf 87' lang='lat' dir='ltr'><strong>Ven.</strong></span> <span class='ocrx_word' id='word_1_499' title='bbox 597 2931 654 2938; x_wconf 95' lang='lat'>—</span> <span class='ocrx_word' id='word_1_500' title='bbox 710 2908 737 2948; x_wconf 94' lang='lat' dir='ltr'>l.</span> <span class='ocrx_word' id='word_1_501' title='bbox 762 2907 802 2950; x_wconf 89' lang='lat'>6.</span> <span class='ocrx_word' id='word_1_502' title='bbox 830 2905 905 2961; x_wconf 75' lang='grc' dir='ltr'>τὴν</span> <span class='ocrx_word' id='word_1_503' title='bbox 936 2907 1101 2964; x_wconf 69' lang='grc' dir='ltr'>ψυχὴν,</span> <span class='ocrx_word' id='word_1_504' title='bbox 1130 2918 1225 2950; x_wconf 85' lang='lat' dir='ltr'><strong>ante</strong></span> <span class='ocrx_word' id='word_1_505' title='bbox 1249 2906 1573 2964; x_wconf 82' lang='grc' dir='ltr'>ἐμφαντάζοντοι,</span> <span class='ocrx_word' id='word_1_506' title='bbox 1604 2923 1684 2950; x_wconf 90' lang='lat' dir='ltr'>om.</span> <span class='ocrx_word' id='word_1_507' title='bbox 1707 2910 1809 2949; x_wconf 89' lang='lat' dir='ltr'><strong>Ven.</strong></span> <span class='ocrx_word' id='word_1_508' title='bbox 1841 2932 1895 2939; x_wconf 93' lang='lat'>—-</span> <span class='ocrx_word' id='word_1_509' title='bbox 1951 2908 1978 2948; x_wconf 95' lang='grc'>1.</span> <span class='ocrx_word' id='word_1_510' title='bbox 2002 2908 2043 2952; x_wconf 90' lang='grc'>7.</span> 
     </span>
     <span class='ocr_line' id='line_1_39' title="bbox 147 2973 2048 3036; baseline -0.004 -12"><span class='ocrx_word' id='word_1_511' title='bbox 147 2974 436 3035; x_wconf 88' lang='grc' dir='ltr'>διαλεγόμενος</span> <span class='ocrx_word' id='word_1_512' title='bbox 461 2973 542 3021; x_wconf 80' lang='grc' dir='ltr'>άπὸ</span> <span class='ocrx_word' id='word_1_513' title='bbox 569 2977 684 3021; x_wconf 87' lang='grc' dir='ltr'>ποίου</span> <span class='ocrx_word' id='word_1_514' title='bbox 715 2977 787 3032; x_wconf 82' lang='grc' dir='ltr'>μὲν</span> <span class='ocrx_word' id='word_1_515' title='bbox 814 2979 902 3021; x_wconf 86' lang='grc' dir='ltr'><strong>θαν.</strong></span> <span class='ocrx_word' id='word_1_516' title='bbox 935 2980 1037 3019; x_wconf 90' lang='lat' dir='ltr'><strong>Ven.</strong></span> <span class='ocrx_word' id='word_1_517' title='bbox 1067 3002 1120 3010; x_wconf 90' lang='lat'><strong>—</strong></span> <span class='ocrx_word' id='word_1_518' title='bbox 1177 2980 1203 3019; x_wconf 92' lang='lat' dir='ltr'>l.</span> <span class='ocrx_word' id='word_1_519' title='bbox 1226 2978 1264 3020; x_wconf 88' lang='grc'>8.</span> <span class='ocrx_word' id='word_1_520' title='bbox 1298 2978 1509 3034; x_wconf 82' lang='grc' dir='ltr'>ῥυόμενος,</span> <span class='ocrx_word' id='word_1_521' title='bbox 1541 2976 1795 3036; x_wconf 79' lang='grc' dir='ltr'>Εῦχαριστῶ</span> <span class='ocrx_word' id='word_1_522' title='bbox 1826 2979 1912 3035; x_wconf 86' lang='grc' dir='ltr'>θεῷ</span> <span class='ocrx_word' id='word_1_523' title='bbox 1939 2979 2048 3032; x_wconf 85' lang='lat' dir='ltr'><strong>(sine</strong></span> 
     </span>
     <span class='ocr_line' id='line_1_40' title="bbox 146 3039 2044 3107; baseline 0.001 -17"><span class='ocrx_word' id='word_1_524' title='bbox 146 3043 199 3106; x_wconf 69' lang='grc' dir='ltr'>ἧν</span> <span class='ocrx_word' id='word_1_525' title='bbox 226 3058 268 3090; x_wconf 83' lang='lat' dir='ltr'>et</span> <span class='ocrx_word' id='word_1_526' title='bbox 296 3050 374 3107; x_wconf 82' lang='grc' dir='ltr'>τῷ)</span> <span class='ocrx_word' id='word_1_527' title='bbox 406 3050 508 3089; x_wconf 90' lang='lat' dir='ltr'><strong>Ven.</strong></span> <span class='ocrx_word' id='word_1_528' title='bbox 537 3071 593 3080; x_wconf 90' lang='lat'><em>-</em></span> <span class='ocrx_word' id='word_1_529' title='bbox 647 3048 675 3087; x_wconf 86' lang='lat' dir='ltr'>l.</span> <span class='ocrx_word' id='word_1_530' title='bbox 710 3051 775 3090; x_wconf 88' lang='grc'>10.</span> <span class='ocrx_word' id='word_1_531' title='bbox 815 3039 877 3099; x_wconf 70' lang='grc' dir='ltr'>ὦ,</span> <span class='ocrx_word' id='word_1_532' title='bbox 908 3057 1002 3089; x_wconf 84' lang='lat' dir='ltr'><strong>aute</strong></span> <span class='ocrx_word' id='word_1_533' title='bbox 1026 3044 1296 3103; x_wconf 79' lang='grc' dir='ltr'>Ἀγλαοφῶν,</span> <span class='ocrx_word' id='word_1_534' title='bbox 1339 3049 1455 3090; x_wconf 88' lang='lat' dir='ltr'><strong>deest</strong></span> <span class='ocrx_word' id='word_1_535' title='bbox 1489 3050 1532 3090; x_wconf 84' lang='lat' dir='ltr'>in</span> <span class='ocrx_word' id='word_1_536' title='bbox 1563 3052 1665 3090; x_wconf 90' lang='lat' dir='ltr'><strong>Ven.</strong></span> <span class='ocrx_word' id='word_1_537' title='bbox 1695 3073 1750 3081; x_wconf 93' lang='lat'>—</span> <span class='ocrx_word' id='word_1_538' title='bbox 1806 3049 1834 3091; x_wconf 94' lang='lat' dir='ltr'>l.</span> <span class='ocrx_word' id='word_1_539' title='bbox 1869 3049 1931 3090; x_wconf 84' lang='lat'>12.</span> <span class='ocrx_word' id='word_1_540' title='bbox 1961 3044 2044 3091; x_wconf 79' lang='grc' dir='ltr'>οἷπό</span> 
     </span>
     <span class='ocr_line' id='line_1_41' title="bbox 147 3114 2047 3175; baseline -0.002 -11"><span class='ocrx_word' id='word_1_541' title='bbox 147 3122 218 3164; x_wconf 93' lang='grc' dir='ltr'>τοῦ</span> <span class='ocrx_word' id='word_1_542' title='bbox 256 3120 334 3175; x_wconf 91' lang='grc' dir='ltr'>Χρ.</span> <span class='ocrx_word' id='word_1_543' title='bbox 361 3122 440 3174; x_wconf 82' lang='grc' dir='ltr'>τῆς</span> <span class='ocrx_word' id='word_1_544' title='bbox 471 3118 699 3173; x_wconf 88' lang='grc' dir='ltr'>παρουσίας</span> <span class='ocrx_word' id='word_1_545' title='bbox 724 3118 827 3159; x_wconf 90' lang='lat' dir='ltr'><strong>Ven.</strong></span> <span class='ocrx_word' id='word_1_546' title='bbox 860 3142 910 3149; x_wconf 91' lang='lat'>--</span> <span class='ocrx_word' id='word_1_547' title='bbox 969 3118 995 3158; x_wconf 94' lang='lat'>1.</span> <span class='ocrx_word' id='word_1_548' title='bbox 1029 3117 1090 3160; x_wconf 75' lang='lat'>14.</span> <span class='ocrx_word' id='word_1_549' title='bbox 1131 3120 1250 3162; x_wconf 90' lang='grc' dir='ltr'>τοῦτο</span> <span class='ocrx_word' id='word_1_550' title='bbox 1291 3118 1520 3174; x_wconf 85' lang='grc' dir='ltr'>ἐφθέγγετο</span> <span class='ocrx_word' id='word_1_551' title='bbox 1549 3122 1650 3161; x_wconf 91' lang='lat' dir='ltr'><strong>Ven.</strong></span> <span class='ocrx_word' id='word_1_552' title='bbox 1686 3143 1734 3150; x_wconf 91' lang='lat'>-</span> <span class='ocrx_word' id='word_1_553' title='bbox 1792 3119 1819 3160; x_wconf 91' lang='grc'>1.</span> <span class='ocrx_word' id='word_1_554' title='bbox 1848 3118 1912 3161; x_wconf 89' lang='grc'>18.</span> <span class='ocrx_word' id='word_1_555' title='bbox 1943 3114 2047 3161; x_wconf 82' lang='grc' dir='ltr'>οἷπί-</span> 
     </span>
     <span class='ocr_line' id='line_1_42' title="bbox 152 3183 2047 3244; baseline -0.003 -9"><span class='ocrx_word' id='word_1_556' title='bbox 152 3206 260 3235; x_wconf 89' lang='grc' dir='ltr'>στων</span> <span class='ocrx_word' id='word_1_557' title='bbox 288 3190 360 3234; x_wconf 74' lang='grc' dir='ltr'>καὶ</span> <span class='ocrx_word' id='word_1_558' title='bbox 386 3189 545 3243; x_wconf 82' lang='grc' dir='ltr'>πισταὶ,</span> <span class='ocrx_word' id='word_1_559' title='bbox 575 3188 647 3231; x_wconf 78' lang='grc' dir='ltr'>καὶ</span> <span class='ocrx_word' id='word_1_560' title='bbox 673 3190 775 3230; x_wconf 89' lang='lat' dir='ltr'><strong>Ven.</strong></span> <span class='ocrx_word' id='word_1_561' title='bbox 809 3210 861 3219; x_wconf 88' lang='lat'>—-</span> <span class='ocrx_word' id='word_1_562' title='bbox 891 3188 917 3228; x_wconf 87' lang='lat'>1.</span> <span class='ocrx_word' id='word_1_563' title='bbox 940 3188 1005 3229; x_wconf 90' lang='grc'>21.</span> <span class='ocrx_word' id='word_1_564' title='bbox 1037 3183 1190 3244; x_wconf 72' lang='grc' dir='ltr'>ηὔχετο</span> <span class='ocrx_word' id='word_1_565' title='bbox 1215 3183 1239 3231; x_wconf 75' lang='grc' dir='ltr'>ὃ</span> <span class='ocrx_word' id='word_1_566' title='bbox 1266 3188 1338 3232; x_wconf 78' lang='grc' dir='ltr'>καὶ</span> <span class='ocrx_word' id='word_1_567' title='bbox 1363 3189 1400 3232; x_wconf 78' lang='grc' dir='ltr'>εἰ</span> <span class='ocrx_word' id='word_1_568' title='bbox 1426 3188 1484 3244; x_wconf 79' lang='grc' dir='ltr'><strong>μή</strong></span> <span class='ocrx_word' id='word_1_569' title='bbox 1511 3186 1663 3244; x_wconf 71' lang='grc' dir='ltr'>ἤθελεν</span> <span class='ocrx_word' id='word_1_570' title='bbox 1690 3190 1793 3229; x_wconf 88' lang='lat' dir='ltr'><strong>Ven.</strong></span> <span class='ocrx_word' id='word_1_571' title='bbox 1823 3190 1963 3230; x_wconf 90' lang='lat' dir='ltr'><strong>Recte.</strong></span> <span class='ocrx_word' id='word_1_572' title='bbox 1992 3213 2047 3221; x_wconf 88' lang='lat'>—</span> 
     </span>
     <span class='ocr_line' id='line_1_43' title="bbox 148 3255 2047 3314; baseline -0.001 -12"><span class='ocrx_word' id='word_1_573' title='bbox 148 3262 175 3303; x_wconf 81' lang='lat'>1.</span> <span class='ocrx_word' id='word_1_574' title='bbox 201 3261 266 3304; x_wconf 92' lang='grc'>27.</span> <span class='ocrx_word' id='word_1_575' title='bbox 313 3257 488 3314; x_wconf 88' lang='grc' dir='ltr'>ἐρύσατο</span> <span class='ocrx_word' id='word_1_576' title='bbox 525 3261 626 3300; x_wconf 90' lang='lat' dir='ltr'><strong>Ven.</strong></span> <span class='ocrx_word' id='word_1_577' title='bbox 685 3260 748 3299; x_wconf 84' lang='lat' dir='ltr'><strong>Ita</strong></span> <span class='ocrx_word' id='word_1_578' title='bbox 786 3273 906 3312; x_wconf 87' lang='lat' dir='ltr'><strong>supra</strong></span> <span class='ocrx_word' id='word_1_579' title='bbox 951 3259 1036 3298; x_wconf 85' lang='lat' dir='ltr'>Bas.</span> <span class='ocrx_word' id='word_1_580' title='bbox 1081 3255 1255 3311; x_wconf 85' lang='grc' dir='ltr'>ἐρύοντο.</span> <span class='ocrx_word' id='word_1_581' title='bbox 1287 3281 1343 3289; x_wconf 89' lang='grc'>--</span> <span class='ocrx_word' id='word_1_582' title='bbox 1397 3259 1426 3300; x_wconf 94' lang='lat' dir='ltr'>l.</span> <span class='ocrx_word' id='word_1_583' title='bbox 1454 3260 1492 3302; x_wconf 95' lang='lat'>7.</span> <span class='ocrx_word' id='word_1_584' title='bbox 1522 3260 1573 3300; x_wconf 92' lang='lat' dir='ltr'>ab</span> <span class='ocrx_word' id='word_1_585' title='bbox 1598 3259 1674 3300; x_wconf 81' lang='lat' dir='ltr'>inf.</span> <span class='ocrx_word' id='word_1_586' title='bbox 1719 3257 1921 3313; x_wconf 80' lang='grc' dir='ltr'>σώματα,</span> <span class='ocrx_word' id='word_1_587' title='bbox 1950 3268 2047 3300; x_wconf 86' lang='lat' dir='ltr'><strong>ante</strong></span> 
     </span>
    </p>
   </div>
   <div class='ocr_carea' id='block_1_3' title="bbox 148 3325 2122 3386">
    <p class='ocr_par' dir='ltr' id='par_1_7' title="bbox 148 3325 2122 3386">
     <span class='ocr_line' id='line_1_44' title="bbox 148 3325 2122 3386; baseline -0.003 -10"><span class='ocrx_word' id='word_1_588' title='bbox 148 3328 297 3386; x_wconf 68' lang='grc' dir='ltr'>ημῶν,</span> <span class='ocrx_word' id='word_1_589' title='bbox 330 3345 410 3371; x_wconf 89' lang='lat' dir='ltr'><strong>om.</strong></span> <span class='ocrx_word' id='word_1_590' title='bbox 451 3332 549 3372; x_wconf 91' lang='lat' dir='ltr'><strong>Ven.</strong></span> <span class='ocrx_word' id='word_1_591' title='bbox 581 3353 635 3360; x_wconf 89' lang='lat'>-</span> <span class='ocrx_word' id='word_1_592' title='bbox 690 3329 719 3369; x_wconf 93' lang='lat' dir='ltr'>l.</span> <span class='ocrx_word' id='word_1_593' title='bbox 742 3329 782 3371; x_wconf 85' lang='lat'>5.</span> <span class='ocrx_word' id='word_1_594' title='bbox 816 3329 866 3369; x_wconf 86' lang='lat' dir='ltr'>ab</span> <span class='ocrx_word' id='word_1_595' title='bbox 892 3328 968 3370; x_wconf 80' lang='lat' dir='ltr'>inf.</span> <span class='ocrx_word' id='word_1_596' title='bbox 996 3326 1135 3382; x_wconf 65' lang='grc' dir='ltr'>ἡμῶν,</span> <span class='ocrx_word' id='word_1_597' title='bbox 1162 3336 1259 3382; x_wconf 90' lang='lat' dir='ltr'><strong>post</strong></span> <span class='ocrx_word' id='word_1_598' title='bbox 1289 3325 1479 3382; x_wconf 81' lang='grc' dir='ltr'>σώματι,</span> <span class='ocrx_word' id='word_1_599' title='bbox 1523 3343 1602 3369; x_wconf 88' lang='lat' dir='ltr'><strong>om.</strong></span> <span class='ocrx_word' id='word_1_600' title='bbox 1633 3331 1736 3369; x_wconf 89' lang='lat' dir='ltr'><strong>Ven.</strong></span> <span class='ocrx_word' id='word_1_601' title='bbox 1767 3353 1818 3359; x_wconf 96' lang='lat'><strong>—</strong></span> <span class='ocrx_word' id='word_1_602' title='bbox 1877 3329 1903 3370; x_wconf 89' lang='lat' dir='ltr'>J.</span> <span class='ocrx_word' id='word_1_603' title='bbox 1925 3327 1964 3370; x_wconf 75' lang='lat'>4.</span> <span class='ocrx_word' id='word_1_604' title='bbox 1995 3330 2046 3370; x_wconf 91' lang='lat' dir='ltr'>ab</span> <span class='ocrx_word' id='word_1_605' title='bbox 2118 3340 2122 3344; x_wconf 83' lang='grc'><em>“</em></span> 
     </span>
    </p>
   </div>
   <div class='ocr_carea' id='block_1_4' title="bbox 151 3392 2046 3878">
    <p class='ocr_par' dir='ltr' id='par_1_8' title="bbox 151 3392 2045 3524">
     <span class='ocr_line' id='line_1_45' title="bbox 151 3392 2045 3456; baseline 0.001 -14"><span class='ocrx_word' id='word_1_606' title='bbox 151 3403 225 3443; x_wconf 86' lang='lat' dir='ltr'>inf.</span> <span class='ocrx_word' id='word_1_607' title='bbox 267 3399 395 3456; x_wconf 86' lang='grc' dir='ltr'>νόμου</span> <span class='ocrx_word' id='word_1_608' title='bbox 436 3415 516 3442; x_wconf 91' lang='lat' dir='ltr'>om.</span> <span class='ocrx_word' id='word_1_609' title='bbox 551 3402 638 3440; x_wconf 84' lang='lat' dir='ltr'>Bas.</span> <span class='ocrx_word' id='word_1_610' title='bbox 698 3399 800 3439; x_wconf 88' lang='lat' dir='ltr'><strong>Ibid.</strong></span> <span class='ocrx_word' id='word_1_611' title='bbox 844 3396 1021 3453; x_wconf 81' lang='grc' dir='ltr'>ἐξαφθὲν</span> <span class='ocrx_word' id='word_1_612' title='bbox 1064 3392 1086 3440; x_wconf 80' lang='grc' dir='ltr'>ὃ</span> <span class='ocrx_word' id='word_1_613' title='bbox 1126 3394 1365 3451; x_wconf 82' lang='grc' dir='ltr'>οἷσθενῆσαν</span> <span class='ocrx_word' id='word_1_614' title='bbox 1396 3422 1446 3429; x_wconf 95' lang='grc'><strong>-</strong></span> <span class='ocrx_word' id='word_1_615' title='bbox 1476 3422 1524 3429; x_wconf 86' lang='lat'>—-</span> <span class='ocrx_word' id='word_1_616' title='bbox 1553 3397 1818 3455; x_wconf 85' lang='grc' dir='ltr'>ἐπεχώννυτο.</span> <span class='ocrx_word' id='word_1_617' title='bbox 1876 3397 1939 3442; x_wconf 65' lang='lat' dir='ltr'>T&amp;</span> <span class='ocrx_word' id='word_1_618' title='bbox 1965 3397 2045 3454; x_wconf 80' lang='grc' dir='ltr'>γάρ</span> 
     </span>
     <span class='ocr_line' id='line_1_46' title="bbox 153 3467 947 3524; baseline -0.004 -12"><span class='ocrx_word' id='word_1_619' title='bbox 153 3474 256 3515; x_wconf 91' lang='lat' dir='ltr'><strong>Ven.</strong></span> <span class='ocrx_word' id='word_1_620' title='bbox 285 3497 340 3503; x_wconf 89' lang='lat'><strong>—</strong></span> <span class='ocrx_word' id='word_1_621' title='bbox 397 3471 509 3512; x_wconf 90' lang='lat' dir='ltr'><strong>Idem</strong></span> <span class='ocrx_word' id='word_1_622' title='bbox 535 3472 563 3512; x_wconf 93' lang='lat' dir='ltr'>l.</span> <span class='ocrx_word' id='word_1_623' title='bbox 596 3471 667 3512; x_wconf 84' lang='lat' dir='ltr'>ult.</span> <span class='ocrx_word' id='word_1_624' title='bbox 696 3467 947 3524; x_wconf 66' lang='grc' dir='ltr'>ἡττώμενος.</span> 
     </span>
    </p>

    <p class='ocr_par' dir='ltr' id='par_1_9' title="bbox 153 3534 2046 3878">
     <span class='ocr_line' id='line_1_47' title="bbox 265 3534 2046 3599; baseline -0.003 -12"><span class='ocrx_word' id='word_1_625' title='bbox 265 3544 395 3599; x_wconf 70' lang='lat' dir='ltr'>Pag.</span> <span class='ocrx_word' id='word_1_626' title='bbox 425 3543 551 3587; x_wconf 75' lang='lat'>348.</span> <span class='ocrx_word' id='word_1_627' title='bbox 605 3542 632 3582; x_wconf 91' lang='grc'>1.</span> <span class='ocrx_word' id='word_1_628' title='bbox 658 3542 692 3582; x_wconf 90' lang='grc'>1.</span> <span class='ocrx_word' id='word_1_629' title='bbox 727 3534 891 3594; x_wconf 81' lang='grc' dir='ltr'>σώματι</span> <span class='ocrx_word' id='word_1_630' title='bbox 917 3537 940 3582; x_wconf 80' lang='lat'>0‘</span> <span class='ocrx_word' id='word_1_631' title='bbox 970 3537 1095 3590; x_wconf 79' lang='grc' dir='ltr'>θεὸς,</span> <span class='ocrx_word' id='word_1_632' title='bbox 1128 3546 1172 3578; x_wconf 86' lang='lat' dir='ltr'>ut</span> <span class='ocrx_word' id='word_1_633' title='bbox 1202 3538 1354 3578; x_wconf 86' lang='lat' dir='ltr'><strong>editum</strong></span> <span class='ocrx_word' id='word_1_634' title='bbox 1385 3546 1471 3587; x_wconf 86' lang='lat' dir='ltr'><strong>est,</strong></span> <span class='ocrx_word' id='word_1_635' title='bbox 1502 3538 1627 3579; x_wconf 87' lang='lat' dir='ltr'><strong>habet</strong></span> <span class='ocrx_word' id='word_1_636' title='bbox 1656 3541 1756 3580; x_wconf 89' lang='lat' dir='ltr'><strong>Ven.</strong></span> <span class='ocrx_word' id='word_1_637' title='bbox 1815 3540 1929 3581; x_wconf 89' lang='lat' dir='ltr'><strong>Idem</strong></span> <span class='ocrx_word' id='word_1_638' title='bbox 1954 3541 1983 3581; x_wconf 87' lang='lat'>1.</span> <span class='ocrx_word' id='word_1_639' title='bbox 2006 3542 2046 3583; x_wconf 93' lang='grc'>2.</span> 
     </span>
     <span class='ocr_line' id='line_1_48' title="bbox 153 3607 2045 3668; baseline -0.001 -13"><span class='ocrx_word' id='word_1_640' title='bbox 153 3613 209 3668; x_wconf 77' lang='grc' dir='ltr'>τῇ</span> <span class='ocrx_word' id='word_1_641' title='bbox 240 3611 363 3666; x_wconf 77' lang='grc' dir='ltr'>σαρκὶ</span> <span class='ocrx_word' id='word_1_642' title='bbox 389 3612 468 3667; x_wconf 82' lang='grc' dir='ltr'>τῆς</span> <span class='ocrx_word' id='word_1_643' title='bbox 496 3609 701 3666; x_wconf 75' lang='grc' dir='ltr'>ἁμαρτίας</span> <span class='ocrx_word' id='word_1_644' title='bbox 730 3608 877 3664; x_wconf 89' lang='grc' dir='ltr'><strong>σάρκα.</strong></span> <span class='ocrx_word' id='word_1_645' title='bbox 907 3633 957 3640; x_wconf 93' lang='grc'><strong>-</strong></span> <span class='ocrx_word' id='word_1_646' title='bbox 1017 3610 1043 3649; x_wconf 92' lang='grc'>1.</span> <span class='ocrx_word' id='word_1_647' title='bbox 1070 3611 1109 3650; x_wconf 88' lang='lat'>5.</span> <span class='ocrx_word' id='word_1_648' title='bbox 1140 3610 1275 3650; x_wconf 81' lang='lat' dir='ltr'><strong>Verba</strong></span> <span class='ocrx_word' id='word_1_649' title='bbox 1311 3609 1391 3662; x_wconf 81' lang='grc' dir='ltr'>τῆς</span> <span class='ocrx_word' id='word_1_650' title='bbox 1417 3607 1573 3662; x_wconf 81' lang='grc' dir='ltr'>σαρκὸς</span> <span class='ocrx_word' id='word_1_651' title='bbox 1600 3611 1912 3662; x_wconf 81' lang='grc' dir='ltr'>περιπατοῦσιν,</span> <span class='ocrx_word' id='word_1_652' title='bbox 1941 3607 2045 3655; x_wconf 84' lang='grc' dir='ltr'>άλλά</span> 
     </span>
     <span class='ocr_line' id='line_1_49' title="bbox 155 3675 2044 3736; baseline -0.002 -10"><span class='ocrx_word' id='word_1_653' title='bbox 155 3699 194 3726; x_wconf 87' lang='grc' dir='ltr'>κ.</span> <span class='ocrx_word' id='word_1_654' title='bbox 220 3698 257 3726; x_wconf 90' lang='grc' dir='ltr'>τ.</span> <span class='ocrx_word' id='word_1_655' title='bbox 284 3682 501 3736; x_wconf 85' lang='grc' dir='ltr'>ἐπιθυμίαν</span> <span class='ocrx_word' id='word_1_656' title='bbox 526 3697 605 3723; x_wconf 92' lang='lat' dir='ltr'>om.</span> <span class='ocrx_word' id='word_1_657' title='bbox 630 3684 731 3724; x_wconf 91' lang='lat' dir='ltr'><strong>Ven.</strong></span> <span class='ocrx_word' id='word_1_658' title='bbox 763 3704 813 3711; x_wconf 90' lang='lat'>—</span> <span class='ocrx_word' id='word_1_659' title='bbox 870 3680 897 3721; x_wconf 91' lang='lat' dir='ltr'>l.</span> <span class='ocrx_word' id='word_1_660' title='bbox 924 3680 987 3722; x_wconf 90' lang='lat'>12.</span> <span class='ocrx_word' id='word_1_661' title='bbox 1020 3680 1169 3734; x_wconf 78' lang='grc' dir='ltr'>ῥητῶν,</span> <span class='ocrx_word' id='word_1_662' title='bbox 1200 3686 1297 3734; x_wconf 87' lang='lat' dir='ltr'><strong>post</strong></span> <span class='ocrx_word' id='word_1_663' title='bbox 1320 3675 1564 3733; x_wconf 73' lang='grc' dir='ltr'>ἀποστόλου,</span> <span class='ocrx_word' id='word_1_664' title='bbox 1595 3694 1673 3720; x_wconf 89' lang='lat' dir='ltr'><strong>om.</strong></span> <span class='ocrx_word' id='word_1_665' title='bbox 1700 3682 1802 3721; x_wconf 90' lang='lat' dir='ltr'><strong>Ven.</strong></span> <span class='ocrx_word' id='word_1_666' title='bbox 1834 3706 1884 3712; x_wconf 92' lang='lat'>—</span> <span class='ocrx_word' id='word_1_667' title='bbox 1942 3681 2044 3723; x_wconf 89' lang='lat' dir='ltr'><strong>Ibid.</strong></span> 
     </span>
     <span class='ocr_line' id='line_1_50' title="bbox 157 3747 2045 3808; baseline 0.002 -15"><span class='ocrx_word' id='word_1_668' title='bbox 157 3753 248 3793; x_wconf 92' lang='lat' dir='ltr'><strong>dele</strong></span> <span class='ocrx_word' id='word_1_669' title='bbox 278 3767 435 3793; x_wconf 81' lang='lat' dir='ltr'><strong>comma</strong></span> <span class='ocrx_word' id='word_1_670' title='bbox 464 3761 558 3806; x_wconf 90' lang='lat' dir='ltr'><strong>post</strong></span> <span class='ocrx_word' id='word_1_671' title='bbox 587 3750 906 3808; x_wconf 82' lang='grc' dir='ltr'>προβάλλονται,</span> <span class='ocrx_word' id='word_1_672' title='bbox 938 3758 980 3790; x_wconf 85' lang='lat' dir='ltr'>et</span> <span class='ocrx_word' id='word_1_673' title='bbox 1005 3750 1160 3790; x_wconf 86' lang='lat' dir='ltr'>colloca</span> <span class='ocrx_word' id='word_1_674' title='bbox 1189 3758 1282 3803; x_wconf 89' lang='lat' dir='ltr'><strong>post</strong></span> <span class='ocrx_word' id='word_1_675' title='bbox 1310 3748 1457 3803; x_wconf 80' lang='grc' dir='ltr'><strong>ῥητῶν.</strong></span> <span class='ocrx_word' id='word_1_676' title='bbox 1517 3749 1629 3790; x_wconf 88' lang='lat' dir='ltr'><strong>Idem</strong></span> <span class='ocrx_word' id='word_1_677' title='bbox 1653 3750 1679 3791; x_wconf 91' lang='lat' dir='ltr'>l.</span> <span class='ocrx_word' id='word_1_678' title='bbox 1710 3751 1772 3793; x_wconf 90' lang='grc'>13.</span> <span class='ocrx_word' id='word_1_679' title='bbox 1803 3747 1879 3795; x_wconf 83' lang='grc' dir='ltr'>ούκ</span> <span class='ocrx_word' id='word_1_680' title='bbox 1905 3749 2045 3806; x_wconf 71' lang='grc' dir='ltr'>ὀρθῶς</span> 
     </span>
     <span class='ocr_line' id='line_1_51' title="bbox 158 3816 2044 3878; baseline 0 -12"><span class='ocrx_word' id='word_1_681' title='bbox 158 3818 282 3866; x_wconf 72' lang='grc' dir='ltr'>αὐτὸν</span> <span class='ocrx_word' id='word_1_682' title='bbox 305 3819 435 3878; x_wconf 83' lang='grc' dir='ltr'><strong>ἐξηγ.,</strong></span> <span class='ocrx_word' id='word_1_683' title='bbox 468 3822 696 3878; x_wconf 84' lang='grc' dir='ltr'>σαφηνείας</span> <span class='ocrx_word' id='word_1_684' title='bbox 721 3821 836 3877; x_wconf 79' lang='grc' dir='ltr'><strong>ἔφην.</strong></span> <span class='ocrx_word' id='word_1_685' title='bbox 862 3845 913 3852; x_wconf 93' lang='grc'>-</span> <span class='ocrx_word' id='word_1_686' title='bbox 953 3820 979 3862; x_wconf 89' lang='lat' dir='ltr'>l.</span> <span class='ocrx_word' id='word_1_687' title='bbox 1005 3817 1066 3862; x_wconf 78' lang='lat'>14.</span> <span class='ocrx_word' id='word_1_688' title='bbox 1095 3818 1198 3874; x_wconf 81' lang='grc' dir='ltr'>πρὸς</span> <span class='ocrx_word' id='word_1_689' title='bbox 1223 3816 1299 3868; x_wconf 88' lang='grc' dir='ltr'>τάς</span> <span class='ocrx_word' id='word_1_690' title='bbox 1322 3817 1465 3874; x_wconf 80' lang='grc' dir='ltr'>ἑτέρας</span> <span class='ocrx_word' id='word_1_691' title='bbox 1490 3821 1595 3862; x_wconf 87' lang='lat' dir='ltr'><strong>Ven.</strong></span> <span class='ocrx_word' id='word_1_692' title='bbox 1652 3820 1765 3862; x_wconf 89' lang='lat' dir='ltr'><strong>Idem</strong></span> <span class='ocrx_word' id='word_1_693' title='bbox 1792 3822 1899 3867; x_wconf 83' lang='grc'><strong>1.15.</strong></span> <span class='ocrx_word' id='word_1_694' title='bbox 1929 3817 2044 3877; x_wconf 68' lang='grc' dir='ltr'>εὕρο-</span> 
     </span>
    </p>
   </div>
  </div>
 </body>
</html>
