2508 4134
469 266 572 316 600
1046 271 1318 313 ADDENDA
1346 272 1421 313 ET
1453 270 1824 313 coRRmENDA.

582 373 715 429 Pag.
740 373 868 417 120.
923 371 950 412 l.
987 370 1050 413 11.
1082 367 1358 425 διηγούμενος
1384 371 1487 412 ven.
1518 395 1576 403 —
1632 371 1659 412 l.
1688 369 1946 426 antepenult.
1974 371 2217 427 διαφέρεται
2245 373 2359 415 ven.

582 442 714 500 Ραδ-
733 443 862 486 122.
916 441 947 482 1.
973 440 1013 483 8.
1044 439 1311 496 Σιμωνιανός
1337 441 1496 497 γίνεται
1520 444 1625 484 Ven.
1655 465 1710 473 —
1766 442 1793 482 l.
1827 442 1891 484 10.
1921 438 2090 498 ειῖαγῶς
2120 443 2249 484 habet
2276 443 2403 485 etiam

463 514 570 554 Ven.
605 535 657 543 —
729 511 832 552 Ibid.
862 511 904 555 ἐν
929 508 1072 561 αὐτοῖς
1099 513 1175 566 <92²5-
1203 527 1238 555 τ.
1270 515 1310 557 δ.
1341 510 1609 568 ἐργασαμένη
1634 514 1738 554 Ven.
1769 536 1825 542 —
1882 512 1910 552 l.
1938 513 2001 553 11.
2029 513 2225 569 κωμικῆς
2252 511 2400 570 ὖπαρχ.

467 585 570 626 Ven.
602 607 660 613 —
716 582 745 623 l.
765 583 826 624 15.
869 577 1105 631 Ἰουδαίους
1128 584 1234 625 ven.
1266 606 1322 613 —
1380 583 1408 623 l.
1436 582 1692 638 antepenult.
1735 583 1908 636 Repone
1939 596 1990 622 ex
2022 584 2183 625 Veneto
2209 583 2403 641 παρέχειν

468 651 769 710 λογισάμενος,
813 650 966 698 δώσειν
992 650 1146 707 πολλὴν
1185 650 1234 697 δὲ
1262 649 1368 698 ἀντὶ.
1400 677 1454 685 -
1511 654 1539 696 l.
1568 653 1644 694 ult.
1673 651 1951 707 ἐπικερδῆσαι
1979 661 2044 694 est
2073 653 2198 695 etiam
2225 654 2268 696 in
2299 656 2403 697 Ven.

580 725 715 782 Pag.
736 725 864 768 124.
920 724 949 764 1.
968 724 1008 765 2.
1041 721 1334 778 δαιμονιάδους
1359 726 1450 765 Bas.
1476 748 1529 754 --
1586 724 1616 765 l.
1631 723 1671 766 3.
1703 722 1927 778 δαιμονίων
1950 725 2054 765 ven.
2082 748 2140 756 —
2195 725 2224 767 l.
2243 722 2285 767 4.
2315 724 2405 769 ἐπι-

470 792 739 849 δεικνύμενος
763 795 868 837 Ven.
900 819 953 825 -—
1010 794 1126 836 1.10.
1155 796 1235 835 Pro
1267 791 1290 838 ὁ
1317 791 1507 850 ἀγύρτης
1541 795 1583 834 in
1613 796 1700 834 Bas.
1740 790 1950 849 οἶγύρτοις.
2007 796 2088 836 Pro
2124 793 2404 850 παρενεποιῆ-

471 881 574 909 σατο
614 867 766 908 Venet.
807 864 981 920 praebet
1017 864 1342 920 παρεποιησατο.
1374 889 1426 895 -
1485 864 1597 906 l.11.
1645 865 1817 919 Repone
1849 861 2112 921 (ὁρμωμένην
2149 880 2200 906 ex
2227 869 2319 908 Bas.
2349 889 2404 899 --

466 938 495 979 1.
517 937 581 980 18.
623 936 764 979 λαὲτῶν
802 951 873 990 μοι
909 933 986 984 τάς
1013 937 1117 977 Ven.
1150 960 1204 967 —
1262 936 1377 977 1.21.
1419 936 1590 989 Repone
1630 933 1791 988 ἐκείνην
1830 943 1927 990 post
1958 933 2148 991 Ἑλένην.
2176 959 2233 970 —-·
2288 937 2319 978 1.
2334 935 2405 980 26.

469 1005 629 1062 οἶστρον
654 1007 783 1048 habet
806 1006 931 1047 etiam
959 1007 1064 1047 Ven.
1095 1030 1147 1037 -
1205 1006 1232 1046 l.
1250 1006 1319 1049 30.
1349 1003 1524 1054 ἑαυτοὺς
1551 1004 1611 1054 εἰς
1635 1003 1810 1055 ἓαυτοῦς
1837 1007 1941 1048 ven.
1968 1030 2022 1038 —
2080 1007 2109 1048 l.
2126 1006 2194 1049 31.
2225 1006 2286 1056 εἰς
2310 1005 2407 1050 ἑαυ-

467 1076 568 1128 τοῦς
597 1080 701 1122 Ven.
730 1102 774 1109 —
846 1077 876 1118 l.
903 1076 972 1119 32.
1002 1075 1256 1132 συνεγίνοντο
1286 1078 1391 1118 ven.
1421 1100 1476 1108 —-
1534 1077 1562 1118 l.
1581 1075 1622 1119 6.
1650 1076 1702 1117 ab
1731 1076 1856 1119 infer.
1905 1077 2039 1132 Verba
2079 1078 2273 1133 θηλυκῆς
2310 1076 2407 1135 σχέ-

469 1164 604 1201 σεως,
637 1163 813 1204 μεταγγ.
845 1144 982 1202 αὐτῆς
1011 1142 1093 1191 οἷπό
1129 1161 1167 1189 σ.
1198 1148 1238 1191 ὃ.
1271 1147 1331 1196 εἰς
1360 1146 1649 1188 desiderantur
1676 1147 1720 1188 in
1750 1148 1855 1190 Ven.

584 1221 718 1278 Pag.
740 1221 869 1264 126.
925 1217 952 1259 l.
973 1217 1013 1260 8.
1042 1218 1122 1273 τῆς
1145 1216 1365 1273 λαμπάδος
1390 1219 1490 1260 ven.
1524 1242 1580 1249 —
1636 1218 1665 1260 l.
1685 1215 1725 1261 9.
1755 1218 1904 1274 δώριον
1929 1220 2036 1261 ven.
2068 1242 2123 1252 -
2178 1219 2206 1261 l.
2232 1220 2295 1262 11.
2324 1221 2408 1264 τῶν

469 1337 606 1387 θεῶν,
652 1333 727 1377 καὶ
767 1330 828 1382 ὤς
867 1334 971 1374 ven.
1001 1355 1057 1362 -—
1115 1331 1227 1374 l.17.
1272 1313 1567 1389 Ἐνδύσασὲῐοῗι
1605 1331 1677 1386 (ab
1708 1331 1853 1373 eadem
1882 1333 1959 1389 m.)
1988 1334 2093 1375 Ven.
2125 1357 2180 1364 —
2237 1333 2266 1374 l.
2283 1332 2326 1376 9.
2356 1333 2408 1375 ab

467 1406 545 1448 inf.
575 1403 734 1459 ταύτην
763 1403 805 1447 ἐν
835 1404 939 1447 εἴδει
966 1403 1068 1443 Ven.
1098 1403 1241 1442 Recte.
1271 1425 1325 1433 -—
1382 1402 1410 1443 1.
1433 1402 1473 1444 8.
1503 1403 1555 1443 ab
1582 1402 1705 1443 infer.
1744 1401 1904 1453 ταύτας
1938 1401 2035 1458 παρ’
2065 1399 2194 1448 αὐτοῦ
2219 1405 2323 1446 Ven.
2353 1428 2410 1437 —

467 1478 496 1519 l.
519 1474 558 1519 4.
589 1477 641 1517 ab
668 1475 792 1515 inser.
824 1472 1150 1514 Rescribendum
1180 1473 1369 1527 suspicor
1395 1470 1466 1517 διὰ
1488 1474 1571 1517 τῶν
1597 1468 1690 1516 κατ’
1720 1469 1896 1529 έὲἳισμόν
1926 1470 2068 1519 αὐτῶν
2095 1473 2323 1530 έμμηνίων.
2355 1499 2406 1506 —-

468 1548 496 1591 1.
526 1547 600 1588 ult.
644 1546 878 1602 βδελλυρᾶνἸ
913 1546 1014 1586 ven.
1078 1545 1237 1585 Graeca
1272 1544 1468 1595 Nicetae,
1513 1559 1618 1600 quae
1646 1544 1766 1585 attuli
1794 1545 1836 1585 in
1862 1553 2007 1587 annot.
2038 1532 2089 1587 ex
2114 1545 2282 1588 Morelli
2309 1559 2410 1587 ver-

468 1620 586 1660 sione
612 1617 790 1666 Latina,
835 1615 961 1658 verba
987 1615 1091 1656 haec
1117 1623 1234 1655 sunt:
1276 1612 1327 1657 Ὁ
1359 1612 1397 1659 δ’
1425 1610 1556 1664 αὐτὸς
1581 1614 1654 1659 καὶ
1681 1613 1894 1671 μυστήρια
1919 1612 2092 1672 άπάσης
2117 1615 2412 1673 αἰσχρουργίας

469 1686 713 1745 ἀνάμεστα,
758 1686 831 1731 καὶ
860 1683 962 1742 μηδ’
999 1682 1232 1740 ἀνθρώπων
1273 1685 1490 1741 γλώσσαις
1519 1687 1738 1730 λαλεῖσθαι
1766 1685 2002 1742 δυνάμενα,
2044 1692 2131 1737 τοῖς
2152 1687 2412 1742 πειθομένοις

469 1757 673 1809 ὖπέῇετο,
704 1753 882 1813 οἷνδρᾶσι
913 1755 986 1812 μὲν
1017 1754 1089 1801 διὰ
1113 1757 1199 1800 τῶν
1223 1753 1480 1812 άπορροιῶν,
1510 1756 1672 1813 γυναιξὶ
1698 1755 1746 1802 δὲ
1770 1755 1842 1802 διὰ
1868 1758 1951 1802 τῶν
1977 1755 2177 1818 ἐμμήνων
2193 1790 2206 1809 ,
2235 1757 2310 1803 καὶ
2333 1757 2411 1814 την

469 1828 666 1886 τοιαύτην
695 1826 1006 1885 μυσαρωτάτην
1039 1827 1337 1883 μυσταγωγίαν
1367 1829 1520 1883 γνῶσιν
1552 1825 1770 1883 ὠνόμαζεν
1803 1826 1825 1873 ὁ
1857 1824 2038 1879 άνόσιος.

583 1903 716 1959 Pag.
740 1898 868 1945 128.
925 1899 952 1940 l.
986 1900 1021 1960 1.
1054 1893 1175 1948 οὗτος
1201 1914 1277 1955 pro
1310 1896 1332 1943 ὁ
1359 1895 1491 1948 αὖτός
1518 1901 1621 1942 ven.
1649 1923 1705 1930 -
1761 1900 1789 1941 l.
1810 1900 1849 1942 3.
1884 1902 1965 1942 Pro
1992 1899 2154 1951 τούτοις
2176 1900 2240 1943 ed.
2270 1902 2409 1943 Petav.

474 1972 622 2015 Colon.
664 1980 798 2027 repet.
838 1971 989 2013 vitiose
1028 1965 1215 2020 τούτους.
1245 1993 1300 2001 -
1358 1971 1386 2011 l.
1405 1971 1444 2012 5.
1473 1971 1536 2027 τῷ
1567 1970 1695 2011 habet
1726 1971 1850 2011 etiam
1877 1973 1981 2012 Ven.
2009 1996 2065 2018 —÷
2121 1971 2148 2012 l.
2168 1971 2207 2014 6.
2240 1972 2410 2027 Con-ige

471 2041 579 2089 εἷναί
602 2058 663 2086 τε.
687 2066 744 2075 -
802 2042 827 2083 1.
856 2040 894 2084 9.
927 2041 1001 2085 καὶ
1025 2039 1183 2084 τούτων
1212 2041 1249 2084 εἰ
1278 2039 1349 2085 διὰ
1367 2041 1458 2096 ’τῆς
1486 2038 1615 2084 αὐτοῦ
1642 2038 1804 2096 πλάνης
1829 2039 2030 2097 γνώσεως
2055 2044 2160 2084 Ven.
2182 2067 2238 2074 —
2293 2042 2322 2083 l.
2344 2042 2407 2086 17.

468 2113 540 2159 τὸν
566 2115 696 2156 habet
723 2113 848 2154 etiam
875 2115 979 2154 Ven.
1003 2137 1061 2143 —
1118 2112 1223 2153 Ibid.
1251 2110 1451 2169 ὑπάρχειν
1477 2127 1554 2168 pro
1586 2109 1752 2168 ιῖπέχειν
1778 2113 1882 2155 Ven.
1908 2136 1961 2143 —-
2019 2113 2048 2153 l.
2069 2112 2121 2155 19
2145 2121 2189 2154 et
2210 2113 2280 2154 20.
2310 2127 2408 2167 πορ-

469 2186 594 2230 νίδιον
619 2186 756 2227 firmat
791 2185 916 2236 etiam
942 2185 1047 2226 Ven.
1080 2208 1135 2214 —
1191 2183 1221 2224 1.
1242 2184 1310 2225 20.
1353 2179 1538 2239 φησάτω
1575 2182 1693 2224 abest
1731 2197 1754 2222 a
1785 2184 1886 2223 Ven.
1919 2207 1970 2214 —
2029 2183 2058 2225 l.
2082 2185 2150 2226 21.
2194 2182 2409 2239 ἐφηύρατο

471 2258 609 2300 firmat
638 2259 743 2299 Ven.
783 2270 961 2312 quoque.
1022 2257 1127 2295 Item
1166 2254 1294 2310 paulo
1328 2263 1425 2309 post
1458 2253 1498 2298 έν
1527 2251 1681 2310 χρόνῳ.
1716 2277 1766 2284 -
1827 2253 1853 2294 l.
1879 2253 1947 2297 23.
1989 2251 2036 2298 τὸ
2068 2254 2190 2311 χρέος
2217 2256 2325 2297 ven.
2359 2278 2411 2286 --

469 2329 500 2370 1.
519 2326 589 2371 24.
632 2326 754 2372 πόλει
781 2327 901 2368 abest
929 2342 952 2366 a
977 2328 1080 2366 Ven.
1115 2328 1216 2367 Voc.
1251 2321 1378 2369 αὐτὸν
1407 2326 1449 2365 in
1480 2339 1595 2380 sequ.
1622 2325 1733 2366 linea
1762 2324 1898 2366 firmat
1928 2327 2033 2367 Ven.
2064 2349 2120 2358 --
2177 2326 2203 2366 l.
2224 2326 2291 2370 27.
2324 2323 2412 2377 ἐξε-

468 2399 650 2454 λέγησαν
678 2400 784 2440 Ven.
815 2398 965 2439 Probo.
1000 2419 1056 2430 --
1114 2397 1141 2437 Ι.
1169 2397 1209 2438 3.
1241 2396 1291 2437 ab
1321 2395 1399 2437 inf.
1444 2395 1689 2451 κατηγγέλη
1721 2395 1957 2438 emendatio
1980 2404 2042 2437 est
2068 2400 2117 2438 A.
2144 2395 2411 2452 Schottijam

465 2470 640 2512 Petavio
671 2477 854 2524 recepta.
1361 2486 1367 2499 s
2191 2458 2194 2459 ⁷
2268 2517 2274 2523 ¹

584 2542 718 2598 Pag.
740 2541 869 2584 130.
925 2539 952 2580 1.
974 2538 1014 2582 9.
1047 2533 1092 2583 ὃν
1121 2547 1219 2579 ante
1257 2533 1388 2587 αὗτός
1414 2552 1494 2579 om.
1524 2540 1626 2580 Ven.
1659 2562 1711 2571 —
1769 2540 1796 2580 l.
1820 2540 1883 2584 17.
1916 2534 2048 2588 adime
2085 2537 2285 2595 ἐλεγκτός
2310 2539 2414 2591 Ven.

466 2613 566 2654 Non
593 2610 714 2670 male.
745 2634 801 2642 —
857 2610 884 2650 1.
908 2611 958 2652 21
989 2618 1031 2650 et
1054 2611 1122 2652 22.
1166 2609 1311 2652 Verba
1343 2608 1417 2652 καὶ
1450 2609 1532 2665 γῆς
1562 2605 1741 2667 ὖπάρχει
1769 2608 1792 2655 ὁ
1823 2609 1925 2660 θεὸς
1950 2608 1973 2654 ὁ
1997 2608 2137 2664 πατὴρ
2167 2610 2239 2654 τοῦ
2267 2609 2410 2664 κυρίου

465 2680 592 2738 ἡμῶν
615 2678 760 2736 Ἰησοῦ
787 2681 868 2736 Χρ.
886 2712 896 2732 ,
940 2697 983 2735 μ.
1008 2696 1043 2723 τ.
1069 2696 1110 2723 π.
1138 2696 1174 2723 τ.
1208 2695 1245 2724 σ.
1275 2680 1443 2735 Σίμωνι
1484 2683 1764 2729 omissavsunt
1790 2682 1831 2722 in
1860 2683 1964 2723 Ven.
1994 2705 2051 2712 —
2107 2682 2134 2723 1.
2154 2681 2221 2723 20.
2251 2680 2411 2736 παράλ-

469 2754 550 2797 λῶν
593 2752 711 2808 ἐξηγ.
750 2754 854 2794 ven,
886 2777 937 2783 —
999 2751 1104 2793 Ibid.
1136 2760 1178 2792 et
1207 2767 1319 2808 sequ.
1366 2752 1502 2793 Verba
1544 2754 1627 2796 τῶν
1674 2748 1743 2796 ὑπ’
1786 2749 1913 2796 αὐτοῦ
1955 2748 2255 2807 ἠπατημένων.
2322 2750 2412 2796 Καὶ

467 2822 603 2868 ταῦτά
634 2839 704 2879 μοι
728 2823 769 2867 ἐν
797 2823 976 2880 ἐπιτομῇ
1004 2821 1110 2878 πρὸς
1139 2821 1216 2878 την
1246 2821 1393 2867 τούτου
1430 2823 1590 2878 αἵρεσιν
1620 2823 1821 2879 εἰρημένα
1851 2822 2138 2864 desiderantur
2163 2823 2206 2864 in
2231 2824 2408 2867 Veneto.

466 2920 524 2928 --
552 2895 581 2936 1.
606 2895 676 2938 30.
708 2887 837 2950 ηὗρεν
867 2896 971 2936 Ven.
2309 2936 2312 2939 Δ

584 2968 717 3025 Pag.
739 2967 867 3010 132.
924 2964 950 3005 l.
982 2968 1018 3006 1.
1064 2963 1185 3009 Κατ-ἀ
1220 2965 1465 3021 Μενάνδρου
1506 2968 1609 3008 Ven.
1644 2990 1698 2998 -
1756 2966 1785 3006 l.
1812 2963 1850 3014 4.
1894 2966 2065 3022 Repone
2107 2964 2326 3009 συνέπεται
2360 2980 2410 3007 ex

469 3038 677 3080 Vaticano
714 3037 823 3078 libro
865 3044 908 3077 et
938 3037 1113 3078 Veneto.
1152 3061 1198 3068 —-
1259 3037 1288 3078 l.
1311 3039 1351 3078 5.
1385 3034 1446 3087 ὥς
1476 3033 1634 3093 ὁμοίως
1663 3038 1767 3078 Ven.
1797 3060 1853 3068 -
1909 3037 1936 3077 1.
1955 3037 1994 3080 7.
2027 3035 2196 3090 Corrige
2223 3036 2407 3093 κυβείαν.

469 3133 524 3142 -
552 3109 582 3151 l.
617 3107 680 3150 16.
725 3108 806 3163 τῆς
845 3103 1120 3157 άκολουὲείας
1158 3105 1293 3163 λόγων
1337 3110 1441 3150 Ven.
1473 3131 1527 3140 -
1584 3109 1612 3149 1.
1646 3108 1711 3152 17.
1758 3107 1832 3151 καὶ
1861 3101 2036 3163 ἤλεγξεν
2069 3101 2195 3150 αὗτὸν
2221 3103 2252 3160 τί
2279 3103 2407 3150 αὐτοῦ

471 3182 579 3222 Ven.
610 3204 663 3210 —
722 3179 751 3220 l.
777 3179 837 3221 18.
870 3177 918 3223 δὲ
944 3174 1077 3233 αὐτὴν
1107 3194 1188 3221 om.
1217 3179 1259 3219 in
1285 3181 1388 3221 ven.
1417 3203 1468 3210 -
1527 3180 1553 3221 l.
1575 3180 1641 3221 20.
1674 3178 1716 3222 ἐν
1739 3175 1899 3234 οἷγγείῳ
1925 3180 2029 3219 Veu.
2055 3201 2107 3208 --
2165 3177 2192 3217 1.
2220 3176 2288 3219 23.
2318 3182 2411 3227 ταῖς

426 3266 429 3270 ·
472 3250 633 3306 ἑτέραις
658 3251 762 3293 Ven.
786 3275 841 3281 —
898 3250 926 3291 l.
945 3248 1001 3291 24
1024 3258 1066 3290 et
1090 3251 1156 3292 25.
1194 3250 1345 3304 κέρκου
1372 3246 1507 3304 αὐτῆς
1536 3252 1641 3292 Ven.
1665 3274 1722 3281 —
1778 3250 1807 3290 l.
1832 3248 1900 3292 30.
1931 3245 2042 3304 αὐτῇ
2068 3248 2283 3296 παντελῶς
2308 3245 2409 3292 οἷπο-

473 3321 640 3377 λομένη.
689 3316 822 3377 Ἔχει
850 3322 954 3362 Ven.
984 3345 1040 3351 -—
1098 3321 1127 3361 1.
1148 3323 1186 3363 5.
1217 3322 1269 3362 ab
1300 3321 1422 3362 infer.
1453 3320 1578 3365 Κατὰ
1608 3320 1864 3376 Σατορνίλου
1893 3321 1998 3360 ven.

586 3394 718 3450 Pag.
738 3393 866 3437 134.
921 3391 949 3432 l.
969 3391 1008 3434 3.
1043 3391 1276 3448 Βασιλίδης
1304 3394 1392 3433 Bas.
1422 3401 1598 3447 utroque
1626 3392 1734 3434 loco.
1756 3415 1810 3427 -
1869 3389 1897 3430 l.
1919 3387 1958 3431 4.
1987 3391 2108 3445 χῶρα
2137 3388 2278 3432 ἐκεῖσε
2301 3391 2406 3431 Ven.

469 3488 526 3497 --
555 3464 641 3506 1.5.
687 3460 921 3518 κεκηρυχεν
963 3464 1066 3503 Ven.
1099 3488 1151 3495 -α
1210 3463 1239 3504 1.
1278 3465 1342 3506 10.
1380 3463 1581 3518 μερητίαν
1610 3464 1714 3504 Ven.
1745 3486 1791 3492 —-
1856 3461 1883 3501 l.
1906 3459 1969 3502 12.
2000 3460 2210 3514 φωτεινῆς
2251 3455 2409 3510 εἰκόνος

471 3537 576 3577 ven.
637 3533 758 3584 Quod
792 3533 1077 3588 reponendum
1109 3534 1301 3576 arbitror.
1361 3537 1405 3575 In
1433 3542 1576 3575 annot.
1613 3547 1689 3588 pro
1726 3532 1912 3573 Philostr.
1955 3545 2112 3585 repone
2136 3531 2330 3573 Philastr.
2350 3556 2407 3564 -

472 3603 585 3647 l.14.
614 3604 854 3649 πλασῖίέντα
878 3605 1005 3645 habet
1033 3606 1156 3646 etiam
1183 3608 1286 3647 ven.
1319 3629 1372 3636 —-
1432 3606 1462 3646 l.
1493 3604 1556 3647 18.
1588 3608 1737 3644 Annot.
1766 3602 1804 3644 3.
1833 3601 2082 3650 retrahenda
2104 3602 2158 3642 ad
2183 3600 2263 3657 γὰρ
2289 3602 2316 3643 l.
2344 3600 2404 3644 16.

474 3700 529 3707 —
558 3675 675 3718 1.19.
716 3674 821 3730 πρὸς
864 3671 966 3718 αὐτὸ
1010 3676 1133 3717 etiam
1168 3679 1273 3718 Ven.
1315 3701 1363 3706 —
1425 3676 1452 3718 l.
1476 3676 1542 3717 20.
1577 3674 1791 3728 Distingue
1829 3667 1901 3715 ἀπ’
1942 3667 2107 3715 αὐτῶν·
2152 3671 2407 3727 ἐρασθέντας

474 3748 562 3788 κτλ.
593 3769 644 3776 -
702 3747 729 3788 l.
753 3747 819 3788 21.
851 3745 1144 3801 ἐμπλασὲτῆναι
1177 3749 1263 3788 Bas.
1297 3771 1354 3778 —
1412 3746 1517 3787 lbid.
1558 3743 1845 3798 corrigendum
1880 3742 1968 3782 sine
2004 3742 2129 3783 dubio
2173 3741 2251 3786 ὑπὸ
2284 3742 2402 3794 θίξιν,

476 3816 537 3856 uti
573 3815 723 3870 legitur
760 3817 872 3858 haer.
894 3815 964 3867 64,
997 3818 1050 3860 66
1083 3827 1125 3858 et
1153 3818 1247 3868 69.‚
1302 3826 1343 3858 et
1378 3817 1474 3857 alibi
1515 3815 1678 3870 passim.
1739 3813 1896 3854 Eodem
1937 3812 2039 3853 vitio
2086 3814 2248 3855 laborat
2291 3814 2403 3854 haer.

476 3887 547 3940 41,
567 3886 607 3930 3.
631 3908 680 3918 —-
738 3886 765 3927 1.
785 3886 854 3929 23.
887 3890 1200 3944 δραματουργεῖ
1220 3895 1361 3930 tuetur
1389 3887 1512 3930 etiam
1540 3888 1643 3931 Ven.
1671 3909 1723 3916 —
1747 3883 1753 3890 ’
1781 3883 1809 3927 l·
1833 3883 1900 3928 26.
1930 3881 2214 3942 πειῇανότητα
2239 3886 2403 3931 Bas.—
