2508 4134
516 321 741 362 PANAan
769 320 873 362 Lm.
895 323 969 362 111.
999 323 1133 364 ΤοΜ.
1157 326 1188 364 1.
1216 324 1380 365 HAER.
1405 325 1602 366 Lxxvr.
1912 315 2009 367 195

106 419 274 470 voluit.
348 416 646 486 Quamquam
681 436 771 468 nos
810 436 904 469 non
942 419 1045 469 sola
1075 419 1384 473 similitudine
1416 424 1524 474 freti
1564 423 1875 475 constitutum
1902 423 2011 476 fidei

106 503 277 569 dogma
308 518 364 552 ae
398 501 625 553 trinitatis
667 502 843 552 cultum
877 503 1202 571 honoremque
1235 505 1553 573 suscipientes
1584 508 1697 558 illud
1731 525 1872 558 unum
1901 525 2012 576 pro-

104 585 312 635 fitemur.
387 583 516 636 Nam
557 594 604 635 et
636 594 887 654 argentum
926 594 1102 636 stanno
1142 587 1296 637 simile
1335 597 1436 651 est,
1491 599 1539 639 et
1571 608 1738 642 aurum
1777 591 1908 656 aeri,
1963 598 2013 642 et

104 669 341 737 plumbum
385 670 544 733 ferro,
598 677 647 719 et
671 669 870 737 pretiosi
901 670 1080 738 lapides
1117 670 1271 733 vitro,
1326 689 1414 721 nee
1454 672 1712 725 similitudo
1745 676 1846 743 ipsa
1874 683 2013 727 natu-

103 770 233 816 ram,
274 754 358 803 sed
398 753 764 821 expressionem
804 762 946 821 atque
986 755 1188 822 effigiem
1227 756 1543 806 demonstrat.

242 835 383 903 Quod
423 846 579 888 autem
617 837 674 887 ad
713 837 996 906 scripturam
1035 838 1236 899 attinet,
1296 856 1418 905 quae
1454 839 1597 889 lilium
1641 841 1714 890 dei
1754 842 2011 894 invisibilis

101 919 359 988 imaginem
390 922 623 989 appellat,
678 939 767 972 nos
793 939 1040 973 sacrarum
1072 922 1318 975 literarum
1353 923 1448 973 vim
1478 923 1640 974 divino
1669 924 1902 977 beneficio
1932 945 2012 997 pe-

101 1006 227 1056 nitus
267 1005 505 1067 assecuti,
559 1022 680 1072 quae
712 1005 783 1055 sic
812 1003 1105 1057 Pharisaeos
1147 1007 1427 1074 compellat:
1486 1009 1691 1057 Nescitis
1727 1014 2005 1074 scriptumst,

98 1108 244 1155 neque
275 1094 489 1138 virtutem
520 1092 619 1149 dei,
676 1089 909 1158 duplicem
942 1090 1061 1140 lianc
1092 1090 1417 1141 habitudinem
1449 1108 1559 1142 esse
1593 1092 1834 1143 novimus.
1912 1093 2011 1145 Ve-

98 1182 369 1224 rumtamen
407 1173 679 1242 explicandi
728 1172 884 1240 gratia
933 1184 978 1224 et
1024 1174 1256 1225 abusione
1297 1175 1497 1241 quadam
1547 1191 1614 1226 ex
1655 1175 1862 1227 humano
1899 1178 2009 1229 illud

97 1274 232 1307 more
271 1257 626 1308 transferimus.
704 1256 892 1325 Quippe
937 1267 985 1308 et
1020 1257 1223 1308 hominis
1258 1257 1414 1325 imago
1448 1277 1637 1327 quoque
1666 1260 1868 1324 dicitur3
1927 1280 2010 1312 ne-

33 1348 36 1350 ’
98 1358 189 1408 que
216 1349 373 1391 tamen
400 1341 569 1391 similis
599 1349 691 1390 est.
768 1339 897 1391 Nam
928 1341 1078 1392 altera
1114 1342 1356 1393 coloribus
1386 1343 1619 1393 duntaxat
1649 1343 1884 1411 effigiata,
1942 1346 2011 1396 al-

96 1434 199 1475 tera
229 1427 429 1476 eandem
463 1442 528 1475 ex
560 1425 876 1492 'generatione
908 1425 1226 1477 substantiam
1259 1426 1470 1491 obtinet,
1527 1445 1632 1478 cum
1664 1428 1857 1496 genitus
1887 1430 2011 1480 filius

94 1510 329 1576 quandam
359 1510 555 1577 generis
587 1509 660 1559 sui
692 1518 852 1559 notam
883 1526 938 1559 ac
971 1510 1172 1560 formam
1210 1511 1571 1578 comparatione
1608 1512 1756 1580 patris
1786 1513 2008 1581 accipiat.

97 1591 227 1643 Tum
271 1593 319 1643 in
350 1611 408 1644 eo
439 1610 558 1643 vero
600 1610 694 1643 non
734 1593 912 1660 effigies
955 1595 1095 1643 modo
1135 1595 1377 1659 cernitur,
1435 1596 1517 1645 sed
1560 1605 1608 1646 et
1641 1605 1811 1648 natura
1842 1598 2008 1648 eadem

95 1685 142 1726 et
173 1676 472 1740 substantia,
532 1678 746 1743 adeoque
788 1695 908 1728 vera
935 1677 1064 1728 illius
1096 1679 1371 1747 expressio.
1450 1678 1603 1747 Igitur
1627 1680 1904 1748 unigenitus
1935 1681 2010 1733 dei

92 1760 217 1810 filius
254 1759 378 1811 idem
422 1779 528 1811 cum
568 1760 821 1811 divinitate
861 1778 916 1811 ac
956 1762 1208 1813 maiestate
1241 1763 1388 1831 patris
1423 1772 1498 1814 est
1530 1772 1577 1814 et
1603 1765 1846 1832 aequalis,
1899 1782 2011 1833 ger-

92 1863 234 1915 mana·
262 1846 462 1913 quadam
490 1845 700 1913 imagine
728 1863 784 1896 ac
817 1845 1126 1897 similitudine
1145 1886 1157 1909 ,
1212 1864 1333 1914 quae
1373 1848 1500 1898 nulla
1533 1849 1718 1899 ratione
1744 1849 2005 1918 discrepet,

92 1937 317 1997 tanquam
362 1930 485 1980 filius
523 1947 550 1979 a
591 1938 725 1998 patre
772 1929 963 1997 reipsa,
1023 1939 1072 1981 et
1115 1949 1221 1981 cum
1263 1932 1428 1982 eadem
1476 1932 1748 1984 substantia
1794 1934 2003 2001 genituS.

94 2011 226 2064 Idem
253 2031 396 2082 porro
420 2015 478 2064 de
507 2013 679 2081 spiritu
705 2023 872 2065 sancto
900 2023 1114 2065 statuere
1145 2032 1233 2065 nos
1264 2024 1484 2082 oportet,
1527 2017 1651 2083 quod
1683 2034 1710 2066 a
1739 2026 1875 2084 patre
1898 2035 2008 2085 pro-

94 2099 261 2160 cedat,
315 2098 506 2149 tametsi
547 2115 642 2150 non
681 2106 972 2166 generetur3
1026 2099 1070 2148 id
1110 2100 1235 2166 quod
1276 2098 1510 2166 unigeniti
1549 2101 1628 2151 filii
1659 2101 1783 2151 ratio
1814 2100 2008 2153 minime

95 2183 292 2250 patitur.
385 2183 481 2234 Sed
539 2183 710 2234 Ae'tius
753 2182 980 2232 veritatis·
1021 2182 1312 2251 professioni
1359 2184 1695 2235 vehementius
1735 2202 2007 2253 repugnare

94 2266 292 2317 studens
321 2284 381 2318 ne
404 2266 486 2317 filii
515 2267 703 2335 quidem
734 2285 839 2317 cum
871 2275 1005 2335 patre
1037 2267 1396 2318 similitudinem
1424 2268 1567 2318 fateri
1595 2269 1765 2320 voluit.
1835 2268 1890 2320 ln
1913 2288 2006 2338 quo

93 2350 151 2401 ab
184 2351 383 2401 Arianis
413 2351 590 2402 ceteris
617 2350 866 2414 dissentit3
909 2351 987 2418 qui
1014 2369 1039 2401 a
1071 2349 1292 2402 Luciano
1326 2361 1373 2402 et
1405 2348 1621 2419 Origene
1651 2353 1834 2405 erroris
1864 2372 2007 2405 occa-

92 2435 278 2485 sionem
314 2435 438 2485 nacti
485 2443 624 2497 sunt,
681 2444 730 2485 et
767 2453 872 2485 cum
908 2437 1108 2485 Asterio
1147 2436 1348 2502 quodam
1392 2436 1605 2504 sophista
1647 2438 1828 2488 versati
1871 2447 2003 2503 sunt,

92 2518 171 2587 qui
210 2519 257 2568 in
304 2518 648 2587 persecutione
681 2517 971 2569 Maximiani
1013 2516 1340 2570 Christianam
1382 2521 1520 2570 fidem
1563 2521 1788 2578 eiuravit,
1875 2521 2004 2573 Nam

93 2621 198 2653 cum
227 2602 416 2653 illorum
449 2602 694 2666 nonnulli,
735 2611 787 2652 ut
817 2602 865 2652 in
895 2602 1226 2671 superioribus
1256 2604 1539 2655 haeresibus
1572 2607 1897 2672 ostendimus,
1953 2608 2007 2658 fi-

92 2687 204 2738 lium
256 2686 332 2736 dei
379 2695 680 2749 creaturam,
738 2686 956 2754 spiritum
1002 2704 1120 2737 vero
1167 2696 1385 2739 sanctum
1432 2699 1686 2741 creaturae
1732 2700 2005 2742 creaturam

93 2788 203 2822 esse
233 2771 514 2833 docuerint,
570 2770 650 2821 alii
681 2770 758 2837 qui
786 2786 1037 2821 commune
1069 2771 1181 2821 illud
1211 2772 1267 2822 de
1300 2782 1520 2823 creatura
1551 2783 1804 2837 tenerent,
1857 2776 2002 2826 filium

93 2855 215 2923 patri
259 2854 462 2906 similem
502 2871 613 2905 esse
662 2854 871 2904 confessi
918 2862 1045 2904 sunt.
1126 2856 1193 2905 At
1231 2855 1406 2907 Ae'tius
1448 2858 1539 2907 iste
1588 2874 1777 2908 omnem
1814 2859 2005 2909 illorum

95 2938 453 2990 cavillationem
493 2957 599 2990 cum
629 2938 875 3006 impietate
914 2955 1001 2987 sua
1039 2940 1279 3006 propalam
1323 2959 1436 3008 prae
1466 2958 1521 2992 se
1552 2945 1742 3006 ferens,
1796 2942 2004 2993 immane

93 3032 261 3074 contra
293 3023 535 3074 dominum
569 3031 616 3073 et
643 3021 1106 3090 impudentissimum
1143 3023 1314 3090 dogma
1362 3026 1627 3092 proposuit.
1704 3025 1895 3093 Atque,
1953 3035 2005 3076 ut

92 3108 302 3176 ingenue
334 3109 516 3170 fatear,
573 3105 706 3156 Aelii
736 3105 904 3169 huius,
958 3106 1061 3156 sive
1089 3105 1361 3170 Anomoei,
1413 3109 1600 3160 subtilis
1627 3110 1707 3160 illa
1734 3108 1860 3160 ratio
1890 3108 2001 3160 illos

93 3202 227 3242 recta
255 3209 312 3242 ac
341 3191 512 3242 merito
546 3190 681 3258 petit,
717 3190 794 3257 qui
824 3189 968 3239 filium
1000 3189 1076 3239 dei
1105 3200 1377 3242 creaturam
1413 3210 1522 3243 esse
1549 3193 1829 3243 defendunt.
1884 3191 2004 3244 Ete-

94 3275 189 3326 nim
221 3275 442 3343 quicquid
481 3283 695 3325 creatum
739 3282 843 3336 est,
900 3272 1107 3322 creatori
1137 3291 1225 3325 suo
1267 3275 1496 3326 dissimile
1536 3286 1638 3341 est3
1698 3276 1887 3327 tametsi
1916 3294 2004 3345 per

92 3360 292 3428 gratiam
327 3358 541 3409 nonnihil
569 3357 882 3409 assimiletur.
958 3355 1023 3406 Et
1048 3366 1241 3408 creator
1274 3359 1376 3426 ipse
1408 3360 1477 3410 rei
1509 3377 1536 3409 a
1561 3377 1616 3410 se
1644 3368 1833 3410 creatae
1862 3360 2003 3411 dissi-

92 3443 216 3494 milis
256 3451 358 3506 est,
416 3443 632 3510 quamvis
669 3441 818 3493 variis
862 3458 965 3491 eam
1010 3439 1250 3491 coloribus
1283 3443 1523 3510 perpolire
1565 3444 1853 3507 contendat3
1909 3445 2003 3495 nisi

93 3527 294 3595 effigiem
326 3528 558 3594 quandam
590 3537 638 3576 et
666 3526 1074 3577 adumbrationem
1102 3523 1149 3574 in
1182 3541 1238 3574 eo
1268 3527 1390 3591 quod
1417 3543 1704 3594 expressum
1734 3537 1809 3578 est
1836 3527 2000 3580 inesse

93 3645 159 3678 eta
176 3668 187 3689 ,
216 3637 365 3692 partim
393 3637 556 3692 quidem
586 3638 698 3678 velut
725 3637 769 3677 in
799 3635 1016 3690 superiori·
1073 3634 1262 3674 dixerunt
1279 3635 1450 3676 similem
1466 3651 1554 3678 esse
1567 3637 1693 3677 filium
1714 3638 1838 3692 patri‚'
1858 3639 2002 3680 etiam-

92 3692 166 3734 bus
203 3708 227 3734 a
257 3707 323 3734 me
364 3693 614 3734 declaratum
656 3701 743 3743 est,
791 3700 1017 3733 creaturam
1074 3691 1108 3730 si
1138 3699 1364 3731 creaturam
1393 3692 1523 3747 ipsam
1554 3708 1641 3734 esse
1671 3694 1867 3735 dieeient.

91 3748 219 3789 filium
269 3748 336 3790 dei
385 3749 657 3803 unusquisque
717 3748 1016 3803 praedictorum
1130 3748 1168 3788 3.
1212 3742 1385 3800 αετερίω
1427 3750 1487 3800 (ut
1525 3753 1642 3790 etiam
1678 3754 1718 3791 in
1757 3754 2002 3793 cod.1en.a

93 3804 300 3854 decrevit,
345 3814 386 3845 et
412 3806 597 3859 spiritum
634 3814 819 3844 sanctum
857 3812 1018 3845 creatu-
1076 3816 1125 3842 m.
1153 3815 1212 3853 pr.
1243 3805 1360 3853 fuisse
1389 3806 1561 3860 videtur)
1591 3808 1671 3845 cod.
1706 3809 1863 3857 Rhediy.

93 3875 180 3900 ram
209 3868 417 3901 creaturae
454 3861 696 3911 docuerunt,
737 3859 887 3915 partim
919 3872 1020 3898 vero
1132 3858 1170 3900 4.
1202 3854 1367 3915 υπάρχη
1398 3863 1507 3902 codd
1538 3874 1627 3903 mss.
1658 3867 1691 3902 et
1719 3865 1807 3903 edit.
1834 3864 1960 3913 princ.

1551 3931 1666 3984 13*

2045 845 2141 900 Cap.
2168 848 2235 887 111.
