2508 4134
782 255 919 297 TOM1
950 256 1157 297 Pffloms
1187 255 1321 298 PARS
1353 257 1527 298 Pmon.
1994 245 2093 296 613

205 354 268 398 12.
309 357 452 396 venet.
489 370 581 396 cum
624 354 756 396 Vatic.
797 353 924 394 habet
958 350 1081 404 Δεξιά
1119 352 1166 397 δὲ
1203 355 1344 397 ταῦτα.
1379 379 1430 386 —-
1486 354 1599 395 1.15.
1640 354 1832 409 praepos.
1863 347 1975 408 Παρ’
2001 361 2097 394 ante

199 423 301 480 ἡμῖν
337 440 419 466 non
454 425 638 480 agnoscit
676 426 777 464 Ven.
809 446 861 455 —
919 423 1044 463 Paulo
1083 432 1178 464 ante
1205 422 1406 480 ῥυὲμήσῃ
1446 426 1534 466 Bas.
1566 448 1619 456 --
1676 423 1703 465 l.
1721 424 1786 464 22.
1831 424 1999 478 Repone
2028 418 2096 465 νό-

199 492 284 538 τιόν
322 509 368 537 τε
394 494 466 537 καὶ
490 510 584 550 μεσ.
610 484 831 536 'particula
857 491 929 536 καὶ
955 492 1072 532 abest
1098 492 1220 533 etiam
1245 493 1296 533 ab
1322 493 1383 533 ed.
1409 495 1548 535 Petav.
1576 493 1716 533 Colon.
1744 500 1875 549 repet.
1898 516 1953 524 -
2008 492 2039 533 1.
2056 490 2095 534 9.

200 565 250 604 ab
275 564 394 604 infer.
425 565 594 619 Repone
629 562 841 605 articulum
875 561 951 616 τὴν
974 569 1069 602 ante
1094 560 1356 613 ὗποστᾶσαν,
1399 563 1466 617 qui
1496 563 1611 603 abest
1640 563 1761 603 etiam
1787 563 1838 603 ab
1868 561 1931 603 ed.
1957 562 2095 602 Petav.

202 634 342 675 Colon.
369 642 496 688 repet.
529 657 583 665 —
638 634 664 674 1.
685 634 726 674 7.
756 633 807 673 ab
834 632 907 675 inf.
936 631 1187 685 κεκτισμένα
1209 633 1311 672 ven.
1347 655 1401 663 -
1460 630 1529 674 1.4
1551 640 1594 672 et
1620 632 1661 674 3.
1690 632 1741 672 ab
1766 632 1841 673 inf.
1874 627 2096 674 ἀποστᾶσα

190 705 301 744 ven.
336 705 455 744 Bene.
489 728 540 735 —
597 704 621 745 l.
653 703 806 758 penult.
837 702 973 742 Verba
996 700 1068 743 καὶ
1093 698 1139 744 τὸ
1167 698 1376 755 πλήρωμα
1399 702 1454 757 τῇ
1481 699 1634 758 ὑστέρᾳ
1664 702 1808 742 absunt
1838 715 1862 741 a
1891 700 1995 742 Ven.
2013 731 2024 751 ,
2054 700 2096 741 in

200 788 280 828 quo
310 774 433 829 paulo
464 784 558 829 post
586 770 778 829 &3qu
790 786 905 815 σεται
934 785 1009 825 pro
1037 768 1423 825 προςενεχῖςήσεται.

307 844 580 901 ragam).
636 842 712 883 1.3
758 840 961 898 βόσκησιν
998 854 1072 895 pro
1113 837 1321 893 κόσμησιν
1358 842 1458 881 ven.
1498 865 1547 870 —-
1606 836 1688 881 1.4.
1733 839 1977 893 παραλείψω
2023 838 2096 894 μὲν

197 927 236 955 τι
258 912 341 955 τῶν
364 914 464 955 Ven.
498 936 552 943 ——
608 913 635 954 l.
658 911 720 954 17.
764 911 948 953 Restitue
990 917 1202 951 accentum
1234 908 1590 963 ἑπτακαιδεκαετῆ
1605 941 1614 960 ,
1659 918 1704 950 ut
1730 910 1878 963 legitur
1903 910 2027 950 etiam
2054 909 2097 950 in

198 984 286 1022 Bas.
331 981 580 1037 ἑπτακαιέτη
621 982 770 1036 legitur
809 988 951 1022 contra
988 980 1029 1019 in
1072 979 1136 1019 ed.
1178 981 1316 1020 Petav.
1347 1004 1400 1010 —
1468 979 1495 1020 l.
1524 977 1591 1020 24.
1635 979 1867 1034 περίπιστον
1910 981 2012 1019 Ven.
2042 1002 2097 1010 —

196 1050 223 1091 l.
251 1052 317 1095 27.
349 1053 551 1093 Particula
575 1051 646 1106 δὲ,
679 1052 787 1092 cuius
811 1051 905 1091 loco
931 1050 1095 1104 reposui
1121 1064 1192 1104 τε,
1223 1057 1361 1104 potest
1391 1050 1502 1091 ferri.
1533 1072 1587 1080 -
1645 1050 1668 1088 l.
1694 1049 1734 1092 7.
1762 1049 1812 1089 ab
1839 1049 1915 1089 inf.
1947 1047 2090 1103 τρίψα-

194 1116 272 1165 -σαν
304 1123 392 1162 Bas,
426 1146 476 1153 —
535 1123 561 1162 l.
589 1123 627 1165 6.
658 1122 708 1163 ab
738 1121 814 1162 inf.
844 1116 1081 1175 Ἐπιφανὴς
1111 1121 1198 1160 Bas.
1216 1151 1226 1170 ,
1258 1133 1333 1174 pro
1362 1133 1488 1159 more.

310 1194 441 1250 Γᾶς.
458 1194 582 1237 392.
637 1192 663 1232 l.
684 1195 724 1234 2.
756 1187 995 1245 Ἐπιφανὴς
1022 1191 1109 1231 Bas.
1139 1214 1191 1220 —-
1249 1190 1351 1231 lbid.
1397 1190 1570 1243 Repono
1592 1185 1811 1252 :tpoordm
1829 1220 1840 1241 ‚
1882 1202 1959 1242 pro
1986 1187 2094 1242 vulg.

195 1260 485 1318 πρωτοστάτῃ,
516 1275 565 1302 ex
583 1265 685 1304 Ven.
711 1285 766 1292 ——
809 1261 836 1301 l.
857 1259 896 1302 4.
928 1262 1099 1314 Repone
1124 1259 1336 1310 articulum
1360 1257 1435 1311 τὴν
1459 1267 1553 1299 ante
1581 1256 1801 1313 πρόφασιν,
1832 1258 1899 1312 qui
1927 1257 2094 1299 deside-

195 1341 307 1373 ratur
332 1332 452 1373 etiam
476 1333 518 1372 in
548 1331 646 1372 edit.
676 1333 814 1372 Petav.
848 1330 991 1371 colon.
1023 1338 1152 1384 repet.
1175 1353 1226 1360 -
1279 1330 1308 1370 l.
1324 1330 1364 1371 7.
1391 1329 1441 1369 ab
1466 1328 1543 1369 inf.
1577 1328 1761 1382 λέγωμεν
1788 1330 1876 1369 Bas,
1899 1352 1952 1359 —-
2007 1328 2034 1369 l.
2053 1330 2093 1370 5·

194 1392 402 1458 ἐλλογηὲῇ
433 1404 519 1442 Bas.
558 1426 606 1432 —
663 1401 691 1442 l.
709 1401 746 1444 3.
779 1401 828 1440 ab
853 1400 924 1441 inf.
969 1398 1041 1454 καὶ
1067 1398 1112 1444 τὸ
1142 1401 1224 1443 τῶν
1254 1408 1418 1454 praeter
1444 1399 1575 1442 Vatie.
1604 1399 1731 1440 habet
1759 1398 1881 1439 etiam
1906 1400 2010 1440 Ven.
2041 1423 2096 1430 —

195 1472 221 1513 l.
254 1472 322 1512 ult.
355 1471 533 1528 ἐλέγχων
562 1479 701 1512 tuetur
730 1471 852 1511 etiam
887 1472 999 1510 Ven.

306 1543 438 1599 Pag.
459 1540 583 1586 394.
639 1541 666 1582 l.
687 1541 725 1582 2.
770 1536 1026 1594 Ἐπιφανοῦς
1055 1541 1140 1580 Bas.
1177 1564 1225 1571 -—
1287 1536 1370 1581 1.4.
1413 1538 1485 1582 καὶ
1514 1538 1602 1582 ἔστι
1629 1537 1735 1593 πρός
1760 1540 1862 1580 Ven.
1894 1562 1949 1570 —
2004 1539 2031 1580 1.
2055 1541 2095 1582 5.

196 1609 367 1659 ἑαυτοὺς
395 1610 619 1654 ἐκτέδεντο.
652 1635 703 1642 -
759 1610 787 1651 1.
809 1611 846 1653 7.
876 1602 909 1666 ᾗ
933 1608 1093 1653 πάντων
1125 1609 1218 1650 edd.
1249 1618 1429 1664 utraque.
1462 1634 1515 1641 —-
1572 1610 1598 1650 l.
1616 1608 1655 1650 6.
1685 1609 1736 1650 ab
1766 1608 1842 1650 inf.
1887 1611 1987 1652 Voc.
2017 1607 2095 1664 γὰρ

194 1690 289 1737 post
318 1680 512 1736 τραγικὸν
543 1681 654 1721 delet
685 1682 783 1720 Ven.

306 1753 439 1809 Pag.
457 1753 581 1796 396.
638 1750 663 1790 l.
690 1749 728 1791 6.
760 1751 851 1791 Vox
881 1748 1101 1799 ἐπίσκοπος
1137 1750 1253 1791 abest
1276 1766 1300 1791 a
1327 1751 1429 1792 Ven.
1467 1763 1642 1804 quoque.
1679 1773 1728 1780 -
1783 1748 1809 1789 l.
1832 1748 1870 1792 9.
1901 1748 2089 1793 πεπόνων

193 1820 354 1876 γένημα
381 1821 521 1871 (scrib.
552 1820 767 1874 γέννημα),
798 1819 868 1862 καὶ
893 1822 994 1860 ven.
1026 1844 1073 1851 --
1131 1821 1157 1862 l.
1175 1819 1240 1861 21.
1273 1819 1418 1863 πολλαὶ
1438 1818 1509 1862 καὶ
1537 1819 1630 1859 dele
1661 1834 1711 1860 ex
1738 1819 1982 1860 auctoritate
2012 1834 2096 1860 non

194 1891 324 1932 Vatic.
362 1890 494 1931 solum
535 1890 628 1930 libri
670 1899 711 1930 et
740 1892 834 1931 Vet.
891 1892 1090 1944 Interpr.‚
1134 1890 1207 1930 sed
1235 1905 1283 1930 ex
1307 1889 1457 1931 Veneti
1483 1903 1644 1944 quoque
1673 1889 1779 1930 libri.
1810 1913 1862 1920 —
1922 1889 1950 1929 l.
1969 1889 2007 1932 7.
2041 1890 2091 1931 ab

192 1960 267 2001 inf.
299 1959 391 2002 Καὶ
418 1958 545 2013 πολλή
580 1959 643 2008 τίς
673 1958 780 2003 ἐστιν
812 1959 853 2003 ἐν
885 1962 986 2000 Ven.

301 2031 435 2087 Pag.
456 2031 581 2074 398.
635 2030 662 2069 l.
681 2032 719 2071 ὅ.
751 2025 987 2085 Ἐπιφανὴν
1019 2032 1109 2071 Bas.
1144 2052 1192 2061 ·—·
1249 2031 1276 2072 l.
1295 2028 1333 2072 9.
1380 2028 1576 2083 Scaligeri
1604 2029 1930 2071 emendationem
1961 2026 2095 2086 οἷπεμ-

191 2098 452 2155 πολήσαντας
482 2099 694 2140 confirmat
724 2114 830 2141 nunc
860 2100 1008 2141 Veneti
1033 2100 1266 2141 auctoritas.
1306 2124 1351 2130 -
1412 2099 1438 2139 1.
1466 2098 1529 2138 11.
1564 2098 1718 2154 ἑτέροις
1747 2099 1876 2153 τρίσιν
1906 2102 2008 2142 ven.
2042 2126 2095 2132 -

191 2213 218 2255 l.
243 2210 305 2254 17.
335 2210 520 2256 &offlam
559 2211 673 2255 ἐκάλ.
709 2214 810 2253 Ven.
874 2214 918 2252 ln
949 2213 1040 2254 cod.
1067 2212 1238 2267 Rhedig.
1262 2221 1374 2253 extat
1400 2170 1608 2263 διαξὲίτιν,
1653 2227 1774 2252 manu
1798 2212 1909 2252 haud
1936 2212 2096 2256 diversa

166 2282 386 2337 'scriptum
416 2289 457 2322 et
488 2291 726 2323 correctum.
761 2306 812 2313 --
871 2283 886 2322 1
931 2279 968 2322 4.
1000 2283 1050 2322 ab
1080 2282 1200 2323 inser.
1234 2281 1306 2336 μέν
1336 2297 1375 2325 τι
1404 2292 1517 2324 extat
1545 2283 1586 2323 in
1618 2290 1788 2337 utraque
1819 2282 1916 2322 edit.
1954 2284 2094 2326 Petav.

302 2353 433 2409 Pag-
456 2351 584 2397 400.
639 2352 667 2392 l.
689 2354 727 2393 ὃ.
761 2350 1043 2409 ἐπιβουλεύσει
1081 2352 1178 2392 edit.
1210 2354 1350 2393 'Petam
1382 2361 1565 2408 utraque.
1596 2376 1652 2383 —
1707 2351 1734 2392 l.
1757 2352 1817 2393 ll.
1850 2350 2093 2405 κατάλειῴιν

194 2424 282 2463 Bas.
321 2446 365 2452 —
425 2422 452 2462 l.
475 2421 538 2463 14.
569 2421 824 2465 ἐπιτετέλεκε
850 2422 1051 2477 reperitur
1078 2422 1197 2463 etiam
1222 2422 1263 2462 in
1288 2425 1390 2464 Ven.
1426 2447 1475 2454 --
1532 2423 1559 2463 l.
1585 2420 1645 2462 16.
1681 2423 1783 2463 Ven.
1809 2423 1967 2477 plenius
1994 2419 2088 2472 ὅλος

191 2494 307 2542 νοῦς,
340 2488 434 2540 ἕλος
462 2492 579 2546 φῶς,
612 2487 705 2540 ὅλος
736 2487 835 2547 ὅφῖῐ.
876 2517 922 2523 -
980 2493 1007 2532 l.
1034 2493 1097 2534 11.
1130 2492 1180 2533 ab
1210 2492 1287 2532 inf.
1317 2492 1574 2547 πεποιημένη
1605 2492 1730 2533 habet
1758 2493 1884 2533 etiam
1917 2495 2017 2535 Ven.

312 2563 442 2620 Pag.
461 2561 590 2607 404.
646 2563 671 2602 l.
697 2562 762 2603 23.
796 2559 1052 2606 οἷπόλλεσῖπαι
1084 2565 1169 2603 Bas.

303 2632 579 2690 Pag.408,
635 2633 660 2674 l.
684 2632 723 2673 1.
772 2633 883 2673 Corr.
908 2633 1272 2687 καταριῇμεῖσὲαι.
1299 2657 1349 2664 -—-
1408 2633 1436 2672 l.
1455 2631 1481 2674 4
1525 2637 1752 2688 προφοραῖς
1778 2636 1863 2677 ssas.
1899 2657 1948 2664 —·
2007 2634 2033 2674 l.
2052 2635 2092 2676 5.

192 2699 459 2756 ἐπιὲςυμῆσης
478 2705 563 2742 Bas.
599 2727 647 2733 --
706 2702 808 2743 lbid:
840 2698 1009 2756 ἆμώσαι
1038 2703 1170 2743 Vatic.

302 2774 432 2830 Pag.
456 2770 586 2817 410.
641 2769 723 2813 1.6.
770 2774 939 2827 Repone
980 2773 1194 2813 articulum
1227 2771 1258 2826 γῖ
1298 2781 1393 2814 ante
1426 2770 1617 2828 ἀλήθεια.
1650 2797 1695 2804 «-
1754 2774 1781 2813 1.
1809 2771 1872 2814 18.
1915 2775 2092 2829 Repone

192 2839 259 2886 ὑπ’
290 2838 417 2885 αὐτοῦ
447 2842 518 2885 τοῦ
548 2842 715 2884 τελείου.

311 2913 441 2970 Pag.
461 2911 591 2955 412.
645 2912 729 2954 193.
762 2913 930 2971 Repone
958 2907 1088 2967 οὔσης
1114 2928 1160 2956 τε
1184 2913 1255 2956 καὶ
1280 2910 1393 2967 ὅμολ.
1452 2913 1654 2954 Particula
1679 2928 1725 2956 τε
1747 2913 1895 2967 legitur
1920 2913 1960 2953 in
1988 2915 2091 2954 Veu.

193 2985 305 3032 Bas„
338 2983 438 3022 etin
468 2982 532 3023 ed.
563 2983 699 3022 Petav.
718 3014 727 3031 ‚
760 2982 876 3022 abest
899 2983 1155 3024 solummodo
1185 2983 1236 3024 ab
1265 2983 1327 3023 ed.
1357 2985 1495 3025 Petav.
1528 2983 1670 3024 Colon.
1698 2992 1828 3038 repet.
1864 3008 1917 3015 —-
1974 2983 2001 3023 l.
2026 2983 2090 3024 10.

194 3051 300 3108 μετὰ
329 3052 401 3095 καὶ
425 3053 520 3101 τοῦ,
565 3051 675 3106 quod
702 3052 795 3092 libri
818 3053 939 3106 vulgo
962 3053 1182 3107 praebent,
1227 3054 1438 3095 commode
1464 3054 1561 3094 ferri
1586 3061 1736 3108 potest.
1756 3077 1812 3084 —
1867 3053 1894 3095 1.
1921 3052 1982 3094 12.
2014 3055 2092 3093 Pro

195 3121 302 3167 κατὰ
325 3123 404 3177 τῆς
431 3122 650 3176 συντομίας
686 3122 811 3175 magis
840 3137 948 3162 nunc
988 3122 1169 3177 placeret
1196 3122 1244 3166 ἐκ
1270 3124 1349 3178 τῆς
1382 3138 1489 3166 συντ.
1547 3128 1628 3164 Aut
1653 3123 1906 3164 restituenda
1930 3123 2093 3177 vulgata

118 3222 120 3234 ι
198 3193 408 3248 scriptura.
427 3215 480 3223 —-
554 3193 580 3231 l.
609 3190 671 3231 18.
720 3191 1017 3247 φρενοβλαβίας
1046 3194 1134 3232 Bas.
1154 3217 1206 3223 --
1263 3193 1290 3232 l.
1318 3191 1357 3234 6.
1386 3194 1436 3233 ab
1460 3194 1534 3233 inf.
1569 3193 1699 3233 Etiam
1728 3195 1827 3233 Ven.
1862 3193 1988 3232 habet
2011 3193 2092 3235 τῶν

199 3261 277 3306 οὐκ
307 3258 469 3313 οὖσῶν,
502 3260 561 3310 ὦς
591 3260 874 3317 ὑπαρχουσῶν.
907 3285 957 3291 -
1015 3262 1042 3301 1.
1075 3262 1229 3315 penult.
1263 3262 1299 3305 εἰ
1327 3262 1375 3306 δέ
1403 3278 1465 3311 τις
1490 3258 1698 3319 περιτύχοι
1728 3265 1831 3302 Ven.

303 3334 433 3390 Pag.
454 3333 580 3376 414.
636 3332 663 3371 1.
688 3331 726 3373 7.
758 3325 852 3383 παρ’
881 3327 976 3383 ὑμῖν
1000 3331 1124 3371 habet
1151 3333 1252 3371 Ven.
1278 3347 1367 3372 oum
1396 3333 1525 3373 vatic.
1560 3357 1606 3363 -—-
1656 3333 1682 3371 1.
1709 3334 1770 3373 ll.
1801 3334 1949 3373 Venet.
1973 3337 2095 3386 auget

191 3400 402 3452 “Ησίοδον,
433 3402 507 3445 καὶ
531 3400 719 3449 Ἱκέσιον,
751 3399 822 3442 καὶ
850 3400 986 3453 Στησ.
1018 3424 1069 3430 —-
1126 3400 1153 3442 l.
1183 3401 1243 3441 16.
1275 3401 1587 3455 εἰδωλολατρίας
1618 3403 1704 3441 Bas.
1731 3426 1780 3431 —
1838 3402 1938 3443 1.18
1965 3410 2005 3442 et
2029 3402 2092 3445 19.

192 3471 330 3512 Verba
356 3471 428 3515 καὶ
464 3473 545 3514 τῶν
581 3469 689 3514 κατὰ
727 3469 773 3512 σὲ
803 3470 879 3522 (ita
909 3484 1010 3509 corr.
1041 3483 1117 3522 pro
1146 3467 1253 3513 κατά
1285 3475 1380 3522 σε),
1421 3467 1508 3525 ἤδη
1533 3487 1566 3514 τ.
1597 3486 1635 3513 σ.
1662 3485 1729 3524 πρ.
1756 3486 1790 3513 τ.
1818 3471 1981 3528 ἔλεγχον
2011 3487 2091 3514 om.

193 3542 296 3581 Ven.
328 3565 377 3572 —
437 3542 464 3582 l.
490 3544 556 3583 20.
590 3543 758 3594 Repone
787 3537 863 3581 Διά
891 3538 938 3582 δὲ
963 3540 1061 3581 τῶν.
1116 3539 1315 3580 Particula
1339 3539 1386 3583 δὲ
1417 3541 1566 3580 excidit
1596 3541 1716 3580 etiam
1743 3541 1793 3581 ab
1820 3541 1917 3582 edit.
1946 3543 2086 3584 Petav.

196 3610 280 3651 Col.
315 3635 360 3640 -
410 3612 435 3651 l.
462 3611 526 3653 27.
559 3606 586 3654 ἃ
613 3614 681 3654 δεῖ
703 3607 781 3664 γὰρ
815 3610 857 3651 αἱ
884 3605 951 3663 ἐφ.
982 3611 1079 3648 Ven.
1116 3633 1163 3639 —-
1211 3609 1237 3648 1.
1260 3611 1325 3651 28.
1358 3610 1529 3664 καιρίως
1551 3619 1687 3650 tuetur
1712 3613 1815 3652 Ven.
1846 3626 2016 3667 quoque.
2040 3635 2091 3645 —·

193 3680 220 3719 l.
241 3679 306 3720 29.
340 3679 587 3730 ζιζανώδους
619 3683 718 3720 Ven-

304 3750 435 3808 Pag.
456 3751 584 3797 416.
639 3751 665 3790 l.
685 3751 722 3791 8.
755 3748 795 3793 ἐν
825 3749 879 3805 τῇ
909 3746 1187 3808 Πεντατεύχῳ
1219 3750 1321 3791 Ven.
1357 3774 1408 3780 -
1464 3750 1491 3790 1.
1515 3750 1577 3792 18.
1609 3752 1708 3793 Ven.
1740 3751 1896 3809 plenius
1932 3752 2092 3808 πατέρα
