2508 4134
421 244 524 296 584
647 266 651 271 <
1129 251 1331 294 SANGTI
1359 253 1643 295 EPIPHANH

423 349 489 420 μὴ
513 350 787 419 χρανθέντα
815 349 866 400 ἐν
895 346 1132 420 ἁμαρτία,
1170 347 1326 416 στόμα
1351 348 1420 424 μή
1446 349 1785 418 ψευσάμενον,
1824 354 1952 419 χείλη
1978 351 2046 420 μή
2075 351 2350 420 λαλήσαντα

425 434 598 499 δόλον,
636 436 842 504 καρδίαν
871 431 938 501 μή
968 435 1256 486 ἐκκλίνασαν
1286 436 1355 496 εἰς
1382 434 1670 504 ἐρεθισμὸν,
1707 441 1832 489 νοῦν
1861 435 1927 505 μὴ
1958 438 2255 507 ἐκτραπέντα
2283 439 2353 499 εἰς

423 519 457 575 δι’
490 517 557 588 μὴ
582 516 696 587 χρὴ,
734 516 893 586 σάρκα
918 516 986 586 μή
1014 517 1102 586 τὴν
1129 518 1313 590 σαρκός
1341 517 1530 588 ἡδονήν
1561 523 1916 591 ἐργασαμένην·
1954 523 2131 585 τέλειος
2155 520 2353 575 ἄνωθεν

423 603 562 668 θεός,
594 601 687 657 ούκ
713 602 875 656 ἐλθών
897 609 1187 672 κατοικῆσαι
1214 607 1264 658 ἐν
1287 603 1559 679 ἀνθρώπῳ,
1600 603 1695 658 ἄλλ’
1722 604 1874 669 αὐτὸς
1898 613 1955 644 33
1971 607 2082 670 ὅλος
2103 609 2355 676 ἐνανθρω-

426 690 604 758 πήσας,
643 686 704 742 ού
732 690 934 757 τραπεὶς
960 687 1047 757 τήν
1084 688 1254 756 φύσιν,
1293 691 1719 760 συμπεριειληφώς
1746 692 1799 744 δὲ
1828 690 1931 760 ἅμα
1955 698 2015 766 τῇ
2041 692 2243 760 θεότητι
2264 689 2355 760 τήν

426 779 557 829 ἰδίαν
589 773 989 844 ε’νανθρτόπησιν·
1027 777 1078 828 ἐν
1105 774 1267 848 μήτρα
1291 778 1549 846 παρθένου
1578 775 1792 846 γεγονώς
1817 779 1868 830 ἐν
1897 776 2135 851 ἀληθείᾳ,
2169 798 2357 844 κυοφο-

426 862 599 932 ρηθεὶς
638 858 725 913 τόν
753 859 956 928 χρόνον,
1004 863 1264 929 γεννηθεὶς
1295 860 1378 914 διά
1415 867 1710 930 γεννητικῶν
1743 863 1914 932 πόρων
1943 862 2355 931 ἄνεπαισχύντως,

425 944 702 1016 άχράντως,
756 943 1061 1013 άμολύντως·
1109 944 1409 1015 ἀνατραφεὶς
1439 948 1524 999 καὶ
1562 948 2005 1017 34ἐναγκαλισθεὶς
2034 946 2133 1002 ύπὸ
2178 954 2234 986 33
2254 954 2356 1001 Συ·-

427 1038 620 1102 μεῶνος
647 1032 729 1084 καὶ
753 1028 955 1098 ’Ἀννης,
993 1033 1287 1099 βασταχθεὶς
1312 1029 1412 1085 ύπὸ
1439 1035 1674 1101 Μαρίας,
1712 1032 1968 1100 πεζεύσας,
2005 1031 2357 1103 ὁδοιπορήσας,

425 1121 627 1171 παιδίον
662 1115 971 1187 36γεγονῶς,
1024 1115 1302 1186 ἀνδρωθεὶς
1328 1122 1387 1190 τῇ
1418 1114 1609 1190 ήλικία,
1660 1115 1720 1171 τά
1745 1118 2072 1187 πάντα-ἔχων
2113 1121 2163 1172 ἐν
2200 1120 2360 1190 ἑαυτῷ

432 1206 485 1257 ἐν
517 1201 793 1270 τελειότητι,
833 1204 887 1256 ἐν
915 1200 1117 1275 άριθμῷ
1141 1204 1264 1254 ἐτῶν
1288 1203 1553 1272 λογισθεὶς,
1592 1204 1644 1256 ἐν
1669 1202 1874 1277 ἀριθμῷ
1902 1210 2087 1272 μηνῶν,
2127 1191 2179 1257 ἐν
2201 1206 2361 1277 κοιλίᾳ

427 1290 801 1358 κυοφορηθεὶς,
851 1287 1114 1358 γενόμενος
1154 1290 1206 1340 ἐκ
1248 1287 1507 1358 γυναικός,
1556 1288 1818 1358 γενόμενος
1853 1287 1952 1342 find
1982 1287 2160 1357 νόμον,
2198 1288 2361 1343 ἐλθών

427 1376 509 1428 ἐπὶ
539 1372 626 1427 τόν
653 1371 939 1443 Ἰορδάνην,
993 1374 1286 1441 βαπτισθεὶς
1326 1371 1425 1427 ύπό
1461 1372 1729 1439 Ἰωάννου,
1780 1374 1875 1428 οὐκ
1909 1373 2223 1442 ἐπιδεόμενος
2250 1381 2358 1428 λου·

427 1464 572 1530 τροῦ·
613 1456 696 1512 διά
729 1460 782 1512 δὲ
809 1458 861 1512 τό
896 1457 1181 1512 άκόλουθον
1208 1465 1294 1526 τῆς
1324 1458 1612 1528 37ἐννόμου
1639 1459 2068 1531 ἐνανθρωπήσεως
2093 1459 2160 1528 μή
2185 1458 2361 1529 ταράσ-

429 1562 528 1598 σων
558 1543 857 1609 τὸδίκαιον,
915 1544 1053 1606 ὅπως
1089 1551 1360 1618 πληρωθῇ,
1419 1543 1487 1607 ῶς
1524 1544 1674 1607 αὐτὸς
1705 1548 1828 1613 ἔφη,
1878 1551 2014 1598 πᾶσα
2055 1545 2362 1613 δικαιοσύνη,

426 1633 512 1683 ’ἵνα
550 1633 682 1704 δείξῃ
725 1630 799 1684 ’ὅτι
831 1628 1078 1697 ἀληθινήν
1120 1630 1279 1699 σάρκα
1319 1630 1607 1696 ἐνεδύσατο,
1663 1630 1912 1700 ἀληθινὴν
1960 1631 2362 1701 ἐνανθρώπησιν·

429 1715 780 1785 κατερχόμενος
807 1718 875 1777 εἰς
901 1714 960 1768 τά
989 1715 1172 1780 ῦδατα,
1214 1715 1385 1778 διδούς
1413 1715 1537 1786 ἥπερ
1564 1716 1843 1784 λαμβάνων,
1882 1716 2213 1786 παρεχόμενος
2242 1715 2363 1786 ἤπερ

429 1800 772 1869 ἐπιδεόμενος,
811 1805 1035 1867 φωτίζων
1072 1800 1225 1864 αὐτά,
1282 1804 1570 1870 ἐνδυναμῶν
1607 1800 1734 1855 αὐτοὶ
1761 1804 1831 1864 εἰς
1856 1801 2015 1856 τύπον
2045 1809 2144 1856 τῶν
2173 1801 2363 1871 μελλόν·
2430 1855 2432 1857 ,

429 1909 527 1940 των
557 1889 608 1940 ἐν
634 1884 767 1959 αύτῷ
807 1893 1138 1940 τελειοῦσθαι·
1189 1887 1328 1950 ὅπως
1369 1890 1422 1941 οἷ
1457 1887 1594 1960 αὐτῷ
1631 1887 2005 1949 πεπιστευκότες
2039 1891 2091 1942 ἐν
2135 1886 2363 1960 ἀληθείᾳ,

430 1974 517 2025 καὶ
545 1974 735 2041 ἔχοντες
760 1971 847 2040 τήν
873 1976 1035 2026 πίστιν
1059 1980 1146 2041 τῆς
1172 1975 1435 2041 ἀληθείας,
1475 1971 1708 2041 μάθωσιν
1733 1971 1809 2027 ὅτι
1841 1971 2091 2041 ἀληθινῶς
2114 1972 2365 2044 ἐνηνθροό-

431 2077 602 2126 πησεν,
641 2056 892 2126 άληθινῶς
919 2061 1215 2127 ἐβαπτίσθη,
1255 2061 1339 2113 καὶ
1370 2058 1529 2121 οὕτως
1558 2058 1641 2112 διά
1669 2065 1757 2126 τῆς
1784 2056 1938 2111 αὐτοῦ
1964 2060 2366 2128 συγκαταθέσεως

431 2146 515 2198 καὶ
551 2150 608 2181 38
625 2141 770 2197 αὐτοὶ
798 2142 1051 2214 ἐρχόμενοι
1079 2142 1266 2212 λάβωσι
1291 2150 1379 2212 τῆς
1405 2143 1560 2198 αὐτοῦ
1594 2141 2076 2213 39συγκαταβάσεως
2100 2142 2188 2211 τήν
2220 2142 2366 2196 δύνα-

227 2271 311 2307 pag.
336 2261 409 2298 154.
434 2253 542 2299 μιν,
580 2232 665 2283 καὶ
693 2236 1014 2296 φωτισθῶσιν
1042 2228 1221 2283 4ούπὸ
1263 2236 1351 2298 τῆς
1377 2229 1535 2283 αὐτοῦ
1569 2235 1624 2266 4¹
1647 2232 1998 2300 φωταγωγίας,
2039 2234 2368 2298 4ἳπληροφο-

433 2315 668 2387 ρούμενοι
690 2322 759 2389 τῷ
792 2318 845 2369 ἐν
869 2321 937 2388 τῷ
967 2314 1205 2388 προφήτῃ
1231 2318 1380 2387 ῥητῷ,
1420 2317 1516 2377 Εἷς
1542 2314 1840 2385 μεταλλαγὴν
1866 2314 2140 2382 δυνάμεως,
2179 2317 2247 2377 εἰς
2275 2337 2368 2367 πα-

436 2400 585 2470 ροχήν
634 2404 875 2471 σωτηρίας
925 2407 1011 2468 τῆς
1061 2399 1320 2467 δυνάμεως
1372 2406 1463 2453 τοῦ
1519 2398 1695 2470 ἄρτου,
1759 2398 1858 2453 ἆπὸ
1911 2406 1998 2468 τῆς
2044 2398 2369 2470 Ἰερουσαλὴμ

438 2488 926 2555 43λαμβανομένης,
978 2487 1061 2538 καὶ
1101 2491 1187 2553 τῆς
1222 2484 1387 2553 ἰσχύος
1412 2492 1500 2539 τοῦ
1526 2485 1721 2548 ῦδατος.
1790 2483 2040 2539 Ἐνταῦθα
2079 2486 2132 2538 δὲ
2167 2487 2368 2553 44ἶσχυ-

435 2573 809 2643 ροποιουμένων
840 2573 891 2624 ἐν
923 2577 1121 2643 Χριστῷ
1151 2578 1237 2638 τῆς
1265 2570 1522 2639 δυνάμεως
1547 2577 1637 2625 τοῦ
1665 2570 1816 2642 ἄρτου
1846 2573 1930 2624 καὶ
1960 2575 2045 2638 τῆς
2073 2577 2161 2624 τοῦ
2187 2570 2370 2632 ῦδατος

436 2658 622 2726 ἰσχύος·
669 2660 750 2709 ἵνα
792 2662 852 2693 4⁵
871 2655 940 2724 μή
981 2655 1128 2724 ἄρτος
1152 2654 1271 2724 ἡμῖν
1304 2658 1500 2726 γένηται
1527 2656 1760 2725 δύναμις,
1787 2702 1792 2709 .
1816 2655 1933 2709 άλλοῖ
1967 2655 2175 2724 δύναμις
2201 2654 2367 2727 ἄρτου.

439 2745 539 2796 Καὶ
567 2746 751 2813 βρῶσις
780 2742 866 2809 μὲν
892 2739 920 2795 ό
946 2740 1118 2811 ἄρτος,
1156 2741 1190 2810 ή
1218 2743 1270 2795 δὲ
1301 2741 1507 2810 δύναμις
1540 2745 1592 2796 ἐν
1621 2741 1756 2815 αὐτῷ
1784 2745 1854 2803 εἷς
1880 2741 2191 2811 ζωογόνησιν.
2267 2743 2371 2794 Καὶ

437 2829 528 2898 οὐχ
550 2831 633 2882 ’ἵνα
658 2827 713 2881 τό
741 2827 877 2898 ὕδωρ
905 2825 1034 2895 ἡμᾶς
1059 2832 1310 2902 καθαρίσῃ
1342 2827 1524 2894 μόνον,
1563 2826 1659 2881 ἄλλ’
1691 2831 1775 2881 ἵνα
1806 2830 1858 2881 ἐν
1884 2834 1942 2901 τῇ
1973 2827 2106 2896 ἰσχύϊ
2136 2833 2225 2881 τοῦ
2250 2826 2371 2880 ῦδα-

435 2937 519 2978 τος
550 2914 633 2968 διὰ
659 2920 747 2983 τῆς
787 2917 993 2975 πίστεως
1025 2915 1111 2966 καὶ
1142 2916 1379 2983 ἐνεργείας
1409 2915 1491 2966 καὶ
1532 2917 1725 2976 ἐλπίδος
1755 2914 1840 2966 καὶ
1871 2916 2154 2983 μυστηρίων
2183 2910 2370 2965 τελειῶ-

437 3019 559 3063 σεως
581 3002 665 3054 καὶ
690 3000 958 3067 ὀνομασίας
980 3002 1068 3067 τῆς
1093 2995 1368 3068 άγιαστείας
1392 3000 1586 3069 γένηται
1610 2997 1730 3067 ήμῖν
1754 3001 1822 3061 εἰς
1848 3001 2087 3051 τελείωσιν
2111 3000 2368 3068 σωτηρίας.

428 3085 683 3140 Ἀνελθῶν
727 3084 823 3140 άπὸ
868 3091 957 3138 τοῦ
996 3082 1281 3155 Ἰορδάνου,
1337 3083 1535 3138 ἀκούων
1566 3083 1741 3153 φωνήν
1767 3081 1954 3154 πατρὸς
1988 3085 2056 3144 εἰς
2086 3080 2244 3150 ἀκοὴν
2275 3104 2368 3134 πα-

438 3171 627 3243 ρόντων
665 3177 766 3225 τῶν
802 3177 1071 3239 μαθητῶν,
1130 3173 1198 3233 εἰς
1239 3169 1292 3224 τό
1331 3168 1587 3234 ὑποδεῖξαι
1632 3174 1705 3233 τίς
1745 3168 1774 3224 ὁ”
1810 3167 2233 3239 μαρτυρούμενος,
2283 3169 2367 3221 καὶ

494 3346 563 3389 33.
595 3342 616 3389 ὁ
645 3343 769 3400 λόγος
788 3358 861 3396 pro
888 3339 983 3392 ὅλος
1008 3346 1148 3396 le9itur
1169 3347 1209 3385 in
1237 3347 1372 3386 Pana·
1428 3358 1493 3387 νον
1530 3345 1694 3401 λάβωσι
1721 3341 1925 3399 (λάβωσοι
1957 3343 2047 3382 edit.
2083 3343 2236 3391 princ„
2275 3343 2370 3382 vitio

435 3406 494 3444 rio
522 3407 548 3444 l.
568 3405 609 3454 l.,
639 3408 672 3443 et
700 3406 741 3443 in
770 3405 855 3444 cod.
884 3403 1045 3452 Rhediy.
1429 3405 1643 3451 typothetae
1671 3405 1740 3441 aut
1764 3397 2005 3449 correctoris)
2035 3399 2117 3438 cod.
2148 3400 2312 3449 Rhedi9.
2334 3403 2369 3439 ct

494 3457 562 3502 34.
591 3456 866 3514 οἷγκαλισζῑεὶς
895 3461 978 3499 cod.
1012 3460 1172 3509 Rhediq.
1431 3461 1520 3498 edic.
1551 3461 1676 3509 princ.

495 3517 563 3558 35.
593 3530 639 3558 τε
669 3516 900 3570 Συμεῶνος
929 3517 1016 3555 edit.
1052 3517 1186 3556 Petav.
1488 3514 1555 3557 39.
1601 3510 1878 3569 καταβάσεως
1913 3512 2002 3551 edit.
2031 3513 2192 3562 petav„
2236 3513 2369 3552 invitis

495 3571 563 3615 36.
593 3572 738 3627 γέγονε
767 3575 878 3614 codd.
908 3585 998 3613 mss.
1028 3577 1194 3622 uterque.
1433 3574 1541 3613 libris
1565 3576 1652 3612 vett.

497 3628 563 3671 37.
607 3626 777 3684 ἐννόμου
814 3632 926 3671 codd.
965 3642 1055 3670 mss.
1094 3633 1262 3679 uterque.
1335 3627 1376 3670 ἐν
1488 3626 1556 3669 40.
1586 3625 1666 3670 οἷπό
1695 3628 1784 3666 edit.
1808 3627 1959 3674 Petav„
1988 3627 2119 3664 invitis
2148 3627 2257 3665 libris
2279 3629 2365 3665 vett.

443 3683 560 3739 νόμῳ
592 3686 697 3726 editi.
1488 3681 1557 3726 41.
1591 3686 1728 3724 Vocab.
1772 3680 2055 3734 φωταγωγίας
2091 3685 2275 3723 omissum
2314 3685 2369 3721 est

499 3743 567 3784 35.
590 3740 714 3785 αὐτὸν
742 3741 962 3798 ἐρχόμενον
990 3742 1100 3797 (cum
1122 3755 1286 3783 rasurae
1313 3754 1377 3782 ve·
1432 3746 1472 3782 in
1503 3742 1614 3783 codd.
1647 3751 1737 3779 mss.
1769 3743 1802 3778 ει
1832 3739 1919 3777 edit.
1947 3741 2071 3787 princ.

442 3800 571 3854 stigio)
604 3796 765 3855 λάβωσι
790 3802 873 3840 cod.
902 3802 978 3841 len.
1040 3796 1165 3842 αὐτὸν
1195 3795 1377 3855 ἐρχόμε-
1490 3796 1558 3840 42.
1588 3794 1870 3850 πληρουμένου
1899 3794 1972 3837 τοῦ
2002 3793 2043 3837 ἐν
2072 3794 2134 3852 τῷ
2165 3791 2363 3851 προφήτῃ
