2508 4134
540 297 766 339 PANARII
796 298 902 339 LIB.
924 299 997 338 111.
1026 299 1161 339 TOM.
1184 301 1215 340 1.
1245 300 1411 340 HAER.
1434 299 1676 339 LXXXllI.
1990 288 2056 340 99

147 408 274 449 trem
306 395 378 447 sui
410 394 580 446 similis
607 412 716 446 esse
739 395 824 447 filii
854 403 1066 464 patrem,
1107 404 1155 446 et
1184 395 1329 447 filium
1361 397 1562 449 similem
1598 413 1708 449 esse
1743 395 1922 465 patris,
1963 414 2056 465 quo

153 499 219 534 ex
264 489 396 550 patre
435 479 559 530 filius
605 478 907 548 intelligitur.
997 478 1123 531 Tum
1172 479 1262 530 hoc
1310 480 1509 548 insuper
1552 481 1835 544 statuimuS,
1902 497 2057 548 eoque

153 566 374 634 dogmate
413 575 622 618 mentem
658 564 718 616 ab
764 563 893 614 omni
926 561 1250 615 Sabelliorum
1282 580 1340 613 ac
1379 573 1651 615 ceterorum
1687 582 1855 616 errore
1886 581 2060 634 purga-

152 667 288 702 mus:
345 667 501 718 neque
545 650 690 700 filium
735 656 919 717 patrem
952 664 1063 699 esse
1107 664 1283 716 posse,
1343 664 1498 714 neque
1525 658 1708 716 patrem
1743 649 1920 713 filium,
1973 649 2058 700 sed

151 734 299 785 filium
327 751 437 786 esse
465 733 631 798 filium,
664 741 713 784 et
738 740 919 802 patrem
949 749 1060 783 esse
1091 740 1295 800 patrem,
1333 750 1428 782 non
1459 731 1625 782 filium.
1702 731 1758 783 In
1787 733 1860 784 his
1887 731 2059 802 quippe

152 827 377 870 accurata
404 835 719 887 personarum
751 816 995 868 distinctio
1039 816 1342 879 continetur,
1397 823 1447 866 ut
1487 824 1670 883 patrem
1717 818 2060 885 sempiternum

151 919 263 954 esse
294 911 508 971 patrem,
561 910 610 953 et
638 900 799 952 carnis
835 909 1118 969 expertem,
1173 908 1316 968 atque
1354 899 1701 964 immortalem,
1758 900 1902 951 filium
1941 918 2061 954 vero

151 987 300 1038 filium
346 1003 456 1037 esse
499 1003 719 1054 semper,
779 1001 869 1036 nec
906 1002 1113 1052 uuquam
1148 993 1330 1051 patrem
1372 1000 1483 1034 esse
1523 984 1829 1035 definiamus,
1904 983 2061 1037 Porro

154 1088 259 1122 cum
289 1088 467 1136 semper
492 1069 692 1121 dicimus
723 1068 813 1120 hoc
836 1069 990 1137 ipsum
1015 1068 1264 1131 volumuS,
1321 1068 1426 1118 eius
1458 1067 1740 1137 hypostasin
1773 1077 1913 1119 extra
1943 1078 2062 1120 tem-

153 1173 239 1224 pus
266 1172 439 1218 omne,
491 1162 537 1204 et
578 1154 927 1221 intelligentiae
963 1152 1443 1220 comprehensionem
1475 1169 1605 1203 esse.
1683 1148 1781 1203 Sed
1817 1152 1948 1203 illum
1982 1154 2063 1204 de-

153 1239 295 1307 nique
323 1239 597 1290 carnemade
626 1238 773 1306 patris
794 1237 1043 1289 voluntate
1069 1236 1363 1305 suscepisse,
1392 1255 1446 1287 ac
1472 1244 1675 1287 mortem
1699 1245 1866 1288 nostra
1892 1254 2063 1289 caussa

153 1324 461 1375 sustinuisse.
540 1319 730 1389 Quibus
768 1322 893 1373 hunc
932 1322 980 1372 in
1020 1321 1210 1372 modum
1248 1320 1427 1388 liquido
1469 1320 1720 1385 stabilitis,
1777 1322 1959 1391 egregii
1997 1322 2064 1372 illi

154 1408 337 1459 erroris
365 1408 554 1476 patroni
588 1408 680 1457 duo
716 1407 946 1474 quaedam
980 1406 1169 1457 efficere
1200 1405 1434 1456 nituntur.
1511 1403 1723 1456 Primum
1751 1414 1804 1456 ut.
1835 1422 1896 1456 ne
1926 1414 2066 1475 pater

153 1492 356 1561 amplius
384 1509 441 1543 ac
470 1491 628 1556 filius,
669 1492 753 1542 sed
782 1491 1026 1557 ingenitus
1053 1507 1110 1540 ac
1135 1490 1327 1557 genitus
1359 1490 1561 1540 dicatur.
1639 1487 1749 1557 Qua
1776 1489 1965 1541 ratione
1991 1491 2066 1541 fu-

153 1595 259 1628 cum
291 1594 344 1628 se
374 1578 563 1640 facere,
605 1584 749 1643 atque
783 1574 1036 1626 ecclesiam
1063 1573 1415 1626 circumvenire
1444 1582 1611 1643 putant
1640 1591 1803 1643 posse.
1878 1572 2065 1626 Verum

154 1661 231 1730 qui
280 1660 547 1713 divinarum
592 1677 754 1710 rerum
800 1658 1036 1727 sapientia
1075 1659 1281 1726 pollent,
1338 1676 1639 1726 nequaquam
1685 1659 1774 1710 hoc
1816 1659 2062 1728 ignorant,

152 1745 354 1814 ingeniti
385 1761 554 1795 vocem
583 1743 864 1794 inferiorem
895 1760 1004 1793 esse
1036 1742 1186 1811 patris
1219 1743 1440 1806 nominc,
1493 1752 1749 1812 propterea
1776 1745 1900 1812 quod
1929 1744 2068 1812 inge-

155 1830 242 1880 niti
272 1829 403 1880 notio
434 1845 547 1898 prae
574 1845 626 1880 se
651 1828 765 1878 illud
805 1844 947 1877 unum
990 1828 1112 1890 fert,
1169 1836 1220 1877 ut
1248 1845 1345 1877 non
1385 1844 1495 1878 esse
1527 1827 1718 1895 genitus
1748 1828 2063 1897 intelligatur,

155 1915 367 1965 nondum
397 1922 557 1964 tamen
586 1912 712 1963 sitne
740 1919 878 1980 pater
903 1911 1134 1962 declarat.
1211 1910 1278 1962 At
1306 1928 1424 1961 vero
1451 1919 1587 1979 pater
1613 1912 1814 1980 amplius
1843 1913 2065 1981 quiddam

156 2009 231 2051 est
257 1997 459 2066 ingeniti
490 1997 754 2060 vocabule,
795 1994 1019 2063 quoniam
1049 1995 1095 2044 in
1126 1995 1244 2058 hoc,
1300 1995 1366 2045 uti
1398 1995 1528 2058 dixi,
1581 1995 1657 2046 vis
1686 1995 1766 2046 illa
1797 1997 1943 2066 patris
1970 2014 2066 2048 non

156 2083 463 2152 exprimitur.
553 2079 651 2132 Sed
691 2081 740 2132 in
782 2079 930 2148 patris
969 2079 1162 2130 nomine
1202 2079 1316 2129 illud
1360 2096 1453 2129 uua
1497 2079 1832 2147 significatur,
1884 2089 2068 2148 patrem

155 2185 252 2218 nou
277 2184 386 2218 esse
414 2165 583 2229 filium,
625 2166 666 2216 si
691 2164 884 2233 proprie
910 2172 1048 2232 pater
1076 2163 1389 2231 intelligatur,
1431 2181 1487 2213 ac
1521 2163 1597 2214 sui
1622 2163 1793 2216 similis
1832 2181 1942 2215 esse
1979 2164 2068 2215 filii

155 2250 460 2320 principium.
537 2250 760 2301 Alterum
800 2248 922 2316 quod
952 2248 1190 2317 perficere
1220 2248 1508 2298 studuerunt
1537 2247 1654 2312 fuit,
1707 2257 1757 2299 ut
1786 2248 2065 2300 dissimilem

157 2334 370 2386 essentia
398 2334 548 2385 filium
581 2333 732 2402 patris
766 2349 877 2383 esse
916 2332 1108 2402 scriptis
1144 2333 1445 2384 mandarent.
1525 2329 1634 2399 Quo
1678 2333 1872 2384 nomine
1913 2333 2069 2385 eccle-

157 2419 278 2472 siam
320 2418 644 2469 condemnare
691 2434 744 2468 se
786 2433 930 2485 posse
976 2426 1206 2485 putarunt
1243 2417 1304 2467 iis
1344 2417 1499 2468 literis
1544 2434 1662 2484 quas
1699 2417 1756 2468 ab
1804 2417 2072 2469 venerabili

161 2504 388 2573 episcopo
428 2501 583 2553 Hosio
624 2519 709 2570 per
757 2502 972 2551 fraudem
1013 2501 1344 2564 abstulerunt,
1400 2502 1450 2551 in
1488 2501 1657 2569 quibus
1701 2501 1948 2553 dissimilis
1995 2519 2073 2553 esÎ‡

159 2588 315 2640 sentia
347 2587 542 2655 legitur.
620 2584 804 2638 Verum
833 2602 937 2635 cum
972 2582 1252 2637 Orientales
1284 2583 1513 2637 Sirmium
1544 2586 1748 2652 profecti
1782 2585 1922 2637 huius
1954 2604 2072 2655 quo-

161 2689 252 2740 que
298 2672 516 2722 haeresis
552 2669 906 2738 improbitatem
935 2687 1029 2720 una
1076 2688 1182 2721 cum
1215 2670 1320 2722 aliis
1353 2679 1518 2721 essent
1552 2669 1819 2739 complexi,
1873 2687 1933 2721 ne
1961 2688 2071 2739 pro-

159 2765 266 2825 pter
288 2773 373 2807 eos
398 2755 476 2823 qui
502 2754 784 2805 orientalem
816 2754 926 2804 fidei
956 2755 1308 2822 professionem
1338 2763 1619 2823 pervertere
1648 2772 1744 2805 non
1774 2754 2069 2817 dubitarant,

160 2841 219 2892 ad
250 2839 542 2891 reddendam
575 2839 812 2890 rationem
850 2837 1241 2907 impellerentur,
1297 2839 1594 2890 substantiae
1625 2856 1831 2903 nomen,
1887 2839 2012 2908 quod
2044 2856 2073 2890 a

162 2923 379 2993 patribus
414 2924 470 2974 ad
502 2940 587 2974 eas
617 2940 814 2974 caussas
844 2939 961 2990 quas
989 2922 1233 2989 attigimus
1260 2923 1307 2973 in
1339 2941 1475 2974 usum
1511 2931 1757 2992 receptum
1786 2924 1969 2987 fuerat,
2011 2922 2071 2973 ab

163 3008 491 3068 ecclesiastica
533 3006 664 3058 omni
709 3006 927 3057 doctriua
973 3007 1227 3074 profligare
1271 3009 1431 3058 conati
1471 3019 1610 3072 sunt,
1666 3016 1718 3059 ut
1756 3008 1843 3059 hac
1882 3007 2071 3058 ratione

164 3110 302 3145 suam
339 3092 576 3144 haeresim
617 3090 1011 3142 corroborarent.

307 3175 392 3229 Sic
430 3175 558 3227 enim
589 3176 712 3244 apud
756 3191 809 3226 se
864 3173 1161 3241 cogitarunt,
1212 3173 1255 3224 si
1295 3176 1497 3226 excluso
1541 3174 1837 3226 substantiae
1876 3172 2070 3224 nomine
2092 3184 2301 3240 cap.XV.

164 3261 354 3313 actione
385 3260 490 3312 sola
529 3278 585 3312 ac
611 3260 860 3312 voluntate
892 3257 1094 3308 similem
1123 3257 1270 3324 patris
1300 3276 1410 3310 esse
1441 3259 1588 3310 filium
1623 3259 1868 3320 dicerent,
1921 3256 2071 3308 licere

164 3345 256 3397 sibi
304 3344 491 3396 sublato
532 3361 730 3413 prorsus
772 3340 1071 3394 substantiae
1100 3341 1292 3392 nomine
1325 3342 1603 3393 dissimilem
1640 3342 1887 3408 deincep8,
1943 3341 2066 3408 quod

166 3429 225 3481 ad
260 3429 413 3498 ipsum
443 3445 552 3480 esse
583 3437 631 3479 et
659 3428 873 3479 existere
917 3424 1153 3494 pertinet,
1207 3426 1355 3493 patris
1383 3426 1695 3495 pronuntiare
1724 3425 1893 3475 filium.
1969 3423 2069 3476 Sed

166 3571 211 3610 tit
236 3570 406 3622 Semper
430 3575 567 3608 autem
595 3566 765 3608 dicimus
788 3574 959 3622 propter
981 3573 1092 3605 tern-
1202 3563 1318 3606 6.1n
1350 3568 1456 3606 libris
1496 3567 1611 3616 vulgo
1649 3567 1703 3605 est
1725 3566 1907 3615 scriptum
1935 3558 2071 3618 á½¥Ï‚Ï€ÎµÏ

167 3624 280 3679 poris
306 3624 580 3664 exclusionem
617 3632 659 3664 et
685 3624 936 3665 substantiae
978 3635 1087 3661 com
1145 3635 1229 3663 Î¿Ï…Î½.

171 3680 578 3736 prehensibilitatem
1204 3676 1298 3715 CAP.
1335 3677 1428 3716 XV.
1459 3700 1511 3706 â€”
1571 3676 1605 3717 1.
1638 3674 1790 3726 á¼•Î¾Î¿Ï…ÏƒÎ¹Î½
1819 3670 1962 3724 Î¿Ï…â€™Ïƒá½·Î±Ï‚
1986 3676 2070 3715 cod.

226 3733 266 3778 4.
296 3737 403 3777 Libri
430 3738 567 3778 habent
597 3731 618 3778 á½ƒ
652 3749 737 3789 Î¼ÎµÎ½.
1148 3735 1223 3774 len.
1281 3729 1424 3779 Î¿Ï…Ïƒá½·Î±Ï‚
1455 3730 1610 3782 á¼•Î¾Î¿Ï…ÏƒÎ¹Î½
1638 3735 1728 3773 editi
1765 3734 1863 3773 libri
1924 3727 2071 3778 Î¿Ï…Ïƒá½·Î±Ï‚

227 3794 265 3833 á½.
296 3795 487 3843 Rescripsi
517 3792 557 3834 Îµá¼´
582 3806 640 3845 Î³Îµ.
700 3794 807 3833 Libri
833 3793 971 3833 habent
998 3789 1092 3832 Îµá¼´Ï„Îµ.
1147 3800 1277 3829 vocem
1306 3801 1378 3830 om.
1408 3791 1492 3829 cod.
1521 3790 1682 3840 Rhediy.

1653 3860 1733 3911 7*
