2508 4134
457 308 681 351 PANARn
712 303 816 348 Lm.
838 309 911 348 111.
942 301 1078 349 ToM.
1104 309 1154 348 11.
1185 300 1350 349 HAER.
1375 308 1616 349 Lxxvm.
1886 289 1987 349 433

93 425 262 461 vocem
289 406 416 457 illam
442 409 588 456 Suum
615 404 860 466 adiunxit,
915 405 998 456 sed
1021 409 1379 470 primogenitum
1410 405 1738 458 tantummodo
1776 405 1986 457 vocavit.

91 491 183 543 Hic
215 499 293 542 est
320 489 446 541 enim
481 489 561 540 ille
599 506 739 558 quem
777 492 1136 554 primogenitum
1173 500 1419 540 creaturae
1450 494 1596 540 onmis
1628 489 1872 558 apostolus
1904 505 1989 539 no-

90 575 273 638 minat,
326 573 498 642 quique
532 590 637 624 cum
667 572 902 623 creaturis
942 572 1118 622 ceteris
1149 572 1343 623 minime
1385 573 1717 641 coniungitur,
1771 573 1855 623 sed
1882 581 1994 623 aute

91 675 177 710 eas
205 674 373 708 omnes
405 656 643 725 originem
672 656 875 725 accepit.
950 654 1127 725 Neque
1153 655 1278 707 enim
1312 660 1464 721 primo
1494 667 1679 707 creatus
1716 656 1867 720 dixit,
1907 655 1992 706 sed

81 744 452 807 primogenitus,
493 741 615 791 adeo
646 748 698 791 ut
726 740 785 790 ad
814 739 1044 790 maiorem
1082 740 1377 790 audientium
1406 741 1608 792 fructum
1639 749 1780 809 atque
1808 739 1993 792 cautio-

90 842 198 877 nem
233 825 351 875 baec
377 824 458 875 illo
494 824 541 875 in
572 825 680 875 loco
722 823 928 875 discreta
962 822 1085 888 sint,
1139 840 1194 873 ac
1227 827 1536 889 primogeniti
1571 841 1691 875 voce
1728 825 1993 893 praemissa

90 908 369 960 inferiorem
405 909 576 959 deinde
612 917 880 959 creaturam
914 906 1137 959 subiecit.
1214 905 1462 975 Siquidem
1486 912 1792 973 primogeniti
1819 925 1994 959 unomen

91 994 148 1044 ad
184 993 325 1043 lilium
353 993 593 1056 refertur,
651 1001 871 1043 creatura
904 1008 990 1061 per
1020 991 1164 1042 filium
1203 1002 1278 1041 est
1303 991 1550 1060 producta.
1626 995 1811 1057 Peperit
1836 992 1995 1060 itaque

74 1078 237 1142 filium
259 1094 392 1126 suum
414 1080 803 1141 primogenitum,
848 1093 944 1126 non
975 1074 1347 1143 primogenitum
1379 1092 1548 1140 suum,
1597 1076 1732 1143 quasi
1761 1076 1879 1127 alios
1912 1094 1996 1145 po·

91 1170 194 1211 stea
238 1160 452 1230 paritura
498 1160 659 1211 fuerit.
735 1163 802 1209 Et
838 1177 930 1209 non
971 1160 1283 1224 cognoscebat
1321 1162 1466 1224 illam.
1546 1156 1645 1225 Qui
1685 1161 1811 1209 enim
1850 1177 1995 1211 nosse

91 1245 244 1313 potuit
283 1253 464 1296 tautum
510 1261 618 1296 esse
661 1242 706 1294 ei
746 1243 933 1294 mulieri
974 1243 1157 1310 gratiae
1197 1243 1576 1295 conferendum?
1651 1240 1787 1295 Unde
1825 1244 1993 1307 sciret,

91 1329 285 1397 inquam
305 1367 319 1393 ,
361 1338 455 1380 tam
486 1326 747 1380 excellenti
778 1326 935 1394 gloria
959 1327 1195 1396 virginem
1228 1344 1337 1379 esse
1368 1327 1737 1378 celebrandam?
1808 1325 1997 1396 Quippe

92 1413 342 1464 mulierem
374 1413 495 1464 hanc
528 1431 555 1464 a
593 1420 763 1463 natura
789 1412 1038 1462 formatam
1070 1429 1126 1462 ac
1173 1411 1365 1462 feminei
1394 1429 1546 1462 sexus
1582 1428 1692 1462 esse
1740 1419 1991 1478 cognorat,

91 1506 237 1565 atque
266 1497 325 1548 ab
356 1498 500 1547 Anna
538 1505 690 1547 matre
717 1504 765 1546 et
792 1492 1004 1546 Ioacimo
1032 1505 1166 1564 patre
1205 1495 1416 1564 genitam
1436 1534 1449 1560 ,
1504 1493 1788 1546 Elizabetae
1820 1512 1998 1563 cogna-

91 1588 224 1644 tam,
282 1598 308 1632 e
345 1581 486 1631 domo
524 1578 727 1631 Davidis
765 1596 820 1630 ac
868 1579 1075 1643 familia,
1132 1579 1221 1631 boc
1258 1596 1378 1631 vero
1419 1580 1626 1630 nondum
1665 1579 1997 1644 intellexerat,

93 1673 276 1716 tantum
322 1665 450 1716 illam
495 1664 544 1715 in
579 1664 722 1715 terris
760 1664 906 1715 decus
947 1681 1003 1714 ac
1032 1663 1368 1733 splendorem,
1423 1672 1472 1715 et
1516 1663 1703 1732 quidem
1751 1663 1996 1728 feminam,

92 1766 201 1800 esse
242 1755 626 1800 consecuturam.
703 1745 942 1815 Quocirca
973 1767 1064 1797 non
1094 1752 1311 1814 cognovit
1343 1751 1496 1808 illam,
1540 1749 1693 1799 donec
1729 1747 1996 1816 prodigium

91 1833 204 1884 illud
247 1833 606 1884 animadvertit.
679 1830 795 1883 Non
841 1833 1071 1900 cognovit
1108 1833 1232 1900 quod
1277 1834 1324 1882 in
1365 1849 1421 1883 ea
1452 1832 1669 1887 mirabile
1708 1832 1996 1899 contigerat,

92 1917 244 1968 donec
273 1925 434 1968 natum
463 1934 527 1967 ex
560 1933 616 1967 ea
646 1916 792 1967 filium
821 1916 957 1967 vidit.
1032 1914 1355 1985 Posteaquam
1387 1934 1504 1968 vere
1530 1916 1745 1986 peperit,
1788 1916 1999 1967 habitum

93 2001 159 2052 illi
191 2001 419 2053 divinitus
454 2001 687 2052 honorem
728 1999 957 2069 agnovit,
1016 2017 1216 2070 eamque
1251 2001 1414 2052 didicit
1441 2001 1513 2053 his
1547 2001 1707 2052 verbis
1737 1999 1794 2052 ab
1824 2001 1998 2069 angelo

91 2085 375 2136 salutatam:
414 2090 518 2135 Ave
548 2088 711 2150 gratia
739 2087 910 2150 plena,
952 2088 1162 2134 dominns
1192 2095 1354 2134 tecum.
2027 2094 2117 2131 Luc.
2131 2096 2227 2140 1,28.

229 2168 366 2221 Haec
393 2179 495 2234 est,
549 2187 688 2237 quam
717 2169 1018 2220 adumbravit
1047 2167 1183 2233 Eva,
1239 2187 1359 2237 quae
1398 2169 1663 2221 viventium
1693 2178 1848 2221 mater
1878 2188 1994 2239 quo·
2074 2182 2173 2236 cap.

95 2254 204 2304 dam
238 2253 522 2321 aenigmatis
552 2253 804 2305 involucro
833 2261 1154 2321 nuncupatur.
1232 2251 1479 2322 Siquidem
1509 2257 1610 2304 Eva
1638 2263 1731 2304 tum
1759 2259 2001 2305 viventium
2025 2238 2251 2337 Gffisslffio.

91 2347 167 2387 est
188 2341 421 2403 appellata
453 2348 626 2398 mater,
670 2356 775 2388 cum
806 2337 899 2389 iam
931 2338 1043 2388 illud
1072 2337 1334 2402 audiisset,
1381 2343 1526 2388 Terra
1555 2357 1629 2399 ec,
1686 2349 1732 2388 et
1754 2343 1801 2388 in
1829 2349 2001 2389 terram

93 2427 372 2482 reverteris,
429 2431 537 2492 post
573 2423 830 2474 admissum
870 2421 1092 2473 videlicet
1119 2432 1388 2491 peccatum.
1467 2421 1608 2491 Quod
1638 2424 1826 2491 quidem
1852 2424 2002 2475 admi—

95 2507 284 2557 ratione
320 2506 511 2573 dignum
557 2515 661 2569 est,
718 2506 982 2576 postillam
1023 2506 1341 2557 offensionem
1378 2516 1472 2557 tam
1518 2508 1819 2576 praeclarum
1849 2508 1893 2558 ei
1921 2526 2003 2558 co-

96 2607 307 2658 gnomen
355 2590 655 2641 attributum.
743 2591 819 2641 Ac
860 2591 902 2642 si
943 2590 1189 2642 exteriora
1230 2593 1464 2642 duntaxat
1503 2600 1552 2642 et
1593 2592 1817 2643 sensibus
1859 2592 2001 2643 obvia

97 2675 412 2737 cousidereS,
472 2674 530 2725 ab
561 2675 728 2725 eadem
768 2675 858 2725 hac
891 2673 998 2726 Eva
1030 2676 1176 2726 totius
1215 2685 1289 2727 est
1318 2676 1365 2726 in
1397 2676 1540 2728 terris
1575 2677 1770 2727 humani
1808 2676 2003 2744 generis

97 2760 235 2826 origo
263 2759 483 2810 deducta.
559 2757 758 2810 Revera
783 2767 944 2809 tamen
975 2777 1002 2810 a
1024 2757 1188 2812 Maria
1215 2760 1403 2829 virgine
1428 2761 1527 2812 vita
1555 2761 1657 2829 ipsa
1686 2770 1762 2812 est
1789 2760 1836 2811 in
1869 2779 2005 2811 mun-

98 2844 206 2894 dum
245 2843 545 2906 introducta,
600 2852 650 2893 ut
679 2843 924 2894 viventem
965 2844 1120 2911 pariat
1158 2853 1206 2895 et
1234 2844 1496 2897 viventium
1528 2843 1689 2896 Maria
1730 2845 1794 2897 sit
1824 2855 1998 2896 mater.

100 2926 348 2995 Quocirca
398 2930 650 2977 Viventium
705 2937 851 2976 maler-
902 2927 1181 2979 adumbrata
1227 2929 1536 2980 similitudine
1584 2927 1748 2980 Maria
1804 2930 1997 2979 dicitur.

97 3010 224 3063 Nam
255 3012 314 3063 de
342 3011 523 3062 duabus
569 3012 758 3062 feminis
806 3011 979 3061 dictum
1012 3012 1124 3062 illud
1158 3020 1259 3076 est,
1316 3017 1427 3076 Quis
1458 3017 1586 3064 dedit
1611 3017 1800 3063 mulieri
1817 3017 1999 3078 sapien-
2021 3023 2099 3058 tob.
2121 3023 2175 3069 18,
2196 3023 2251 3060 ae.

101 3100 238 3157 tiam,
292 3106 378 3146 aut
402 3099 678 3161 cunegundi
712 3099 989 3145 scientiam?
1060 3093 1254 3146 Etenim
1282 3096 1388 3148 Eva
1414 3097 1492 3148 illa
1520 3098 1651 3168 prior
1677 3097 1871 3166 sapiens
1903 3114 2004 3148 mu-

101 3180 191 3231 lier
217 3179 437 3245 Adamo,
480 3199 617 3249 quem
644 3180 749 3249 ipsa
781 3180 1078 3242 nudaverat,
1119 3181 1425 3249 aspectabilia
1457 3183 1686 3250 quaedam
1716 3181 2006 3232 vestimenta

103 3265 387 3329 contexuit,
441 3266 613 3334 quippe
646 3263 913 3316 huiusmodi
954 3271 1029 3313 est
1062 3263 1225 3315 labore
1257 3265 1500 3316 damnata.
1577 3264 1718 3333 Quod
1758 3265 1884 3316 enim
1918 3282 2005 3315 nu-

102 3349 225 3400 ditas
257 3349 384 3401 illius
417 3367 564 3418 opera
594 3351 774 3400 referta
807 3350 992 3411 suerat,
1033 3346 1123 3398 hoc
1157 3348 1310 3399 eidem
1338 3350 1498 3400 datum
1530 3349 1771 3417 negotium
1800 3357 1902 3413 est,
1955 3357 2007 3399 ut

104 3433 160 3483 ad
194 3441 447 3485 externam
491 3434 753 3484 nuditatem
790 3432 1042 3500 tegendam
1083 3449 1257 3500 corpus
1296 3433 1452 3496 istud,
1507 3434 1631 3500 quod
1665 3431 1886 3483 sensibus
1918 3449 2005 3482 ex-

104 3517 309 3585 positum
355 3526 458 3582 est,
512 3527 650 3569 veste
693 3526 993 3585 contegeret.
1071 3514 1140 3566 At
1178 3514 1369 3567 Mariae
1415 3516 1644 3568 divinitus
1686 3516 1799 3566 illud
1837 3515 2008 3584 obtigit

105 3609 157 3651 ut
188 3619 361 3670 agnum
392 3601 530 3652 nobis
562 3610 704 3670 atque
743 3619 883 3652 ovem
924 3608 1144 3668 pareret,
1201 3601 1336 3651 cuius
1364 3618 1430 3651 ex
1459 3601 1713 3669 splendore
1746 3618 1801 3650 ac
1829 3600 2000 3668 gloria,

105 3691 328 3753 tanquam
360 3703 386 3736 e
415 3685 632 3750 vellere,
687 3703 774 3754 per
812 3686 1025 3736 eiusdem
1066 3683 1291 3737 virtutem
1333 3684 1704 3737 immortalitatis
1742 3684 1881 3736 nobis
1921 3701 2005 3735 ve-

161 3792 201 3835 4.
233 3795 280 3839 τὸ
312 3793 570 3850 οἷμφιεννύειν
601 3799 684 3838 cod.
716 3799 876 3848 Rhediy.

193 3863 336 3909 Corpus
359 3864 582 3900 Haereseol.
604 3863 651 3898 11.
676 3866 707 3899 3.
1604 3871 1669 3921 28
