2508 4134
561 271 785 313 PANARu
814 273 918 313 Lm.
942 273 1014 313 111.
1046 274 1180 316 ΤοΜ.
1203 275 1233 314 1.
1263 274 1647 315 HAER.LXX111.
1957 263 2055 313 127

151 377 433 434 contempta,
474 378 521 419 et
553 386 786 419 sermones
820 372 919 419 eius
954 388 1046 419 non
1081 375 1353 422 audiuntur.
1434 370 1533 423 Iam
1575 389 1694 422 vero
1732 388 1837 422 cum
1881 386 2055 438 corpus

149 451 304 521 ipsum
336 470 430 503 non
469 470 613 503 unum
652 452 715 503 sit
753 452 1048 516 membrum,
1091 455 1175 504 sed
1214 471 1279 505 ex
1315 456 1528 524 pluribus
1567 464 1877 517 contextum,
1934 470 2056 521 quae

149 535 309 586 omnia
342 536 400 587 de
429 553 482 588 se
512 544 678 589 mutuo
706 536 911 588 sollicita
949 545 1088 599 sunt,
1131 554 1191 588 ne
1217 538 1359 588 ultum
1389 540 1447 590 sit
1479 540 1526 590 in
1555 556 1757 608 corpore
1784 536 2052 602 dissidium,

149 636 305 687 neque
337 628 479 689 caput
508 621 707 690 pedibus
735 620 895 672 dicere
927 629 1112 690 potest,
1168 620 1283 671 nihil
1318 622 1458 673 vobis
1496 641 1614 690 opus
1653 624 1835 687 babeo,
1887 639 2057 674 vorum

147 707 279 764 Deus
301 723 471 770 corpus
498 709 564 756 ita
593 709 864 771 temperavit
895 715 947 755 at
976 709 1024 754 ei
1039 709 1177 770 parti
1208 722 1325 770 quae
1360 709 1562 755 deterior
1597 718 1717 757 esset
1748 709 2051 758 abundantio·
2096 702 2245 791 1125331·

146 806 243 837 rem
282 791 498 839 honorem
542 791 776 840 tribuerit.
868 786 1025 840 Porro
1062 807 1167 840 cum
1211 797 1360 839 totum
1404 788 1557 856 ipsum
1603 809 1774 859 corpus
1814 799 2055 857 movetur,

146 873 476 924 necessarium
517 890 627 925 esse
675 874 864 942 penitus
919 882 970 924 ut
1006 873 1226 942 singulae
1274 881 1436 942 partes
1477 891 1567 924 una
1607 884 1920 941 moveantur,
1979 876 2057 928 vel

145 954 256 1008 inde
294 965 519 1009 constare
557 965 735 1026 potest.

283 1039 485 1110 Ecquod
523 1059 643 1094 vero
689 1040 867 1093 dicenti
908 1041 1019 1094 mihi
1058 1041 1180 1111 apud
1219 1058 1306 1094 vos
1347 1042 1665 1093 adhibendum
1704 1051 1779 1094 est
1820 1044 2054 1096 orationis

145 1125 434 1176 exordium?
506 1125 586 1177 An
615 1126 706 1177 hoc
743 1126 1050 1196 perspicuum
1084 1135 1187 1189 est,
1241 1143 1588 1194 quemcumque
1621 1145 1923 1192 sermonem,
1977 1129 2057 1180 vel

144 1225 264 1278 opus
290 1210 608 1278 aggrediare,
662 1210 849 1261 initium
896 1219 939 1262 et
972 1211 1156 1262 exitum
1196 1228 1222 1261 a
1255 1211 1386 1279 pacis
1425 1211 1670 1262 mentione
1712 1229 1819 1262 esse
1863 1211 2055 1281 capien-

143 1293 281 1356 dum,
334 1303 384 1345 ut
409 1294 467 1345 ab
498 1312 555 1346 ea
582 1304 631 1346 et
656 1294 901 1346 ordiamur
927 1303 976 1346 et
1000 1294 1046 1345 in
1076 1313 1182 1346 eam
1221 1296 1530 1346 desinamus?
1604 1295 1711 1347 Hoc
1743 1294 1869 1346 enim
1902 1296 2054 1363 ipsum

143 1376 200 1427 ad
228 1376 431 1428 salutem
464 1380 761 1447 profuturum
792 1381 933 1431 docet
957 1379 1222 1449 apostoluS,
1265 1389 1535 1431 vestrarum
1565 1379 1754 1448 quidem
1785 1379 2054 1431 orationum

141 1461 404 1529 suffragio,
458 1464 984 1532 communicationeque
1024 1462 1250 1532 spirituS,
1307 1481 1446 1532 quem
1480 1461 1706 1516 Christus
1747 1464 2056 1515 credentibus

141 1545 190 1596 in
216 1563 326 1597 sese
351 1546 570 1615 largitur.
634 1548 710 1598 Ac
734 1548 839 1599 sive
865 1548 1095 1617 quispiam
1120 1547 1465 1599 aedificationis
1492 1549 1641 1601 verba
1669 1549 1910 1616 loquatur,
1952 1549 2056 1599 sive

140 1629 519 1695 adhortationiS,
582 1631 687 1683 sive
746 1632 1091 1683 consolationis
1112 1673 1125 1696 ,
1193 1650 1316 1701 quae
1373 1651 1399 1683 a
1453 1633 1654 1684 caritate
1712 1632 2052 1702 proficiscitur,

140 1712 246 1765 sive
280 1715 631 1767 communionis
662 1716 885 1785 spirituS,
928 1716 1046 1767 haec
1074 1718 1233 1768 omnia
1263 1717 1321 1767 ab
1350 1735 1405 1768 ea
1433 1735 1580 1786 pace,
1636 1735 1758 1786 quae
1789 1719 2053 1768 secuudum

140 1798 279 1850 deum
311 1808 416 1865 est,
472 1801 858 1869 proficiscuntur.
936 1798 1235 1869 Quamquam
1281 1820 1375 1852 non
1414 1802 1687 1870 promiscue
1722 1804 1943 1855 omnibus
1974 1805 2056 1857 illa

137 1883 373 1952 suppetit,
428 1885 512 1935 sed
548 1883 607 1936 iis
636 1886 872 1935 duntaxat
898 1886 975 1953 qui
1007 1885 1162 1953 legem
1197 1885 1425 1954 diligunt,
1481 1895 1531 1937 ut.
1567 1885 1794 1955 propheta
1828 1896 2048 1940 testatur.

138 1964 322 2036 Legem
352 1986 470 2019 vero
503 1987 599 2020 non
632 1987 942 2036 corpoream,
1001 1987 1122 2038 quae
1160 1972 1425 2021 futurarum
1457 1970 1672 2022 umbram
1714 1981 1858 2040 atque
1885 1975 2052 2042 imagi-

139 2068 248 2102 nem
275 2052 519 2118 continet,
575 2055 660 2104 sed
690 2054 987 2122 spiritualem
1025 2055 1280 2118 videlicet,
1335 2072 1456 2123 quae
1485 2072 1649 2106 eorum
1690 2057 1898 2108 omnium
1929 2075 2051 2126 quae

138 2136 381 2204 praedicta
427 2146 538 2204 sunt
581 2138 765 2189 exitum
819 2127 1071 2189 manifeste
1120 2140 1436 2190 demonstrat.
1523 2143 1626 2189 Pam
1671 2144 1814 2202 enim,
1874 2142 2282 2210 inquit,1³sai·11‚s.

137 2223 282 2271 multa
304 2224 606 2288 diligentibus
631 2233 701 2283 te,
744 2233 792 2272 et
815 2241 907 2272 non
933 2233 1004 2272 est
1032 2226 1128 2273 illis
1151 2227 1437 2274 scandalum.
1519 2222 1596 2274 Ex
1625 2243 1717 2292 quo
1746 2242 2050 2294 consequens

139 2314 240 2371 est,
288 2323 374 2357 eos
403 2306 535 2375 ipsos
562 2307 609 2357 in
639 2307 917 2358 scandalum
945 2307 1195 2359 incurrere
1235 2308 1311 2376 qui
1340 2326 1505 2376 pacem
1535 2308 1644 2359 odio
1672 2319 2045 2378 prosequuntur.

135 2386 203 2439 Et
230 2406 314 2440 eos
343 2399 561 2459 oportet,
621 2392 699 2459 qui
727 2391 785 2442 ab
814 2391 886 2442 his
912 2391 1107 2444 liberari
1133 2393 1354 2462 cupiant,
1409 2392 1608 2444 caritate
1637 2410 1753 2461 erga
1781 2393 2045 2459 dominum,

136 2472 268 2524 velut
297 2483 434 2525 scuto
468 2475 699 2542 quodam,
741 2493 852 2527 sese
883 2485 1157 2545 protegere.
1234 2481 1323 2527 Est
1344 2481 1463 2527 enim.
1492 2481 1588 2543 ipse
1607 2497 1710 2543 paoe
1737 2489 1927 2540 nostra,
1969 2483 2280 2546 quiEph.2,14.

129 2559 248 2624 feeit
289 2569 487 2625 utraque
522 2578 660 2609 unum
674 2597 687 2620 ‚
746 2570 795 2610 et
821 2564 1013 2610 medium
1046 2566 1270 2627 parietem
1305 2566 1534 2612 maceriae
1570 2566 1751 2612 solvens
1781 2567 2049 2613 inimicitias

135 2645 183 2710 in
216 2661 382 2704 ear-ne,
442 2646 545 2708 lege
576 2655 931 2710 praeceptorum
970 2650 1017 2695 in
1053 2648 1348 2711 dogmatibus
1387 2649 1637 2712 abrogata.
1711 2645 1887 2715 Neque
1929 2665 2047 2698 vero

133 2726 239 2778 fieri
266 2735 423 2796 potest
456 2736 505 2778 ut
535 2728 712 2778 domini
744 2730 964 2780 mandata
997 2740 1286 2795 serventur,
1341 2731 1431 2782 nisi
1462 2731 1535 2781 dei
1564 2730 1740 2782 caritas
1766 2749 2046 2800 praecesse-

134 2810 215 2864 rit.
291 2815 352 2862 Si
374 2816 492 2862 enim
529 2815 728 2877 diligites
754 2831 849 2873 me,
905 2813 1084 2881 inquit,
1138 2818 1354 2865 mandata
1397 2834 1494 2865 mea
1531 2817 1791 2865 servabitis.
1870 2814 2045 2883 Neque
2065 2827 2201 2907 qumln5

135 2904 187 2947 ut
224 2896 378 2961 oculi,
439 2896 516 2947 vel
559 2898 703 2947 corda
748 2898 1118 2963 collustrentur,
1178 2899 1270 2949 nisi
1311 2900 1397 2950 lux
1442 2917 1469 2951 a
1511 2898 1748 2950 mandatis
1798 2899 2040 2965 affulgeat.
2136 2898 2145 2917 '
2203 2897 2212 2907 '

127 2982 429 3052 ¹P1⁰aae=2ceptum
469 2984 616 3041 enim,
667 2981 846 3049 inquit,
899 2985 1076 3032 domini
1107 2986 1334 3044 lucidam,
1388 2986 1656 3034 illuminans
1688 2987 1861 3033 oeulos.
1942 2981 2040 3035 Sed
2078 2990 2215 3068 {galgan-

134 3081 287 3133 neque
318 3065 571 3117 veritatem
601 3065 758 3133 eloqui
791 3074 976 3134 potest,
1036 3067 1126 3117 nisi
1156 3068 1234 3136 qui
1267 3064 1514 3119 Christum
1543 3067 1591 3118 in
1623 3085 1676 3118 se
1705 3067 1809 3136 ipso
1841 3067 2040 3134 loquen-
2124 3060 2134 3078 ’
2181 3058 2190 3066 ⁸

133 3155 228 3198 tem
261 3148 461 3214 habeat,
516 3158 567 3200 ut
606 3158 810 3201 testatur
840 3150 918 3200 itte
952 3150 1031 3218 qui
1068 3150 1208 3215 dicit,
1258 3154 1382 3200 Nam
1417 3156 1775 3216 eoeperimentmn
1816 3154 2297 3215 qaaere'czkz.cor.13,3.

134 3234 360 3298 loquentis
396 3238 443 3284 in
473 3252 543 3283 me
571 3227 794 3284 Clzrz‘sti?
862 3232 963 3285 Imo
993 3251 1108 3284 vero
1142 3253 1236 3286 non
1268 3237 1408 3287 modo
1438 3235 1706 3303 loquentis,
1760 3235 1845 3284 sed
1879 3242 1926 3284 et
1955 3233 2042 3284 mi-

132 3317 362 3368 serentis.
441 3322 630 3379 Veniat,
671 3319 854 3387 inquit,
895 3322 1212 3368 misericordia
1241 3329 1347 3380 tua,
1406 3330 1456 3369 et
1477 3323 1686 3369 salutare
1717 3328 1842 3367 taam
1874 3321 1921 3367 in
1947 3337 2033 3379 me,
2086 3328 2230 3407 figalqnb.

132 3409 179 3449 et
204 3404 483 3466 respondebo
510 3405 899 3469 exprobranlibus
928 3406 1044 3452 mila·
1068 3405 1268 3452 verbum.
1351 3401 1494 3470 Quod
1528 3403 1658 3453 nullo
1683 3402 1824 3452 modo
1853 3402 2041 3453 contin·
2149 3398 2159 3416 ’
2223 3398 2233 3409 ”

132 3495 298 3554 geret,
356 3486 446 3537 nisi
486 3486 591 3555 quis
621 3490 972 3553 iustificationes
1012 3491 1288 3552 requireret.
1367 3484 1463 3552 Qui
1494 3486 1619 3536 enim
1653 3485 1722 3537 sic
1752 3485 1911 3537 affecti
1944 3504 2039 3538 nou

133 3577 272 3632 sunt,
330 3569 499 3622 horum
543 3572 734 3640 propria
773 3581 849 3622 est
888 3571 936 3621 in
977 3569 1247 3638 opprobriis
1291 3570 1612 3634 verecundia,
1669 3570 1790 3620 adeo
1829 3578 1879 3621 ut
1913 3570 2040 3622 istud

132 3669 366 3723 usurpare
398 3664 664 3723 nequeant:
705 3658 861 3722 Auser
891 3673 919 3704 α
946 3673 1015 3704 me
1040 3655 1334 3719 opprobriam
1361 3662 1412 3701 et
1435 3659 1771 3719 contemptum!
1820 3652 1948 3707 Nam
1972 3671 2039 3706 ex

187 3764 224 3806 3.
265 3762 551 3821 ἐπισχῆματος
574 3769 684 3809 codd.
710 3769 811 3818 len„
851 3767 1037 3818 Rhedi9.‚
1067 3767 1196 3807 Paris.
