2508 4134
278 2139 362 2175 pag.
381 2129 455 2167 929.

493 224 594 276 218
1204 238 1408 279 SANGTI
1436 238 1721 279 EPIPHANH

495 329 856 399 ὃθαὺτομάτως
899 334 1163 403 ἐπιτρέψαι
1200 333 1286 386 τόν
1321 340 1559 400 φιλοῦντα
1580 335 1706 389 κατά
1737 334 1796 387 τά
1825 337 2179 406 προειρημένα,
2233 343 2288 375 ⁶1
2310 336 2417 406 ἤτοι

488 415 531 487 γ’
560 410 650 470 οὖν
675 415 959 471 ἀκόλουθον
981 416 1073 486 τὴν
1099 419 1188 487 μὲν
1212 426 1454 474 ποιοῦσαν
1481 418 1747 491 α’γέννητον
1773 422 1954 486 εἰπεῖν,
1991 421 2226 491 γεννητὴν
2248 423 2303 477 δὲ
2323 421 2418 491 ’τὴν

488 503 923 571 μεταβαλλομένην.

629 672 681 726 λ’.
722 675 793 726 Εἰ
811 679 899 742 τῆς
919 676 1184 744 γενομένης
1207 673 1242 744 ἦ
1269 674 1533 747 ἀγέννητος
1556 675 1707 743 φύσις
1734 678 1866 731 ἐστὶν
1897 678 2050 744 αἰτία,
2104 676 2160 731 τό
2193 678 2247 731 δὲ
2278 679 2416 750 ἀγέν-

489 780 636 826 νητον
689 759 841 826 μηδὲν
882 762 981 828 εἴη,
1038 757 1282 832 Μάρτιον
1321 768 1428 824 πῶς
1471 760 1533 815 ἄν
1563 764 1637 830 εἴη
1665 764 1822 815 αἴτιον
1863 760 1916 815 τὸ
1960 763 2114 830 μηδὲν
2154 763 2244 816 τοῦ
2281 785 2415 835 γεγο-

487 844 655 909 νότος;

631 929 717 982 λα’.
740 933 810 983 Εἰ
827 929 882 984 τό
911 928 1177 1001 ἀγέννητον
1199 933 1436 999 στέρησις,
1464 929 1498 999 ἦ
1522 932 1575 984 δὲ
1602 933 1824 1002 στέρησις
1850 934 1993 996 ἕξεως
2017 929 2247 1002 ἀποβολή
2273 936 2417 1001 ἐστιν,

487 1013 521 1083 ἦ
550 1015 602 1068 δὲ
629 1012 854 1084 ἀποβολὴ
881 1022 1127 1078 παντελῶς
1154 1015 1422 1070 ἀπόλλυται
1453 1015 1487 1084 ἢ
1510 1019 1797 1084 μεθίσταται
1825 1016 1902 1084 ἐφ’
1928 1020 2120 1090 ἕτερον,
2169 1025 2279 1082 πῶς
2307 1017 2418 1074 οἷόν

486 1123 537 1155 τε
561 1103 654 1165 ἕξει
680 1102 1009 1175 μεθισταμένη
1042 1108 1099 1140 ⁶³
1118 1100 1539 1171 κατονομάζεσθαι
1577 1099 1667 1170 τήν
1696 1099 1868 1155 ούσί-αν
1894 1109 1985 1156 τοῦ
2006 1110 2133 1158 θεοῦ
2167 1103 2417 1179 ἆγεννήτφ

487 1190 814 1260 προςηγορίᾳῑ

625 1271 713 1341 λβ’.
753 1275 824 1324 Εἰ
851 1271 906 1325 τό
940 1273 1202 1342 ἀγέννητον
1247 1276 1391 1340 δηλοῖ
1425 1275 1648 1342 στέρησιν
1682 1270 1751 1341 μὴ
1784 1278 2066 1342 προςοῦσαν
2103 1278 2162 1311 ⁶4
2180 1280 2249 1347 τῷ
2290 1281 2415 1349 θεῷ,

486 1364 594 1422 πῶς
630 1357 895 1428 ἀγέννητον
934 1354 1057 1410 εἶναι
1093 1358 1308 1427 λέγομεν,
1342 1356 1574 1429 γεννητόν
1611 1358 1665 1411 δὲ
1701 1356 1769 1426 μὴ
1808 1354 1962 1423 εἶναι,

624 1442 707 1513 λγ’.
753 1449 809 1481 ⁶⁵
828 1446 899 1496 Εἰ
934 1441 1084 1510 ψιλὸν
1123 1441 1282 1510 ὄνομά
1321 1445 1452 1497 ἐστιν
1492 1444 1653 1496 θὸἒπὶ
1694 1448 1820 1496 θεοῦ
1861 1442 1915 1497 τό
1959 1441 2252 1515 ἀγέννητον,
2301 1442 2338 1514 ἦ
2364 1446 2417 1500 δὲ

484 1527 606 1597 ψιλὴ
638 1527 875 1599 προφορᾶ
900 1526 991 1596 τὴν
1026 1526 1299 1581 ὑπόστασιν
1332 1534 1420 1582 τοῦ
1443 1534 1568 1582 θεοῦ
1608 1531 1799 1596 ἐπαίρει
1834 1527 1961 1582 κατά
2003 1527 2202 1583 πάντων
2246 1535 2418 1584 θΤτῶν

483 1620 755 1687 γεννητῶν,
825 1614 1086 1682 τιμιωτέρα
1128 1612 1224 1684 ἄρα
1266 1615 1394 1667 ἐστὶν
1435 1611 1469 1682 ἡ
1511 1613 1801 1684 ἀνθρώπων
1846 1613 2080 1684 προφορά
2121 1622 2178 1654 ⁶⁸
2197 1621 2285 1684 τῆς
2326 1621 2418 1669 τοῦ

484 1699 884 1771 παντοκράτορος
925 1696 1266 1764 ὑποστάσεως,
1324 1697 1601 1773 ἀσυγκρίτῳ
1643 1697 1862 1774 ὑπεροχῇ
1905 1703 2250 1755 καλλωπίσασα
2292 1700 2418 1756 θεόν

489 1791 511 1824 ⁶
523 1792 545 1824 9
563 1783 953 1856 παντοκράτορα.

623 1870 707 1924 λὸ’.
731 1873 803 1923 Εἰ
824 1871 973 1924 παντὶ
998 1877 1211 1944 γεννητῷ
1237 1874 1367 1924 αἰτία
1395 1870 1804 1942 συγκεκλήρωται,
1830 1869 2117 1934 7οἀναίτιος
2141 1872 2196 1926 δὲ
2217 1870 2252 1941 ἦ
2279 1870 2417 1943 ἀγέν-

482 1979 627 2025 νητος
668 1956 841 2023 φύσις,
896 1964 953 1995 ⁷¹
974 1956 1066 2010 οὑκ
1105 1959 1265 2011 αἰτίαν
1310 1960 1456 2024 δηλοῖ
1495 1955 1550 2010 τό
1596 1956 1887 2027 ἀγέννητον,
1945 1955 2118 2013 72ἀλλ’
2147 1955 2422 2013 ὑπόστασιν

479 2046 716 2111 σημαίνει.

621 2128 697 2183 λε’.
730 2132 800 2182 Εἰ
821 2135 922 2183 πᾶν
944 2127 998 2183 τό
1022 2127 1228 2200 γεγονός
1264 2126 1351 2194 ὑφ’
1376 2130 1544 2197 ἑτέρου
1570 2130 1792 2199 γέγονεν,
1846 2125 1876 2194 ἦ
1905 2127 1958 2181 δὲ
1987 2127 2251 2198 ἀγέννητος
2292 2125 2416 2182 ὑπό-

480 2233 646 2277 στασις
674 2213 787 2268 οὔτε
812 2213 898 2282 ὑφ’
920 2217 1114 2283 ἑαυτῆς,
1137 2212 1249 2268 οὔτε
1277 2211 1364 2280 ὑφ’
1384 2215 1550 2284 ἑτέρας
1577 2215 1789 2284 γέγονεν,
1813 2211 2004 2283 ἀνάγκη
2031 2211 2206 2267 οὐσίαν
2236 2217 2417 2282 δηλοῦν

479 2300 534 2354 τὸ
572 2300 854 2371 ἀγέννητον.

620 2385 703 2448 λς’.
725 2389 795 2438 Εἰ
820 2391 879 2459 τῇ
903 2391 992 2439 τοῦ
1017 2383 1317 2455 γεννήματος
1343 2382 1488 2457 οὐσία
1522 2390 1582 2422 ⁷³
1600 2388 1927 2453 συμφαίνεται
1958 2382 2026 2447 τός
2053 2387 2182 2438 αἰτία
2208 2382 2242 2453 ’ἦ
2276 2381 2414 2455 ἀγέν-

479 2494 625 2540 νητος
648 2470 944 2535 ὑπόστασις,
994 2468 1119 2523 κατά
1147 2469 1309 2538 πάσης
1334 2473 1491 2532 αἰτίας
1517 2469 1571 2523 τό
1602 2468 1975 2540 ἀπαράλλακτον
2002 2472 2206 2539 ἔχουσα,
2248 2470 2415 2523 74αὗ-

478 2561 650 2611 τουσία
679 2559 808 2611 ἐστὶν
835 2555 1154 2626 ἀσύγκριτος,
1194 2555 1288 2609 οὑκ
1315 2558 1502 2619 ἔξωθεν
1537 2561 1596 2592 ⁷⁵
1614 2559 2018 2623 συνεμφαίνουσα
2042 2554 2096 2610 τό
2129 2553 2413 2627 ἆπρόςιτον,

480 2641 600 2696 αὕτὸ
642 2643 694 2696 δὲ
734 2640 1025 2713 ὑπάρχουσα
1064 2641 1361 2712 ἀσύγκριτος
1397 2642 1484 2694 καὶ
1514 2640 1806 2710 ἀπρόςιτος,
1868 2641 2117 2710 76έπειδή
2156 2643 2241 2696 καὶ
2277 2639 2414 2713 ἀγέν-

477 2750 635 2796 νητος.

617 2897 693 2963 λζ’.
722 2901 792 2952 Εἰ
825 2897 1060 2969 ὑπεράγει
1098 2897 1261 2966 πάσης
1303 2897 1503 2964 φύσεως
1538 2896 1567 2951 ό
1604 2897 1983 2968 παντοκράτωρ,
2025 2896 2107 2952 διά
2131 2896 2185 2951 τό
2218 2896 2416 2968 ἀγέννη-

477 3008 562 3038 τον
593 2983 848 3055 ὑπεράγει,
902 2983 1023 3054 ὅπερ
1063 2986 1195 3037 ἐστὶν
1235 2986 1392 3037 αἴτιον
1419 2991 1523 3046 τοῖς
1563 2991 1813 3053 γεννητοῖς
1842 2987 2094 3051 διαμονῆς.
2168 2986 2240 3036 Εἰ
2266 2984 2319 3037 δὲ
2347 2982 2413 3052 μή

479 3073 608 3124 ἔστιν
632 3072 802 3131 οὐσίας
830 3068 1099 3136 δηλωτικόν
1125 3068 1181 3123 τὸ
1210 3070 1498 3139 ἀγέννητον,
1538 3067 1699 3122 πόθεν
1721 3067 1781 3121 ἂν
1809 3067 1843 3136 ἦ
1865 3074 1963 3121 τῶν
1988 3075 2236 3138 γεννητῶν
2265 3068 2415 3136 φύσις

480 3159 569 3220 ἕξει
607 3155 662 3210 τὸ
702 3154 1051 3220 διασῶζεσθαι;

535 3258 603 3300 60.
618 3253 869 3311 αὐτομάτως
882 3260 1031 3298 restitui
1047 3260 1283 3308 scripturam
1298 3270 1419 3308 quam
1532 3256 1600 3297 62.
1618 3251 1754 3309 ἄρτιον
1779 3258 1916 3307 legitur
1943 3257 1984 3295 in
2007 3259 2168 3305 utroque
2193 3257 2306 3299 codd.
2323 3269 2415 3298 mss.

474 3319 660 3366 praebent
689 3318 777 3355 libri
806 3327 897 3354 mss.
927 3316 1033 3365 infra
1064 3317 1106 3354 in
1134 3317 1215 3354 loco
1243 3317 1417 3364 yemello.
1477 3313 1603 3355 αἴτιον
1641 3316 1781 3353 habent
1817 3314 1934 3361 editi,
1973 3314 2160 3352 sententia
2196 3314 2266 3353 hoc
2299 3315 2415 3354 modo

482 3375 604 3423 Vulqo
632 3376 738 3412 extat
766 3369 1005 3425 αυτομάτῳ.
1064 3373 1126 3410 Ex
1166 3372 1298 3411 eodem
1337 3373 1419 3410 loco
1476 3373 1684 3437 distincta,
1713 3369 1852 3416 αἴτιον,
1882 3368 1975 3416 πῶς
1999 3362 2048 3410 ἆν
2076 3373 2157 3409 cett.
2215 3371 2259 3410 In
2285 3371 2412 3421 Refut.

478 3432 633 3479 reposui
655 3426 726 3470 τὸν
763 3428 963 3481 φιλοῦντα
1002 3426 1110 3469 κατὰ
1139 3424 1193 3469 τὰ
1226 3440 1418 3480 προειρη-
1475 3439 1554 3467 vox
1583 3420 1719 3479 ἄρτιον
1746 3428 1863 3475 plane
1892 3436 1968 3465 non
1998 3430 2115 3466 extat.

481 3484 599 3538 μένα,
629 3497 717 3525 cum
741 3488 858 3535 vulyo
880 3487 1066 3534 scriptum
1092 3486 1324 3524 invenissem
1350 3483 1419 3538 φί-
1532 3481 1599 3524 63.
1630 3485 1788 3522 Plenius
1822 3483 1928 3531 infra
1966 3475 1996 3535 η’
2034 3476 2296 3539 ἀπολλυμένῃ
2336 3497 2411 3526 κα-

481 3539 656 3589 λον,τά
685 3538 794 3583 κατὰ
823 3538 900 3586 τὰς
920 3539 1235 3594 προειρημένας.
1474 3554 1556 3581 τον

540 3573 607 3638 6'1.
646 3592 742 3650 ἤτοι
779 3593 817 3651 γ’
852 3596 921 3638 οὐν
960 3609 1048 3636 mea
1092 3602 1146 3637 est
1177 3599 1416 3664 emendatio.
1531 3591 1599 3635 64.
1629 3594 1690 3649 τῷ
1723 3596 1826 3634 abest
1851 3596 1972 3645 infra.

481 3656 602 3703 Vu19o
627 3657 729 3693 enim
754 3656 894 3708 leyitur
929 3646 960 3706 ἧ
990 3651 1037 3696 τό
1065 3668 1115 3707 γε
1145 3651 1239 3702 οὐν,
1283 3656 1343 3694 vel
1378 3658 1420 3693 ut
1531 3649 1597 3693 65.
1628 3650 1686 3692 Εἰ
1716 3649 1764 3694 δὲ
1792 3652 1877 3690 cod
1910 3653 2072 3703 Rhediy.

479 3711 612 3759 infra,
642 3703 671 3761 η“
699 3706 747 3752 τό
774 3705 813 3763 γ’
837 3708 917 3751 οὖν.
980 3712 1051 3751 His
1077 3713 1236 3751 medelis
1264 3712 1419 3750 adhibi·
1531 3706 1598 3749 66.
1628 3702 1709 3750 ἀπὸ
1759 3710 1897 3747 vitium
1923 3713 1976 3748 est
1998 3711 2087 3749 edit.
2117 3711 2250 3750 Petav.
2278 3711 2411 3750 Colon.

479 3769 527 3805 tis
561 3769 746 3805 sententia
777 3770 921 3807 nemini
947 3768 1041 3808 dum
1073 3769 1247 3818 difficilis
1272 3769 1418 3806 videbi-
1475 3769 1590 3815 repet

481 3827 542 3866 tur
571 3834 658 3865 esse.
1532 3820 1599 3863 67.
1632 3820 1712 3863 τῶν
1742 3823 1847 3861 abest
1874 3821 1991 3871 infra.
