2508 4134
520 321 743 363 PANARn
773 319 874 361 Lm.
899 322 971 361 111.
1001 318 1136 361 ΤοΜ.
1158 322 1208 360 11.
1239 318 1401 362 HAER.
1424 320 1639 360 Lxxvn.
1936 305 2035 358 369

136 429 245 472 tans
291 436 350 471 ac
374 419 547 471 dicens
583 437 679 470 non
722 436 830 471 esse
858 418 984 486 quod
1017 419 1277 486 perfectam
1306 419 1434 469 illum
1478 418 1681 468 hominis
1713 425 1930 467 naturam
1961 433 2039 467 as-
2091 427 2094 430 ’

135 503 398 573 sumpsisse
429 505 663 555 dicamus.
739 502 847 554 Hoc
873 520 992 554 vero
1035 502 1333 571 potissimum
1367 502 1634 570 scripturae
1664 499 1941 553 testimonio
1969 500 2041 550 ni-

135 588 281 651 titur,
334 592 603 654 Suscepisti-s·
640 597 899 638 mansuetos
932 590 1158 637 dominus.
1241 584 1421 635 Verum
1452 586 1566 636 nihil
1596 586 1845 637 admodum
1879 585 1952 636 his
1986 585 2034 635 in

133 672 297 725 verbis
351 672 668 724 admiratione
715 672 909 740 dignum
960 681 1062 735 est,
1115 687 1205 721 nec
1242 669 1336 720 ulla
1373 678 1532 737 potest
1576 671 1625 719 in
1674 687 1732 720 eo
1783 669 2039 720 diversitas

135 757 351 820 ostendi,
403 758 527 825 quod
561 774 755 808 carnem
795 756 1014 807 dominus
1044 764 1123 806 aut
1155 756 1415 823 perfectam
1444 752 1649 803 hominis
1684 762 1902 804 naturam
1932 771 2039 804 sus-

135 841 323 910 cepisse
368 841 571 892 dicatur.
659 839 786 892 Nam
829 858 855 891 a
899 839 1037 891 nobis
1077 839 1269 906 saepius
1310 837 1568 888 nonnullae
1608 836 1841 888 dictiones
1874 838 2040 888 homo-

134 942 306 994 nymos
346 934 668 993 usurpantur,
722 924 857 976 velut
895 925 985 974 ista
1019 932 1159 987 sunt,
1213 925 1482 987 Suscipiens
1517 931 1777 971 mansuetos
1808 926 2034 981 dominus,

135 1018 202 1073 et,
243 1013 459 1075 Suscepit
480 1028 550 1059 me
573 1013 630 1059 de
652 1011 880 1074 gregibus
911 1012 1076 1068 ovium,
1120 1008 1233 1058 item
1262 1007 1396 1069 illud,
1437 1010 1719 1071 Assumptus
1745 1016 1841 1067 θείς
1882 1017 1929 1055 et
1950 1011 2040 1056 duo

134 1097 230 1142 viri
253 1097 499 1155 dioeerunt,
556 1097 678 1157 Quid
702 1098 864 1154 statis,
921 1097 1017 1142 viri
1042 1095 1277 1142 Galilaei?
1347 1095 1462 1151 Hic,
1504 1094 1588 1156 qui
1615 1101 1875 1156 assumptus
1902 1109 1930 1140 a
1964 1110 2039 1140 vo-

135 1179 231 1238 bis,
287 1187 381 1229 etc.
456 1176 567 1229 Nec
592 1178 641 1229 in
666 1178 747 1229 illo
777 1179 1042 1228 assumendi
1068 1176 1302 1229 vocabulo
1330 1176 1456 1227 inest
1487 1176 1578 1226 ulla
1608 1176 1849 1240 varietaS,
1901 1175 1943 1226 si
1972 1176 2040 1225 di-

136 1280 328 1327 camus,
367 1266 664 1328 Assumpsit,
722 1271 802 1314 aut
835 1266 1067 1327 Sumpsil,
1123 1270 1205 1312 aut
1233 1265 1484 1326 Expressit
1494 1298 1508 1321 ,
1566 1259 1820 1310 humanam
1851 1260 1899 1309 in
1930 1276 2041 1310 sese

134 1355 370 1397 naturam.
445 1345 620 1416 Neque
651 1347 740 1397 hac
773 1347 957 1398 obiecta
990 1363 1109 1399 voce
1151 1355 1336 1396 terrere
1379 1363 1467 1396 nos
1506 1353 1709 1413 possunt
1751 1344 1827 1411 qui
1869 1344 2042 1395 adver-

135 1448 218 1482 sus
256 1430 505 1500 imperitos
546 1449 602 1482 ac
644 1431 885 1500 simplices
922 1431 1196 1499 insurgunt.
1276 1426 1487 1481 Omnino
1527 1447 1645 1480 vero
1673 1429 1739 1480 ita
1770 1427 1900 1496 loqui
1928 1446 2043 1478 con-

131 1514 284 1566 venit.
362 1514 438 1566 Ac
468 1532 527 1566 ne
555 1516 659 1583 quis
684 1515 967 1568 calumniari
994 1532 1068 1566 me
1098 1523 1259 1584 putet,
1303 1523 1383 1565 aut
1416 1514 1685 1565 istiusmodi
1714 1513 1963 1566 vocabulis
1992 1513 2040 1562 in

135 1617 194 1651 eo
221 1608 506 1668 argumento
541 1600 775 1664 cavillari,
816 1599 960 1653 velim
985 1600 1097 1650 illud
1126 1616 1292 1650 omnes
1319 1599 1611 1667 intelligant,
1653 1599 1731 1649 diu
1757 1616 1865 1661 nos,
1907 1606 2043 1648 ante-

135 1701 275 1753 quam
305 1701 359 1734 ea
394 1683 743 1749 scriberemus,
785 1685 1078 1752 multumque
1112 1684 1436 1746 deliberasse,
1493 1701 1553 1735 ne
1582 1684 1687 1752 quis
1720 1684 1928 1733 fortasse
1958 1698 2044 1750 per

134 1769 422 1821 simultatem
455 1769 500 1819 ei
530 1786 619 1819 nos
644 1769 902 1820 insultasse
932 1768 1171 1819 crederet.
1248 1767 1398 1837 Atqui
1431 1769 1605 1819 nullam
1637 1769 1731 1819 iste
1763 1767 1931 1830 nobiS,
1991 1775 2044 1816 ut

135 1854 343 1905 humano
387 1870 519 1904 more
559 1853 760 1921 loquar,
815 1852 1036 1904 iniuriam
1078 1853 1332 1922 imposuit,
1386 1871 1474 1904 nec
1513 1870 1636 1921 quae
1668 1853 1716 1903 in
1748 1853 1839 1903 hoc
1867 1852 2043 1902 mundo

134 1937 497 2008 possidebamus
526 1937 718 2006 eripuit.
797 1935 895 1989 Sed
927 1955 1031 1988 cum
1063 1936 1112 1987 in
1140 1938 1222 1988 illa
1253 1937 1597 1989 deliberatione
1632 1938 1689 1988 de
1723 1937 1795 1987 his
1830 1944 2045 2004 praeter-

133 2022 377 2074 mittendis
405 2022 698 2090 cogitarem,
739 2039 765 2072 a
793 2022 1000 2073 veritate
1029 2023 1130 2090 ipsa
1159 2040 1262 2073 sum
1293 2032 1518 2087 coactus,
1561 2040 1622 2073 ne
1650 2039 1933 2091 quemquam
1963 2038 2045 2071 eo-

136 2125 240 2159 rum
281 2107 595 2176 praeterirem
637 2106 715 2174 qui
753 2115 923 2157 contra
968 2107 1108 2157 fidem
1147 2107 1322 2175 aliquid
1360 2107 1651 2158 sensissent.
1726 2105 1836 2157 Nec
1882 2105 2045 2155 dubito

138 2192 249 2260 quin
281 2192 385 2261 pius
417 2191 571 2242 lector
610 2191 747 2242 facile
779 2191 891 2242 illud
920 2202 1178 2258 agnoscat,
1233 2192 1362 2243 nulla
1394 2209 1458 2243 ex
1489 2192 1627 2242 huius
1658 2190 1822 2242 mundi
1853 2189 2047 2259 propria

139 2276 462 2327 aemulatione
491 2293 764 2327 sermonem
792 2276 922 2326 illum
954 2285 1171 2327 nostrum
1206 2294 1315 2327 esse
1351 2278 1636 2345 profectum.
1712 2275 1840 2327 Nam
1872 2293 1897 2325 e
1931 2292 2046 2325 con-

138 2361 290 2411 trario
334 2360 481 2411 multo
523 2361 626 2429 plus
669 2360 749 2410 ille
792 2360 958 2424 nobis,
1013 2362 1136 2428 quod
1179 2363 1236 2412 ad
1271 2370 1501 2412 externas
1533 2361 1806 2429 disciplinas
1846 2369 1895 2411 et
1924 2360 2048 2410 cari-

139 2453 284 2510 tatem
314 2447 513 2507 attinet,
564 2444 781 2495 utilitatis
820 2446 1042 2507 afferret‚
1095 2445 1134 2495 si
1167 2464 1271 2496 cum
1303 2455 1471 2497 sancta
1502 2447 1577 2496 dei
1608 2446 1812 2497 ecclesia
1845 2462 2047 2495 concor-

142 2528 265 2578 diter
303 2528 353 2578 in
386 2527 605 2578 omnibus
636 2529 913 2579 consentire
944 2529 1121 2593 vellet,
1180 2548 1269 2581 nec
1299 2531 1603 2600 peregrinum
1637 2530 1809 2598 aliquid
1840 2539 1886 2580 et
1910 2530 2046 2580 inau-

143 2613 287 2663 ditum
330 2611 600 2662 inveheret.
679 2609 797 2663 Sive
841 2613 988 2680 igitur
1036 2614 1093 2664 ab
1138 2615 1218 2666 illo
1245 2615 1501 2680 iactatum,
1544 2615 1649 2666 sive
1683 2615 1741 2665 ab
1773 2616 1876 2666 eius
1905 2614 2046 2665 disci-

142 2697 265 2765 pulis
306 2696 446 2746 aliter
489 2696 852 2764 interpretatum
894 2698 1064 2763 dogma
1105 2699 1192 2749 sub
1235 2700 1470 2751 eiusmodi
1511 2701 1672 2769 specie
1702 2718 1757 2750 ac
1789 2707 2046 2769 praetextu

141 2783 275 2834 velut
313 2782 371 2832 ab
417 2781 541 2832 aliud
574 2780 826 2849 agentibus
854 2781 1118 2846 occinitur,
1159 2784 1216 2834 de
1252 2803 1344 2852 quo
1378 2784 1497 2835 certi
1529 2785 1644 2835 nihil
1671 2785 1907 2835 affirmare
1938 2801 2047 2852 pos-

143 2884 278 2930 sum,
318 2866 433 2916 illud
467 2865 655 2933 quidem
684 2881 828 2933 saepe
854 2865 1012 2915 animo
1043 2868 1372 2933 versavimus,
1415 2887 1470 2920 ac
1499 2870 1728 2920 maiorem
1763 2870 1810 2919 in
1856 2869 2047 2919 modum

144 2951 495 3019 obstupuimus,
538 2950 669 3000 hisce
693 2948 740 2999 iu
769 2949 1070 3017 opinionibus
1097 2954 1454 3020 propugnandis
1479 2962 1608 3005 tanta
1634 2953 1741 3004 illos
1770 2971 1874 3003 cum
1900 2948 2049 3003 ¹animi

147 3034 457 3086 contentione
483 3051 539 3085 ac
562 3032 801 3103 pugnandi
822 3032 1014 3084 libidine
1040 3035 1117 3086 vel
1146 3037 1203 3086 ad
1231 3046 1430 3088 mortem
1463 3055 1612 3105 usque
1641 3037 1951 3106 pertinaciter
1975 3036 2049 3086 in-

145 3121 338 3172 sistere.
417 3117 497 3170 Ex
534 3137 626 3186 quo
659 3117 892 3186 suspicari
935 3118 1050 3168 illud
1086 3121 1326 3184 occurrit,
1371 3139 1433 3172 ex
1468 3123 1560 3172 alio
1593 3122 1795 3190 quodam
1829 3120 2049 3171 recondi-

147 3204 270 3255 tiore
308 3220 455 3254 sensu
493 3203 766 3272 opinionem
804 3202 929 3253 illam
969 3219 1079 3252 esse
1118 3204 1388 3255 deductam.

283 3286 412 3339 Nam
458 3305 562 3339 cum
606 3305 771 3338 eorum
817 3286 1002 3353 aliquos
1043 3287 1452 3356 interrogaveris,
1508 3289 1657 3340 variis
1690 3289 1756 3338 illi
1788 3289 1940 3339 modis
1972 3305 2048 3338 re-

147 3372 384 3441 spondere
423 3372 610 3436 solent3
664 3389 754 3422 nec
794 3371 966 3421 desunt
1009 3370 1088 3438 qui
1116 3373 1377 3439 perfectam
1407 3374 1610 3424 bominis
1644 3382 1862 3424 naturam
1898 3374 2048 3424 domi-

149 3474 260 3507 num
307 3456 624 3525 assumpsisse
667 3464 871 3524 negent,
926 3473 980 3505 ac
1022 3457 1285 3523 perfectum
1318 3456 1554 3507 hominem
1589 3458 1829 3507 extitisse.
1909 3457 2050 3525 Quod

150 3549 307 3590 autem
340 3540 398 3590 ab
430 3557 487 3590 eo
520 3540 787 3607 complures
823 3539 1169 3603 abhorrebant,
1225 3536 1603 3591 dissimulatione
1643 3542 1814 3592 deinde
1844 3543 1911 3593 uti
1939 3561 2050 3594 coe-

151 3632 356 3693 perunt,
410 3623 455 3675 id
482 3625 606 3692 quod
648 3642 734 3675 nos
767 3641 831 3676 ex
865 3623 1054 3675 illorum
1085 3624 1388 3675 sermonibus
1417 3634 1641 3676 accurate
1670 3635 1839 3695 postea
1871 3646 2052 3696 cogno-

209 3820 303 3860 Cn’.
331 3820 452 3859 XXI.
484 3842 532 3849 -
596 3820 628 3860 1.
661 3816 797 3863 αὐτῶν
834 3822 943 3861 codd.
978 3833 1067 3861 mss.
1099 3826 1263 3871 uterque.
1324 3818 1448 3864 αὐτοῦ
1480 3825 1582 3864 editi.

241 3886 386 3931 eorpus
410 3886 632 3922 Haereseol.
654 3887 702 3922 ΙΙ.
727 3889 758 3922 3.
1650 3899 1714 3947 24

2089 589 2227 623 psalm.

2099 634 2175 676 1415,
2197 635 2226 667 ti.

2100 917 2241 951 Psahn.

2101 961 2155 1003 77,
2175 961 2228 993 ⁷0.

2099 1005 2177 1037 Act.
2202 1005 2233 1037 1.

2125 3320 2222 3372 Cap.

2118 3376 2237 3417 XXI.
