2508 4134
248 556 332 596 pag.
355 549 430 586 849.

238 889 349 945 Κεφ.
372 888 426 934 δ’.

238 3135 325 3172 pag.
346 3126 421 3163 85⁰.

458 255 523 307 76
1168 263 1374 305 SANCTI
1401 263 1690 306 EPIPHANII

457 361 605 416 πάλιν
632 361 946 430 ἐκβάλλοντες
971 359 1061 429 τὴν
1086 362 1136 424 ἐξ
1163 359 1402 425 ἀπαθοῦς
1429 368 1518 416 τοῦ
1545 365 1807 428 κτίζοντος,
1844 362 1930 416 καὶ
1956 364 2140 417 τελείου
2166 383 2218 417 τε
2248 364 2398 417 Ῑῐκαὶ

457 451 664 519 παγίου,
715 449 800 500 καὶ
834 444 943 500 οἷον
973 446 1198 514 ἐβούλετο
1229 445 1352 502 εἶναι
1381 446 1436 501 vd
1466 451 1674 517 κτίσμα,
1727 447 1886 516 μόνην
1913 450 2292 518 λαμβανομένην
2323 450 2400 518 ἔνο,

455 556 612 598 νοιαν,
653 531 938 587 ἀκόλουθόν
969 535 1098 587 ἐστιν
1130 532 1231 587 ἆπὸ
1261 540 1349 587 τοῦ
1375 532 1561 604 πατρὸς
1589 535 1671 587 καὶ
1698 540 1787 587 τοῦ
1818 536 1933 588 υἱοῦ
1961 531 2239 602 ὀνομάτων,
2267 536 2395 588 ἐπει-

454 618 515 686 δὴ
548 618 755 687 μάλιστα
784 621 853 682 εἰς
884 621 1073 686 πατέρα
1101 620 1184 672 καὶ
1214 617 1327 673 υίὸν
1350 618 1596 673 πιστεύειν
1620 618 1980 688 ἐδιδάχθημεν,
2036 623 2152 688 μίαν
2177 613 2268 674 οὗν
2289 639 2400 675 τινα

463 704 754 774 12εὐσεβῶς
788 705 1057 775 λαμβάνειν
1093 703 1225 774 ἡμᾶς
1260 707 1455 760 ἔννοιαν
1496 708 1659 759 13δεῖ.

599 874 693 930 Διὸ
717 878 800 931 καὶ
829 878 908 931 ἐπὶ
947 876 1131 951 1τούτῳ
1163 878 1522 947 ἐπιβαλλομένου
1544 882 1635 931 τοῦ
1661 874 1786 930 κατά
1811 875 1867 930 τό
1894 874 2066 940 πάθος
2084 874 2120 945 ἢ
2144 874 2401 949 άπορῤοήν

452 961 538 1017 τὸν
564 964 754 1030 πατέρα
779 964 968 1034 πατέρα
998 971 1223 1018 νοεῖσθαι
1248 970 1337 1018 τοῦ
1368 966 1508 1028 υίοῦ,
1562 965 1648 1016 καὶ
1683 961 1769 1016 τὸν
1808 961 1919 1016 υἷὸν
1962 961 2029 1031 μὴ
2059 966 2400 1033 σπερματικῶς

450 1050 875 1118 καταβεβλημένον
906 1057 1203 1117 σωματικοῖς
1241 1049 1440 1117 φύσεως
1469 1056 1807 1113 τελειοῦσθαι,
1861 1050 1944 1102 καὶ
1977 1050 2289 1117 κινουμένοις
2317 1047 2399 1104 ἀεὶ

453 1133 580 1205 πρὸς
621 1133 775 1203 αὔξην
810 1137 897 1189 καὶ
937 1134 1170 1207 φθοράν,
1225 1134 1294 1199 ῶς
1332 1135 1392 1189 τά
1436 1133 1690 1203 σωματικά
1731 1132 2030 1204 Ξὲχει-τοῦς
2069 1141 2396 1204 χαρακτῆρας,

454 1221 582 1291 μόνη
622 1221 1069 1292 παραληφθήσεται
1110 1224 1277 1276 ἔννοια
1315 1227 1405 1275 τοῦ
1445 1219 1638 1289 ὁμοίου.
1711 1218 1798 1283 Ὡς
1828 1218 1923 1292 γάρ
1951 1218 2056 1275 άπὸ
2079 1227 2170 1275 τοῦ
2201 1225 2399 1291 κτίσμα-

454 1330 564 1373 τος,
603 1307 754 1362 πάλιν
780 1310 1012 1379 ἐροῦμεν,
1051 1307 1251 1362 πάντων
1285 1309 1655 1376 ἐκβεβλημένων
1687 1305 1988 1375 παρελήφθη
2015 1303 2050 1375 ἦ
2076 1304 2282 1376 άπαθῆς
2309 1309 2399 1377 μὲν

454 1400 544 1448 τοῦ
577 1399 848 1460 κτίζοντος,
902 1398 1078 1460 τελεία,
1128 1395 1213 1447 καὶ
1252 1396 1365 1448 οἵαν
1395 1392 1664 1461 ἠβούλετο,
1714 1393 1796 1445 καὶ
1830 1389 1865 1459 ἦ
1896 1395 2050 1463 παγία
2081 1398 2171 1446 τοῦ
2199 1397 2398 1462 κτίσμα-

452 1502 561 1546 τος,
602 1479 734 1534 οῦτω
773 1482 859 1534 καὶ
896 1482 979 1535 ἐπὶ
1012 1487 1103 1534 τοῦ
1133 1478 1322 1550 πατρός
1357 1480 1441 1533 καὶ
1468 1481 1611 1542 υἱοῦ,
1665 1479 2037 1547 ἐκβεβλημένων
2061 1483 2160 1532 τῶν
2187 1496 2399 1548 σωματι-

451 1572 558 1623 κῶν
600 1565 824 1633 πάντων,
864 1566 1310 1637 παραληφθήσεται
1347 1563 1477 1633 μόνη
1521 1561 1556 1633 ἦ
1592 1561 1770 1631 ὁμοίου
1809 1565 1896 1617 καὶ
1929 1561 2032 1617 κατ’
2062 1563 2239 1619 οὐσίαν
2269 1563 2398 1630 ζῶον

450 1657 801 1724 γενεσιουργία.
873 1650 1074 1721 Ἐπειδὴ
1105 1658 1204 1714 πᾶς
1229 1650 1390 1720 πατὴρ
1419 1648 1596 1719 ὁμοίας
1626 1646 1800 1712 ούσίας
1825 1647 1981 1704 αύτοῦ
2008 1657 2191 1704 νοεῖται
2218 1650 2398 1721 πατήρ.

453 1742 524 1792 Εἰ
548 1740 600 1793 δὲ
629 1738 748 1807 μετά
774 1745 872 1792 τῶν
899 1744 1087 1793 λοιπῶν
1116 1735 1349 1791 ἁπάντων
1375 1739 1430 1791 ἔκ
1455 1758 1506 1790 τε
1529 1742 1619 1790 τοῦ
1640 1734 1830 1806 πατρός
1852 1737 1937 1790 καὶ
1965 1738 2081 1790 υἷοῦ
2104 1743 2399 1805 σωματικῶν

454 1823 713 1893 ὀνομάτων
767 1826 1132 1894 ἐκβαλλομένων
1182 1826 1388 1878 ἐννοιῶν
1437 1820 1813 1891 συνεκβάλλοιτο
1860 1823 1946 1875 καὶ
1981 1820 2015 1890 ἦ
2057 1819 2247 1890 ῧόμοία
2295 1819 2399 1876 κατ’

451 1909 624 1965 ούσίαν
663 1910 793 1976 ζῶου
831 1910 1019 1982 πατρὸς
1050 1911 1333 1979 παρέχουσα
1371 1907 1493 1978 ἡμῖν
1534 1916 1698 1972 νοεῖν,
1750 1905 1915 1962 ούκέτι
1944 1910 2077 1962 ἔσται
2121 1907 2283 1978 πατὴρ
2312 1910 2399 1963 καὶ

452 1996 563 2060 υίὸς
594 1996 974 2066 πιστευόμενος,
1023 1994 1142 2050 ἄλλά
1183 1994 1380 2064 κτιστής
1416 1996 1500 2049 καὶ
1538 1998 1739 2063 κτίσμα,
1792 1995 1877 2047 καὶ
1919 1992 2118 2064 περιττοὶ
2158 1993 2397 2064 ὀνόματα,

453 2084 607 2152 μηδὲν
651 2082 767 2154 παρ’
812 2085 1002 2138 ἑαυτῶν
1043 2083 1392 2152 εἷςφερόμενα,
1446 2082 1530 2134 καὶ
1572 2083 1706 2134 ἔσται
1752 2078 1913 2143 οὕτως
1940 2078 2136 2149 κτιστής
2166 2081 2279 2149 μὲν,
2330 2079 2398 2145 ῶς

450 2168 592 2234 θεός,
631 2168 736 2222 κατ’
768 2175 794 2206 4
814 2169 962 2223 οὐδὲν
991 2168 1118 2231 ὅλως
1140 2166 1316 2238 πατήρ.
1375 2165 1491 2220 ’Ότι
1521 2165 1612 2237 γάρ
1643 2164 1736 2220 ούκ
1763 2168 2001 2238 ἐνεργείας
2024 2167 2210 2238 λέγεται
2237 2165 2396 2239 πατὴρ

451 2253 480 2310 ὁ
517 2253 705 2324 πατὴρ,
754 2252 853 2309 ἄλλ’
891 2253 1066 2323 ὁμοίας
1101 2255 1260 2326 ἑαυτῷ
1300 2251 1473 2315 οὐσίας
1513 2258 1601 2321 τῆς
1645 2251 1769 2306 κατά
1802 2251 1892 2321 τήν
1929 2250 2124 2306 τοιάνδε
2155 2254 2398 2324 ἐνέργειαν

447 2339 753 2409 ὑποστάσης,
807 2344 956 2408 δῆλον
997 2343 1053 2394 ἐκ
1089 2346 1184 2392 τῶν
1225 2345 1496 2405 5φυσικῶν
1537 2340 1815 2407 καθέστηκε
1851 2345 2115 2410 λογισμῶν.
2194 2336 2398 2402 Πολλάς

449 2424 542 2498 γάρ
573 2428 814 2496 ἐνεργείας
853 2428 974 2494 ἔχων
1011 2423 1040 2479 ὁ
1065 2424 1213 2489 θεός,
1266 2423 1383 2499 άλλη
1415 2426 1501 2492 μὲν
1531 2427 1748 2498 ἐνεργείᾳ
1778 2423 1976 2493 κτιστής
1997 2432 2207 2490 νοεῖται,
2257 2424 2394 2479 καθὸ

452 2511 699 2582 οὐρανοῦ,
749 2514 834 2566 καὶ
864 2519 984 2582 γῆς,
1035 2513 1119 2565 καὶ
1153 2510 1355 2565 πάντων
1379 2517 1477 2563 τῶν
1508 2512 1561 2564 ἐν
1594 2509 1816 2576 τούτοις,
1855 2509 1973 2565 άλλά
2004 2511 2087 2564 καὶ
2116 2516 2214 2564 τῶν
2243 2508 2398 2580 ἀορά-

451 2620 550 2652 των
588 2597 785 2666 κτιστής
823 2599 948 2661 ἐστι,
1002 2595 1163 2667 πατὴρ
1198 2597 1251 2650 δὲ
1291 2603 1586 2666 μονογενοῦς
1612 2596 1682 2650 ῶν
1705 2594 1794 2665 ούχ
1825 2594 1894 2659 ῶς
1921 2594 2147 2664 κτιστὴς,
2203 2593 2301 2648 ἄλλ’
2328 2593 2396 2659 ῶς

451 2682 613 2754 πατὴρ
642 2683 879 2754 γεννήσας
904 2690 1099 2736 νοεῖται.
1149 2685 1220 2735 Εἰ
1248 2682 1299 2735 δὲ
1330 2681 1412 2734 διά
1438 2680 1526 2749 τήν
1555 2679 1802 2736 ὑπόνοιαν
1828 2680 1920 2750 τὴν
1947 2683 2060 2752 περὶ
2087 2680 2205 2743 τούς
2233 2698 2396 2749 σωμα-

448 2769 619 2833 τικούς
664 2771 880 2840 πατέρας
908 2790 957 2821 τε
986 2770 1068 2821 καὶ
1098 2767 1265 2832 υἱούς,
1317 2773 1414 2821 τῶν
1445 2774 1630 2821 παθῶν
1660 2765 1834 2829 δεδιῶς
1862 2766 1930 2835 μή
1962 2789 2008 2819 τι
2035 2765 2182 2840 πάθῃ
2212 2772 2397 2837 γεννῶν

454 2853 483 2910 ὁ
516 2854 805 2924 ἀσώματος,
856 2857 900 2907 εἰ
926 2844 995 2922 μὴ
1025 2853 1182 2915 ἀτελὲς
1207 2857 1279 2922 εἴη
1310 2851 1362 2907 τὸ
1389 2852 1717 2923 γεννώμενον,
1757 2855 1840 2906 καὶ
1869 2852 1962 2906 ὅσα
1991 2855 2251 2919 συμβαίνει
2282 2854 2396 2923 περὶ

452 2940 540 2995 τόν
581 2938 861 3007 σωματικὸν
901 2942 1092 3008 πατέρα
1119 2961 1169 2992 τε
1197 2941 1281 2993 καὶ
1322 2937 1432 2992 υἷὸν
1459 2938 1846 3008 εὐλαβούμενος,
1897 2935 2130 3002 ἀφέλοιτο
2167 2935 2257 3006 τὴν
2283 2961 2398 3009 γνη·

452 3031 561 3081 σίαν
604 3029 685 3081 ἐπὶ
724 3025 910 3096 πατρὸς
951 3028 1035 3079 καὶ
1073 3028 1187 3079 υἷοῦ
1229 3027 1450 3090 ἔννοιαν,
1506 3023 1684 3080 ὁποῖον
1724 3023 1786 3078 ἂν
1823 3024 1954 3092 λέγοι
1985 3024 2151 3091 ἕτερον
2186 3027 2395 3092 ποίημα,

451 3116 536 3167 καὶ
575 3111 810 3168 οὐδέποτε
853 3114 955 3183 ἐρεῖ
994 3110 1080 3165 τόν
1125 3109 1239 3164 υίὸν
1295 3109 1421 3164 υἱόν.
1509 3115 1630 3165 Εἴτε
1667 3109 1759 3182 γάρ
1797 3110 1993 3180 μεγέθει
2029 3105 2396 3178 ὑπερβάλλοντα

513 3285 575 3328 11.
608 3285 681 3330 καὶ
718 3289 861 3329 excidit
889 3289 939 3327 ab
978 3288 1037 3327 ed.
1067 3289 1222 3328 Pelavii
1264 3288 1394 3328 Colon.
1514 3284 1611 3325 Cn.
1637 3283 1704 3323 IV.
1738 3306 1788 3313 —
1852 3281 1886 3322 1.
1922 3283 2176 3324 Scrib'endum
2203 3289 2298 3334 puto
2326 3281 2396 3327 ἐπὶ

453 3350 569 3395 repet.
1455 3341 1516 3399 τῷ
1550 3335 1673 3384 οὕτω.
1733 3342 1778 3381 In
1814 3340 1898 3380 cod.
1942 3341 2106 3391 Rhediy.
2149 3345 2203 3381 est
2245 3337 2392 3384 τούτου

515 3404 578 3441 12.
611 3399 838 3457 λαμβάνειν
869 3396 1062 3457 εὐσεβῶς
1087 3402 1171 3441 cod.
1209 3402 1365 3451 Rhediy.
1452 3412 1525 3450 pro
1553 3396 1701 3453 τούτῳ.

516 3457 577 3499 13.
611 3461 788 3498 Rescribe
818 3461 917 3501 δεῖν.
980 3459 1106 3507 Quum
1138 3462 1397 3498 correcturum
1512 3458 1550 3495 2.
1585 3453 1672 3509 ἔχει
1707 3451 1871 3508 reposui
1900 3464 1948 3493 ex
1979 3454 2064 3494 cod.
2094 3455 2258 3506 Rhediy.
2288 3451 2394 3510 ἔχειν

453 3515 647 3564 εἱῃηίβοαῑ
666 3518 782 3554 etiam
802 3518 925 3555 versio
942 3517 1125 3555 Ceruarii
1143 3528 1398 3568 consequens
1455 3513 1591 3563 reliqui
1618 3513 1721 3550 libri.
2102 3542 2110 3544 s

456 3578 519 3608 est
547 3586 567 3608 a
599 3570 723 3622 patris
755 3580 796 3610 et
832 3571 902 3610 filii
941 3571 1173 3611 nominibus
1205 3570 1399 3625 quando-
1512 3571 1551 3610 ὅ.
1585 3569 1882 3608 Rescribendum
1911 3571 2006 3616 puto
2035 3561 2188 3622 ὅμοιον.

459 3624 622 3680 quidem
650 3626 823 3667 maxime
845 3628 885 3667 in
914 3637 1076 3683 patrem
1098 3637 1140 3667 et
1168 3627 1293 3667 filium
1312 3642 1398 3668 cre·
1513 3621 1550 3664 4.
1577 3625 1858 3673 Lorriqend-um
1881 3626 2057 3674 suspicor
2081 3619 2175 3667 κατ’
2199 3619 2318 3668 οὗδὲν
2346 3621 2395 3668 δὲ

460 3682 560 3721 dere
588 3682 723 3730 edocti
753 3698 915 3728 sumus.
950 3699 1071 3724 unam
1100 3684 1305 3739 quandam
1335 3684 1398 3724 in·
1459 3677 1570 3728 ὅλως
1598 3677 1752 3732 πατήρ.

461 3737 735 3793 ,ιεΙΙίςεηιίαηι
768 3754 842 3780 nos
872 3741 940 3796 pie
972 3741 1161 3797 accipere
1190 3750 1397 3796 oportere.
1513 3740 1553 3779 ὁ,
1584 3738 1760 3792 λογικῶν
1793 3738 1876 3778 cod.
1909 3738 2071 3789 Rhediy.
