2508 4134
252 1180 366 1237 Κεφ.
395 1175 447 1225 α’.

257 1510 342 1547 pag.
358 1500 434 1536 815.

487 278 554 333 68
1195 285 1397 328 SANCTI
1426 287 1711 328 EPIPHANII

486 407 612 455 χειν,
649 387 733 438 καὶ
760 382 822 451 δή
849 382 978 436 οὕτω
1004 382 1240 451 τετάχθω.
1314 386 1386 436 Εἰ
1409 384 1461 437 δὲ
1493 385 1577 438 καὶ
1607 386 1757 437 ἐκεῖσε
1788 381 1936 435 πάλιν
1963 381 2047 437 διὰ
2083 390 2171 452 τῆς
2208 387 2261 439 ἐν
2287 384 2416 460 αὐτῇ

485 478 544 544 τῇ
575 468 812 541 ἀπολογίᾳ
842 472 1071 538 διαλογῆς
1112 471 1346 534 ἕσφαλταί
1374 492 1482 523 τινα
1511 467 1570 521 τοὶ
1609 467 1705 521 οὔκ
1738 465 1872 537 ὄρθᾶ
1910 465 2217 538 ὑπάρχοντα,
2267 470 2417 524 πάλιν

486 555 716 619 ὦςαύτως
747 562 849 616 τοῖς
880 555 1184 619 φιλομαθέσι
1214 553 1446 622 τετάχθω.
1517 552 1604 616 Ὡς
1636 547 1729 606 οὗν
1764 558 1863 606 τῶν
1893 556 2262 623 προειρημένων
2286 554 2416 612 ,πάν-

483 664 579 694 των
603 638 692 708 τὴν
717 636 967 709 ὑφήγησιν
992 638 1312 707 διεξήλθομεν
1331 641 1442 704 περὶ
1470 645 1559 692 τοῦ
1589 637 1742 691 αὐτοῦ
1775 641 2086 706 Μαρκέλλου,
2125 639 2417 711 παρελεύσο-

483 749 572 796 μαι
607 726 692 780 καὶ
729 731 932 791 τοῦτον,
972 726 1054 779 καὶ
1098 728 1214 788 4εἰς
1249 723 1337 788 τοὶς
1373 726 1484 793 ἑξῆς
1520 724 1930 793 διασκοπήσομαι.

835 933 1160 990 ΚΑΤΑ
1252 931 2046 1004 ΗΜΙΑΡΕΙΩΝ,

752 1028 1096 1108 πεντηκοστὴ
1141 1032 1329 1110 τρίτη,
1373 1027 1411 1107 ἦ
1458 1030 1559 1089 καὶ
1603 1027 1921 1106 έπτακοστή
1968 1031 2141 1108 τρίτη.

616 1151 701 1206 Ἐν
740 1159 799 1227 τῇ
839 1159 928 1206 τοῦ
955 1158 1082 1206 θεοῦ
1114 1151 1322 1219 δυνάμει
1357 1157 1375 1189 ¹
1397 1158 1485 1205 τοῦ
1512 1149 1702 1222 Ἀρείου
1735 1150 1795 1204 τά
1826 1152 2009 1219 σχέτλια
2039 1150 2406 1222 διαρρήξαντες,

477 1241 563 1293 καὶ
600 1245 700 1293 τῶν
733 1236 829 1306 μετ’
860 1236 1042 1304 αὐτὸν,
1097 1242 1349 1291 Φωτεινοῦ
1376 1239 1427 1290 τέ
1456 1259 1610 1304 φημι,
1658 1234 1778 1291 ἄλλα
1810 1238 1892 1289 καὶ
1921 1238 2241 1305 Μαρκέλλου,
2270 1240 2344 1292 -ἐν
2371 1231 2412 1312 ᾦ

478 1324 625 1399 ὀλίγῳ
653 1326 788 1388 ἔδοξε
814 1330 1300 1394 παρασεσαλεῦσθαι,
1353 1321 1387 1376 ἃ
1417 1325 1467 1386 ἐξ
1495 1320 1720 1391 ύπαρχῆς
1749 1321 1977 1388 ἐξήμεσεν
2008 1319 2076 1384 ὥς
2100 1325 2151 1376 ἐν
2180 1324 2343 1396 μέθῃ,
2382 1320 2414 1378 o‘

479 1408 607 1479 ἇνήρ
636 1414 947 1481 προληφθείς
973 1410 1180 1479 (γένοιτο
1209 1410 1261 1461 δὲ
1290 1406 1406 1470 τούς
1435 1407 1592 1460 αὐτοῦ
1622 1411 2000 1476 διορθωθῆναι,
2038 1410 2086 1460 εἷ’
2109 1429 2161 1478 γε
2195 1407 2411 1478 διορθώ-

476 1509 677 1560 σοιντο),
717 1495 836 1549 ἄλλα
863 1498 944 1548 καὶ
973 1501 1068 1548 τῶν
1094 1497 1142 1558 ἐξ
1169 1494 1326 1547 αὐτοῦ
1351 1499 1439 1547 τοῦ
1459 1492 1659 1560 Ἀρείου
1684 1493 2014 1563 γεγενημένων
2040 1491 2099 1546 τοὶ
2123 1493 2306 1558 ζιζάνια
2328 1491 2411 1548 διᾶ

475 1588 564 1636 τοῦ
595 1585 740 1634 θείου
777 1580 927 1651 λόγου
963 1587 1053 1635 τοῦ
1081 1578 1205 1649 ύπὲρ
1241 1586 1404 1632 πᾶσαν
1434 1577 1675 1646 μάχαιραν
1714 1582 1943 1645 δίστομον
1973 1581 2254 1647 τομωτέρου
2284 1582 2410 1634 ἐκτε·

475 1667 651 1737 μόντες
688 1673 776 1735 τῆς
815 1670 863 1731 ἐξ
893 1666 1047 1720 αὐτοῦ
1077 1672 1166 1719 τοῦ
1195 1663 1386 1733 Ἀρείου
1413 1668 1621 1731 φυείσης
1646 1661 1938 1732 ὖλομανίας,
1998 1663 2409 1732 διασκοπήσωμεν

475 1759 583 1816 πῶς
617 1774 744 1815 τινες
783 1751 1174 1823 ἦμιαρείζουσιν,
1226 1754 1414 1805 ἐκείνου
1439 1750 1526 1818 μὲν
1547 1748 1600 1803 τὸ
1630 1748 1789 1816 ὄνομα
1819 1747 2138 1817 ἀρνούμενοι,
2176 1748 2328 1804 αύτὸν
2357 1751 2409 1804 δὲ

473 1841 557 1893 καὶ
588 1836 675 1907 τήν
700 1838 856 1892 αὐτοῦ
884 1841 1180 1901 κακοδοξίαν
1214 1838 1552 1904 ἐνδεδυμένοι,
1606 1834 1913 1904 προσχήματί
1937 1858 2032 1889 τινι
2062 1842 2409 1906 προςποιητῶς

482 1922 935 1992 2ἐπιπλασσόμενοι
975 1925 1169 1986 ἑαυτοῖς
1205 1922 1259 1976 td
1306 1921 1574 1991 πρόςωπον
1613 1918 1966 1989 ἠλλοιωμένον·
2019 1919 2088 1983 ὥς
2127 1919 2160 1989 ἦ
2191 1929 2289 1976 τῶν
2326 1923 2408 1977 ἐπὶ

472 2016 660 2077 σκηνῆς
688 2011 957 2063 πέπλασται
986 2012 1374 2079 δραματουργία,
1415 2006 1534 2069 ὥςτε
1564 2010 1868 2076 προςωπίοις
1894 2008 2076 2076 ἑτέροις
2104 2005 2190 2070 τοὶς
2219 2009 2410 2062 ἑαυτῶν

472 2093 616 2162 ὄψεις
642 2095 980 2163 ἐπικρύπτειν,
1027 2097 1111 2148 καὶ
1152 2098 1358 2148 ἔνδοθεν
1399 2098 1489 2146 τοῦ
1516 2091 1786 2160 προςιόπου
1828 2088 1887 2144 τοὶ
1917 2098 2003 2159 τῆς
2042 2095 2305 2164 κωμῳδίας
2332 2095 2404 2146 αί-

472 2179 593 2251 σχρά
621 2201 670 2234 τε
699 2184 783 2234 καὶ
814 2183 974 2250 μέθης
1004 2182 1187 2248 ἔμπλεα
1219 2183 1525 2250 διηγεῖσθαι,
1574 2177 1610 2245 ἢ
1640 2175 1794 2239 ἄλλως
1827 2176 2116 2247 φερόμενοι,
2155 2176 2190 2246 ἢ
2225 2196 2405 2246 σχημα-

469 2272 786 2329 τοποιοῦντες
815 2272 912 2319 τῶν
939 2271 1159 2319 παλαιῶν
1188 2264 1304 2327 τούς
1331 2263 1532 2333 μύθους
1557 2269 1653 2317 τῶν
1677 2260 1792 2333 παρ’
1815 2262 1986 2325 αὐτοῖς
2011 2269 2230 2332 ποιητῶν
2259 2270 2404 2318 τοῦτο

471 2353 830 2423 ἐργασαμένων.
876 2351 1020 2405 Οὕτω
1048 2352 1132 2404 καὶ
1161 2344 1297 2404 οὗτοι
1324 2355 1514 2402 πλανᾶν
1542 2351 1791 2411 ἐθέλοντες
1818 2347 1934 2410 τούς
1957 2347 2237 2418 ἀκεραίους,
2263 2347 2404 2403 αὐτοὶ

468 2440 557 2505 μέν
584 2440 676 2491 εἰσι
703 2440 787 2492 καὶ
817 2443 888 2491 τῶ
913 2435 1163 2510 προςῶπῳ
1189 2438 1274 2489 καὶ
1298 2442 1365 2509 τῷ
1396 2434 1516 2504 ’ἤθει
1546 2437 1628 2488 καὶ
1659 2441 1721 2509 τῇ
1752 2438 2018 2508 κακοδοξίᾳ
2046 2432 2404 2509 ὅποίᾳ”Λρειος

468 2526 552 2578 καὶ
583 2523 966 2594 Ἀρειομανῖται,
1021 2526 1179 2590 δῆθεν
1220 2523 1273 2575 δὲ
1310 2524 1393 2574 καὶ
1426 2524 1682 2583 κολακείας
1713 2522 1853 2574 ἕνεκα
1892 2518 2144 2590 οἷπατηλῆς
2171 2519 2261 2590 τὴν
2287 2518 2402 2592 παρ’

469 2611 673 2671 ἐκείνοις
714 2607 1114 2679 ὁμολογουμένην
1164 2606 1520 2676 ἐνδιάστροφον
1558 2610 1876 2661 διδασκαλίαν
1913 2614 2238 2675 κατακοσμεῖν
2289 2608 2398 2661 ἐθέ·
2434 2616 2440 2622 “

468 2701 655 2760 λοντες,
706 2698 883 2762 κτίσμα
925 2695 1012 2762 μὲν
1042 2692 1128 2747 τὸν
1158 2692 1270 2747 υἷὸν
1299 2699 1386 2747 τοῦ
1409 2699 1535 2746 θεοῦ
1562 2712 1728 2760 φασιν.
1785 2691 1896 2745 Ἵνα
1931 2693 1983 2745 δὲ
2017 2696 2175 2761 δῆθεν
2211 2691 2401 2761 ἀπατή-

468 2798 615 2846 σωσι,
660 2781 742 2833 καὶ
788 2787 857 2853 τῷ
900 2783 993 2852 υἱῷ
1038 2787 1127 2833 τοῦ
1167 2785 1294 2833 θεοῦ
1321 2802 1366 2832 τι
1393 2783 1714 2849 χαρίσωνται,
1767 2777 1886 2847 μετα
1915 2783 2138 2840 θωπείας
2165 2786 2267 2840 τοῖς
2297 2775 2398 2833 ἆπδ

466 2872 557 2920 τοῦ
577 2865 727 2936 λόγου
752 2865 932 2927 τούτου
964 2872 985 2903 3
1005 2867 1329 2935 πτυρομένοις
1356 2864 1651 2935 ἆγυρτωδῶς
1678 2866 1984 2934 ἐπιλέγουσιν
2010 2863 2099 2928 ὅτι,
2143 2862 2219 2916 Οὔ
2239 2884 2402 2931 φαμεν

467 2957 643 3019 κτίσμα
687 2948 754 3014 ὦς
785 2954 846 3005 ’ὲν
878 2958 977 3004 τῶν
1004 2950 1304 3019 κτισμάτων,
1355 2948 1467 3004 οὔτε
1506 2951 1722 3020 γέννημα
1753 2948 1821 3012 ὥς
1852 2953 1910 3004 ἓν
1937 2955 2034 3002 τῶν
2068 2948 2397 3019 γεννημάτων.

476 3035 541 3090 Τό
571 3037 623 3090 δὲ
652 3034 923 3105 ὅμοούσιον
946 3039 1125 3090 τέλειον
1151 3035 1435 3104 ἐκβάλλουσι
1452 3078 1465 3101 ,
1495 3039 1654 3104 δῆθεν
1680 3034 1748 3098 ὥς
1774 3033 2028 3103 ἀλλότριον
2055 3033 2111 3088 ὂν
2136 3041 2225 3103 τῆς
2256 3041 2400 3098 θείας

467 3128 678 3192 γραφῆς.
755 3125 883 3193 Περὶ
923 3123 974 3176 δὲ
1003 3122 1191 3176 τούτων
1230 3124 1280 3175 ἐν
1318 3128 1378 3194 τῇ
1411 3119 1535 3174 κατὰ
1565 3120 1766 3190 ’Ἀρειον
1794 3120 2036 3191 α’κρότατα
2070 3123 2396 3190 διελέχθημεν.

449 3206 562 3261 Ἵνα
601 3209 654 3262 δὲ
695 3210 822 3261 4καὶ
864 3208 1041 3276 ὅμοιον
1084 3206 1281 3280 5τούτῳ
1320 3210 1455 3274 ῤ’ῆμα
1491 3206 1876 3277 προβάλλοιντο,
1913 3207 2098 3274 οἱπερὶ
2129 3212 2396 3274 Βασίλειον,

468 3295 627 3359 φημὶ,
678 3295 761 3347 καὶ
806 3295 1081 3365 Γεωργιον,
1125 3300 1147 3330 ⁶
1166 3291 1232 3354 ὥς
1265 3299 1351 3359 τῆς
1378 3290 1672 3361 Ἡμιαρείων
1699 3291 1879 3359 ταύτης
1909 3298 1994 3359 τῆς
2020 3293 2249 3362 αἴρέσεως
2277 3315 2395 3363 προ·

470 3378 663 3444 σταται,
716 3381 898 3446 φασὶν,
955 3377 1028 3432 Ού
1067 3380 1267 3449 λέγομεν
1299 3375 1590 3445 ὁμοούσιον,
1641 3375 1757 3429 ἄλλα
1789 3374 2090 3444 ὅμοιούσιον.
2155 3371 2311 3431 Ἦσαν
2343 3378 2403 3437 δὲ,

525 3494 565 3536 4.
598 3494 657 3544 εἰς
685 3499 837 3538 uncinis
865 3499 1011 3536 notavi!
1044 3498 1236 3536 Petavius.
1460 3500 1566 3546 tato,
1608 3496 1860 3543 adscriptam.
1922 3495 2105 3534 Pelavius
2142 3496 2183 3535 in
2219 3497 2396 3545 margine

529 3551 624 3591 Cn».
660 3554 685 3591 Ι.
711 3576 763 3584 -
816 3557 844 3594 Ι.
876 3551 927 3595 τὰ
957 3549 1122 3606 Ἀρείου
1151 3549 1204 3595 τὰ
1230 3564 1295 3608 σχ.
1313 3553 1403 3595 δια·
1460 3564 1555 3593 suae
1577 3553 1752 3592 editionis
1772 3552 1974 3590 annotavit
1994 3564 2091 3604 ,,γρ.
2107 3551 2392 3605 πειρωμένοις.

471 3603 674 3661 ρήξαντες
702 3612 785 3649 cod.
820 3612 979 3661 Rhediy.
1460 3611 1578 3662 Lego
1609 3605 1890 3660 πτυρωμένοις
1912 3607 1975 3645 ve!
2002 3607 2311 3661 πυρουμένοις.“
2351 3610 2395 3650 ln

527 3671 566 3704 z.
598 3666 704 3704 Libri
734 3668 849 3715 vulyo
882 3662 1213 3719 ἐπιπλαζόμενοι.
1461 3668 1571 3707 codd.
1600 3667 1675 3706 len.
1705 3668 1738 3703 et
1771 3665 1954 3714 Rhediy.‚
1997 3669 2110 3714 atque
2137 3667 2177 3705 in
2205 3667 2317 3705 editis
2341 3667 2394 3705 le·

524 3719 564 3760 3.
605 3721 874 3774 πτυρομένοις
915 3726 1041 3774 recepi
1080 3726 1316 3774 scripturam
1363 3726 1404 3764 in
1461 3726 1566 3774 9ilur
1601 3718 1854 3773 πυρομένοις.
1937 3721 2055 3759 Verbo
2090 3719 2233 3772 πτύρω
2275 3725 2394 3762 etiam

469 3779 646 3827 margine
677 3780 841 3827 exempli
873 3781 1112 3830 Scholtr'am',
1153 3782 1255 3830 qnod
1290 3792 1405 3831 penes
1462 3781 1556 3819 alibi
1583 3791 1676 3818 usus
1700 3782 1751 3817 est
1770 3777 2026 3827 Epiphanius,
2054 3781 2110 3817 uti
2132 3780 2238 3819 haer.
2255 3779 2393 3829 7159„

467 3845 529 3875 me
557 3838 637 3885 est,
668 3846 715 3875 ex
741 3836 823 3875 cod.
855 3840 980 3876 nescio
1007 3849 1097 3886 quo,
1134 3839 1231 3888 siylo
1259 3839 1311 3878 M.
1333 3849 1401 3878 no·
1458 3837 1508 3888 cf.
1526 3834 1597 3887 οὔ,
1614 3835 1681 3877 61.
1730 3835 1941 3875 Corum-ius
1970 3837 2080 3875 vertit
2111 3849 2203 3876 cum
2245 3847 2392 3876 assen-
