2508 4134
878 315 1056 356 INDEX
1085 315 1294 356 RERUM.

1931 302 2032 352 749

192 410 253 451 vit
265 419 516 453 mortuorum
535 412 872 455 resurrectionem
889 412 1055 453 ibid.—
1115 412 1323 453 calvariae
1352 411 1465 452 locus
1494 411 1601 452 unde
1631 410 1763 452 dictus
1789 413 1882 452 894.

191 480 274 520 eius
303 481 500 539 refutatio
528 481 626 523 ibid.

138 549 338 590 Barnabas
362 551 653 593 consolationis
680 551 806 593 filium
829 551 1053 606 significat3

188 618 296 659 idem
328 621 476 675 Ioseph
518 630 639 663 antea
683 610 843 675 dictus,
887 629 1054 676 eratque

191 687 362 743 Cyprius
391 694 485 730 149.

134 756 470 800 Basilidianorum
512 760 689 802 haeresis
722 766 762 802 4.
806 769 902 816 post
940 759 1054 801 Chri-

187 827 438 869 stianismum
467 833 533 870 68.
564 853 621 862 -
661 846 685 871 a
709 844 790 886 quo
819 839 861 870 et
890 829 957 870 ubi
985 830 1053 869 in-

187 897 379 940 troducta
405 899 503 940 ibid.
533 923 586 932 —
642 914 666 941 a
689 900 831 955 quibus
864 899 1053 940 Basilides

189 981 331 1008 eorum
370 977 514 1010 auctor
553 968 722 1010 edoctus
752 973 817 1010 67.
848 992 900 1001 —
970 968 1053 1009 eius

187 1037 311 1078 verba
341 1046 383 1078 et
408 1038 602 1093 dogmata
625 1039 724 1080 ibid.
750 1063 804 1071 -—
849 1038 1051 1079 Christum

187 1106 262 1147 sub
290 1107 465 1163 imagine
505 1108 680 1149 hominis
721 1117 879 1150 tantum
921 1122 1053 1163 appa——

186 1176 314 1217 ruisse
347 1177 390 1218 in
433 1178 552 1219 terris
581 1178 725 1219 asserit
757 1182 822 1220 70.
851 1202 905 1210 —
962 1192 1054 1218 eum

186 1260 348 1300 passum
372 1247 413 1288 in
441 1261 559 1289 cruce
583 1247 709 1288 fuisse
737 1257 859 1303 negat
882 1248 981 1289 ibid.
1006 1272 1048 1278 -

185 1315 364 1356 virorum
384 1331 433 1357 ac
454 1317 665 1358 mulierum
686 1319 938 1372 promiscuos
956 1332 1054 1358 cou-

187 1385 344 1426 cubitus
386 1386 570 1441 permisit
607 1391 673 1428 71.
704 1411 757 1418 —
814 1387 1054 1443 martyrium

185 1454 353 1496 damnat
374 1455 474 1498 ibid.
504 1480 560 1489 —
618 1471 662 1498 se
688 1455 896 1498 hominem
921 1457 1053 1498 solum

189 1534 348 1566 ceteros
379 1541 498 1567 canes
542 1534 660 1581 putat
691 1530 754 1568 72.
783 1550 840 1558 —
894 1526 1054 1567 ductri-

185 1609 278 1635 nam
296 1610 408 1636 suam
438 1595 561 1637 celari
583 1596 671 1637 vult
704 1596 924 1651 paucisque
943 1610 1053 1637 com·

185 1665 378 1706 municari
401 1666 500 1706 ibid.
522 1675 581 1698 ’-
626 1667 828 1707 undenam
850 1674 945 1707 nata
969 1665 1053 1706 eius

184 1734 360 1775 haeresis
390 1735 490 1777 ibid.
518 1758 574 1767 —
629 1736 873 1791 principium
911 1735 1054 1776 statuit

186 1803 367 1845 Abrasax
384 1835 397 1856 ,
449 1805 557 1846 unde
601 1806 777 1847 conficta
818 1806 955 1847 fabula
1001 1805 1052 1846 de

185 1876 266 1914 365
283 1874 407 1915 coelis
427 1877 493 1916 73.
512 1898 566 1908 —
595 1890 645 1916 ex
669 1890 749 1931 quo
777 1879 856 1915 563
873 1876 1052 1916 membra

185 1943 227 1984 in
267 1943 433 1984 homine
475 1945 631 2000 colligit
670 1945 767 1986 ibid.
800 1969 852 1976 —
910 1954 1051 1987 contra

185 2012 297 2054 illum
323 2013 486 2069 scripsit
514 2017 701 2056 irenaeus
728 2015 828 2056 ibid.
856 2036 911 2047 —-
967 2015 1050 2056 eius

185 2082 378 2137 dogmata
407 2084 640 2125 refutantur
671 2088 735 2125 74.

129 2153 316 2207 Bitqmen
333 2154 414 2194 vim
436 2144 561 2195 habet
575 2155 767 2195 adversus
782 2169 938 2195 venena
954 2158 1049 2196 423.

127 2225 242 2264 Bona
283 2223 410 2264 multa
454 2223 496 2265 in
538 2224 748 2280 scripturis
793 2225 1051 2281 appellantur

185 2297 278 2335 781.

126 2364 361 2419 Bosphorus
390 2363 494 2405 filius
523 2365 718 2416 atthidis,
747 2365 855 2407 unde
884 2366 979 2407 urbs
1005 2365 1047 2406 in

183 2433 344 2474 Euxino
375 2436 440 2474 11.

567 2561 608 2600 C.

129 2643 336 2685 Cadavera
365 2651 617 2685 mortuorum
657 2645 822 2686 minime
850 2659 938 2687 esse
967 2646 1045 2687 de-

180 2713 371 2754 testanda
397 2717 464 2754 26.

127 2783 240 2825 Caini
270 2783 388 2824 Iudas
426 2783 610 2825 imitator
651 2784 753 2837 suit,
793 2786 886 2840 quia
928 2786 1046 2827 fratri

180 2868 255 2895 suo
290 2854 484 2895 mentitus
514 2862 577 2894 est
606 2858 700 2895 280.

127 2923 368 2964 Gaianorum
420 2924 599 2965 haeresis
652 2928 717 2967 18.
780 2934 876 2979 post
925 2925 1043 2966 Chri-

178 2994 427 3034 stianismum
464 2998 557 3034 276.
599 3018 652 3026 —
720 2994 818 3035 dicti
856 3010 880 3036 a
921 2995 1046 3036 Caino

178 3063 278 3104 ibid.
308 3088 361 3094 —
422 3064 588 3104 cainum
617 3073 860 3105 venerantur
894 3074 937 3106 ut
968 3081 1043 3120 pa·

178 3142 336 3174 rentem
359 3148 474 3174 suum
499 3134 597 3173 ibid.
628 3157 678 3164 —
722 3134 821 3175 item
850 3135 951 3176 alios
976 3136 1042 3175 in-

179 3203 309 3245 fames
350 3212 392 3244 et
431 3203 629 3258 reprobos
664 3203 763 3244 ibid.
796 3228 848 3236 -
904 3205 1045 3246 Iudam

181 3274 350 3325 colunt,
393 3282 434 3314 et
461 3274 585 3327 ipsius
629 3274 794 3314 nomine
824 3274 1042 3315 circumfe-

179 3352 274 3384 runt
319 3343 571 3398 evangelium
614 3343 713 3383 ibid.
758 3368 811 3374 —
877 3345 1044 3398 angelos

179 3413 259 3454 suis
300 3414 476 3468 peccatis
519 3413 830 3453 accommodant
867 3418 958 3454 277.
989 3438 1044 3445 —

179 3492 415 3538 supponunt
463 3483 645 3523 libellum
688 3483 890 3538 apostoli,
933 3484 1044 3538 quod

180 3553 294 3593 Pauli
343 3554 608 3594 Anabaticum
652 3562 804 3594 vocant
848 3553 946 3593 ibid.
988 3577 1043 3585 -—

179 3621 372 3663 virtutem
419 3623 624 3678 duplicem
677 3623 834 3663 faciunt
882 3627 946 3664 78.
989 3648 1044 3655 —

180 3693 304 3732 malos
333 3702 476 3734 natura
506 3693 705 3733 definiunt
739 3696 832 3733 279.
862 3716 917 3724 —
973 3709 1042 3734 re-

180 3761 331 3802 futatio
358 3762 598 3804 Gaianorum
629 3763 733 3804 circa
761 3763 946 3803 meritum
974 3765 1043 3803 Iu-

180 3830 257 3873 dae
285 3831 508 3886 proditoris
539 3836 633 3875 282.

1116 482 1335 535 Campsace
1364 482 1487 535 vulgo
1516 481 1625 533 apud
1657 480 1854 529 ludaeos,
1901 478 2033 520 Cacu-

1168 550 1278 590 bium
1309 550 1412 590 vasis
1442 551 1556 591 aenei
1584 565 1710 605 genus
1735 553 1826 591 136.

1115 619 1224 660 Cana
1257 619 1355 674 quid
1384 620 1584 674 significet
1612 623 1707 661 452.

1112 689 1232 729 Canis
1261 690 1467 744 Apologus
1493 690 1674 730 umbram
1704 703 1780 744 pro
1810 703 1930 729 carne
1961 702 2032 728 ca-

1165 758 1318 812 ptantis
1339 760 1401 799 cui
1422 769 1707 813 comparantur
1726 757 1921 800 haeretici
1935 759 2031 799 299.

1114 827 1360 883 Capillorum
1390 829 1606 883 promissio
1634 829 1675 869 in
1702 829 1798 870 viris
1821 827 2030 883 improba-

1166 905 1234 937 tur
1261 900 1381 937 1073.

1114 966 1281 1006 Carnem
1311 967 1391 1021 legi
1430 968 1496 1008 dei
1524 968 1692 1025 subiici,
1734 968 1807 1009 sed
1844 981 1927 1009 non
1962 981 2030 1009 sa-

1167 1035 1362 1091 pientiam
1392 1038 1521 1078 carnis
1553 1042 1646 1078 577.

1113 1106 1251 1146 Carnis
1291 1115 1332 1147 et
1359 1108 1541 1162 corporis
1578 1123 1630 1149 an
1655 1107 1789 1163 aliqua
1816 1107 1869 1148 sit
1903 1106 2030 1149 diffe-

1164 1176 1299 1216 rentia
1332 1179 1426 1217 580.

1112 1245 1300 1285 Carnium
1326 1261 1437 1286 esum
1463 1260 1714 1302 nequaquam
1740 1247 2030 1301 improbatum,

1166 1323 1235 1355 aut
1255 1316 1506 1370 prohibitum
1531 1331 1554 1357 a
1580 1316 1659 1357 deo
1674 1347 1685 1367 ,
1716 1316 1798 1357 imo
1820 1331 1844 1357 a
1869 1317 2031 1358 Christo

1166 1393 1402 1440 usurpatum
1436 1389 1529 1427 146.

1114 1454 1217 1495 Caro
1247 1469 1328 1510 quo
1357 1470 1476 1496 sensu
1514 1455 1728 1497 damnetur
1758 1456 1810 1496 ab
1840 1456 2029 1511 apostolo

1168 1527 1291 1565 1021.

1111 1594 1418 1648 Carpocratiani
1448 1609 1546 1650 quas
1577 1595 1714 1636 colant
1737 1595 1956 1651 imagines,
1987 1605 2030 1636 et

1165 1663 1375 1718 gentilium
1399 1665 1478 1705 ritu
1506 1664 1680 1705 adorent
1706 1668 1799 1707 108.
1829 1690 1883 1698 -
1938 1665 2030 1707 ani-

1165 1748 1249 1774 mas
1273 1742 1431 1775 tantum
1455 1735 1603 1775 salvari
1629 1735 1800 1776 eredunt
1820 1750 1903 1776 non
1935 1750 2029 1777 cor-

1164 1819 1266 1859 pora
1285 1805 1383 1845 ibid.
1421 1828 1476 1836 —
1529 1818 1670 1846 eorum
1703 1805 1900 1847 refutatio
1931 1806 2029 1847 ibid.

1165 1883 1208 1914 et
1234 1878 1327 1916 109.
1356 1889 1430 1928 per
1457 1883 1605 1916 totum.

1111 1944 1467 1999 Carpocrasiorum
1507 1945 1684 1986 haeresis
1708 1955 1806 2001 post
1844 1954 2029 1987 exortum
2066 1983 2068 1986 ,

1151 2014 1457 2055 Christianismi
1475 2015 1649 2069 septima
1669 2015 1720 2056 ab
1739 2024 1906 2056 auctore
1928 2016 2028 2057 Cur-

1162 2093 1332 2139 pocrate
1361 2088 1454 2125 102.
1500 2108 1550 2116 -
1621 2100 1669 2126 ex
1713 2086 1899 2127 omnibus
1941 2085 2029 2127 aliis

1164 2154 1338 2196 conflata
1367 2155 1467 2195 ibid.

1108 2224 1362 2279 Carpocratis
1393 2239 1505 2266 error
1537 2225 1636 2266 ibid.

1108 2295 1462 2348 Carpocrasiorum
1484 2295 1673 2350 superbia
1700 2298 1793 2336 103.
1826 2319 1875 2327 -
1934 2310 2025 2336 ma-

1159 2365 1268 2419 gicas
1296 2374 1402 2405 artes
1431 2365 1567 2406 colunt
1596 2369 1690 2406 104.
1722 2389 1774 2397 —
1830 2364 2023 2420 volupta-

1157 2435 1211 2475 tis
1237 2450 1376 2476 caussa
1397 2435 1530 2476 omnia
1555 2435 1710 2476 faciunt
1731 2435 1830 2476 ibid.
1853 2459 1908 2468 -
1935 2435 2025 2477 solo

1158 2505 1323 2547 nomine
1366 2505 1582 2546 Christiani
1614 2505 1713 2546 ibid.
1757 2529 1808 2537 -
1879 2514 2024 2546 natura

1158 2583 1279 2630 turpe
1305 2583 1347 2615 et
1374 2576 1522 2616 malum
1562 2575 1665 2616 nihil
1699 2589 1790 2616 esse
1825 2584 2022 2626 asserunt,

1159 2645 1234 2685 sed
1262 2645 1471 2686 hominum
1500 2645 1695 2699 opinione
1721 2648 1814 2686 105.
1839 2670 1893 2677 —
1931 2660 2023 2687 ma-

1158 2715 1311 2756 sculam
1347 2724 1539 2756 exercent
1582 2716 1794 2756 libidinem
1831 2715 1929 2757 ibid.
1970 2739 2022 2747 —

1158 2787 1310 2826 animas
1349 2785 1427 2826 nisi
1468 2785 1656 2826 omnibus
1698 2785 1887 2839 nequitiis
1923 2799 2021 2839 per·

1159 2856 1319 2896 functas
1344 2856 1491 2896 liberas
1510 2863 1604 2909 post
1627 2863 1801 2895 mortem
1827 2868 1910 2895 non
1934 2854 2022 2895 fieri

1160 2925 1332 2965 credunt
1355 2929 1446 2965 106.
1478 2950 1531 2957 -
1588 2939 1681 2965 suos
1719 2932 1942 2966 sectatores
1969 2924 2023 2964 ad

1157 2996 1279 3035 imam
1318 2995 1536 3036 auriculam
1576 2995 1759 3035 dextram
1798 2994 1910 3035 ferro
1952 2993 2020 3035 in-

1158 3072 1279 3104 urunt
1310 3065 1411 3105 ibid.

1105 3133 1382 3188 Cataphryges
1418 3148 1538 3175 unam
1569 3134 1832 3175 Maximillam
1867 3134 2020 3188 princi-

1157 3218 1250 3257 pem
1272 3218 1367 3243 suae
1384 3204 1563 3244 haeresis
1585 3204 1740 3245 iactant
1767 3212 1810 3245 et
1836 3203 2020 3259 prophe-

1157 3273 1296 3312 tissam
1325 3276 1421 3313 413.

1105 3343 1368 3383 catharorum
1419 3343 1595 3384 haeresis
1645 3347 1710 3383 39.
1766 3354 1862 3399 post
1899 3345 2019 3386 Chri-

1156 3412 1427 3463 stianismum,
1459 3413 1523 3453 vel
1554 3413 1883 3469 quinquagesima
1912 3430 2019 3457 nona

1156 3486 1250 3523 493.
1279 3506 1332 3514 --
1372 3498 1396 3523 a
1424 3496 1503 3537 quo
1527 3492 1691 3524 auctore
1719 3484 1898 3538 profecti
1920 3485 2018 3526 ibid.

1155 3577 1209 3585 -
1252 3552 1406 3593 Novati
1444 3553 1620 3593 auctoris
1657 3553 1922 3596 catharorum
1950 3556 2017 3596 hi-

1155 3622 1282 3663 storia
1323 3621 1487 3662 ibidem.
1518 3645 1571 3653 —
1629 3623 1809 3665 eiusdem
1841 3625 2019 3666 haeresis

1155 3692 1317 3733 ibidem.
1346 3715 1400 3724 --
1456 3693 1639 3747 digamos
1667 3709 1750 3735 non
1776 3695 2018 3736 admittebat

1154 3765 1248 3803 495.
1280 3786 1332 3793 —-
1389 3762 1539 3817 triplici
1565 3763 1827 3806 similitudine
1853 3766 2015 3807 refelli-

1153 3842 1220 3874 tur
1253 3832 1350 3873 ibid.
1381 3855 1435 3865 —
1490 3833 1698 3876 reiiciebat
1725 3849 1885 3878 omnem
1910 3849 2015 3891 poe-
