2508 4134
490 239 592 295 638
1051 252 1332 294 ‘ADDENDA
1360 255 1435 296 *ET
1469 254 1846 296 coanENnA.

487 350 514 390 l'.
543 351 607 392 21.
643 346 868 404 εὐξαίμεθα
892 346 1030 403 κύριον
1055 345 1228 405 ἀρήγειν
1257 350 1373 407 ἡμῖν.
1403 353 1507 395 Ven.
1539 377 1593 386 —-
1649 353 1675 394 l.
1702 350 1772 395 24.
1802 347 1833 407 ἦ
1860 352 1934 396 καὶ
1956 343 2040 396 ᾗ
2067 355 2170 396 ven.
2205 379 2255 386 —
2296 355 2324 399 1.
2341 354 2410 399 26.

487 417 820 475 ὖπεμνῆσὸημεν
858 421 965 460 ven.
996 444 1052 451 —
1108 420 1135 461 l.
1163 421 1231 463 28.
1262 423 1527 479 καλουμένης,
1564 438 1645 465 om.
1689 425 1790 464 Ven.
1821 447 1879 455 -
1934 423 1961 464 1.
1989 423 2055 466 29.
2094 421 2304 484 Ἰτουραίᾳ
2338 425 2413 469 καὶ

487 489 687 546 Ναβίτιδι
712 492 816 530 Ven.
877 492 921 531 In
949 499 1091 532 annot.
1131 500 1229 532 ante
1252 496 1409 544 scripsit
1432 494 1586 535 excidit
1611 494 1812 549 particula
1840 499 1896 535 ut.
1927 518 1981 526 -
2037 494 2065 536 l.
2092 495 2160 538 30.
2190 496 2286 551 περὶ
2312 494 2413 540 τού-

485 574 567 603 των
593 558 834 615 δεδήλωται
860 562 962 602 Ven.
996 586 1049 592 —
1108 561 1134 602 l.
1164 561 1191 604 4
1217 562 1268 604 ab
1294 563 1370 605 inf.
1401 570 1602 620 γυναῖκας
1622 564 2019 619 προςκυνουμένας,
2043 563 2103 615 οἷς
2133 565 2238 616 θεὰς
2266 568 2411 622 δῆθεν,

487 630 560 674 καὶ
591 628 694 675 εἶναι
725 633 826 674 Ven.
858 656 913 663 —
971 632 996 672 l.
1029 632 1186 687 penult.
1226 631 1362 691 ταύτῃ
1393 636 1564 676 retineri
1592 644 1755 691 potest,
1802 649 1934 690 neque
1968 635 2090 677 aliter
2123 646 2187 679 est
2215 638 2258 678 in
2290 639 2411 688 ven„

484 702 554 757 qui
583 702 734 743 deinde
762 700 930 746 Ὁσαῑοι
965 701 1038 746 καὶ
1059 703 1297 759 Ναζαραῖοι
1333 706 1514 757 (omissis
1541 706 1676 747 verbis
1705 704 1778 749 καὶ
1802 701 2081 762 Ἐβιωναῖοι),
2111 723 2173 757 ως
2207 707 2303 751 καὶ-
2317 703 2409 763 ἤδη

485 773 672 828 praebet.
2198 792 2201 795 ’

596 845 730 902 Pag.
753 845 879 889 118.
918 844 944 886 l.
963 845 1001 886 2.
1026 806 1179 902 βιβλίον
1206 845 1294 903 ἔχει
1317 844 1458 898 Ἰσξαὶ·
1479 844 1698 910 λεγόμενον
1727 842 1913 903 ἀδελφοῦ
1937 848 2010 891 τοῦ
2034 845 2212 901 Ἠλξάει
2234 852 2337 892 Ven.
2356 875 2410 881 —

484 916 512 957 l.
535 913 574 956 4.
604 911 826 964 Ἰουδαίοις
863 930 940 958 ουκ
965 911 1055 959 ἐν’
1035 911 1188 960 οίπασιν
1218 919 1319 958 Ven.
1353 942 1403 948 —
1461 917 1488 959 l.
1510 918 1548 960 6.
1583 913 1671 967 ὅτι,
1703 917 1816 972 quod
1853 919 2020 973 reposui
2056 933 2132 974 pro
2173 921 2285 976 vulg.
2321 917 2410 974 ὅτε,

483 987 619 1027 firmat
656 987 760 1028 Ven.
793 1011 843 1018 —-
902 986 982 1027 l.·'
965 1004 994 1029 l.
1040 1003 1070 1042 η
1113 983 1357 1042 Ἀμαρὲους
1386 1012 1436 1018 -
1466 1012 1513 1019 -
1543 986 1755 1043 Μαρέῖάνη
1798 990 1898 1030 ven.
1936 1013 1981 1021 —
2052 990 2078 1030 l.
2104 990 2144 1033 8.
2188 991 2262 1035 καὶ
2300 1007 2409 1046 αυτη

481 1058 590 1102 τέὲν.
624 1060 724 1099 Ven.
764 1082 812 1088 —-
871 1058 898 1100 l.
929 1055 966 1099 9.
1011 1058 1222 1114 βαδίζειν,
1267 1073 1405 1102 συνεπ.
1438 1060 1540 1099 Ven.
1574 1082 1626 1090 —-
1684 1059 1711 1100 l.
1743 1060 1803 1100 10.
1848 1058 1983 1103 ἕνεκεν
2024 1063 2180 1116 δῆθεν,
2225 1062 2299 1106 καὶ
2337 1061 2409 1107 τόν

484 1129 618 1172 σίελον
646 1130 749 1170 Ven.
788 1152 828 1159 -
889 1128 916 1170 l.
952 1126 1014 1170 14.
1043 1128 1143 1180 καὶ,
1171 1138 1269 1170 ante
1299 1127 1346 1173 τὸ
1377 1125 1520 1184 ὕδωρ,
1554 1131 1768 1171 οτηΥεη.
1802 1155 1853 1162 —-
1911 1131 1938 1173 l.
1969 1132 2032 1175 17.
2061 1133 2302 1182 πεπλᾶσὲᾶαι
2332 1133 2410 1188 (ita

483 1210 526 1241 et
551 1202 638 1241 Bas.
666 1199 835 1254 ubique)
863 1194 988 1243 αὐτὸν
1015 1197 1056 1242 ἐν
1085 1200 1148 1257 τῷ
1176 1196 1330 1254 Ἀδὰμ,
1362 1199 1593 1244 ἐκδύεσὲαι
1621 1198 1669 1245 δὲ
1693 1195 1819 1244 αὐτὸν
1847 1198 1894 1245 τό
1925 1203 2052 1257 σῶμα
2075 1203 2148 1247 τοῦ
2172 1199 2314 1259 Ἀδὰμ
2337 1206 2410 1248 καὶ

480 1269 600 1315 πάλιν
640 1273 742 1312 Ven.
787 1272 926 1312 Recte.
989 1272 1033 1310 ln
1069 1270 1192 1311 etiam
1230 1271 1399 1311 Nicetas
1432 1271 1563 1313 chon.
1593 1272 1717 1313 Thes.
1747 1271 1920 1313 Orthod.
1950 1273 2039 1312 Fid.
2070 1275 2143 1328 IV,
2169 1275 2246 1316 25:
2291 1273 2411 1330 „Tav

481 1339 666 1397 Χριστὸν
705 1340 823 1397 ἔλεγε
860 1341 1039 1396 κτίσμα,
1083 1340 1158 1384 καὶ
1181 1339 1423 1385 πεπλάσὲαι
1457 1340 1498 1385 ἐν
1534 1343 1597 1400 τῷ
1635 1339 1804 1397 Ἀδὰμ,
1849 1341 1923 1391 καὶ
1953 1340 2179 1388 §menfica
2201 1341 2333 1390 αὐτὸν
2359 1344 2406 1390 τό

483 1414 611 1468 σῶμα
634 1414 707 1456 τοῦ
745 1409 888 1467 Ἀδὰμ
914 1407 985 1455 ὅτε
1014 1409 1223 1469 βούλοιτο,
1270 1412 1343 1456 καὶ
1374 1411 1496 1457 πάλιν
1522 1410 1764 1457 ἐκδύεσθαι.
1825 1411 1888 1458 Τὸ
1930 1413 1979 1458 δὲ
2019 1414 2187 1471 πνεῦμα
2219 1414 2266 1461 τὸ
2293 1412 2410 1471 ἅγιον

481 1482 680 1540 ὖπάρχειν
707 1478 836 1527 αὐτοῦ
860 1478 1058 1539 ἀδελφὸν,
1085 1482 1158 1526 καὶ
1182 1480 1375 1538 ἑκάτερον
1399 1480 1536 1527 αὐτῶν
1554 1485 1693 1538 μῆκος
1716 1482 1789 1539 μὲν
1806 1484 1914 1541 ἔχειν
1943 1485 2059 1539 μίλια
2075 1485 2409 1541 -ἐννενηκονταὲξ,

480 1554 634 1604 πλάτος
673 1553 721 1599 δὲ
748 1555 864 1610 μίλια
895 1554 1228 1609 εἰκοσιτέσσαρα.
1283 1546 1367 1597 Ἦν
1397 1552 1446 1598 δὲ
1472 1551 1607 1611 τούτῳ
1633 1553 1705 1597 καὶ
1732 1552 1918 1610 ἀδελφὸς
1943 1551 2123 1607 Ἰεξαῖος
2144 1555 2409 1612 καλούμενος.

469 1621 677 1680 ’Ὕστερον
711 1624 759 1670 δὲ
794 1625 951 1680 ἔφυσαν
991 1624 1039 1668 ἐκ
1073 1625 1146 1668 τοῦ
1180 1623 1324 1679 γένους
1357 1622 1497 1669 αὐτῶν
1529 1630 1724 1681 γυναῖκες
1760 1623 1836 1670 δύο
1863 1624 2052 1671 Μαλξῖὠν
2097 1627 2170 1671 καὶ
2198 1627 2407 1684 Μαλΰάνη

483 1698 599 1754 (sic),
646 1691 698 1746 ἃς
727 1711 787 1746 ως
816 1693 919 1745 θεὰς
950 1697 987 1739 οἱ
1014 1695 1321 1751 πεπλανημένοι
1361 1696 1610 1751 ἐτίμησαν.ιι
1650 1719 1706 1728 -
1775 1696 1801 1737 1.
1838 1697 1900 1739 19.
1945 1696 2019 1740 καὶ
2059 1696 2106 1743 ro*
2151 1699 2316 1754 πνεῦμα
2358 1697 2404 1744 ’τό

481 1764 594 1823 ἅγιον
619 1770 721 1809 Ven
753 1792 805 1799 —
863 1765 983 1810 124.
1016 1764 1281 1821 ποιήσασθαι
1307 1765 1385 1822 τήν
1415 1763 1554 1810 αυτῶν
1585 1766 1810 1810 κατάλυσιν
1835 1768 1917 1823 τῆς
1945 1763 2204 1825 ἀνατροπῆς,
2237 1785 2297 1819 ως
2318 1761 2407 1845 ηδη

479 1837 603 1895 ημῶν
632 1837 943 1895 εἰργασαμένων
978 1837 1038 1887 εἰς
1075 1833 1201 1881 αυτὸν
1231 1854 1260 1892 η
1291 1833 1426 1889 ἄξιον,
1457 1853 1583 1892 ητουν
1615 1839 1712 1893 (εἰσ)
1742 1834 1943 1890 Ἠλξάει,
1990 1841 2063 1883 καὶ
2090 1838 2190 1890 τους
2219 1843 2322 1884 Ven.
2354 1866 2406 1874 -

479 1911 508 1951 l.
538 1912 564 1954 7
591 1911 642 1951 ab
669 1910 745 1951 inf.
777 1906 1006 1959 πεπεκότες
1030 1910 1132 1950 Ven.
1176 1906 1424 1958 πεπωκότες
1459 1911 1561 1951 Bas.
1580 1935 1628 1940 —
1681 1909 1709 1949 l.
1741 1908 1767 1950 4
1794 1910 1845 1950 ab
1875 1910 1951 1952 inf.
1982 1909 2097 1955 Διότι
2129 1910 2203 1955 καὶ
2222 1913 2327 1954 Ven.
2351 1937 2406 1944 —

482 1981 508 2022 l.
535 1982 691 2037 penult.
722 1980 867 2035 Χείρω
898 1979 995 2036 (εἰσ)
1025 1978 1073 2024 δὲ
1097 1997 1126 2036 η
1156 1980 1316 2036 αἵρεσις
1344 1975 1452 2036 αὕτη
1478 1995 1513 2023 τ.
1537 1994 1574 2023 σ.
1594 2013 1605 2035 ,
1638 1996 1696 2036 μη
1725 1978 1774 2024 δὲ
1794 1978 1841 2024 τὸ
1874 1977 2065 2037 ἀκέραιον
2094 1997 2130 2025 τ.
2162 1978 2245 2039 ω’φ.
2275 1978 2411 2039 αυτῆς

480 2053 675 2096 Venetus.
2384 2046 2399 2050 *⁷

591 2125 724 2182 rag.
753 2125 880 2168 120.
935 2123 963 2164 l.
989 2124 1027 2166 2.
1061 2122 1336 2175 κατανοοῦσα,
1367 2118 1612 2166 ἀποτίθεται
1634 2119 1713 2177 τήν
1743 2119 2015 2180 ἄμβλῦοπίαν.
2075 2118 2192 2179 Αὕτη
2217 2125 2321 2166 Ven.
2352 2149 2408 2156 —

478 2195 504 2236 l.
535 2196 573 2238 3.
619 2190 881 2250 εὐφροσύνην
919 2193 1143 2249 κέκτηνται
1183 2194 1255 2237 τοῦ
1296 2190 1429 2245 ζώου,
1474 2189 1523 2237 ου’
1553 2191 1637 2249 μὴν
1667 2192 1740 2236 καὶ
1770 2191 1816 2238 τὸ
1864 2196 1966 2235 Ven.
1999 2218 2054 2227 -
2111 2195 2139 2236 1.
2167 2194 2205 2238 6.
2236 2209 2401 2257 κατισχ-

478 2265 587 2310 κατὰ
617 2266 698 2320 τῆς
736 2265 808 2308 τοῦ
835 2265 935 2308 3206
962 2267 1063 2307 Ven.
1123 2265 1217 2305 Hoc
1253 2264 1537 2320 reponendum
1568 2263 1748 2305 omnino.
1781 2289 1834 2295 -
1892 2264 1918 2306 l.
1947 2266 1984 2309 7.
2018 2266 2190 2320 εἴπαμεν
2217 2267 2318 2306 Ven.
2354 2290 2405 2298 -

477 2330 507 2377 l.'
541 2339 603 2379 12.
633 2334 729 2381 θεὸν
766 2333 885 2391 λόγον
927 2336 1026 2376 edit.
1063 2337 1232 2387 Petav.‚
1276 2336 1437 2378 vitiose.
1467 2360 1520 2367 —
1578 2335 1606 2376 1.
1634 2336 1695 2378 15.
1729 2332 1906 2392 ὑπάρχει
1933 2335 1994 2380 ἔτι
2022 2333 2054 2391 ’q‘
2086 2337 2246 2392 αἵρεσις
2273 2331 2405 2394 (αὕτη

477 2407 617 2461 deest)
658 2403 886 2463 ἀγνοοῦμεν
930 2408 1033 2448 Ven.
1077 2430 1133 2438 —
1209 2406 1238 2446 l.
1273 2407 1332 2450 17.
1374 2408 1456 2462 τῆς
1494 2405 1580 2450 νυνὶ
1625 2405 2104 2457 Κωνσταντινουπόλεως
2143 2405 2405 2463 καλουμένης

478 2480 582 2520 Ven.
614 2502 667 2510 -
725 2478 751 2519 l.
782 2479 850 2520 22.
885 2478 1014 2522 εἰπεῖν
1039 2476 1080 2520 ἐν
1104 2476 1212 2532 ποίῳ
1239 2477 1417 2534 διωγμῷ
1447 2478 1553 2518 Ven.
1584 2501 1639 2509 --
1696 2478 1722 2518 1.
1749 2477 1817 2520 23.
1852 2479 1963 2521 συλλ.
1991 2473 2072 2522 ἀπὸ
2099 2476 2297 2523 πλειόνων
2324 2481 2404 2520 Ve-

477 2558 610 2590 netus.
641 2573 696 2581 —-
754 2549 780 2589 1.
798 2549 863 2591 28.
895 2546 970 2602 τὴν
1002 2547 1150 2591 ἑαυτοῦ
1176 2547 1358 2603 πατρίδα
1384 2549 1483 2589 Ven.
1544 2547 1648 2591 Ibid.
1677 2547 1787 2589 idem
1811 2548 2033 2605 διέτριψεν.
2094 2545 2407 2606 Ἐπιγνωσῒὲεὶς

478 2618 526 2663 δὲ
553 2616 634 2664 ὑπὸ
673 2620 757 2663 τῶν
799 2618 841 2662 ἐν
881 2617 1035 2675 Ῥώμῃ
1074 2615 1193 2681 πάλιν
1224 2618 1318 2674 (καὶ
1348 2619 1485 2670 deest)
1517 2619 1611 2663 ἐκεῖ
1634 2621 1738 2662 Ven.
1773 2644 1827 2651 —
1884 2620 1909 2661 l.
1938 2619 2006 2662 30.
2039 2617 2222 2664 ὑπέπεσε
2252 2618 2322 2665 διοὶ
2352 2618 2399 2664 τό

477 2689 754 2745 ἐγκαλεῖσθαι
784 2692 885 2732 Ven.
918 2714 967 2721 --
1029 2690 1055 2730 l.
1085 2690 1124 2732 3.
1156 2690 1207 2731 ab
1236 2689 1312 2730 inf.
1354 2687 1401 2733 τὸ
1434 2688 1573 2735 καινὸν
1604 2687 1747 2746 δόγμα
1792 2693 1895 2734 Ven.
1926 2716 1980 2722 —
2037 2690 2065 2732 l.
2095 2691 2253 2747 penult.
2297 2689 2404 2736 οἷπε-

482 2761 640 2816 κρίνετο
671 2764 774 2804 Ven.

590 2834 723 2891 Pag.
752 2835 878 2878 1⁶22.
935 2832 963 2876 1.
991 2831 1029 2874 3.
1062 2830 1199 2887 κακὴν
1239 2829 1365 2876 αὐτοῦ
1410 2835 1513 2875 ven.
1545 2859 1601 2866 —-
1658 2833 1684 2874 l.
1714 2830 1752 2875 4.
1783 2835 1866 2888 τῆς
1906 2830 2035 2876 ouh-01⁴3
2061 2834 2164 2876 Ven.
2194 2858 2247 2865 -
2305 2833 2333 2876 l.
2361 2834 2402 2876 5.

475 2903 499 2952 ἆ
532 2904 719 2960 Χριστὸς
748 2904 830 2959 ἔφη
848 2936 858 2956 ,
887 2904 978 2947 Νῦν
1007 2902 1055 2947 δὲ
1082 2901 1135 2958 μὲ
1162 2906 1324 2959 ζητεῖτε
1350 2905 1452 2945 Ven.
1487 2929 1536 2936 -
1597 2903 1625 2945 l.
1649 2906 1688 2947 8.
1717 2899 1830 2947 Ἀλλ’
1858 2900 1932 2947 οὔκ
1963 2903 2067 2959 ἔγνω
2098 2902 2121 2949 ὁ
2148 2907 2237 2947 ταλ.
2266 2899 2332 2949 ὅτι
2360 2902 2402 2947 ἐν

476 2974 593 3036 αὐτῷ
626 2973 649 3020 ὁ
680 2975 822 3031 κύριος
860 2975 972 3030 λέγει
1007 2977 1113 3015 Ven.
1144 3000 1201 3006 —
1257 2975 1282 3016 l.
1312 2975 1350 3018 9.
1383 2990 1489 3030 μου,
1508 2972 1630 3029 παρὰ
1661 2973 1709 3018 δὲ
1739 2970 1908 3018 σἀὖτοῦ
1939 2975 2039 3031 (εἰσ)
2066 2975 2177 3030 λέγει
2205 2971 2273 3018 τᾶν
2305 2972 2402 3019 θεᾶν

475 3052 579 3092 Ven.
610 3074 664 3081 -
722 3048 749 3088 l.
782 3048 844 3090 13.
873 3046 1168 3102 γεγεννημένον
1194 3046 1266 3089 καὶ
1293 3044 1334 3089 ἐν
1363 3045 1489 3101 σαρκὶ
1517 3043 1851 3098 οἷποκτανὲέντα,
1884 3044 1923 3089 ἐν
1949 3043 2122 3100 Βεότητι
2146 3043 2221 3100 δὲ,
2264 3045 2400 3086 verbis

474 3121 621 3161 mediis
662 3117 777 3175 οἷνδρ.
820 3114 872 3162 δι’
904 3114 1024 3172 ημᾶς
1059 3133 1142 3173 γεν.
1186 3117 1370 3169 omissis,
1414 3119 1518 3158 Ven.
1548 3140 1604 3148 —
1662 3116 1689 3158 l.
1712 3117 1779 3158 20.
1813 3114 2193 3173 βλασφημισᾶντων
2223 3117 2331 3167 ven.
2359 3123 2401 3157 et

478 3194 566 3234 Bas.
596 3217 651 3223 —-
707 3191 735 3232 1.
763 3191 828 3232 21.
874 3185 922 3233 δὲ
961 3185 1192 3245 ὖπερβολῆν
1222 3190 1325 3229 Ven.
1358 3212 1409 3219 -
1469 3184 1498 3228 l.
1526 3187 1595 3231 26.
1638 3181 1736 3231 οὔδε
1775 3187 1875 3242 (εἰσ)
1914 3186 2132 3236 ἐνταῦὲα,-
2160 3180 2258 3229 οὔδε
2297 3186 2398 3239 (εἰσ)

474 3266 578 3306 Ven.
610 3286 663 3295 —-
705 3263 732 3304 l.
757 3262 824 3303 28.
853 3255 1018 3308 δεικνύς
1042 3261 1160 3310 Ven.‚
1192 3258 1261 3315 qui
1288 3259 1385 3300 inde
1410 3259 1546 3314 pergit
1568 3272 1748 3314 προασφ.
1776 3272 1810 3301 τ.
1843 3272 1880 3301 σ.
1905 3259 1987 3301 τῶν
2014 3253 2096 3300 ἀπὸ
2126 3256 2400 3312 βλασφημίας

474 3335 590 3386 (cod.
629 3334 687 3375 uti
723 3333 831 3374 solet
859 3326 1234 3387 ἇποβλασφημίας)
1280 3327 1407 3373 αυτοῦ
1437 3345 1576 3385 μεταν.
1608 3354 1662 3360 -
1720 3329 1748 3369 l.
1781 3329 1937 3383 penult.
1969 3323 2180 3371 ἀκούσατε
2209 3328 2312 3367 Ven.
2347 3351 2397 3360 -

475 3406 579 3448 Ibid.
608 3400 826 3460 ἅνθρωπος
850 3393 929 3459 ἦν,
962 3398 985 3445 ὁ
1014 3399 1062 3445 δὲ
1091 3400 1140 3444 ἐκ
1167 3403 1207 3444 θ.
1235 3400 1294 3456 ἐγ.
1322 3398 1511 3456 Χριστὸς
1541 3392 1685 3455 οὗτος,
1717 3399 1872 3456 φησὶν,
1901 3390 1980 3454 ἦν,
2012 3392 2101 3441 ἀλλ’
2124 3392 2267 3452 ἇνῧρ.,
2299 3413 2395 3440 ver-

473 3477 536 3518 bis
567 3472 644 3520 οὐκ
673 3467 726 3531 ’ἦν
758 3472 857 3523 ἓεός
886 3473 1045 3514 omissis
1064 3504 1074 3523 ,
1106 3474 1210 3513 Ven.

586 3548 719 3604 Pag.
748 3546 875 3591 124.
930 3544 958 3586 l.
987 3548 1020 3586 1.
1053 3540 1074 3587 ὁ
1102 3543 1301 3598 Μωῦσῆς
1329 3544 1431 3584 Ven.
1464 3567 1515 3574 —-
1574 3542 1679 3584 Ibid.
1707 3540 1815 3585 οἶδεν
1845 3537 1989 3583 ἑαυτὸν
2019 3535 2044 3581 ο“
2070 3536 2111 3581 ἐν
2142 3554 2183 3582 π.
2213 3537 2396 3595 γεγονώς

476 3619 659 3673 (corrige
685 3617 876 3658 mendum
905 3613 1077 3671 γεγονὸς
1102 3614 1213 3670 quod
1241 3628 1291 3655 ex
1319 3614 1383 3655 ed.
1416 3616 1504 3654 Bas.
1535 3622 1578 3654 et
1605 3615 1745 3654 Petav.
1770 3611 1812 3651 in
1839 3623 1970 3650 meam
1994 3608 2175 3664 irrepsit)
2203 3612 2308 3651 Ven.
2340 3633 2393 3643 —·

475 3689 503 3729 l.
531 3690 571 3732 3.
604 3691 777 3744 Repone
802 3685 882 3744 γὰρ
908 3695 1007 3742 post
1037 3681 1102 3730 ὅτι
1133 3683 1229 3740 μὲν,
1276 3684 1385 3741 quod
1411 3692 1548 3725 tuetur
1576 3685 1698 3725 etiam
1725 3684 1830 3722 Ven.
1863 3704 1911 3711 —
1973 3679 2075 3720 lbid.
2103 3677 2241 3725 αὐτῶν
2265 3675 2338 3736 ἥγ.
2371 3677 2394 3724 ὅ

476 3757 618 3813 κύριος
646 3761 749 3802 Ven.
780 3783 835 3790 —
892 3759 919 3800 l.
950 3757 990 3800 6.
1019 3757 1116 3808 καὶ,
1148 3765 1245 3798 ante
1272 3755 1455 3807 τέξεται,
1489 3770 1568 3796 om.
1598 3756 1700 3794 Ven.
1760 3751 1874 3791 Idem
1902 3749 2006 3790 liber
2036 3751 2159 3805 paulo
2187 3760 2282 3806 post
2308 3753 2392 3806 δῆ-

477 3830 542 3876 λον
568 3827 591 3872 ο“
619 3828 659 3874 ἐν
689 3829 813 3885 σαρκὶ
837 3828 883 3874 τὸ
911 3844 1017 3885 γενν.
1043 3828 1157 3882 (εἰσ).
1184 3852 1238 3861 -
1275 3827 1304 3870 1.
1327 3826 1367 3870 8.
1402 3824 1482 3882 γὰρ
1508 3822 1608 3873 θεὸς
1631 3820 1704 3866 καὶ
1728 3816 1858 3876 ἇνὲἲρη
1892 3819 1994 3870 Βεός
2021 3819 2094 3876 μὲν
2123 3818 2203 3867 οἷπὸ
2235 3819 2393 3877 πατρὸς
