2508 4134
594 293 819 335 PANARn
847 293 952 333 Lm.
978 293 1049 332 111.
1073 293 1208 332 ToM.
1231 294 1261 331 1.
1290 292 1452 332 HAER.
1475 291 1672 331 Lxxvi.
1980 275 2079 326 329

187 394 329 446 etiam
379 393 457 460 qui
497 392 555 442 ab
591 391 807 458 ipsismet
842 389 1040 440 Arianis
1080 389 1320 439 deficiunt.
1407 388 1618 457 Repetiti
1659 404 1803 456 porro
1840 385 1966 435 illius
2000 384 2081 434 ba-

189 477 344 547 ptismi
385 494 441 527 ea
482 476 686 527 formula
723 484 824 526 est:
879 472 931 523 lu
971 473 1162 523 nomine
1205 472 1281 522 dei
1319 472 1552 534 increati,
1607 482 1654 522 et
1692 472 1738 521 in
1770 471 1960 522 nomine
2001 467 2082 518 [ilii

189 561 358 623 creati,
401 568 448 611 et
471 560 519 610 iu
543 559 735 610 nomine
761 558 956 627 spiritus
985 556 1348 618 sanctificantis,
1391 565 1439 605 et
1463 574 1489 606 a
1519 565 1679 606 creato
1704 556 1797 605 lilio
1822 552 2079 623 procreati.

187 639 348 713 Atque
376 653 428 695 ut
459 653 556 694 tota
580 644 767 694 illorum
796 643 951 704 frauS,
1010 658 1065 690 ac
1091 639 1313 691 scenicae
1347 640 1479 690 velut
1516 649 1645 689 artes
1675 648 1722 690 et
1754 637 1969 690 fallaciae
2003 654 2085 704 pe-

187 730 313 780 nitus
353 737 644 797 appareant,
697 736 743 777 et
780 726 826 776 id
869 725 1062 776 omnino
1105 733 1320 786 constet,
1374 741 1469 773 nou
1516 724 1653 773 fidem
1700 740 1806 773 esse
1846 723 1967 791 quod
2006 721 2086 772 isti

187 813 491 882 praedicant,
532 812 616 862 sed
650 810 930 861 histrionum
962 809 1223 870 officinam,
1263 815 1375 858 suut
1405 807 1484 875 qui
1512 816 1725 869 narrent,
1767 815 1998 875 quotquot
2025 805 2083 856 ab

186 897 433 949 iis‘denuo
467 894 796 964 baptizantur,
837 895 887 944 in
919 903 1060 962 caput
1091 892 1333 959 demergi,
1375 892 1572 960 pedibus
1603 892 1650 940 in
1683 890 1883 941 sublime
1921 907 2085 958 porre-

186 982 302 1044 ctiS,
360 981 520 1048 itaque
562 979 890 1030 iusiurandum
928 977 1083 1045 adigi,
1140 994 1378 1044 nunquam
1413 992 1467 1026 se
1497 975 1555 1025 ab
1584 973 1710 1024 illius
1743 991 1909 1025 errore
1942 984 2083 1041 atque

187 1065 379 1116 haeresi
405 1064 726 1136 discessuros,
801 1060 987 1113 Ferunt
1023 1062 1220 1130 insuper
1250 1059 1444 1111 Ae’tium
1477 1059 1631 1127 ipsum
1669 1067 1775 1127 post
1813 1055 2087 1115 Constantii

187 1150 368 1201 obitum
400 1165 425 1198 a
455 1146 640 1199 iuliano
671 1147 961 1215 imperatore
998 1154 1274 1197 revocatum
1316 1144 1373 1195 ab
1406 1144 1584 1207 exili0‚
1640 1161 1745 1193 cum
1779 1152 1942 1194 sectae
1971 1158 2084 1193 suae

186 1235 416 1285 diaconus
444 1241 594 1296 esset,
636 1231 694 1283 ab
722 1231 932 1282 eiusdem
958 1248 1073 1280 suae
1102 1230 1327 1299 episcopo
1350 1230 1407 1279 ad
1435 1227 1646 1297 episcopi
1675 1226 1950 1294 dignitatem
1978 1242 2086 1277 esse

186 1326 487 1388 provectum.

326 1401 460 1453 Haec
488 1409 600 1452 sunt
638 1417 759 1467 quae
787 1399 844 1450 de
872 1398 1019 1450 Aetio
1048 1398 1274 1466 Ae’tiique
1317 1396 1561 1465 discipulis
1599 1395 1895 1461 investigare
1934 1394 2088 1463 potui-

185 1504 310 1538 mus.
388 1483 526 1552 Quos
554 1483 767 1534 nonnulli
799 1483 1109 1546 Anomoeos,
1154 1483 1242 1533 hoc
1273 1490 1348 1532 est
1374 1481 1630 1532 dissimiles
1657 1480 1922 1543 nominant,
1964 1480 2089 1546 quod

189 1571 419 1622 Arianam
457 1568 681 1619 haeresin
715 1568 937 1619 uberiore
980 1569 1180 1635 quadam
1223 1585 1278 1617 ae
1315 1566 1464 1636 magis
1506 1565 1781 1616 execranda
1814 1565 2085 1630 dogmatum

186 1653 434 1723 impietate
473 1662 778 1723 superarunt.
862 1651 937 1703 De
980 1653 1149 1720 quibus
1183 1660 1493 1720 posteaquam
1533 1649 1804 1716 singillatim
1846 1666 1929 1716 pro
1972 1648 2079 1699 viri*

186 1739 304 1801 bus,
360 1737 520 1788 divina
567 1737 830 1806 opitulante
870 1738 1051 1803 gratia,
1105 1735 1478 1805 disputavimuS,
1535 1752 1590 1784 ac
1621 1733 1753 1784 velut
1786 1732 2088 1801 multipedem

186 1822 576 1890 scolopendram,
627 1822 751 1889 quod
779 1821 950 1871 insecti
980 1839 1133 1889 genus
1162 1822 1308 1871 iulum
1335 1827 1538 1882 vocant,
1593 1817 1810 1868 veritatis
1837 1819 1955 1885 pede
1979 1834 2089 1884 pro-

187 1906 509 1969 culcavimus,
564 1914 611 1957 et
651 1905 779 1956 unici
813 1906 887 1955 dei
922 1906 1001 1956 filii
1032 1923 1145 1956 vera
1180 1904 1488 1956 confessione-
1518 1901 1863 1964 contrivimus,
1919 1901 2088 1968 gratiis

186 1992 275 2042 deo
306 2008 438 2041 more
469 1998 634 2040 nostro
664 1989 950 2058 persolutiS,
995 1991 1192 2057 eiusque
1221 1991 1278 2040 ad
1312 1988 1649 2039 imbecillitatis
1682 1995 1877 2036 nostrae
1906 1984 2090 2052 praesi-

187 2075 313 2126 dium
340 2075 592 2143 implorata
618 2074 814 2138 virtute,
857 2075 912 2124 ad
944 2075 1150 2142 reliquas
1176 2074 1401 2124 haereses
1429 2090 1511 2139 pro
1538 2079 1678 2139 captu
1704 2070 1872 2121 virium
1901 2077 2089 2119 nostra-

188 2178 291 2211 rum
331 2159 774 2227 intelligentiaeque
825 2168 1145 2209 transeamus.
1224 2158 1298 2208 Ac
1343 2157 1519 2207 domini
1556 2154 1773 2224 inprimis
1819 2171 1986 2222 opem,
2039 2162 2091 2203 ut

186 2244 422 2307 diximuS,
463 2244 801 2312 imploremus,
844 2252 894 2293 ut
922 2244 961 2293 is
991 2244 1048 2293 ad
1080 2244 1183 2293 illas
1212 2242 1523 2311 explicandas
1555 2258 1611 2291 ac
1643 2239 1921 2290 refutandas
1953 2255 2089 2306 prae-

187 2337 260 2379 sto
289 2328 427 2379 uobis
454 2345 563 2379 esse
596 2327 740 2391 velit,
795 2346 886 2395 quo
916 2328 1042 2379 illius
1072 2328 1253 2379 viribus
1279 2346 1332 2377 ac
1363 2334 1600 2395 potestate
1640 2323 1748 2374 freti
1778 2324 1900 2391 quod
1936 2322 2091 2373 tenui-

187 2420 260 2462 tas
294 2412 693 2480 mediocritasque
726 2422 891 2462 nostra
924 2412 1136 2481 suscepit
1161 2413 1217 2462 ad
1248 2413 1428 2462 exitum
1465 2411 1727 2478 perducere
1758 2407 2014 2476 possimus.

678 2523 822 2564 FINIS
853 2525 1005 2565 PRIMI
1037 2526 1178 2567 ΤΟΜΙ
1207 2525 1398 2566 TERTH
1431 2523 1589 2563 LIBRI.

242 2664 309 2707 37.
343 2659 552 2717 ἐνωμότως
580 2665 689 2704 codd.
715 2676 804 2704 mss.
836 2668 893 2705 ed.
925 2671 958 2706 et
984 2669 1105 2716 princ.
1166 2663 1273 2708 κατὰ
1297 2662 1457 2707 Ἀετίου
1496 2663 1566 2706 τοῦ
1606 2659 1797 2714 ἀνομοίου
1841 2659 2091 2713 καλουμένου

242 2720 306 2762 38.
338 2719 446 2774 φησὶ
473 2722 582 2760 codd.
612 2732 700 2759 mss.
731 2725 764 2759 et
792 2723 880 2760 edit.
910 2725 1029 2771 princ.
1163 2721 1235 2764 καὶ
1265 2723 1347 2764 τῶν
1384 2718 1451 2763 ὑπ’
1486 2716 1613 2762 αὐτοῦ
1648 2715 1916 2771 Εὔνομιανῶν
1945 2718 2089 2759 καλου-

242 2777 263 2801 *
297 2778 414 2817 Godd.
442 2788 532 2816 mss.
569 2778 795 2827 subscriptio
821 2782 873 2817 est
903 2777 1033 2826 Τέλος
1062 2776 1112 2821 τὰ
1172 2778 1315 2832 μένων.
