2508 4134
240 1842 323 1880 pag.
347 1832 421 1868 889.

219 3116 331 3173 Κεφ.
356 3111 410 3171 γ’.

454 254 554 306 146
1158 262 1365 305 SANCTI
1393 264 1675 306 EPIPHANII

446 364 581 431 ε’ἰπερ
621 361 751 414 οἰκεῖ
782 361 834 413 ἐν
870 356 1006 426 ήμῖν.
1086 356 1276 412 ΜἈλῗ
1307 358 1457 423 αὐτὸς
1483 359 1659 414 θανών
1686 358 1804 423 ὁδός
1832 364 1959 428 ζωῆς
1988 357 2115 431 ὑπὲρ
2141 358 2285 430 ἡμῶν
2302 363 2389 433 ,γέ-

447 466 621 517 γονεν,
671 447 752 497 ’ἵνα
779 447 830 498 οἱ
866 450 1040 508 ζῶντες
1064 446 1237 512 μηκέτι
1260 445 1453 508 ἑαυτοῖς
1482 451 1652 511 ζῶσιν,
1704 443 1820 499 ἀλλά
1848 451 1917 518 τῷ
1946 443 2072 516 ’ὑπὲρ
2098 444 2239 514 ήμῶν
2264 445 2384 501 ἀπο·

446 530 659 584 θανόντι
689 531 776 583 καὶ
807 535 863 567 1⁵
881 527 1168 596 ἀναστάντι,
1208 533 1345 604 αἰτίῳ
1376 536 1526 599 ζωῆς,
1566 537 1655 584 τοῦ
1677 529 1773 601 πρὸ
1805 537 1998 584 πολλῶν
2028 537 2209 601 γενεῶν
2231 531 2388 603 ὅρκου

447 618 714 684 μνησθεὶς,
752 613 878 669 κατά
905 613 992 669 τὸν
1021 618 1185 684 Δαβὶδ
1196 658 1211 681 ,
1256 623 1273 653 ¹
1290 622 1313 654 ⁶
1335 614 1391 669 ‘O
1421 616 1542 679 θεὸς
1566 610 1630 685 ἦν
1657 618 1708 670 ἐν
1738 622 1938 688 Χριστῷ
1951 659 1966 682 ,
2003 615 2192 685 κόσμον
2214 624 2387 671 καταλ-

446 702 643 755 λάσσων
683 702 865 774 ἑαυτῷ,
918 699 986 769 μή
1027 700 1338 772 λογιζόμενος
1384 700 1553 764 αὐτοῖς
1589 700 1648 754 τοὶ
1686 701 2059 771 παραπτώματα
2084 700 2274 757 αὐτῶν·
2313 701 2390 757 ὅτι

449 789 501 841 ἐν
530 785 667 859 αὐτῷ
695 785 933 854 εῦδόκησε
957 792 1059 840 πᾶν
1088 785 1142 840 τὸ
1172 787 1413 858 πλήρωμα
1438 794 1753 856 κατοικῆσαι,
1804 789 1890 840 καὶ
1917 786 1981 841 δι’
2010 787 2171 842 αὐτοῦ
2201 786 2386 845 ἀποκα-

445 871 672 936 ταλλάξαι
706 870 768 925 τοὶ
792 871 952 925 πάντα
991 875 1061 935 εἰς
1099 870 1279 938 αύτὸν,
1331 873 1710 943 εἰρηνοποιήσας
1750 871 1833 926 διά
1859 879 1949 926 τοῦ
1985 876 2194 942 αἵματος
2227 879 2388 936 17τοῦ

446 963 677 1028 σταυροῦ.
757 963 815 995 1⁸
835 958 1154 1028 Παραγέγονε
1195 962 1363 1011 τοίνυν
1399 961 1468 1021 εἰς
1499 961 1784 1027 οἰκονομίαν
1819 965 1908 1011 τοῦ
1938 959 2264 1029 πληρώματος
2287 964 2390 1014 τῶν

444 1050 651 1115 καιρῶν,
690 1042 865 1105 καθώς
889 1042 1175 1114 ἐπήγγελται
1201 1041 1442 1114 Ἀβραάμ,
1481 1046 1565 1098 καὶ
1591 1051 1781 1107 λοιποῖς
1809 1042 1982 1114 ἁγίοις,
2015 1043 2389 1111 ἀνακεφαλαιώ-

445 1138 632 1183 σασθαι
660 1127 721 1182 τὰ
746 1127 906 1182 πάντα
936 1131 989 1182 ἐν
1021 1128 1185 1202 αὐτῷ,
1241 1128 1304 1182 τα’
1342 1135 1459 1182 ι9τε
1493 1132 1545 1184 ἐν
1568 1137 1671 1192 τοῖς
1702 1129 1963 1200 οὐρανοῖς,
2002 1132 2088 1184 καὶ
2111 1129 2172 1183 τοὶ
2194 1132 2276 1184 ἐπὶ
2302 1136 2389 1198 τῆς

446 1222 550 1286 γῆς.
625 1212 894 1276 Διάστασις
931 1215 982 1267 δὲ
1017 1208 1082 1282 ἧν
1112 1216 1197 1267 καὶ
1225 1217 1381 1285 ἔχθρα
1405 1217 1457 1268 ἐν
1483 1221 1544 1288 τῇ
1575 1215 1730 1289 ἀνοχῇ
1762 1221 1852 1268 τοῦ
1877 1221 2020 1269 θεοῦ.
2090 1214 2388 1285 Ἀποκατήλ-

443 1305 553 1366 λαξε
578 1301 632 1354 δὲ
662 1303 714 1355 ἐν
742 1306 808 1373 τῷ
841 1299 1027 1368 σώματι
1059 1306 1146 1368 τῆς
1173 1298 1357 1371 σαρκός
1384 1299 1563 1365 αὐτοῦ,
1615 1298 1675 1353 δι’
1704 1298 1860 1354 αύτοῦ
1896 1300 2109 1369 ποιήσας
2134 1299 2195 1354 τά
2225 1299 2388 1369 ἀμφό-

444 1408 559 1455 τερα
586 1388 654 1440 ἕν.
718 1379 875 1438 ςΗλθε
901 1384 993 1456 γὰρ
1024 1383 1058 1454 ἦ
1087 1385 1256 1455 εἰρήνη
1283 1383 1452 1454 ήμῶν,
1507 1387 1594 1438 καὶ
1619 1383 1674 1438 τὸ
1710 1385 1992 1454 μεσότοιχον
2027 1393 2118 1440 τοῦ
2155 1392 2388 1458 φραγμοῦ

442 1473 621 1538 λύσας,
671 1470 760 1540 τήν
787 1473 997 1542 ἔχθραν,
1050 1473 1103 1524 ἐν
1132 1478 1192 1545 τῇ
1222 1473 1370 1542 σαρκὶ
1399 1469 1581 1536 αὐτοῦ,
1634 1469 1719 1524 τὸν
1757 1470 1912 1540 νόμον
1953 1478 2054 1525 τῶν
2089 1474 2297 1527 ἐντολῶν
2321 1474 2388 1526 ιέν

447 1557 656 1629 δόγμασι
696 1556 1032 1627 καταργήσας,
1083 1559 1166 1610 ’ἵνα
1202 1555 1319 1620 τούς
1351 1558 1443 1609 δύο
1471 1560 1612 1630 κτίσῃ
1645 1562 1707 1593 2⁰
1726 1558 1778 1610 ἐν
1806 1558 1965 1630 ἓαυτῶ
2002 1560 2071 1620 εἰς
2097 1559 2182 1611 ἕνα
2215 1555 2388 1612 καινὸν

449 1642 740 1714 ἄνθρωπον.
825 1640 967 1696 Εἶναι
1000 1647 1051 1680 ²¹
1076 1643 1128 1696 δὲ
1153 1641 1212 1695 τοὶ
1238 1645 1363 1710 ἔθνη
1390 1642 1624 1710 σύσσωμα
1651 1644 1735 1695 καὶ
1761 1645 2037 1711 συμμέτοχα
2063 1645 2148 1697 καὶ
2176 1650 2383 1714 συγκλη-

444 1728 636 1798 ρονόμα
675 1735 762 1797 τῆς
797 1731 1102 1799 ἐπαγγελίας,
1159 1730 1405 1783 ἐκέλευσεν
1448 1727 1629 1793 εἰπών,
1681 1734 1835 1781 Δεῦτε
1880 1727 2081 1799 22πρός
2114 1750 2172 1797 με
2207 1728 2387 1793 πάντες

448 1819 500 1868 οἱ
522 1820 791 1877 κοπιῶντες
819 1816 902 1867 καὶ
939 1815 1343 1885 πεφορτισμένοι,
1394 1812 1531 1884 κάγώ
1572 1812 1842 1867 ἀναπαύσω
1886 1812 2046 1887 ὑμᾶς,
2116 1819 2295 1874 Τοίνυν
2333 1817 2386 1870 ἐν

446 1894 485 1973 ᾧ
518 1898 610 1972 ἔγῶ
642 1897 892 1969 ήσθένουν
921 1899 1005 1953 διὰ
1027 1907 1116 1968 τῆς
1144 1899 1354 1971 σαρκός,
1394 1898 1638 1966 ἀπεστάλη
1667 1921 1751 1966 μοι
1785 1896 1814 1952 ὅ
1839 1898 2001 1970 σωτήρ
2029 1902 2081 1954 ἒν
2111 1898 2385 1969 ὁμοιώματι

445 1984 633 2057 σαρκός
675 1984 913 2056 ἁμαρτίας
954 1988 1242 2054 οἰκονομίαν
1283 1985 1515 2053 τοιαύτην
1544 1990 1772 2055 πληρῶν,
1825 1988 1909 2037 ’ἴνα
1938 2006 1997 2052 με
2026 1988 2248 2049 δουλείας
2277 1988 2378 2050 ἐξα·

442 2070 660 2146 γοράσῃ,
708 2075 792 2126 ἵνα
834 2093 892 2140 με
929 2078 1158 2142 φθορᾶς,
1213 2075 1298 2125 ἵνα
1324 2074 1382 2139 με
1414 2070 1656 2124 θανάτου.
1733 2071 1834 2122 Καὶ
1862 2071 2053 2141 ἐγένετό
2079 2094 2164 2139 μοι
2194 2076 2383 2127 δικαιο-

444 2157 588 2226 σύνη,
625 2159 711 2211 καὶ
738 2155 995 2227 ἁγιασμὸς,
1036 2160 1119 2210 καὶ
1154 2155 1507 2227 ἀπολύτρωσις.
1583 2155 1889 2223 Δικαιοσύνη
1917 2157 2028 2223 μὲν,
2068 2156 2152 2211 διοὶ
2179 2162 2385 2222 πίστεως

444 2241 598 2296 αὐτοῦ
629 2249 689 2282 23
711 2240 952 2313 ἁμαρτίαν
977 2242 1152 2307 λύσας,
1205 2240 1442 2313 ἁγιασμὸς
1473 2246 1535 2278 ²4
1554 2239 1617 2293 δι’
1648 2240 1829 2303 ῦδατος
1871 2243 1957 2294 καὶ
1992 2241 2270 2311 πνεύματος
2298 2231 2383 2298 καὶ

444 2332 497 2383 ἐν
525 2327 707 2399 ῥήματι
736 2326 890 2382 αὐτοῦ
922 2327 1275 2398 ἐλευθερώσας,
1314 2326 1652 2397 ἀπολύτρωσις
1680 2328 1755 2395 δὲ,
1793 2326 1848 2381 τό
1878 2324 2000 2395 αἷμα
2025 2326 2178 2382 αὐτοῦ
2207 2327 2384 2399 λύτρον

445 2414 607 2482 ἀμνοῦ
640 2412 864 2482 ἀληθοῦς
910 2411 1032 2483 ύπὲρ
1066 2415 1187 2481 ἐμοῦ
1223 2411 1400 2466 ἑαυτὸν
1440 2411 1718 2482 παραδούς,
1772 2412 2054 2484 ἱλαστήριον
2089 2412 2384 2484 καθάρσεως

442 2499 653 2567 κόσμου,
690 2505 993 2569 καταλλαγῆς
1024 2496 1259 2552 ἁπάντων
1290 2504 1349 2535 2⁵
1370 2496 1590 2568 ούρανοῦ
1617 2500 1700 2552 καὶ
1727 2504 1835 2568 γῆς,
1873 2498 2144 2569 μυστήριον
2172 2498 2227 2554 ‘cd
2259 2498 2384 2553 ἀπό·

442 2606 640 2655 κρυφον
669 2583 766 2654 πρὸ
796 2591 895 2637 τῶν
923 2583 1119 2638 αἰώνων
1143 2586 1226 2636 καὶ
1253 2590 1432 2654 γενεῶν
1461 2590 1661 2654 πληρῶν
1689 2592 1885 2653 καιροῖς
1915 2593 2018 2647 τοῖς
2051 2589 2109 2621 ²⁶
2128 2586 2382 2656 διωρισμέ-

443 2691 564 2731 νοις.
635 2666 690 2721 Ὁ
730 2668 883 2731 αὐτὸς
928 2673 1326 2738 μετασχηματίσει
1363 2669 1416 2722 vd
1449 2676 1587 2737 σῶμα
1610 2677 1698 2738 τῆς
1731 2669 2069 2733 ταπεινώσεως
2097 2669 2263 2738 ήμῶν,
2315 2672 2384 2733 εἰς

443 2754 499 2808 τό
540 2755 772 2825 γενέσθαι
808 2754 1106 2823 σύμμορφον
1142 2761 1229 2822 τῆς
1267 2754 1415 2823 δόξης
1467 2753 1647 2819 αὐτοῦ,
1699 2754 1824 2809 κατά
1870 2755 1959 2824 τήν
2006 2757 2249 2826 ἐνέργειαν
2290 2761 2382 2809 τοῦ

445 2840 698 2894 δύνασθαι
726 2841 811 2892 καὶ
838 2838 1078 2903 ύποτάξαι
1112 2838 1246 2913 αύτῷ
1277 2839 1335 2893 τοὶ
1363 2839 1548 2894 πάντα·
1601 2840 1677 2895 ὅτι
1707 2843 1761 2895 ἐν
1793 2839 1927 2915 αύτῷ
1952 2849 2173 2896 κατοικεῖ
2196 2847 2298 2895 πᾶν
2325 2838 2381 2905 τό

444 2925 685 2998 πλήρωμα
718 2932 805 2994 τῆς
840 2925 1080 2993 θεότητος
1117 2932 1418 2994 σωματικῶς.

600 3095 667 3151 Τὸ
697 3100 886 3166 δοχεῖον
913 3100 1083 3150 τοίνυν
1110 3102 1199 3164 τῆς
1230 3101 1437 3163 σοφίας,
1474 3100 1558 3151 καὶ
1583 3103 1670 3166 τῆς
1697 3097 1934 3165 θεότητος
1958 3094 1987 3150 ὁ
2014 3094 2228 3166 Χριστός
2262 3102 2281 3133 ¹
2303 3116 2382 3165 με·

446 3181 680 3248 σιτεύων,
730 3184 813 3236 καὶ
843 3180 1188 3236 καταλλάσσων
1225 3181 1284 3237 τά
1320 3182 1482 3236 πάντα
1517 3189 1652 3256 2θεῷ
1679 3185 1731 3236 ἐν
1765 3182 1926 3254 αὐτῷ,
1977 3181 2046 3250 μή
2074 3180 2382 3252 λογιζόμενος

448 3265 715 3338 ἁμαρτίαν,
770 3267 1046 3339 ἀπόκρυφα
1075 3267 1321 3339 μυστήρια
1352 3275 1579 3339 πληρῶν,
1632 3272 1787 3320 πίστει
1826 3267 2077 3334 διαθήκης
2114 3264 2268 3320 αὐτοῦ
2293 3273 2382 3335 τῆς

448 3355 904 3423 προεπηγγελμένης
930 3351 1029 3407 ύπὸ
1067 3359 1158 3406 τοῦ
1188 3353 1370 3421 νόμου,
1419 3356 1501 3408 καὶ
1532 3360 1628 3407 τῶν
1655 3358 1950 3423 προφητῶν,
2005 3349 2116 3413 υἷὸς
2138 3357 2265 3405 θεοῦ
2295 3373 2380 3421 κη-

452 3437 779 3507 ρυσσόμενος,
826 3437 938 3502 υἰὸς
981 3440 1146 3506 Δαβὶδ
1181 3438 1453 3509 λεγόμενος.
1513 3437 1698 3505 ’Ἀμφω
1732 3436 1855 3508 γάρ,
1904 3435 2026 3499 θεὸς
2061 3438 2146 3490 καὶ
2182 3435 2381 3508 ἅνθρω-

451 3542 571 3587 πος,
625 3527 820 3593 μεσίτης
850 3530 979 3578 θεοῦ
1005 3526 1091 3578 καὶ
1122 3522 1433 3595 ἀνθρώπων,
1488 3522 1726 3592 ἀληθινός
1752 3520 1892 3584 οἶκος
1921 3528 2073 3588 θεοῦ,
2121 3523 2380 3594 ἱεράτευμα

509 3633 575 3677 14.
608 3634 737 3687 αὗτός
762 3637 842 3694 γὰρ
870 3637 1007 3683 θανών
1035 3643 1174 3682 Ancor.
1503 3640 1565 3682 18.
1594 3637 1843 3693 παρεγένετο
1872 3641 2010 3680 Ancor.

510 3693 574 3732 15.
604 3692 814 3747 ἐγερὸέντι
840 3699 978 3739 Ancor.
1502 3695 1565 3738 19.
1595 3709 1641 3738 τε
1671 3708 1743 3736 om.
1775 3698 1913 3737 Ancor.

511 3746 575 3789 16.
606 3752 822 3792 Articulum
851 3766 929 3794 non
957 3757 1132 3805 aynoscit
1159 3755 1296 3796 Ancor-
1497 3753 1565 3794 20.
1595 3751 1637 3794 ἐν
1668 3750 1803 3808 ἑαυτῷ
1834 3764 1911 3793 non
1939 3756 2114 3805 agnoscit
2142 3754 2281 3796 Ancor.

514 3803 575 3847 17.
606 3803 647 3848 ἐν
675 3807 736 3862 τῷ
769 3809 937 3864 σταυρῷ
968 3814 1104 3850 Ancor.
1497 3809 1563 3850 2¹.
1594 3822 1642 3850 τε
1672 3811 1786 3850 habet
1813 3811 1952 3850 Ancor.
