2508 4134
544 294 771 337 PANARH
802 295 907 335 Lm.
930 295 1003 335 [υ.
1031 296 1166 337 ΤοΜ.
1192 298 1220 337 t.
1252 297 1416 338 HAER.
1440 297 1617 338 Lxxv.
1936 287 2034 337 177

128 391 702 456 consubstantialitatem,
743 392 792 443 iu
820 393 1035 462 perfecta
1063 392 1187 456 tria,
1229 395 1312 445 sed
1343 413 1485 446 unam
1517 394 1815 446 divinitatem
1835 434 1848 457 ,
1893 412 2035 446 unam

127 475 469 540 substantiam,
513 494 655 528 uuam
687 476 919 545 gloriam,
961 475 1334 527 dominationem
1362 497 1535 542 unam,
1587 480 1711 547 quod
1741 495 1827 530 eae
1863 495 2033 544 voceS,

130 564 392 621 Credamus,
448 569 496 610 et
536 563 801 622 CredimuS,
859 570 908 610 et
947 564 1188 611 Credimus
1223 561 1488 612 declarant.
1593 561 1672 613 Ex
1715 580 1808 631 quo
1849 563 2040 615 illorum

126 647 401 697 confutatur
426 644 600 696 oratio.
678 642 805 713 Quid
834 653 994 697 autem
1027 645 1074 696 in
1103 662 1159 696 ea
1186 661 1290 696 sum
1314 645 1632 714 disputatione
1660 647 1878 715 longior,
1933 664 2042 698 cum
2127 676 2133 679 ·

128 748 252 798 quae
278 731 514 783 adversus
541 732 662 783 istos
688 729 935 798 hucusque
965 729 1091 781 dicta
1119 737 1232 780 suut
1269 728 1491 780 veritatis
1518 730 1748 782 studiosis
1776 730 1894 783 satis
1931 747 2042 783 esse

125 833 222 867 non
255 816 501 867 dubitem?
573 813 817 884 Quocirca
845 815 1042 866 missam
1076 822 1126 865 et
1155 814 1278 865 hanc
1306 813 1545 865 haeresim
1578 815 1749 865 faciam
1768 853 1782 879 ,
1824 825 1872 866 et
1900 816 2039 867 deum

125 899 389 969 precabor,
430 909 483 952 ut
509 900 566 950 ad
599 916 767 951 omnes
793 898 1027 950 eiusmodi
1057 898 1384 968 profligandos
1411 915 1551 966 opem
1578 898 1719 949 nobis
1747 898 1948 963 afferat,
1989 907 2043 949 ut

124 983 252 1036 illius
293 983 473 1036 virtute
513 982 622 1034 freti
661 983 785 1052 quod
817 981 1119 1053 suscepimus
1159 981 1366 1052 exequi,
1426 991 1475 1034 et
1512 982 1561 1033 in
1601 981 1822 1034 omnibus
1859 982 2042 1051 gratias

125 1068 302 1121 habere
340 1069 602 1138 possimus.

206 1210 624 1274 ADVERSUS
670 1208 995 1271 AERIUM.
1081 1209 1346 1270 Haeresis
1379 1208 1522 1285 LV„
1565 1210 1684 1271 sive
1722 1209 1955 1271 LXXV.

261 1321 443 1374 Ae'rius
484 1321 674 1391 quidam
714 1321 898 1390 ingenti
937 1320 1136 1389 perinde
1176 1321 1349 1372 damno
1383 1321 1432 1372 in
1468 1322 1692 1372 mundum
1726 1321 2029 1372 introductus

121 1416 225 1471 est,
280 1406 418 1457 furiis
455 1407 735 1475 quibusdam
781 1406 1024 1474 percituS,
1079 1414 1129 1456 et
1171 1406 1430 1457 insolentia
1471 1405 1700 1457 maiorem
1751 1405 1799 1456 in
1841 1406 2031 1456 modum

120 1492 293 1543 elatus·
369 1489 564 1542 Etenim
603 1491 820 1542 haeresis
858 1489 1014 1541 omnis
1062 1490 1275 1559 pessimo
1326 1507 1391 1549 ex
1439 1508 1606 1542 eorum
1660 1490 1740 1559 qui
1791 1491 1851 1541 ab
1899 1490 2038 1542 initio

119 1591 271 1644 usque
313 1576 373 1626 ad
400 1575 542 1627 finem
573 1576 841 1627 extiterunt
866 1575 1069 1626 consilio
1096 1576 1342 1643 profectae
1371 1584 1513 1640 suut,
1566 1575 1672 1626 sive
1705 1574 1814 1626 illos
1850 1576 2038 1644 gloriae

119 1660 372 1728 cupiditaS‚
414 1669 496 1711 aut
519 1660 818 1728 arrogantia,
859 1660 964 1711 sive
989 1660 1285 1729 voluptatum
1313 1660 1478 1723 libido,
1515 1660 1620 1712 sive
1648 1660 1848 1711 aliorum
1875 1678 2039 1711 aemu-

117 1745 262 1808 latio,
314 1743 420 1796 sive
459 1746 717 1796 commotio
747 1745 977 1814 quaedam
1014 1745 1186 1809 animi,
1239 1753 1323 1796 aut
1362 1745 1610 1795 temeritas
1651 1744 1912 1812 impulerit.
1993 1746 2038 1795 A

118 1828 309 1880 diabolo
346 1846 491 1899 porro
530 1829 686 1880 omnis
716 1828 796 1880 illa
822 1838 898 1880 est
925 1829 1105 1880 inflicta
1137 1830 1380 1893 caecita53
1435 1847 1531 1880 non
1565 1830 1687 1897 quod
1722 1829 1798 1879 hic
1832 1828 2035 1880 invitum

117 1931 174 1965 ac
201 1914 445 1965 uolentem
474 1914 698 1982 decipere
721 1914 989 1982 quempiam
1020 1914 1189 1983 possit,
1230 1915 1313 1965 sed
1339 1914 1464 1982 quod
1494 1912 1822 1982 unusquisque
1851 1913 2036 1982 peccati

118 1998 208 2050 sibi
247 2015 423 2050 caussa
450 2006 591 2065 atque
623 2007 794 2050 auctor
820 1998 914 2061 sit,
970 2008 1026 2048 ut
1049 2003 1135 2065 qui
1162 2000 1358 2064 probati
1386 2008 1521 2058 sunt,
1578 1998 1760 2067 inquit,
1801 2000 2041 2064 maneseslz'

115 2087 388 2134 reddantur.
469 2082 648 2134 Ae'rius
689 2084 780 2135 iste
808 2100 926 2136 vero
969 2084 1028 2134 ad
1062 2083 1345 2134 hodiernum
1374 2099 1525 2152 usque
1557 2091 1742 2152 tempus
1773 2092 2029 2151 superest3

116 2177 285 2237 estque
319 2176 453 2219 secta
477 2167 669 2237 penitus
698 2167 929 2219 Ariauus.
1007 2166 1183 2236 Neque
1222 2167 1349 2219 euim
1390 2167 1533 2218 aliter
1565 2177 1709 2236 atque
1740 2167 1835 2218 iste
1864 2168 2032 2231 sentit,

115 2253 213 2304 imo
243 2252 386 2303 etiam
416 2252 587 2305 Arium
615 2253 769 2322 ipsum
798 2253 1073 2320 dogmatum
1106 2252 1326 2304 novitate
1358 2252 1626 2321 superavit.
1704 2249 1835 2319 Quin
1868 2252 1956 2302 hac
1988 2252 2034 2301 in

116 2347 253 2407 parte
282 2337 491 2406 linguam
521 2355 657 2389 suam
685 2337 996 2407 procudisse,
1051 2339 1181 2389 etad
1209 2337 1462 2388 dicendum
1490 2344 1737 2406 promptus
1767 2353 1878 2387 esse
1903 2336 2036 2388 vide-

2081 1325 2180 1380 Cap.
2211 1327 2242 1367 1.

2086 2003 2117 2036 1.
2143 2001 2229 2037 Cor.

2080 2045 2131 2087 11,
2154 2045 2205 2079 1⁰.

118 2431 223 2486 tur,
278 2430 329 2473 ut
354 2423 662 2492 deceptorum
691 2423 935 2473 hominum
963 2422 1233 2474 exercitum
1251 2461 1264 2486 ,
1321 2439 1584 2490 corumque
1619 2420 1790 2489 quibus
1818 2431 1866 2471 et
1893 2438 2033 2471 aures
2052 2431 2286 2478 ².'rtm.4‚a.

109 2510 338 2573 pruriunt
365 2515 413 2557 et
442 2506 629 2557 animus
655 2504 1275 2576 vanitate'arrogantiaque
1306 2507 1545 2558 distentus
1572 2516 1648 2558 est
1681 2507 2034 2558 multitudinem

117 2591 176 2642 ad
210 2607 322 2643 sese
346 2590 569 2660 pelliciat.
646 2588 838 2641 Etenim
868 2609 1093 2660 magnum
1125 2599 1175 2642 et
1210 2591 1291 2642 ille
1319 2607 1509 2660 quoque
1542 2609 1776 2659 nugarum
1809 2609 1866 2642 ac
1898 2591 2034 2643 fabu-

115 2676 269 2727 larum
297 2675 481 2744 copiam
508 2674 835 2726 inhumanum
855 2692 1010 2743 genus
1035 2676 1243 2727 invexit.
1322 2674 1463 2743 Quae
1493 2675 1683 2727 tametsi
1708 2675 2032 2745 prudentiori-

117 2761 206 2812 bus
247 2759 448 2812 ridicula
489 2758 739 2823 videatur,
794 2759 1102 2811 nihilominus
1132 2761 1376 2829 plerisque
1406 2759 1645 2829 perillam
1676 2760 1932 2828 imposuit,
1986 2769 2035 2810 et

117 2845 168 2896 in
198 2860 415 2896 errorem
441 2842 661 2895 abduxit.
738 2840 851 2894 Fuit
878 2842 953 2894 hic
984 2843 1225 2895 Eustathii
1255 2843 1512 2897 Sebastiae
1540 2844 1754 2914 episcopi
1784 2846 1933 2912 (quae
1961 2852 2034 2895 est

117 2930 166 2981 in
198 2927 340 2981 Ponti
379 2929 581 2998 regione
611 2927 715 2979 sive
743 2927 943 2978 minoris
977 2927 1267 2995 Armeniae)
1301 2929 1498 2981 sodalis.
1576 2928 1737 2979 Ambo
1771 2929 1896 2979 enim
1931 2945 2032 2978 mo-

118 3014 354 3066 nasticum
382 3014 513 3065 vitae
540 3029 693 3081 genus
718 3011 928 3080 amplexi
957 3020 1087 3064 sunt.
1165 3010 1288 3065 Cum
1315 3023 1472 3065 autem
1503 3012 1790 3064 Eustathius
1830 3013 1888 3062 ad
1935 3011 2034 3080 epi-

120 3107 371 3168 scopatum
396 3106 530 3149 esset
557 3105 783 3159 evectuS,
826 3095 1036 3159 Acrius,
1078 3096 1169 3147 etsi
1197 3098 1242 3147 id
1281 3115 1574 3167 magnopere
1602 3104 1831 3165 cuperet,
1874 3112 1933 3146 eo
1963 3103 2033 3146 ta·

121 3200 230 3234 men
261 3183 517 3252 pervenire
559 3199 655 3232 non
694 3179 865 3250 potuit.
941 3178 1069 3230 Hinc
1107 3181 1324 3232 simultas
1353 3199 1420 3233 ex
1451 3181 1774 3233 aemulatione
1802 3180 2026 3231 conflata.

118 3265 187 3319 Et
225 3267 415 3336 quidem
457 3265 740 3317 Eustathius
782 3263 934 3315 Ae'rio
973 3264 1224 3331 plurimum
1268 3265 1519 3334 indulgere
1564 3274 1613 3315 et
1656 3263 1873 3314 addictus
1920 3280 2031 3314 esse

119 3352 253 3405 visus
283 3360 378 3403 est.
447 3349 577 3402 Nam
604 3358 653 3401 et
686 3348 1020 3419 presbyterum
1052 3347 1177 3398 hunc
1200 3357 1368 3416 postea
1398 3349 1602 3412 creavit,
1645 3358 1694 3399 et
1714 3347 2028 3412 xenodochii,

122 3437 244 3506 quod
277 3435 692 3506 ptochotrophium
730 3435 778 3484 iu
808 3431 966 3483 Ponto
997 3440 1227 3494 vocatur,
1279 3450 1443 3484 curam
1475 3433 1519 3484 ei
1549 3430 1806 3483 commisit.
1885 3429 2031 3482 Eius-

122 3521 247 3571 modi
278 3521 449 3590 quippe
475 3518 715 3570 domicilia
743 3534 858 3588 prae
887 3533 1051 3567 amore
1080 3532 1195 3583 erga
1227 3516 1440 3583 hospites
1469 3517 1528 3567 ab
1559 3516 1874 3568 ecclesiarum
1909 3516 2033 3567 anti·

122 3604 314 3657 stitibus
342 3603 549 3656 excitari
573 3603 760 3667 solent,
811 3602 860 3653 in
889 3600 1059 3670 quibus
1091 3600 1334 3651 mutilatos
1372 3610 1420 3650 et
1458 3600 1724 3652 imbecillos
1770 3600 2029 3664 collocant,

121 3689 278 3758 iisque
316 3689 374 3740 ad
412 3688 588 3740 victum
630 3686 906 3740 necessaria
945 3702 1031 3753 pro
1067 3683 1193 3736 virili
1234 3683 1557 3752 suppeditant.

123 3803 310 3851 complent
350 3803 520 3850 lineam,
573 3803 715 3841 omissa
757 3803 844 3839 sunt
886 3800 927 3838 in
968 3798 1048 3837 cod.
1079 3797 1237 3846 Rhediy.

211 3870 356 3913 Corpus
378 3867 596 3903 Haereseol.
615 3864 663 3900 11.
684 3866 718 3901 3.
1632 3873 1696 3925 12
