2508 4134
592 254 809 294 PANAth
841 255 941 293 Lm.
970 256 1040 294 111.
1068 256 1200 296 ToM.
1229 258 1258 295 1.
1290 255 1448 295 HAER.
1472 255 1665 294 Lxxvt.
1973 243 2075 291 215

317 354 444 402 X111.
483 349 537 403 Si
565 351 777 417 ingenita
821 359 990 401 natura
1024 352 1263 418 praeditus
1295 354 1411 404 deus
1443 352 1743 420 omnipotens
1771 350 1963 418 genitae
1992 367 2078 400 na-

182 445 316 486 turae
345 435 664 485 conditionem
694 435 742 485 in
773 451 883 485 sese
916 452 1010 484 non
1039 437 1256 500 agnoscit
1276 475 1288 499 ,
1332 437 1452 485 filius
1480 453 1597 486 vero
1624 435 1832 502 genitam
1859 442 2076 485 naturam

180 518 358 570 habens
391 517 623 569 eiusmodi
652 535 705 569 se
738 518 891 585 qualis
923 526 997 568 est
1025 518 1271 584 agnoscit,
1326 536 1483 569 nonne
1518 528 1613 569 tota
1653 520 1730 570 illa
1762 518 2077 569 consubstan-

179 602 304 652 tialis
346 602 469 653 ratio
507 602 718 652 mendax
755 610 830 652 est
869 618 925 651 ac
961 601 1109 664 falsa,
1165 618 1269 651 cum
1304 602 1426 652 alter
1456 603 1717 669 ingenitum
1754 618 1893 665 sese,
1942 601 2078 669 geni-

178 695 274 737 tum
313 686 437 736 alter
472 686 739 753 agnoscat?

310 772 432 819 XtV.
475 767 528 821 Si
556 769 756 837 ingeniti
787 786 885 819 vox
917 769 990 819 dei
1017 768 1330 819 substantiam
1360 768 1552 818 minime
1582 769 1850 836 significat,
1892 770 1976 820 sed
2003 769 2076 819 in-

175 853 493 922 comparabile
522 853 632 903 illud
664 870 835 903 nomen
871 853 927 902 ab
957 852 1175 903 humanis
1202 851 1408 918 ingeniis
1440 852 1763 918 excogitatum
1804 862 1904 916 est,
1959 854 2076 904 deus

174 938 235 988 ob
273 938 398 988 istud
435 938 588 1006 ipsum
628 936 826 1004 ingeniti
865 945 1183 987 commentum
1222 936 1281 985 iis
1320 935 1396 1002 qui
1429 936 1699 1003 repererint
1730 936 1915 1002 gratiae
1946 937 2077 987 debi-

177 1031 251 1072 tor
279 1030 371 1085 est,
414 1039 521 1072 eum
552 1030 682 1072 tanto
709 1021 887 1071 nomini
917 1021 1284 1088 respondentem
1309 1019 1646 1070 excellentiam
1672 1019 1718 1069 in
1751 1020 1961 1071 essentia
1989 1039 2075 1072 sua

175 1123 269 1156 non
309 1105 500 1156 habeat.

309 1192 413 1240 XV.
446 1187 502 1241 Si
528 1188 726 1256 ingeniti
760 1188 969 1239 conditio
998 1188 1087 1238 deo
1115 1187 1420 1238 extrinsecus
1449 1186 1703 1254 affingitur,
1747 1187 1823 1254 qui
1850 1188 2076 1255 affingunt

171 1273 216 1324 ei
255 1274 344 1342 ipsi
385 1273 459 1324 cui
500 1273 738 1341 affingitur
774 1272 1093 1334 antecellunt,
1147 1289 1252 1322 cum
1283 1270 1603 1338 praestantius
1630 1288 1767 1338 quam
1795 1280 1963 1322 natura
1993 1290 2075 1340 pa-

172 1358 318 1408 tiatur
355 1358 399 1408 ei
438 1374 610 1408 nomen
651 1357 929 1407 attribuant.

307 1443 432 1491 XVI.
489 1439 543 1492 Si
582 1441 793 1508 ingenita
836 1449 1006 1490 natura
1045 1438 1351 1507 generationi
1394 1440 1587 1489 minime
1625 1439 1781 1502 cedit,
1844 1439 2074 1491 habemus

170 1527 293 1592 quod
334 1526 572 1576 volumus,
650 1523 737 1576 Sin
780 1523 1081 1593 generationi
1114 1524 1279 1586 cedat,
1333 1523 1663 1591 generationis
1690 1523 1971 1574 affectiones
2007 1525 2075 1574 di-

169 1609 310 1661 vinae
347 1609 646 1660 substantiae
684 1608 1010 1677 praestabunt.

306 1695 455 1744 XVll.
497 1691 551 1745 Si
579 1694 740 1760 genita
782 1693 975 1744 soboles
1006 1702 1176 1743 natura
1212 1693 1272 1742 ob
1299 1699 1612 1759 generantem
1641 1691 1947 1743 immutabilis
1977 1701 2070 1756 est,

169 1778 293 1845 quod
318 1778 583 1845 ingenitum
613 1786 688 1827 est
719 1776 987 1827 substantia
1011 1776 1242 1845 quaedam
1276 1774 1582 1826 immutabilis
1612 1784 1705 1839 est,
1749 1794 1844 1826 non
1874 1777 2073 1828 arbitrio

168 1870 251 1912 aut
281 1862 528 1912 voluntate
556 1861 834 1928 cuiusquam
854 1900 867 1924 ,
908 1862 990 1911 sed
1021 1861 1164 1911 insita
1194 1860 1391 1927 quadam
1423 1860 1716 1910 substantiae
1750 1861 1999 1928 dignitate.

305 1947 477 1996 XVlll.
517 1943 572 1996 Si
602 1945 803 2013 ingeniti
836 1963 931 1995 vox
966 1945 1283 1995 substantiam
1321 1943 1576 2012 exprimit,
1619 1946 1790 1995 merito
1828 1945 1886 1995 ab
1924 1946 2074 2013 geniti

168 2029 435 2080 substantia
490 2030 621 2081 velut
676 2029 936 2080 membrum
978 2028 1229 2078 divisionis
1272 2029 1539 2096 oppositum
1584 2028 1892 2080 discernitur.
1984 2027 2072 2080 Sin

167 2122 324 2165 autem
355 2113 469 2164 nihil
495 2115 689 2165 omnino
718 2114 1000 2164 vocabulum
1034 2114 1145 2164 illud
1182 2114 1379 2180 ingeniti
1415 2114 1683 2180 significat,
1733 2113 1880 2164 multo
1913 2113 2069 2164 minus

164 2197 310 2265 geniti
340 2216 439 2249 vox
465 2198 639 2266 aliquid
670 2198 913 2267 exprimit.
956 2196 1088 2248 Nihil
1119 2206 1278 2247 autem
1306 2198 1543 2264 quomodo
1570 2197 1716 2248 nihilo
1750 2198 1797 2247 in
1831 2198 2069 2249 divisione

164 2282 503 2350 respondebit?

214 2402 219 2407 -
301 2368 428 2416 th.
480 2364 619 2432 Quod
657 2367 697 2417 si
738 2366 840 2435 ipsa
886 2366 1090 2434 ingeniti
1130 2366 1455 2434 pronuntiatio
1499 2366 1875 2434 pronuntiationi
1919 2366 2070 2433 geniti

166 2450 447 2518 opponitur,
512 2468 617 2500 cum
656 2452 918 2501 secundum
962 2451 1394 2518 pronuntiationem
1441 2449 1681 2500 silentium
1726 2450 2066 2518 subsequatur,

167 2531 552 2585 Christianorum
594 2551 703 2602 spes
742 2535 881 2584 modo
925 2535 1135 2598 existet,
1186 2534 1326 2584 modo
1369 2552 1478 2585 esse
1519 2535 1732 2597 desinet,
1793 2534 1840 2584 in
1880 2534 2071 2585 diversa

164 2617 553 2685 pronuntiatione
582 2617 764 2684 posita,
807 2619 975 2668 nonin
1012 2619 1221 2682 naturis,
1264 2636 1385 2686 quae
1426 2620 1488 2669 ita
1522 2636 1631 2670 sese
1670 2619 1876 2670 habeant
1908 2636 2070 2686 quem-

164 2703 415 2752 admodum
455 2702 695 2751 nominum
736 2702 837 2769 ipsa
876 2702 1162 2768 significatio
1201 2703 1431 2753 declarat.

301 2788 407 2836 XX.
447 2783 501 2837 Si
533 2786 795 2852 ingenitum
830 2786 943 2835 nihil
975 2787 1031 2836 ad
1070 2787 1366 2837 substantiae
1399 2788 1674 2855 dignitatem
1719 2787 1919 2854 amplius
1954 2804 2068 2836 con-

164 2872 256 2921 fert
305 2888 446 2938 quam
504 2870 746 2937 genitum,
817 2870 936 2919 lilius
979 2870 1081 2920 sola
1123 2871 1343 2921 vocabuli
1383 2872 1774 2939 pronuntiatione
1814 2879 2066 2938 superatus

164 2955 542 3023 praestantiores
571 2971 681 3003 sese
710 2953 1004 3020 appellantes
1036 2954 1165 3021 ipsos
1197 2965 1459 3022 agnoscet,
1517 2975 1611 3006 non
1650 2974 1754 3006 eum
1803 2954 1880 3022 qui
1918 2955 2065 3021 ipsius

163 3040 281 3089 deus
320 3038 583 3106 appellatur
619 3047 667 3086 et
707 3046 857 3104 pater.

301 3125 428 3171 XXI.
455 3119 510 3172 Si
537 3122 748 3189 ingenita
779 3121 1044 3171 substantia
1070 3124 1371 3187 generationi
1401 3132 1631 3190 praestat,
1664 3122 1851 3172 insitam
1880 3121 1928 3171 in
1956 3138 2067 3172 sese

164 3206 343 3257 habens
387 3206 747 3267 excellentiam,
790 3213 956 3272 suapte
988 3212 1153 3253 natura
1182 3205 1393 3272 ingenita
1424 3216 1498 3256 est
1528 3207 1813 3257 substantia.
1891 3204 2065 3273 Neque

163 3291 288 3339 enim
328 3290 401 3339 cui
444 3290 624 3340 libitum
664 3299 738 3339 est
772 3308 855 3357 pro
893 3306 949 3337 eo
984 3290 1105 3351 quod
1144 3288 1325 3339 libitum
1358 3300 1433 3340 est
1466 3291 1765 3358 generationi
1799 3290 2062 3353 antecellit,

163 3375 244 3424 scd
277 3375 398 3441 quod
432 3375 495 3423 ita
523 3383 691 3424 natura
724 3381 1020 3441 comparatus
1051 3380 1142 3420 est.
1222 3371 1386 3438 Quare
1427 3392 1531 3423 cum
1577 3377 1691 3423 deus
1725 3392 1809 3442 per
1848 3391 1957 3424 sese
1989 3374 2062 3424 in-

217 3513 283 3555 37.
304 3511 511 3568 ὖτῑοφοράν
536 3517 673 3554 vitium
697 3518 749 3554 est
776 3515 833 3553 ed.
856 3515 985 3552 Petav.
1010 3513 1081 3551 Co-
1194 3509 1259 3552 40.
1289 3511 1482 3565 γεννητὸν
1513 3515 1629 3563 infra.

161 3573 234 3610 lon.
264 3575 378 3620 repet.
1194 3565 1259 3607 41.
1289 3564 1319 3619 η“
1350 3581 1421 3607 om.
1454 3571 1536 3608 cod.
1568 3571 1727 3620 Rhediy.

217 3625 282 3666 35,
314 3621 502 3681 διαφόρῳ
533 3629 637 3666 abest
666 3628 783 3675 infra,
1194 3621 1257 3662 42.
1290 3627 1348 3663 Ila
1377 3626 1493 3674 infra.
1555 3628 1673 3676 Vulgo
1708 3630 1811 3666 extat
1840 3622 1956 3676 oui-cd,
1989 3623 2061 3669 Oti-

217 3679 283 3721 39.
314 3678 335 3723 ὁ
362 3685 493 3722 vitiose
521 3687 573 3721 est
606 3685 645 3722 in
685 3683 741 3721 ed.
779 3683 910 3722 Petav.
956 3682 1081 3720 colon.
1141 3678 1223 3720 σία.

159 3740 272 3786 repet.
