2508 4134
560 257 785 298 PANAnn
817 257 920 297 Lm.
946 257 1017 297 111.
1046 257 1183 298 ToM.
1207 258 1237 298 r.
1265 255 1428 297 HAER.
1453 254 1654 295 Lxxnt.
1998 243 2058 292 71

151 360 409 409 substantia
429 358 724 422 praeditum,
784 353 1067 406 asserimus,
1144 356 1292 422 Atqui
1324 353 1370 405 hi
1405 354 1592 404 demum
1627 352 1821 403 suerunt
1846 349 1923 418 qui
1959 357 2066 418 post

152 442 388 512 synodum
420 440 479 491 ab
518 439 688 502 insana
719 437 1015 490 Arianorum
1054 438 1264 489 factione
1295 438 1505 506 separati
1539 445 1678 499 sunt.;
1728 452 1928 503 quornm
1966 434 2064 485 dux

152 524 360 582 Basilius
389 525 682 592 Ancyranus
713 523 895 586 extitit,
939 540 1032 573 una
1067 540 1172 572 cum
1203 519 1420 589 Georgio
1452 520 1727 572 Laodiceae
1757 528 1806 570 et
1836 517 2065 587 Daphnes

153 612 208 662 ad
247 607 588 670 Antiochiam,
641 606 732 657 hoc
774 615 851 658 est
894 604 1235 675 Coelesyriae.
1312 603 1463 655 Iidem
1505 614 1552 655 et
1592 606 1649 655 de
1686 603 1857 673 spiritu
1896 611 2065 654 sancto

153 695 315 746 eadem
347 711 453 743 enm
484 692 612 744 illius
635 691 1052 761 oppugnatoribus
1082 699 1266 741 tenent.
1342 687 1518 756 Neque
1548 705 1665 738 vero
1698 687 2065 755 tergiversando

152 788 233 834 aut
259 777 570 840 haesitando,
626 775 1023 844 quemadmodum
1067 775 1112 825 in
1160 774 1255 824 lilio
1299 791 1439 841 quem
1477 790 1582 822 cum
1622 772 1838 822 absolate
1877 780 2066 822 creatu-

151 880 248 913 ram
279 861 589 932 pronuntiare
621 878 715 911 non
747 860 983 922 audeant„
1039 858 1128 909 etsi
1158 859 1201 908 id
1236 858 1432 908 omnino
1474 856 1714 918 sentiant,
1756 855 2065 906 nihilominus

152 947 392 998 hominnm
423 943 843 997 existimationem
875 943 1046 1006 veriti,
1102 960 1272 994 vocem
1312 941 1442 992 illam
1471 935 1757 1005 ὅμοιούσιον
1783 940 2061 1003 obtrudunt,

151 1040 199 1082 et
225 1039 494 1082 creaturam
539 1029 598 1080 ab
638 1037 910 1079 ceterarum
945 1027 1220 1078 conditione
1247 1027 1490 1077 diversam
1524 1041 1634 1074 esse
1667 1022 1918 1087 definiunt,
1955 1042 2063 1074 cnm

149 1116 207 1166 de
248 1115 419 1184 spiritu
465 1122 664 1178 sancto,
707 1113 922 1181 inquam,
963 1111 1149 1179 agitur,
1192 1129 1288 1162 non
1330 1109 1492 1160 timide
1537 1126 1592 1159 ac
1633 1107 1927 1170 diffidenter,
1980 1107 2066 1159 sed

149 1200 423 1250 rabidorum
453 1217 623 1249 canum
656 1215 790 1248 more
820 1205 924 1248 toto
967 1195 1147 1264 impetu
1181 1197 1402 1246 l'eruntnr
1431 1203 1475 1244 et
1517 1202 1788 1244 creaturam
1821 1208 1931 1243 esse
1959 1191 2066 1243 sine

150 1285 244 1336 ulla
273 1283 582 1335 cunctatione
615 1284 808 1345 docent,
850 1289 898 1332 et
928 1299 954 1332 a
984 1289 1117 1350 patre
1145 1297 1200 1330 ac
1233 1281 1328 1330 lilio
1353 1279 1629 1330 abalienare
1665 1285 1921 1328 conantur.
1991 1275 2065 1327 Ac

151 1386 209 1419 oe
240 1368 345 1435 quis
382 1367 662 1418 calumniari
696 1384 771 1417 me
795 1366 1047 1435 quicquam
1076 1365 1367 1427 arbitretur,
1421 1363 1674 1431 utriusque
1704 1361 1780 1412 hic
1813 1360 2065 1428 epistolam

150 1462 394 1515 attexam,
451 1449 619 1503 Basilii
664 1450 851 1502 scilicet
877 1468 1049 1519 unam,
1105 1457 1154 1499 et
1191 1447 1392 1516 Georgii
1421 1447 1729 1510 Laodiceae,
1785 1463 1924 1514 quam
1955 1463 2062 1496 cum

152 1535 332 1589 Basilio
370 1544 420 1586 et
454 1534 601 1586 sociis
640 1533 860 1602 scripsit,
901 1534 1123 1584 alteram.
1200 1531 1341 1600 Quae
1380 1542 1494 1583 snut
1531 1531 1790 1583 eiusmodi.

291 1618 616 1671 Sacrosancta
656 1621 897 1689 synodus,
955 1635 1076 1686 quae
1111 1616 1340 1687 Ancyrae
1384 1618 1525 1686 paulo
1557 1626 1668 1668 ante
1695 1614 1885 1667 Pascha
1912 1614 2320 1665 variisEsz'rom

2101 1669 2115 1688 l

149 1722 212 1756 ex
255 1704 517 1773 provinciis
555 1705 754 1755 collecta
794 1711 898 1767 est,
956 1701 1316 1754 venerabilibus
1357 1701 1596 1766 dominis,
1652 1710 1700 1751 et
1740 1699 2061 1751 concordibus
2086 1668 2300 1745 {QSYENlliii't‘

148 1790 362 1840 eiusdem
420 1788 672 1839 ministerii
715 1787 899 1849 sociiS,
956 1786 1057 1849 his,
1113 1786 1193 1854 qui
1248 1786 1294 1836 in
1334 1784 1582 1837 Phoenice
1625 1785 1900 1853 ceterisque
1942 1753 2295 1835 locisANti‘ffixiA‘

151 1873 365 1924 eiusdem
405 1872 652 1924 nobiscum
692 1873 800 1923 fidei
839 1880 983 1935 sunt,
1024 1871 1071 1921 in
1112 1871 1305 1922 domino
1344 1872 1567 1922 salntem.
2102 1841 2201 1895 Cap.
2228 1844 2278 1883 Μ’

290 1955 620 2009 Vehementer
653 1957 765 2007 illud
793 1956 981 2024 quidem
1008 1955 1310 2024 optabamus,
1337 1965 1388 2006 ut
1412 1964 1519 2024 post
1547 1955 1674 2006 illam
1699 1953 2066 2005 ecclesiasticae

150 2042 256 2095 fidei
300 2042 660 2111 probationem,
714 2059 838 2109 quae
869 2040 918 2090 in
951 2040 1368 2107 persecutionibus
1414 2039 1505 2090 illis
1536 2039 1595 2090 ob
1629 2038 1914 2106 religionem
1950 2056 2066 2088 cun-

148 2128 272 2179 flatis
302 2126 372 2177 sic
405 2136 627 2195 tanquam
658 2128 705 2176 in
739 2126 850 2193 igne
882 2124 1135 2192 explorata
1168 2125 1324 2175 luerat
1364 2133 1411 2174 et
1440 2133 1545 2192 post
1584 2140 1640 2173 ea
1669 2140 1790 2190 qnae
1821 2120 2066 2187 Constan-

148 2211 344 2281 tinopoli
387 2211 446 2262 ob
479 2209 765 2262 Marcellum
793 2209 1075 2260 aeciderunt
1112 2226 1169 2259 ac
1203 2217 1312 2277 post
1349 2207 1703 2277 expositionem
1744 2207 1888 2270 fidei,
1941 2223 2064 2275 qnae

145 2297 194 2348 in
224 2295 411 2366 synodo
446 2295 735 2347 Antiochiae
771 2303 966 2363 propter
995 2294 1155 2362 templi
1193 2292 1543 2344 dedicationem
1578 2292 1780 2343 collecta
1820 2292 2065 2360 proposita

147 2390 248 2444 est,
289 2398 345 2430 ae
378 2380 604 2448 deinceps
636 2381 683 2430 in
714 2377 994 2430 Sardicensi
1024 2379 1247 2447 repetita,
1290 2378 1367 2446 qui
1396 2378 1515 2428 fides
1546 2377 1895 2445 quodammodo
1925 2376 2067 2426 reflo-

148 2466 307 2516 ruisse
339 2465 557 2527 videtnr,
599 2463 804 2532 denique
838 2472 946 2532 post
975 2481 1029 2513 ra
1060 2480 1180 2531 qnae
1209 2460 1389 2532 Syrmii
1419 2472 1616 2531 propter
1643 2459 1900 2512 Photinum
1929 2469 2066 2528 gesta

147 2558 289 2612 sunt,
346 2549 430 2599 sed
474 2557 519 2599 et
552 2558 660 2617 post
700 2548 916 2599 rationes
949 2548 1052 2598 illas
1084 2565 1202 2616 qnas
1239 2548 1297 2597 de
1335 2564 1626 2615 unoquoque
1670 2545 1782 2596 fidei
1821 2545 1976 2612 capite
2007 2545 2064 2598 de

147 2631 432 2685 Sardicensi
483 2633 562 2684 illo
614 2631 997 2685 occidentalium
1050 2633 1108 2683 ab
1149 2629 1482 2684 Orientalibus
1528 2631 1727 2682 dissidio
1779 2627 2067 2696 interrogati

149 2736 302 2787 nuper
347 2718 611 2781 edidimus,
667 2718 790 2785 qnod
826 2716 1060 2785 reliquum
1095 2724 1200 2779 est,
1255 2716 1303 2767 in
1339 2716 1499 2784 quiete
1531 2716 1726 2783 otioque
1757 2716 1974 2776 versari,
2017 2725 2065 2767 et

148 2804 237 2854 sub
287 2802 654 2871 religiosissimo
694 2802 871 2852 domini
902 2801 1053 2852 nostri
1087 2798 1360 2853 Constantii
1392 2802 1622 2870 imperio,
1677 2799 1930 2851 conciliata
1962 2799 2064 2850 ubi-

148 2905 239 2955 que
269 2887 327 2937 ab
354 2896 461 2937 ortu
489 2888 545 2936 ad
573 2904 794 2937 oceasum
825 2886 1053 2950 ecclesia,
1095 2885 1358 2953 eiectisqne
1387 2886 1626 2936 scandalis
1654 2903 1817 2954 pacem
1844 2885 2065 2934 obtinere

148 2989 205 3023 ac
237 2971 411 3022 divinis
445 2970 690 3039 obsequiis
721 2970 969 3021 insistere.
1047 2968 1144 3022 Sed
1181 2970 1437 3038 qnoniam,
1481 2979 1531 3020 ut
1563 2971 1781 3033 videtur,
1823 2969 2060 3031 diabolum,

150 3074 242 3125 quo
272 3056 458 3107 scilicet
486 3057 644 3106 omnia
674 3056 773 3118 illa,
815 3072 935 3122 quae
962 3071 987 3103 a
1019 3054 1210 3105 domino
1241 3056 1481 3123 praedicta
1510 3063 1641 3118 sunt,
1683 3062 1732 3104 et
1756 3054 1813 3104 ab
1843 3053 2062 3121 apostolo

148 3149 478 3191 consentanee
523 3141 581 3190 ad
630 3140 838 3191 l'idelium
888 3138 1158 3188 cautionem
1205 3140 1263 3189 de
1305 3140 1577 3190 desectione
1628 3138 1930 3206 praedicata,
2003 3137 2060 3187 ad

150 3225 334 3276 exitum
378 3225 608 3287 deducat,
665 3223 805 3274 novis
845 3223 1122 3291 quibusdam
1166 3224 1452 3274 commentis
1495 3231 1661 3274 contra
1699 3220 2060 3271 ecclesiasticae

151 3309 264 3360 fidei
296 3308 625 3359 sinceritatem
655 3307 887 3377 oppositis
918 3308 959 3357 id
989 3323 1134 3373 agere
1174 3308 1426 3375 molirique
1466 3325 1560 3358 non
1603 3306 1803 3367 desinit,
1858 3314 1911 3356 ut
1941 3323 2061 3355 non·

151 3393 294 3444 nullis
337 3391 498 3462 specie
530 3394 730 3459 quadam
772 3391 1032 3443 ementitae
1079 3391 1270 3458 pietatis
1309 3392 1546 3442 adiunctis
1579 3393 1805 3456 prosimus
1840 3393 2060 3455 quasdam
2087 3416 2294 3455 [Timum.

150 3496 308 3527 vocum
334 3483 588 3538 ηουίίαίεε,
642 3478 877 3528 adversus
908 3475 1185 3542 religiosam
1216 3475 1446 3544 unigeniti
1474 3476 1547 3525 dei
1580 3475 1661 3525 l'ilii
1693 3475 2058 3542 germanitatem
2124 3463 2158 3506 θ’
2180 3462 2232 3495 ²⁰·

146 3648 304 3696 putavit
331 3647 526 3686 Petavius.
586 3649 668 3695 1390
694 3649 867 3696 suspicor
897 3644 933 3686 εἰ
964 3641 1039 3697 μή.
1138 3646 1220 3685 rius
1248 3647 1356 3684 vertit
1386 3642 1657 3683 Constantini.

205 3705 243 3740 ⁴2.
283 3704 323 3741 ln
361 3706 517 3751 utroque
553 3704 663 3741 codd.
705 3714 784 3742 mss
858 3701 1076 3743 Κωνσταν-
1191 3702 1228 3740 3.
1250 3697 1362 3749 παρὰ
1382 3703 1600 3749 suspicatus
1626 3704 1679 3739 est
1703 3703 1892 3742 Pelavius.
1923 3703 2058 3742 Probo.

150 3755 257 3799 τίνοι)
295 3759 389 3797 mihi
426 3759 558 3798 videor
584 3761 713 3808 legere.
772 3760 901 3797 Etiam
934 3759 1078 3797 Corna-
1193 3753 1230 3795 4.
1263 3757 1344 3797 τῶν
1380 3768 1453 3796 om.
1487 3758 1568 3796 cod.
1600 3758 1758 3807 Rhediy.
