2508 4134
252 462 342 498 pag.
364 452 440 487 923.

240 2092 354 2148 Κεφ.
389 2088 429 2136 ι’.

257 3289 343 3327 pag.
363 3280 438 3315 924.

465 245 569 297 208
1061 280 1065 284 -
1178 252 1380 295 sANcTt
1409 253 1694 295 EPIPHANH

464 357 563 404 τῶν
597 351 666 412 εἰς
699 347 830 417 ἡμᾶς
861 350 912 403 ἐν
940 348 1153 422 ἀληθείᾳ
1190 353 1519 420 σωτηριωδῶς
1545 353 1601 404 ἐκ
1625 356 1752 404 θεοῦ
1775 347 1860 404 διά
1886 355 1986 403 τῶν
2015 349 2302 405 ἀποστόλων
2328 372 2404 405 κε·

465 436 801 506 κηρυγμένων.
878 438 1197 502 Καταλείψας
1221 435 1276 488 δὲ
1309 433 1339 489 ὅ
1368 435 1519 499 αὐτὸς
1545 434 1828 504 Ἀνόμοιος,
1878 436 1963 488 καὶ
1993 438 2046 489 οἵ
2071 437 2121 499 ἐξ
2144 434 2298 490 αὐτοῦ
2328 457 2405 507 γε-

464 520 684 593 γονότες,
737 518 830 588 τὴν
858 518 980 574 όδόν
1018 525 1108 588 τῆς
1144 517 1380 589 ἀληθείας
1417 520 1722 593 ἐτράπησαν,
1778 526 1946 583 κακῶς
1966 519 2054 583 τάς
2078 527 2206 575 θεοῦ
2236 520 2405 591 ῥήσεις

465 604 860 674 ἐπινενοηκότες,
914 607 999 660 καὶ
1046 604 1219 659 λοιπόν
1256 609 1325 669 εἰς
1361 605 1711 678 διαλογισμοῦς
1747 608 1832 659 καὶ
1862 608 1932 668 εἷς
1962 604 2193 676 διαλογάς
2230 608 2405 680 λέξεων

461 693 887 763 παρεκτρέψαντες
930 689 1018 745 τὸν
1061 697 1182 745 νοῦν
1233 689 1562 760 ἀπεπήδησαν
1603 698 1691 760 τῆς
1731 690 1997 760 ἀληθείας,
2049 692 2135 746 καὶ
2181 692 2405 755 ἐξέπεσον

461 783 558 832 τῶν
589 780 910 848 ἐπουρανίων.
988 782 1138 831 Πᾶσα
1178 775 1272 848 γάρ
1312 778 1437 840 λέξις
1474 778 1648 847 ἐλέγξει
1686 776 1893 843 αὐτούς,
1952 775 2079 831 3ἐάν
2107 778 2289 831 θέλωσι
2317 775 2405 832 τόν

462 865 650 917 ἑαυτῶν
693 869 816 918 νοῦν
857 866 1036 917 δοῦναι
1076 865 1144 925 εἷς
1181 860 1436 931 φωτισμὸν
1475 865 1569 916 τοῦ
1605 861 1899 934 εὐαγγελίου.
1980 860 2222 931 Οὕδαμοῦ
2249 860 2343 934 γάρ
2374 860 2404 917 ὅ

461 947 732 1020 μονογενὴς
756 950 910 1021 λέγει,
946 951 1032 1002 καί
1054 952 1131 1002 τοί
1155 969 1208 1019 γε
1238 950 1290 1002 έν
1315 949 1459 1018 σαρκὶ
1492 949 1909 1018 παραγενόμενος,
1949 947 2042 1014 ὅτι,
2078 946 2134 1002 Ὅ
2154 951 2323 1010 κτίσας
2345 969 2404 1016 με

462 1034 626 1106 πατὴρ
667 1031 936 1088 ἀπέσταλκέ
973 1055 1057 1102 με,
1111 1032 1227 1087 οὐδὲ
1259 1031 1287 1087 ὁ
1319 1031 1524 1103 4πατήρ
1553 1055 1655 1087 που
1685 1035 1738 1086 ἐν
1767 1040 1836 1107 ⁷⁷93
1865 1031 2124 1106 εὐαγγελίῳ
2162 1034 2401 1102 διελέχθη,

461 1121 581 1174 οὐδὲ
607 1123 659 1174 ἐν
684 1125 871 1194 παλαιᾷ
894 1118 1153 1194 διαθήκη,
1193 1118 1295 1184 ότι,
1321 1116 1527 1171 ’Ἐκτισα
1559 1116 1679 1186 ὖμῖν
1703 1117 1789 1172 τὸν
1817 1118 1955 1185 υΐὸν,
1993 1116 2122 1184 ἀλλ’,
2158 1116 2214 1172 Ὁ
2239 1117 2400 1188 πατήρ

459 1227 518 1275 με
546 1205 817 1272 ἀπέστειλε,
869 1208 983 1271 καὶ,
1030 1203 1114 1258 Ἐκ
1143 1211 1235 1258 τοῦ
1268 1202 1454 1274 πατρὸς
1483 1205 1722 1271 ἐξῆλθον,
1775 1206 1861 1257 καὶ
1898 1203 2032 1272 ἥκω,
2083 1227 2194 1270 και,
2242 1201 2300 1258 Ὅ
2331 1202 2402 1259 ὧν

460 1294 531 1355 εἰς
557 1291 644 1346 τὸν
670 1291 858 1346 κόλπον
885 1297 977 1345 τοῦ
1005 1289 1203 1361 πατρός.
1280 1291 1406 1354 Καὶ,
1456 1286 1513 1342 Ο
1552 1287 1699 1359 λόγος
1726 1282 1790 1356 ἦν
1828 1288 1956 1360 πρὸς
1999 1311 2085 1343 τον
2115 1287 2267 1355 θεὸν,
2316 1312 2400 1343 και

457 1376 581 1441 θεος
603 1371 669 1446 ἠν
695 1400 720 1431 ο
748 1377 905 1447 λόγος.
983 1378 1083 1428 Καὶ
1119 1372 1273 1429 πολλα
1316 1376 1414 1428 ε’στι
1457 1376 1570 1444 περὶ
1606 1380 1695 1443 τῆς
1724 1371 1867 1442 ἡμῶν
1892 1378 2135 1444 σωτηρίας
2160 1380 2402 1444 κατανοῆ-

462 1482 571 1528 σαι,
609 1465 693 1517 καὶ
732 1461 800 1531 μη
829 1461 1226 1534 συναρπάζεσθαι
1257 1458 1358 1514 ἀπὸ
1387 1466 1474 1528 τῆς
1510 1465 1599 1513 τοῦ
1632 1459 1871 1528 διαβόλου
1902 1459 2081 1514 τούτου
2108 1463 2403 1528 κυβευτικῆς

459 1552 790 1611 διδασκαλίας.
863 1546 918 1601 Ὀ
954 1546 1047 1619 γὰρ
1093 1545 1322 1614 διάβολος
1362 1544 1664 1614 βουλόμενος
1704 1543 1945 1599 ἀπολέσαι
1982 1544 2036 1600 τό
2067 1551 2167 1600 τῶν
2201 1543 2400 1616 ἀνθροό-

441 1657 570 1702 πων
593 1636 760 1706 γένος,
810 1633 992 1708 φθόνῳ
1039 1631 1362 1702 κατεχόμενος
1392 1630 1520 1702 πρὸς
1544 1629 1634 1699 τὴν
1662 1637 1750 1685 τοῦ
1779 1630 2057 1702 ἀνθρώπου
2083 1630 2259 1696 δόξαν,
2311 1653 2400 1700 μη·

458 1719 611 1791 χανάς
639 1719 871 1788 ἐπενόησε
902 1719 1202 1790 διαφόρους,
1239 1716 1293 1772 τό
1317 1723 1514 1787 πρῶτον
1542 1717 1630 1786 μὲν
1661 1715 1744 1771 διά
1773 1723 1858 1786 τῆς
1883 1716 2109 1788 ἀγνοίας,
2147 1715 2202 1771 τὸ
2230 1715 2396 1770 δεύτε-

461 1829 552 1877 ρον
590 1807 643 1860 δὲ
674 1805 755 1860 διά
794 1812 884 1874 τῆς
920 1808 1343 1875 είδωλολατρείας,
1404 1801 1570 1857 ἄλλοτε
1599 1803 1651 1856 δὲ
1678 1800 1761 1856 διά
1789 1806 2150 1874 κακοτροπίας,
2203 1803 2315 1856 νυνὶ
2345 1803 2399 1856 δὲ

459 1891 735 1963 εἰςύστερον
764 1890 847 1946 διά
883 1898 972 1961 τῆς
998 1890 1188 1960 πλάνης
1219 1892 1303 1944 καὶ
1326 1887 1522 1957 ἀπάτης
1547 1894 1645 1942 τῶν
1673 1889 1927 1959 αἱρέσεων·
1978 1891 2062 1942 ἵνα
2086 1887 2398 1957 πανταχόθεν

459 1978 775 2052 καταστρέψῃ
812 1976 898 2031 τὸν
936 1975 1211 2047 ἄνθρωπον
1248 1974 1348 2030 ἀπὸ
1386 1981 1487 2028 τῶν
1526 1976 1853 2046 ἐπουρανίων.

607 2063 755 2118 Πόσα
792 2057 884 2118 οῦν
913 2063 1095 2132 ἰσχύσει
1134 2060 1163 2116 o‘
1186 2068 1308 2125 νοῦς
1339 2067 1427 2130 τῆς
1465 2058 1607 2129 ἡμῶν
1644 2058 1953 2130 μετριότητος
1986 2061 2140 2113 εἰπεῖν
2172 2058 2298 2131 πρός
2324 2060 2394 2126 σὲ,

462 2143 502 2204 ὦ
519 2148 776 2219 Ἀνόμοιες
851 2155 1031 2211 Καλῶς
1057 2146 1148 2219 γάρ
1174 2147 1437 2216 Ἀνόμοιος
1466 2144 1733 2217 τυγχάνεις,
1772 2142 1802 2198 o‘
1830 2146 1915 2198 καὶ
1944 2142 2043 2198 ἀπὸ
2070 2148 2166 2198 τῶν
2197 2144 2396 2216 ἀνθρώ-

459 2258 570 2291 πων
612 2234 730 2298 τοῦς
765 2233 1006 2306 τρόπους,
1061 2235 1146 2287 καὶ
1179 2233 1270 2302 τὴν
1302 2230 1527 2286 διάνοιαν
1557 2232 1901 2302 παρεκτρέψας
1934 2236 2033 2283 τῶν
2067 2228 2157 2298 τὴν
2198 2229 2394 2284 σύνεσιν

459 2329 549 2377 τοῦ
571 2327 700 2376 θεοῦ
728 2321 1063 2389 κεκτημένων,
1102 2321 1187 2373 καὶ
1211 2317 1302 2387 τὴν
1327 2321 1490 2371 πίστιν
1518 2316 1729 2386 ἐχόντων
1754 2322 1840 2384 τῆς
1869 2315 2119 2384 ἀληθείας.
2199 2313 2275 2368 Οὐ
2297 2313 2391 2387 γάρ

460 2411 530 2471 εἷς
560 2405 758 2479 ἀγαθόν
790 2406 1058 2476 προκόψας
1088 2402 1324 2473 ἀνόμοιος
1349 2405 1553 2474 γέγονας
1579 2400 1899 2473 ἀνθρώποις,
1939 2398 2038 2455 ἀλλ’
2072 2403 2125 2455 ἐκ
2154 2406 2242 2470 τῆς
2268 2397 2394 2455 ὁδοῦ

458 2500 546 2563 τῆς
586 2490 824 2562 ἀληθείας
860 2493 1212 2561 παρεκκλίνας,
1262 2487 1495 2557 ἀνόμοιος
1533 2489 1702 2559 ἐγένου
1742 2493 1840 2541 τῶν
1874 2489 1997 2541 υἱῶν
2022 2493 2112 2555 τῆς
2140 2492 2232 2540 τοῦ
2263 2492 2392 2540 θεοῦ

459 2582 738 2648 ἐκκλησίας,
787 2576 1040 2648 πρόφασιν
1080 2575 1244 2644 λαβών
1282 2573 1368 2629 τὸν
1409 2573 1522 2628 υἷὸν
1558 2580 1649 2627 τοῦ
1685 2579 1810 2627 θεοῦ
1840 2571 1926 2627 τόν
1958 2571 2083 2626 κατὰ
2114 2571 2201 2627 τὸν
2232 2573 2390 2626 αὐτοῦ

459 2666 645 2734 πατέρα
673 2661 818 2728 ὄντα,
868 2664 952 2717 καὶ
976 2661 1217 2730 ἀνόμοιον
1242 2662 1388 2731 πατρὶ
1415 2661 1592 2731 λέγων,
1643 2657 1704 2712 σύ
1730 2657 1969 2728 ἀνόμοιος
1999 2659 2226 2729 γέγονας,
2278 2664 2392 2727 κλη-

460 2752 645 2823 ρωθεὶς
679 2755 824 2804 τοῦτο
863 2747 917 2802 τό
957 2746 1138 2817 ὄνομα,
1186 2748 1359 2816 μηκέτι
1396 2745 1570 2815 ὅμοιος
1605 2743 1841 2816 ὑπάρχων
1877 2751 1975 2798 τῶν
2012 2746 2064 2798 ἐν
2099 2749 2206 2817 θεῷ
2242 2749 2390 2808 σωζο-

461 2839 634 2907 μένων.

581 2921 693 2976 Ἴνα
734 2921 784 2974 δὲ
830 2917 897 2988 μὴ
941 2920 1053 2989 περὶ
1099 2916 1186 2980 τάς
1229 2915 1383 2972 αὐτοῦ
1428 2916 1646 2986 ζητήσεις
1688 2914 2100 2986 κατατριβόμενος
2144 2912 2387 2969 ἄναλίσκω

463 3018 484 3049 1
504 3008 708 3079 χρόνον,
748 3003 830 3073 ἀφ’
866 2999 935 3059 ὧν
962 3006 1135 3069 λέξεων
1167 3003 1319 3066 αὐτὸς
1346 3001 1636 3073 ὑφηγήσατο
1654 3047 1667 3068 ,
1707 3005 2016 3062 διαλεκτικῶς
2041 2998 2246 3069 γράφων
2276 3002 2390 3066 τισὶ,

458 3098 580 3166 φέρε
620 3092 680 3147 τά
718 3090 822 3146 κατ’
856 3089 1007 3145 αὐτόν
1042 3091 1368 3160 διελέγξωμεν.
1428 3087 1609 3152 ’Ἐδοξε
1649 3085 1744 3158 γάρ
1779 3084 2087 3152 διαλεκτικήν
2123 3107 2232 3137 τινα
2264 3083 2388 3138 ὑπο-

459 3184 655 3248 φαίνειν
699 3175 887 3246 πλάνην
922 3179 976 3230 ἐν
1016 3176 1150 3249 αὐτῷ
1190 3180 1258 3248 τῷ
1299 3175 1455 3228 αὐτοῦ
1493 3172 1811 3244 συντάγματι,
1861 3175 1930 3243 τῷ
1970 3167 2075 3223 οὐδ’
2117 3171 2202 3222 ἕνα
2243 3168 2391 3241 λόγον

463 3269 620 3335 ἔχοντι
651 3268 858 3327 πίστεως
883 3269 971 3331 τῆς
1010 3259 1369 3328 ’ὶάφελωτάτης
1399 3261 1484 3314 καὶ
1517 3255 1893 3328 ἀκεραιοτάτης,
1944 3256 2028 3308 καὶ
2063 3255 2115 3307 ἐν
2155 3253 2391 3323 πνεύματι

461 3349 583 3425 ἆγίω
621 3352 705 3404 καὶ
734 3348 878 3421 πράῳ
907 3348 1288 3415 κεκοσμημένης.
1347 3345 1501 3399 Ὀλον
1529 3345 1583 3398 δὲ
1619 3343 1787 3397 διόλου
1818 3339 1872 3394 τὸ
1902 3344 2086 3393 δοκοῦν
2116 3337 2271 3393 αυτοῦ
2301 3361 2391 3393 πο-

459 3435 697 3505 νημάτιον
723 3434 778 3489 τὸ
805 3437 874 3497 εἰς
899 3431 1030 3501 ημᾶς
1060 3431 1208 3486 ἐλθὸν
1233 3434 1285 3485 ἐν
1311 3453 1526 3502 πρωτοις
1555 3430 1805 3491 κατέταξα,
1843 3428 1927 3479 ίνα
1957 3422 2038 3478 ἀπ’
2065 3425 2221 3480 αὐτοῦ
2250 3447 2390 3494 mnn-

463 3521 666 3590 σώμεθα
704 3518 829 3590 πρὸς
866 3517 1016 3573 αυτὸν
1052 3540 1142 3586 την
1178 3515 1354 3585 λοιπὴν
1392 3512 1678 3586 ἀνατροπην
1711 3518 1800 3579 τῆς
1835 3512 2102 3574 διαλέξεως.

518 3693 560 3736 3.
590 3692 663 3736 καὶ
691 3691 762 3737 ἐὰν
792 3696 875 3736 cod.
905 3692 1067 3745 Rhediy.
1514 3688 1610 3728 CAP.
1628 3684 1690 3726 X.
1723 3707 1772 3716 —-
1834 3684 1870 3726 1
1901 3681 2060 3740 χρόνων
2103 3684 2295 3726 editorum
2335 3686 2389 3725 est

518 3746 558 3791 4.
592 3747 729 3803 πατὴρ
769 3744 1265 3802 οοά.1ἰήεάἰ9.σωτῆρ
1309 3748 1395 3788 cod.
1453 3748 1603 3786 vitium.

458 3814 535 3855 len.
569 3811 603 3851 et
633 3808 735 3849 editi.
794 3810 842 3847 At
875 3809 1087 3848 Cor-narius
1126 3812 1245 3860 pater
1271 3806 1395 3845 vertit.
1509 3802 1548 3843 2.
1583 3798 1858 3850 Reponendum
1890 3792 2194 3853 οἷφελεστάτης.
