2508 4134
569 278 795 321 PANARH
822 278 927 319 Lm.
948 279 1019 319 111.
1049 279 1182 321 ΤΟΜ.
1207 281 1239 321 1.
1269 280 1431 322 HAER.
1456 279 1611 321 LXXI.
1982 269 2044 319 41

144 388 191 434 et
225 376 536 440 coelestium,
589 393 710 444 quae
749 392 974 429 sermone
1009 376 1240 444 explicari
1281 387 1551 446 nequeunt,
1594 377 1858 428 dimensor.
1935 373 2050 427 Fuit

145 463 219 514 bic
248 469 461 531 prompta
490 460 547 511 ad
577 460 865 527 loquendum
895 476 950 510 ac
979 459 1174 510 volubili
1201 461 1382 527 lingua,
1425 463 1545 512 adeo
1576 471 1626 512 ut
1650 463 1907 530 plerosque
1938 476 2047 510 ver·

141 545 310 597 borum
348 545 449 612 ipsa
487 542 878 612 pronuntiatione
917 551 967 593 et
1016 541 1205 593 dicendi
1244 544 1492 594 celeritate
1531 546 1577 595 in
1633 545 1846 596 fraudem
1883 551 2048 612 posset

141 629 406 698 impellere.
450 625 645 695 ,Saepe
691 625 817 677 enim
847 643 874 676 a
906 626 1066 677 multis
1105 627 1339 677 refutatus
1374 636 1480 689 est,
1535 637 1642 695 post
1670 628 1794 679 illam
1827 628 1900 678 sni
1937 644 2048 696 pur-

139 713 380 779 gationem
419 727 557 778 quam
585 709 632 763 in
665 706 945 761 sardicensi
975 710 1162 779 syuodo
1186 710 1423 778 suscepit,
1477 728 1582 760 eum
1612 711 1669 761 ab
1701 711 1937 780 episcopis
1967 727 2050 778 pc·

141 794 340 847 stil'erae
376 796 649 858 doctrinae,
692 811 830 861 quam
858 802 1205 861 proposuerat,
1257 792 1491 844 rationem
1524 795 1724 845 reddere
1756 804 1831 845 est
1862 795 2043 845 iussus.

141 877 333 930 Etenim
363 876 701 930 Constantium
732 876 1071 945 imperatorem
1102 877 1299 938 adienS‚
1353 885 1575 944 tanquam
1609 877 1770 944 inique
1800 878 2047 946 depositus

141 971 319 1026 esset,
354 979 531 1013 causae
569 977 686 1012 snae
731 960 915 1011 iudices
954 977 1010 1010 ac
1052 960 1402 1027 disceptatores
1442 959 1602 1026 petiit,
1655 961 1824 1028 quibus
1872 964 2048 1013 frustra

139 1045 229 1098 sibi
257 1045 534 1114 abrogatum
577 1061 687 1097 esse
720 1043 1043 1095 sacerdotium
1078 1044 1321 1111 probaret.
1400 1039 1476 1094 Ob
1503 1044 1547 1094 id
1581 1043 1843 1113 imperator
1865 1043 2048 1096 iudices

143 1129 298 1193 misit,
358 1129 644 1198 apudquos
687 1128 767 1178 ille
795 1145 1016 1179 caussam
1057 1135 1254 1195 ageret,
1307 1125 1616 1178 Thalassium
1661 1137 1711 1178 et
1766 1126 2046 1192 Datianum‚

143 1211 458 1278 Cerealium,
519 1212 769 1275 Taurum,
833 1210 1199 1274 Marcellinum,
1258 1209 1578 1275 Evanthium,
1639 1209 1945 1280 Olympium,
2002 1220 2051 1263 et

142 1295 428 1360 Leontium,
470 1297 725 1364 datumque
764 1293 945 1346 Basilio
974 1296 1241 1364 Ancyrano
1270 1295 1548 1362 negotium,
1602 1304 1652 1346 ut
1678 1296 1808 1347 illum
1841 1297 2049 1347 interro-

140 1389 299 1448 garet,
340 1389 387 1431 et
415 1397 537 1449 quae
567 1380 625 1431 ab
657 1397 715 1430 eo
742 1389 1065 1448 purgarentur
1092 1388 1173 1430 aut
1200 1378 1571 1429 admitterentur
1597 1380 1862 1430 refelleret.
1938 1377 2052 1431 Fuit

144 1482 259 1515 vero
289 1464 413 1515 haud
449 1464 705 1514 mediocris
738 1464 818 1514 illa
860 1482 965 1514 cum
993 1461 1179 1514 Basilio
1220 1471 1443 1531 suscepta
1477 1463 1756 1531 disputatio.
1833 1461 1930 1515 Sed
1968 1480 2051 1514 ne-

142 1548 400 1616 quissimae
429 1547 738 1599 mulierculae
760 1565 913 1611 more,
944 1563 1067 1615 quae
1093 1547 1215 1598 l'ucis
1239 1547 1450 1597 colorem
1480 1547 1738 1611 adulterat,
1779 1548 2051 1599 sententias

143 1632 188 1682 in
214 1632 500 1700 disputando
527 1631 782 1682 nonnullas
807 1630 1071 1694 inficiebat,
1113 1648 1232 1699 quas
1260 1649 1284 1681 a
1313 1647 1460 1681 seusu
1485 1631 1705 1682 veritatis
1733 1631 2052 1683 abhorrentes

141 1715 402 1784 depravata
429 1733 516 1766 sua
545 1714 862 1783 intelligentia
887 1723 1190 1783 corruperat.
1269 1712 1366 1765 Sed
1401 1715 1643 1766 sermonis
1676 1715 1954 1778 calliditate,
1995 1733 2052 1768 ac

142 1799 365 1867 loquendi
401 1799 635 1850 facilitate
674 1800 730 1850 ad
772 1799 845 1850 sui
886 1800 1252 1866 auditorumque
1296 1798 1626 1867 deceptionem
1667 1799 1942 1867 cumprimis
1980 1800 2054 1850 iu·-

140 1891 383 1946 structus,
439 1884 582 1933 etiam
611 1883 723 1933 illud
762 1883 945 1933 iactare
972 1894 1260 1950 arroganter
1291 1901 1436 1934 ausus
1470 1892 1571 1947 est,
1622 1891 1814 1933 centnm
1850 1900 1904 1934 se
1932 1883 2054 1934 scri-

143 1975 310 2035 pturae
354 1966 643 2017 testimoniis
680 1966 954 2035 opinionem
1000 1984 1134 2016 suam
1179 1984 1289 2018 esse
1335 1967 1666 2036 probaturum.
1740 1965 1884 2018 Multi
1925 1967 2052 2017 enim

143 2052 376 2101 adversus
404 2051 532 2101 illum
560 2049 609 2101 in
636 2060 882 2101 certamen
910 2051 1287 2116 descenderunt,
1319 2059 1370 2101 ut
1395 2051 1441 2101 in
1473 2051 1594 2101 actis
1622 2050 1894 2101 collationis
1926 2050 2052 2101 illins

143 2151 246 2184 cum
275 2132 783 2203 Basilio-reperimuS,
839 2151 960 2202 quae
989 2151 1015 2184 a
1050 2134 1249 2184 notariis
1284 2144 1488 2203 excepta
1521 2143 1623 2198 est,
1680 2134 1870 2203 Anysio
1903 2134 2052 2201 impe·

142 2218 318 2268 ratoris
342 2217 593 2281 ministro,
635 2227 684 2268 et
713 2214 974 2269 Callicrate
1002 2227 1266 2286 exceptore
1298 2217 1463 2269 Rufini
1497 2218 1758 2287 praefecti,
1801 2215 2050 2286 Olympio,

138 2299 349 2363 Niceta‚
391 2299 603 2363 Basilio,
645 2302 723 2369 qui
754 2310 893 2352 erant
921 2319 946 2351 a
976 2301 1235 2364 memoria,
1279 2301 1531 2371 Eutyche,
1589 2311 1636 2353 et
1668 2301 1925 2353 Theodulo
1957 2299 2052 2352 Ba-

109 2376 115 2384 ’
141 2385 232 2435 silii
262 2384 481 2436 notariis.
561 2383 749 2452 Quibus
776 2386 998 2436 omnibus
1027 2385 1307 2454 perscriptis
1342 2395 1498 2438 tomus
1526 2404 1649 2437 uuus
1680 2386 1960 2453 obsignatus
1995 2386 2051 2435 ad

140 2469 477 2538 imperatorem
520 2467 898 2521 Constantinum
937 2468 1111 2520 missus
1154 2478 1255 2532 est,
1311 2469 1433 2521 alius
1477 2488 1624 2538 penes
1656 2471 1921 2539 synodum,
1977 2471 2051 2520 cui

139 2551 352 2604 Basilius
408 2554 672 2616 intererat,
742 2553 1004 2616 remansit,
1076 2553 1268 2603 tertium
1321 2554 1519 2622 perinde
1571 2553 1875 2621 obsignatum
1926 2554 2048 2621 apud

142 2654 194 2687 se
237 2638 439 2688 comites
488 2638 783 2700 habuerunt,
842 2637 920 2688 ubi
963 2645 1061 2688 tota
1101 2637 1226 2688 illius
1268 2638 1505 2706 dogmatis
1548 2638 1790 2708 expositio
1831 2639 2051 2689 contine-

138 2722 297 2773 batur.

282 2803 436 2856 Porro
474 2822 580 2855 cnm
620 2805 677 2855 de
720 2804 799 2855 illo
840 2803 1047 2855 Basilius
1085 2805 1445 2869 sciscitaretur,
1505 2807 1742 2874 quomodo
1783 2807 2053 2873 scripturae
2098 2810 2195 2864 cap·
2223 2811 2275 2850 ΙΙ.

94 2886 99 2889 ’
139 2907 307 2941 sacrae
345 2890 402 2942 de
446 2888 640 2939 domino
680 2907 736 2939 ac
767 2890 858 2939 deo
887 2888 1038 2939 verbo
1071 2889 1329 2951 docerent,
1382 2899 1493 2941 ante
1528 2891 1687 2941 omnia
1720 2891 1911 2941 saecula
1946 2889 2049 2940 uui·
2072 2905 2283 2950 loann.1,1.

138 2973 362 3041 genitum>
394 2974 543 3037 illum,
598 2982 646 3023 et
690 2991 794 3023 cum
826 2980 960 3041 patre
1003 2973 1181 3036 l'uisse,
1234 2972 1470 3024 Photinus
1503 2974 1712 3025 adhibita
1743 2974 2051 3025 distinctione

143 3057 205 3108 ita
237 3057 361 3125 qnod
392 3057 639 3109 dicebatur
670 3057 921 3126 probabat,
965 3056 1133 3124 partim
1165 3065 1214 3107 ut
1241 3058 1299 3108 ad
1332 3055 1610 3121 Christum,
1654 3058 1823 3127 partim
1853 3059 1910 3108 ad
1943 3074 2053 3108 ver-

140 3196 408 3250 μεμοραδίοις
436 3199 493 3237 ed.
523 3200 656 3238 Pelav.
708 3196 972 3250 μεμοραρίοις
1003 3209 1067 3236 su·
1126 3197 1310 3236 Petavius
1348 3199 1429 3237 loco
1455 3200 1756 3238 succurrendum
1786 3209 1861 3236 esse
1903 3199 2054 3245 putavit

138 3256 258 3302 spicio
290 3255 439 3292 Patavii
460 3258 552 3292 erat.
586 3252 865 3306 μεμοριαλίοις
887 3255 1067 3292 emenda-
1122 3255 1293 3290 restituto
1316 3247 1418 3294 ὅπου
1442 3266 1513 3302 pro
1542 3250 1625 3303 ὠς,
1654 3258 1686 3292 et
1710 3257 1784 3291 toto
1808 3264 1930 3301 paene
1954 3254 2054 3291 coelo

137 3311 193 3348 vit
218 3311 356 3347 Franc.
386 3311 560 3348 Francus
601 3311 861 3360 (Salmasius)
900 3311 940 3347 in
968 3311 1066 3347 Con-
1124 3309 1344 3357 aberravit,
1372 3321 1459 3348 cnm.
1478 3313 1610 3357 pateat
1638 3313 1733 3347 certe
1756 3310 1851 3356 hoc,
1880 3310 2053 3357 Epipha-

139 3365 432 3413 fut.'Animadv.
453 3366 607 3403 Antonii
626 3366 804 3403 Cercoetii
823 3377 860 3412 p.
879 3366 944 3403 δέ.
976 3366 1067 3402 Item
1123 3364 1230 3401 nium
1258 3365 1352 3402 nihil
1387 3366 1497 3403 aliud
1535 3366 1699 3403 voluisse
1737 3375 1855 3412 quum
1881 3367 2053 3402 actorum

139 3421 200 3458 Du
230 3420 424 3468 minyius,
466 3431 577 3469 quem
617 3432 653 3458 v.
687 3422 728 3458 in
769 3421 976 3458 Glossariis
1014 3420 1067 3458 ad
1123 3421 1266 3456 tomum
1284 3422 1435 3457 tertium
1460 3422 1647 3458 mansisse
1669 3420 1776 3467 apud
1798 3421 1964 3468 comites,
1986 3430 2053 3468 pe·

141 3476 296 3523 Scriptt.
325 3476 423 3513 Med.
452 3478 485 3513 et
512 3476 584 3524 Ins.
611 3477 839 3514 Graecitatis
860 3479 892 3513 et
916 3476 1066 3514 Latini·
1122 3474 1232 3512 riade
1255 3476 1495 3523 obsiynatum
1514 3479 1625 3523 atque
1643 3476 1766 3523 impia
1789 3475 1942 3513 Photim'
1959 3486 2052 3524 quo-

141 3532 232 3569 tatis
254 3542 284 3569 s.
314 3542 351 3569 v.
1125 3540 1196 3577 que
1221 3530 1415 3578 doymata.
1449 3531 1660 3569 Carnarius
1683 3533 1791 3569 vertit
1820 3537 1941 3583 prout
1965 3529 2052 3582 ipse

198 3586 260 3624 15.
293 3583 496 3639 βασιλέως
519 3587 736 3631 suspicatus
765 3590 818 3625 est
844 3587 1041 3627 Petavius.
1127 3597 1176 3622 ex
1204 3584 1407 3622 sententia
1437 3597 1508 3623 sua
1539 3583 1836 3636 pronuntiarat.

200 3637 262 3680 14.
293 3642 400 3679 Libri
427 3643 544 3690 vulgo
576 3640 889 3694 Κωνσταντίνῳ.
1188 3638 1284 3677 Cn.
1313 3641 1360 3677 tt.
1387 3662 1441 3670 -
1500 3641 1536 3680 1.
1566 3643 1864 3682 Rescribendum
1902 3642 2053 3681 videtur

199 3694 262 3734 15.
282 3695 606 3750 βεβεβηλωμένα
630 3698 677 3736 de
693 3698 910 3736 coniectura
934 3699 1070 3746 scripsi
1124 3691 1282 3738 Ὁπότε
1311 3691 1407 3749 γὰρ.

137 3762 209 3800 pro
226 3750 475 3807 βεβλημένα,
498 3754 599 3803 quod
623 3755 738 3802 vulyo
757 3756 861 3793 extat
887 3755 925 3793 in
948 3754 1068 3793 libris.
