2508 4134
525 276 748 317 PANAan
774 276 877 316 Lis.
904 277 974 315 ω.
1005 276 1139 317 ΤοΜ.
1162 277 1213 317 11.
1243 276 1404 334 mua.
1428 276 1642 317 Lxxvn.
1937 261 2036 312 393

141 375 268 428 omni
307 374 563 425 immunem
607 373 896 436 habeamus3
950 373 1028 440 qui
1071 374 1257 440 quidem
1300 393 1393 425 non
1433 374 1536 425 siue
1571 372 1882 443 perpessione
1912 371 2040 423 salu-

141 469 234 512 tem
276 458 412 509 nobis
457 457 698 520 attulerit,
753 459 835 508 sed
875 457 920 507 id
961 457 1209 507 moriendo
1249 476 1333 526 pro
1377 459 1546 523 nobis,
1603 475 1752 526 seque
1794 458 1883 507 deo
1915 455 2039 525 patri

138 561 225 612 pro
275 542 454 593 nostris
506 541 754 592 animabus
798 541 1018 592 sacrificii
1064 541 1217 592 instar
1261 542 1505 592 offerendo
1557 542 1880 611 praestiterit,
1933 558 2040 591 cum

138 645 227 678 nos
256 625 492 694 sanguine
536 644 623 677 suo
652 626 953 694 repurgarit‚
1005 643 1060 674 ae
1097 629 1319 690 scriptu-m
1359 636 1522 676 eontra
1561 645 1645 676 nos
1678 628 2040 691 chirographum
2072 634 2152 670 Col.
2169 636 2204 680 2,
2227 633 2280 668 14.

138 714 401 771 disciderit,
442 720 490 760 et
515 714 778 759 erueisuae
813 712 939 759 istud
972 711 1204 774 affioeeric,
1247 709 1293 759 id
1328 711 1450 778 quod
1491 710 1663 778 ubique
1702 711 1939 779 scriptura
1970 719 2040 761 te-

138 804 310 848 statur.

278 877 510 942 Possem,
569 878 610 930 si
660 896 863 930 necesse
911 878 1183 941 videretur,
1250 879 1307 928 ad
1358 878 1462 929 eius
1507 879 1740 946 dogmatis
1787 880 2039 931 veritatem
2131 880 2226 932 cap.

143 964 516 1015 confirmandam
545 963 637 1014 alia
669 965 890 1033 proferre
918 980 1056 1031 quam
1085 962 1305 1031 plurima.
1382 961 1466 1015 Sic
1490 963 1616 1013 euim
1645 963 1737 1014 alio
1769 964 1893 1028 locu,
1936 982 2042 1016 cum
2072 935 2278 978 XXXW'

138 1048 262 1098 idem
293 1057 626 1115 argumentum
658 1057 1096 1117 pertractavemus,
1139 1049 1196 1098 de
1229 1055 1358 1097 certa
1388 1046 1676 1115 minimeque
1706 1048 1843 1120 dubia
1877 1058 2043 1100 nostra

139 1133 291 1184 salute
326 1133 691 1183 constituimus:
747 1130 1158 1199 Quemadmodum
1202 1132 1450 1199 sanguinis
1487 1131 1741 1200 aspergine
1784 1132 1934 1183 vestis
1973 1133 2045 1182 in-

139 1217 325 1280 ficitur,
380 1217 492 1268 licet
530 1217 633 1268 eius
671 1217 749 1286 qni
782 1226 965 1267 vestem
1001 1217 1128 1284 gerit
1165 1234 1338 1285 corpus
1372 1234 1667 1284 nequaquam
1698 1217 1924 1267 infectum
1960 1218 2042 1280 sit,

138 1302 447 1352 nihilominus
476 1303 555 1353 illa
588 1305 738 1352 vestis
775 1318 974 1369 aspersa
1008 1301 1192 1352 macula
1234 1319 1327 1352 non
1374 1302 1493 1351 vesti
1535 1302 1618 1351 sed
1660 1301 1702 1352 ei
1741 1301 1819 1368 qui
1858 1311 2044 1353 vestem

139 1387 264 1454 gerit
291 1386 545 1450 tribuitur,
599 1386 766 1437 eodem
811 1386 951 1436 modo
990 1386 1102 1436 licet
1146 1386 1395 1454 perpessio
1436 1386 1482 1436 iu
1518 1386 1813 1437 divinitatem
1848 1405 1941 1437 non
1971 1386 2045 1436 in-

140 1470 388 1536 cubuerit,
430 1471 514 1521 sed
544 1470 780 1521 humanae
808 1471 1042 1521 duntaxat
1067 1456 1267 1521 naturae
1295 1470 1583 1538 contigerit,
1626 1470 1857 1528 uonhuic
1883 1479 2045 1520 tamen

140 1555 230 1606 soli
263 1555 580 1606 tribuendam.
659 1553 842 1606 Verum
878 1573 938 1604 ne
969 1555 1014 1605 in
1044 1556 1343 1622 procuranda
1383 1573 1469 1623 per
1496 1556 1876 1606 incarnationem
1912 1554 2046 1605 verbi

142 1640 295 1690 salute
323 1649 487 1691 nostra
522 1639 570 1690 in
597 1639 724 1690 illam
759 1637 1061 1689 incurramus
1091 1639 1359 1707 scripturae
1395 1640 1680 1690 sententiam
1700 1679 1713 1703 ,
1768 1643 2048 1690 Maledictus
2070 1651 2175 1689 Hier.
2198 1651 2252 1694 17,
2266 1649 2299 1685 5.

141 1730 286 1775 omnis
313 1729 398 1792 qui
418 1743 541 1790 spem
570 1726 707 1774 habet
731 1728 778 1773 in
808 1725 1006 1784 homine,
1050 1732 1303 1792 propterea
1332 1724 1568 1774 divinitati
1598 1726 1737 1774 etiam
1765 1725 2044 1793 imputatur,

142 1827 247 1860 cum
276 1809 392 1860 nihil
424 1810 526 1877 ipsa
558 1826 643 1877 per
668 1825 777 1858 sese
808 1809 1040 1876 patiatur,
1095 1817 1145 1858 ut
1176 1808 1367 1858 humaui
1406 1808 1600 1876 generis
1628 1809 1758 1860 salus
1787 1827 1871 1877 per
1904 1806 2047 1860 Chri-

141 1894 200 1944 sti
234 1894 504 1963 passionem
544 1892 779 1961 acquisita
816 1910 840 1941 a
869 1902 1181 1943 sacrosancta
1218 1892 1291 1942 dei
1326 1893 1531 1943 ecclesia
1573 1894 1808 1944 divinitati
1851 1911 2039 1962 quoque

140 1978 394 2028 tribuatur.
473 1976 665 2028 Vereor
692 1995 750 2027 ne
782 1976 887 2045 quis
918 1994 982 2026 ex
1012 1977 1104 2027 illis
1142 1994 1311 2028 vocum
1346 1978 1672 2045 captatoribus
1702 1978 1939 2029 subtiliori
1973 1996 2049 2029 ra-

141 2062 452 2113 tiocinatione
483 2062 791 2130 semetipsum
825 2061 1070 2130 implicare
1101 2061 1261 2125 malit,
1304 2080 1442 2130 quam
1478 2063 1665 2113 allatam
1698 2081 1725 2113 a
1756 2063 1892 2113 nobis
1920 2063 2050 2113 simi-

138 2146 382 2198 litudinem
426 2155 565 2197 caute
601 2163 654 2195 ac
700 2147 962 2214 prudenter
996 2146 1236 2214 accipere.
1314 2145 1488 2214 Neque
1531 2149 1656 2197 enim
1693 2148 1785 2197 ulla
1821 2147 1973 2198 sacris
1999 2148 2048 2198 iu

138 2231 291 2282 literis
316 2230 574 2282 similitudo
605 2239 703 2281 tota
732 2248 788 2281 ac
819 2231 1009 2299 penitus
1044 2240 1319 2300 usurpatur.
1397 2230 1544 2282 Velut
1575 2250 1678 2282 cum
1706 2231 1905 2296 dicitur,
1961 2235 2048 2282 Ca·
2071 2240 2165 2275 Gen·
2190 2240 2245 2284 49,
2271 2240 2301 2275 9-

141 2319 265 2365 tulus
296 2314 440 2365 leom's
467 2319 601 2364 Iuda.
681 2313 735 2365 In
772 2334 865 2383 quo
909 2315 1198 2366 fortitudinis
1242 2334 1298 2366 ac
1327 2316 1491 2383 regiae
1532 2316 1773 2368 cuiusdam
1805 2317 2050 2368 excellen-

139 2400 263 2462 tiae,
305 2400 501 2467 quaein
533 2399 613 2449 illa
649 2400 749 2449 fera
777 2401 1022 2462 cernitur,
1082 2400 1241 2451 habita
1273 2401 1396 2451 ratio
1442 2410 1542 2464 est,
1600 2419 1688 2451 nec
1717 2402 1827 2452 illud
1863 2411 2050 2469 specta-

140 2493 236 2533 tum
268 2492 370 2547 est,
424 2484 545 2550 quod
584 2483 783 2533 rationis
825 2502 1003 2553 expers
1043 2484 1104 2534 sit
1147 2502 1202 2534 ac
1234 2503 1406 2554 rapax.
1484 2484 1568 2538 Sic
1602 2495 1648 2535 et
1681 2487 1728 2536 in
1763 2495 1898 2537 veste
1933 2486 2050 2536 nihil

138 2568 251 2618 illud
289 2568 345 2618 ad
388 2567 624 2617 rationem
669 2577 880 2618 nostram
921 2568 1156 2637 pertinet,
1215 2570 1336 2637 quod
1369 2570 1415 2620 id
1446 2570 1576 2621 indui
1619 2571 1829 2638 exuique
1870 2571 2044 2621 soleat.

142 2650 307 2703 Semel
333 2653 490 2714 enim,
545 2660 596 2701 ut
626 2651 852 2719 scriptum
893 2663 967 2703 est
998 2657 1204 2702 decorem
1238 2658 1415 2715 induit,
1473 2656 1644 2705 deinde
1675 2673 1794 2705 vero
1831 2660 2045 2704 virtatem
2067 2671 2301 2715 Psatmaza.

142 2740 320 2796 induit,
375 2754 430 2785 ae
465 2739 733 2801 praeeinoeit
767 2754 832 2785 se.
911 2734 965 2786 ln
1005 2755 1097 2804 quo
1137 2738 1339 2806 apostoli
1379 2739 1458 2789 illa
1493 2758 1593 2790 vox
1627 2740 1880 2807 impletur,
1935 2743 2043 2789 Non
2075 2757 2183 2791 Rom.
2207 2757 2240 2801 6,
2267 2757 2298 2790 9.

142 2826 230 2870 iam
268 2824 493 2880 moritur,
549 2838 672 2869 mors
696 2823 774 2869 illi
798 2823 924 2870 ultra
950 2840 1040 2871 non
1070 2826 1350 2872 dominatur.
1432 2821 1570 2889 Quae
1602 2842 1706 2874 cum
1737 2825 1799 2874 ita
1829 2841 1939 2874 sese
1969 2824 2051 2874 ha-

139 2906 310 2968 beant,
368 2905 458 2955 hoc
502 2905 558 2954 ad
598 2904 670 2954 sui
715 2905 948 2969 dogmatis
994 2907 1309 2973 patrocinium
1358 2908 1534 2958 fratres
1578 2909 1731 2958 nostri
1776 2912 2044 2977 proferunt,

138 2993 238 3039 Nos
262 2999 413 3039 autem
442 2998 631 3038 mentem
663 2991 844 3037 Christi
867 2991 1099 3038 habemus.
1155 2988 1295 3057 Quae
1319 3009 1384 3042 ex
1410 2991 1598 3042 illorum
1627 3010 1871 3055 sermone,
1905 3009 2044 3059 quem
2062 3008 2300 3053 1.00r.2‚1u.

136 3075 183 3125 in
226 3091 284 3125 eo
326 3081 609 3140 argumento
654 3080 911 3140 usurpant,
972 3074 1207 3141 suspicari
1257 3075 1398 3139 licet,
1458 3077 1656 3127 alteram
1706 3078 1813 3127 illos
1862 3073 2046 3126 Christi

138 3166 345 3208 mentem
388 3175 611 3209 asserere
653 3157 881 3207 voluisse.
962 3154 1059 3207 Sed
1090 3159 1128 3207 si
1162 3158 1459 3210 divinitatem
1502 3161 1560 3210 ab
1590 3160 1924 3211 incarnatione
1954 3178 2048 3210 non

140 3251 393 3310 separant,
453 3243 535 3292 sed
569 3241 760 3292 unicum
799 3259 852 3292 ac
887 3240 1094 3309 simplex
1127 3242 1475 3294 iucarnationis
1511 3245 1755 3312 negotium
1787 3244 1899 3294 illud
1941 3261 2050 3295 esse

138 3335 336 3395 putant,
390 3327 497 3393 quid
530 3327 717 3376 tandem
751 3325 978 3375 eximium
1010 3325 1116 3385 illa,
1175 3345 1295 3393 quae
1327 3328 1528 3391 dicitur,
1583 3325 1767 3378 Christi
1802 3344 1935 3388 meus
1968 3327 2049 3378 ha-

138 3410 304 3461 bebit?
377 3411 455 3460 An
489 3427 574 3477 per
602 3427 655 3460 se
681 3409 834 3478 ipsum
863 3410 936 3459 dei
969 3409 1167 3460 verbum
1199 3411 1392 3473 exist-it,
1449 3429 1537 3462 nec
1571 3412 1774 3462 humana
1808 3420 1967 3462 mente
2000 3412 2049 3462 in

137 3494 474 3545 incarnatione
503 3495 767 3562 praeditum
801 3495 906 3544 est?
944 3510 1064 3560 quae
1101 3502 1176 3543 est
1202 3494 1389 3545 illorum
1421 3495 1601 3563 opinio.
1680 3497 1757 3545 An
1789 3495 1879 3545 alia
1910 3514 2048 3564 prae-

140 3587 213 3628 ter
243 3578 505 3628 divinitatis
536 3578 813 3646 hypostasin
847 3579 892 3628 in
927 3575 1123 3629 Christo
1154 3595 1288 3628 mens
1333 3580 1547 3629 residet?
1620 3580 1698 3628 An
1741 3580 1897 3647 potius
1927 3581 2047 3631 scri-

140 3671 307 3729 pturae
356 3662 433 3711 ille
475 3680 578 3712 mos
624 3672 727 3725 est,
784 3671 834 3713 ut
876 3664 933 3713 ad
977 3679 1033 3711 ea
1067 3679 1187 3728 quae
1236 3663 1282 3711 in
1318 3662 1457 3713 uobis
1501 3672 1736 3729 geruntur
1773 3664 1832 3715 ob
1878 3665 2044 3718 oculos

139 3746 357 3813 ponenda
392 3747 729 3812 grandioribus
767 3747 929 3800 verbis
970 3747 1162 3799 utatur?
