2508 4134
465 254 565 306 650
1038 267 1308 310 ADDENDA
1337 270 1411 311 ET
1441 270 1815 313 CORRIGENDA.

450 359 537 413 ’Ὀς
562 362 621 419 μῆ
647 365 886 409 καταλείπει
912 366 1072 421 πατέρα
1097 369 1200 409 Ven.
1259 368 1387 410 Paulo
1412 378 1509 424 post
1536 369 1645 412 idem
1671 371 1776 412 liber
1801 386 1883 413 om.
1915 386 2006 412 voc.
2032 372 2105 416 καὶ
2129 381 2227 429 post
2256 370 2385 420 ἀδελ-’-

462 434 581 491 φοῦς.
614 460 667 468 -
724 436 749 476 1.
774 435 839 478 24.
871 436 912 480 ἐν
942 436 1207 493 ἐπαγγελίαις
1230 440 1334 481 Ven.
1395 440 1508 482 Idem
1535 442 1634 484 ibid.
1664 441 1750 494 καὶ,
1771 437 1835 485 ‘⁸0
1861 440 1884 485 ὁ
1921 440 2046 493 θεὸς,
2077 444 2140 485 uti
2161 460 2298 500 supra.
2329 469 2386 478 —

459 506 580 549 1-25-
610 510 770 560 δεῖται,
814 523 873 557 ως
900 504 1028 563 (ἀλλὰ
1052 509 1191 565 deest)
1223 509 1309 567 ἔχει
1336 509 1556 567 δυνάμεως
1587 513 1769 566 θεωρίας
1794 516 1930 556 δεῖται
1953 513 2027 556 καὶ
2053 514 2168 558 αἰσθ.
2199 517 2303 557 ven.
2330 539 2385 550 —-

460 578 490 626 l,
507 575 547 618 7.
572 578 622 619 ab
647 578 723 619 inf.
756 578 797 622 ἐν
821 575 1104 634 παραδόσεσιν
1131 580 1378 635 παρέδωκαν
1408 584 1508 624 Ven.
1543 608 1598 616 -
1655 584 1683 625 1.
1708 583 1746 626 3.
1761 582 1827 624 ab
1855 580 1929 624 inf.
1970 582 2176 644 ἐκκλησίᾳ
2200 584 2386 642 ἀμαρτὲς

460 645 564 692 εἶναι
593 647 661 703 (τὸ
690 650 828 705 deest)
861 649 968 705 μετὰ
997 648 1044 695 τὸ
1075 646 1216 706 ορίσαι
1247 653 1350 695 Ven.

571 721 1217 779 Pag.206.1.1.flepone
1258 738 1307 764 ex
1341 727 1501 767 Veneto
1537 721 1641 769 ἀλλά
1672 723 1849 780 ἐκείνην.
1910 727 2024 767 Idem
2047 684 2206 770 tiberi.
2229 729 2269 771 2.
2301 744 2384 771 om.

463 805 555 832 voc.
583 789 654 835 τόν
679 799 778 832 ante
807 790 964 845 καιρὸν.
995 815 1051 823 -
1106 794 1134 834 1.
1158 794 1186 837 3
1213 802 1255 835 et
1280 793 1317 837 4.
1363 791 1428 839 ὅτι
1453 795 1525 850 μὲν
1556 792 1679 839 ταῦθ’
1714 791 1848 845 οὕτως
1877 798 1976 837 Ven.
2010 820 2062 829 --
2119 799 2145 839 l.
2169 797 2208 841 6.
2251 805 2385 855 κρῖμα

459 870 522 902 est
551 862 593 902 in
620 865 705 903 Bas.
737 887 791 894 —-
850 863 950 905 Ibid.
978 864 1101 919 paulo
1123 874 1220 919 post
1241 867 1391 907 Venet.
1415 861 1645 923 ἠθέτησαν.
1708 866 1855 910 Τοίνυν
1882 867 2056 923 (omisso
2079 860 2165 925 Εἰ)
2183 869 2256 914 καὶ
2278 869 2386 925 μετὰ

458 933 602 988 πείραν
632 930 682 990 (ἦ
710 934 862 989 deest).
893 958 945 966 —-
1004 934 1030 975 l.
1051 933 1091 976 7.
1124 937 1238 977 Corr.
1273 937 1428 991 πείραν.
1462 962 1514 968 —-
1573 938 1599 980 l.
1624 938 1687 980 18.
1722 937 1886 989 ἔπειτα,
1933 947 2029 980 ante
2057 938 2260 996 γημασα,
2302 955 2383 985 om.

458 1005 561 1044 Ven.
596 1028 646 1037 --
706 1005 732 1045 l.
755 1004 793 1047 9.
838 1004 911 1048 καὶ
935 1000 1068 1061 αύτῆν
1106 1006 1177 1050 καὶ
1204 1002 1302 1050 ἄνευ
1340 1009 1440 1047 Ven.
1484 1009 1605 1049 Bene.
1664 1010 1725 1050 Ex
1766 1008 1914 1050 eodem
1952 1009 2060 1051 libro
2085 1011 2112 1052 l.
2138 1013 2197 1054 to.
2228 1027 2386 1068 repone

459 1076 611 1130 μᾶλλον
639 1071 761 1131 αὕτη.
823 1075 963 1131 Pergit
997 1077 1148 1118 deinde
1177 1075 1278 1132 ύπὲρ
1307 1076 1568 1132 ἐκπερισσοῢ.
1600 1103 1655 1110 -
1712 1080 1741 1120 l.
1767 1082 1826 1121 11.
1872 1085 2006 1135 κρῖμα
2035 1083 2148 1133 Bas.,
2179 1083 2239 1124 uti
2265 1083 2385 1124 solet.

459 1171 507 1177 —
541 1147 650 1189 1.13.
681 1147 1049 1192 τεκνοποιείτωσαν
1078 1150 1180 1189 Ven.
1212 1173 1259 1180 —
1322 1149 1350 1189 I.
1383 1148 1440 1189 1-1.
1473 1147 1523 1204 ὁ,
1555 1158 1652 1205 post
1680 1150 1834 1206 μέσος,
1866 1165 1947 1192 om.
1978 1152 2081 1193 Ven.
2140 1153 2255 1194 Idem
2280 1153 2382 1196 ibid.

457 1217 551 1273 περὶ
594 1215 781 1272 ἑκάστης
809 1217 984 1273 ἐκκλησ.
1017 1244 1067 1250 -
1128 1220 1152 1260 l.
1180 1221 1239 1261 15.
1279 1215 1495 1263 Ἀποστολ.
1538 1220 1611 1265 καὶ
1646 1219 1976 1272 Ἀποτακτικοῦς
2007 1222 2080 1266 καὶ
2103 1219 2387 1280 Ἐγκρατιτάς

459 1288 578 1343 (sic),
609 1289 682 1332 καὶ
707 1284 1057 1346 παρεκβάλλουσα
1088 1293 1190 1332 Ven.
1222 1315 1278 1322 ——
1335 1291 1362 1332 l.
1390 1288 1451 1334 16.
1497 1291 1646 1347 γύναια
1681 1293 1817 1334 firmat
1840 1307 1949 1334 nunc
1974 1294 2197 1335 auctoritas
2223 1295 2385 1337 Veneti.

456 1384 508 1393 -
553 1361 672 1403 1.17.
717 1357 888 1418 ἀναχαλ.
931 1362 1003 1405 καὶ
1043 1358 1211 1405 ἀθετεῖν
1249 1359 1326 1419 τήν
1365 1359 1572 1418 τοσαύτην
1606 1364 1680 1408 τοῦ
1723 1367 1786 1419 δρ.
1830 1366 1934 1405 Ven.
1994 1365 2109 1407 Idem
2145 1366 2251 1407 liber
2287 1375 2384 1408 ante

455 1427 674 1486 ἀθετήσας
701 1446 779 1473 om.
808 1430 831 1475 ὁ
857 1432 975 1473 artic.
1034 1434 1082 1472 In
1110 1435 1195 1473 Bas.
1224 1432 1371 1473 iterum
1400 1433 1552 1488 legitur
1575 1439 1717 1490 κρῖμα.
1747 1460 1799 1466 -
1857 1435 1883 1476 1.
1908 1434 1969 1478 19.
1999 1435 2073 1480 καὶ
2093 1436 2386 1493 παραφθείρας

454 1500 530 1556 τήν
554 1502 786 1557 παρθηνίαν
814 1505 916 1544 Ven.
953 1528 1006 1535 -—
1066 1503 1091 1545 l.
1112 1504 1178 1544 21.
1226 1503 1280 1546 Οἱ
1306 1502 1386 1559 γὰρ
1415 1503 1474 1559 μὴ
1503 1503 1574 1550 διὰ
1600 1505 1646 1551 τὸ
1674 1505 1788 1563 αἰσχ.
1816 1503 1933 1561 ἀνθρ,
1961 1512 2068 1557 (τοῖς
2096 1507 2240 1563 deest)
2262 1509 2384 1562 Ven.,

455 1573 524 1628 qui
551 1574 592 1614 in
619 1589 731 1629 seqq.
766 1574 868 1615 facit
896 1589 986 1615 cum
1021 1574 1130 1629 vulg.
1163 1599 1219 1606 —
1275 1575 1302 1615 l.
1323 1575 1389 1616 25.
1435 1576 1532 1631 μίαν
1572 1574 1780 1632 ἀμαρτίαν
1811 1579 1916 1619 ven.
1973 1578 2087 1618 Idem
2126 1578 2251 1633 paulo
2287 1587 2386 1634 post

454 1649 637 1698 κρεῖττον
662 1643 733 1688 τὸν
760 1642 955 1689 πεσόντα.
995 1670 1038 1676 -·
1099 1646 1124 1686 I.
1142 1645 1209 1689 27.
1244 1648 1383 1703 λαβεῖν
1411 1645 1548 1704 ἑαυτῷ
1580 1649 1682 1690 Ven.
1717 1673 1765 1679 —
1825 1648 1851 1689 l.
1881 1649 2037 1703 penult.
2083 1648 2158 1692 καὶ
2185 1649 2385 1704 πονηρίας

452 1724 593 1757 tuetur
623 1716 749 1756 etiam
779 1718 972 1758 Venetus.
2148 1752 2151 1753 γ

566 1787 699 1845 Pag.
720 1788 848 1832 2⁰8.
904 1788 932 1831 l.
949 1787 987 1830 3.
1019 1788 1094 1837 δὲ,
1126 1797 1223 1829 ante
1247 1786 1366 1845 αὐτῷ
1385 1821 1397 1839 ,
1430 1803 1510 1830 om.
1537 1791 1640 1831 Ven.
1671 1813 1725 1822 -
1784 1791 1812 1831 l.
1835 1788 1874 1832 4.
1907 1790 2021 1832 Corr.
2046 1791 2383 1847 στεφανωθῆναι.

454 1883 500 1890 -
538 1858 565 1898 I.
585 1859 626 1899 5.
657 1855 793 1901 πάντα
823 1858 1061 1914 συνάγουσα
1091 1862 1196 1901 Ven.
1227 1885 1282 1892 -
1340 1860 1368 1900 l.
1386 1860 1424 1902 8.
1456 1859 1544 1915 καὶ,
1574 1870 1671 1902 ante
1696 1860 1766 1906 τὸν
1793 1861 2176 1917 μαργαρίτην,ὀῐιι.
2201 1864 2303 1903 Ven.
2330 1887 2383 1894 -

453 1929 480 1970 l.
506 1930 566 1971 10.
597 1923 768 1984 ἄσηπτα
794 1931 897 1971 Ven.
958 1932 1052 1973 Hoc
1079 1931 1364 1987 reponendum
1390 1941 1467 1972 est.
1499 1957 1552 1963 —-
1612 1933 1637 1973 l.
1664 1933 1725 1974 12.
1757 1932 1798 1976 ἐν
1824 1932 1910 1990 θεῷ
1928 1964 1938 1984 ,
1969 1933 2143 1988 θέμενος
2167 1932 2216 1978 δὲ
2242 1932 2284 1977 ἐν
2310 1937 2382 1979 δυ’

452 1998 575 2055 νάμει
605 2003 710 2042 ven.
738 2026 793 2033 -
852 2002 877 2042 1.
903 2003 965 2045 17.
1015 2000 1126 2060 ξύλῳ
1155 2004 1217 2060 τῷ
1241 2007 1299 2060 ,ἶ
1325 1999 1579 2053 πεπαικότες
1605 2005 1708 2044 Ven.
1771 2003 1881 2044 Idem
1909 2004 2034 2057 paulo
2065 2012 2162 2059 post
2187 2004 2384 2048 καταλεί-

453 2073 609 2125 ψαντες
633 2070 681 2116 δὲ
707 2070 778 2116 ἰὸν.
810 2095 867 2103 -
923 2073 951 2114 1.
980 2074 1042 2116 18.
1072 2073 1150 2128 τά,
1181 2083 1279 2116 ante
1303 2074 1546 2130 ἑρπετώδη,
1578 2089 1661 2116 om.
1692 2077 1792 2115 Ven.
1813 2106 1824 2123 ,
1867 2075 1935 2130 qui
1966 2077 2102 2130 pergit
2126 2077 2235 2130 πλη.
2374 2106 2384 2117 .

453 2157 589 2197 μωκει
627 2145 687 2199 τῷ
729 2141 1005 2199 γαυριάματι,
1049 2160 1140 2186 cum
1182 2146 1342 2188 lacuna.
1374 2171 1428 2177 -—
1485 2146 1513 2186 l.
1541 2147 1609 2188 22.
1652 2142 1723 2203 μβ’
1753 2140 1787 2200 η’
1819 2145 1891 2189 καὶ
1916 2142 1992 2203 ξβ’.
2021 2147 2124 2187 Ven.
2159 2169 2207 2176 -
2266 2146 2294 2187 l.
2315 2147 2383 2189 25.

452 2209 604 2269 όλίγων
629 2215 749 2259 τινῶν
775 2206 832 2257 ὧν
859 2213 1165 2271 ἐπεδογμάτισε
1192 2219 1295 2259 Ven.
1327 2242 1381 2248 —
1438 2216 1552 2260 1.29.
1583 2214 1653 2261 τὸν
1683 2212 1810 2260 αύτόν
1841 2213 1944 2260 εἶναι
1969 2214 2083 2267 υἱόν,
2113 2215 2170 2261 τὸ·
2194 2213 2296 2262 mir&
2323 2213 2385 2261 εἷ-

454 2300 519 2329 ναι
547 2281 662 2341 ἅγιον
692 2301 754 2329 πν.
789 2287 895 2327 Ven.
927 2311 980 2317 —
1038 2288 1065 2328 l.
1097 2287 1170 2328 ult.
1205 2288 1339 2328 Verba
1370 2286 1418 2332 δὲ
1449 2286 1581 2343 ἔχοντι
1609 2302 1690 2331 om.
1720 2290 1826 2329 Veu.
1886 2287 2000 2328 Idem
2039 2286 2141 2330 ibid.
2170 2288 2285 2344 φημὶ
2315 2286 2386 2344 δὴ.

565 2358 698 2414 Pag.
720 2358 848 2402 210.
905 2357 932 2398 1.
951 2358 988 2399 2.
1019 2356 1068 2401 τό
1100 2357 1148 2402 δὲ
1173 2356 1427 2414 φωτιστικὸν
1453 2360 1557 2398 Ven.
1617 2358 1735 2399 Idem
1761 2358 1786 2399 l.
1805 2359 1844 2401 3.
1876 2359 1958 2414 τῆς
1982 2357 2125 2414 πάσης
2150 2367 2192 2399 et
2218 2359 2243 2399 I.
2264 2360 2303 2401 5.
2333 2357 2387 2403 τὰ

452 2430 533 2483 τῆς
557 2424 835 2483 εύαγγελικῆς
873 2427 1122 2483 οἰκονομίας.
1157 2455 1204 2460 -
1267 2430 1294 2470 l.
1313 2429 1351 2470 6.
1397 2424 1534 2484 ὥςπερ
1565 2426 1643 2473 ὑπὸ
1668 2427 1792 2483 τῖλίου
1819 2428 2093 2485 πεμφθείσης
2121 2425 2288 2479 ἀκτῖνος
2315 2428 2389 2473 καὶ

452 2514 495 2542 π.
525 2498 586 2547 εἰς
609 2496 680 2542 τὸν
709 2493 825 2552 η’λιον
851 2495 1182 2554 ἀναδραμούσης
1209 2502 1309 2541 Ven.
1344 2525 1395 2531 ——
1455 2500 1480 2541 l.
1499 2501 1537 2542 ὃ.
1566 2500 1641 2543 καὶ
1659 2498 1858 2551 καθάπαξ
1883 2499 1957 2543 καὶ
1982 2497 2079 2543 καθ’
2102 2499 2261 2543 ἕκαστα
2285 2502 2387 2541 ven.

453 2594 508 2600 —-
537 2569 563 2609 l.
589 2569 648 2609 10.
681 2570 816 2610 Verba
847 2568 1018 2614 θάλπειν
1048 2585 1095 2613 τε
1120 2569 1193 2613 καὶ
1217 2595 1241 2601 -
1269 2595 1292 2601 -
1319 2595 1343 2602 -
1372 2566 1400 2615 ἃ
1427 2571 1727 2626 δογματίζουσι
1752 2571 1903 2612 absunt
1924 2586 1946 2611 a
1966 2573 2143 2612 Veneto.
2164 2594 2218 2603 —·
2276 2571 2303 2614 l.
2324 2570 2385 2613 12.

452 2641 650 2688 παλαιαῖς
686 2639 759 2683 καὶ
800 2640 912 2689 νέαις
949 2638 1178 2695 διαθήκαις
1214 2643 1316 2682 Ven.
1349 2668 1404 2673 -
1460 2642 1568 2684 1.15.
1607 2640 1668 2691 ὥς
1705 2639 1817 2685 εἶπεν
1848 2643 1953 2683 ven.
2013 2642 2076 2683 Ab
2104 2642 2253 2683 eodem
2278 2641 2385 2682 libro

453 2711 479 2751 l.
507 2709 567 2752 16.
615 2711 731 2751 abest
763 2725 844 2751 vox
875 2710 1018 2766 κύριος
1047 2720 1144 2752 ante
1175 2710 1248 2761 εἷς.
1310 2713 1422 2753 Idem
1460 2713 1559 2754 ibid.
1592 2713 1765 2768 praebet
1791 2710 1989 2769 ποιήσῃς.
2019 2737 2073 2745 -
2130 2712 2158 2755 l.
2183 2711 2246 2756 17.
2288 2710 2388 2762 θεὸς

453 2783 641 2837 πρῶτος,
682 2781 755 2824 καὶ
780 2779 885 2836 μετὰ
923 2784 1058 2825 ταῦτα
1085 2779 1130 2833 (0‘
1156 2792 1332 2839 utroque
1364 2784 1457 2825 loco
1484 2785 1618 2837 abest)
1648 2785 1752 2824 Ven.
1788 2808 1835 2814 —
1900 2784 1925 2824 1.
1952 2783 2012 2826 18.
2045 2778 2122 2826 ου’κ
2150 2782 2259 2826 ἔστιν
2293 2782 2386 2827 ἕτε-

455 2868 523 2907 ρος
553 2850 675 2908 (θεὸς
699 2852 831 2898 abest)
850 2887 860 2904 ‚
906 2852 979 2895 >eod
1005 2848 1089 2896 ὅσα
1112 2855 1283 2897 τοιαῦτα
1314 2853 1422 2899 κατὰ
1447 2857 1553 2895 Ven.
1616 2854 1728 2895 Idem
1755 2854 1781 2896 l.
1807 2854 1868 2897 19.
1901 2851 1983 2898 ἀπὸ
2012 2855 2084 2897 τοῦ
2127 2850 2384 2910 εὐαγγελίου.

452 2948 508 2956 -
537 2924 565 2964 l.
591 2923 656 2965 23.
691 2917 727 2981 ᾦ
752 2938 859 2972 τινες
887 2924 1009 2967 τοῦτο
1039 2919 1169 2979 ὄνομα
1194 2924 1402 2969 ἐπέθεντο.
1460 2922 1537 2969 Ἐν
1564 2927 1669 2966 ven.
1699 2950 1752 2957 -
1811 2925 1838 2965 l.
1858 2923 1927 2966 27.
1960 2926 2131 2980 Repone
2159 2921 2386 2980 ἀφελεστέ-

455 3010 536 3048 ρων
566 3009 616 3035 ex
638 2997 742 3035 Ven.
804 2995 917 3035 Idem
941 2995 967 3035 l.
986 2996 1054 3037 28.
1084 2994 1372 3050 γινωσκόντων
1392 2994 1470 3051 τὴν
1494 2991 1664 3050 πρώτην
1689 2995 1860 3050 πτύρσιν
1886 2991 2029 3045 αὐτοῖς
2047 2997 2154 3037 Ven.
2173 3019 2228 3027 —
2266 2994 2296 3036 l.
2314 2994 2383 3037 30.

453 3063 506 3108 τὰ
545 3066 685 3109 τέλεια
709 3067 789 3121 τῆς
827 3063 1032 3120 ἀληθείας
1072 3065 1204 3110 ἐπιστ.
1253 3069 1355 3107 Ven.
1391 3092 1437 3099 —
1501 3067 1528 3107 l.
1558 3067 1597 3110 7.
1624 3068 1675 3107 ab
1703 3067 1778 3107 inf.
1824 3063 2037 3120 ἀπατήσει
2074 3066 2147 3110 καὶ
2181 3062 2387 3119 πλανήσει

453 3138 557 3177 Ven.
587 3162 630 3168 —
700 3138 728 3177 l.
749 3136 788 3178 4.
817 3138 867 3178 ab
889 3136 965 3177 inf.
994 3138 1094 3192 τοῦ,
1125 3147 1222 3178 ante
1247 3138 1370 3186 θεοῦ,
1404 3152 1483 3180 om.
1509 3139 1610 3178 Ven.
1642 3161 1699 3169 --
1755 3138 1781 3178 l.
1810 3138 1882 3178 ult.
1912 3137 1985 3181 καὶ
2011 3137 2108 3193 μίαν
2139 3135 2252 3180 θεότ.
2281 3137 2384 3177 Ven.

567 3209 699 3266 Pag.
718 3208 846 3253 212.
903 3207 931 3248 l.
950 3207 989 3250 2.
1019 3210 1108 3258 τοῦ,
1140 3217 1237 3249 ante
1264 3206 1381 3258 εἶναι,
1413 3222 1493 3249 om.
1522 3211 1624 3249 Ven.
1688 3211 1791 3249 Item
1819 3206 1867 3253 τὸ
1895 3217 1991 3250 ante
2019 3203 2151 3263 ἅγιον.
2190 3229 2235 3236 -
2294 3206 2323 3247 l.
2342 3205 2383 3249 3.

454 3276 601 3322 ἑαυτόν
639 3293 737 3322 ποτε
777 3274 995 3332 ὠνόμασεν
1023 3281 1125 3320 Ven.
1188 3279 1301 3319 Idem
1342 3279 1446 3320 liber
1472 3279 1574 3320 ibid.
1605 3294 1688 3320 non
1716 3279 1904 3334 agnoscit
1929 3278 2052 3319 verba
2081 3276 2154 3320 καὶ
2178 3274 2250 3320 διὰ
2273 3275 2385 3330 Χρι-

455 3349 568 3392 στοῦ.
605 3374 651 3379 ———
715 3349 796 3391 l.6.
828 3351 1004 3403 Repono
1031 3347 1263 3406 συναλιφῆ,
1310 3359 1354 3389 ut
1380 3359 1443 3390 est
1471 3350 1513 3390 in
1542 3350 1633 3390 cod.
1661 3350 1834 3404 Rhedig.
1862 3358 1904 3389 et
1932 3350 2021 3389 Bas.
2046 3349 2229 3387 Venetus
2257 3348 2385 3388 habet

456 3419 699 3474 συναλείφη.
729 3444 786 3451 —-
842 3421 869 3462 l.
893 3422 931 3463 7.
977 3421 1150 3475 Repone
1174 3435 1221 3463 τε
1248 3421 1321 3464 καὶ
1350 3430 1446 3462 ante
1476 3418 1629 3475 δόξης,
1673 3435 1748 3475 pro
1776 3419 1950 3474 simplici
1980 3418 2065 3461 καὶ.
2129 3420 2208 3460 Pro
2240 3416 2383 3465 ἀΐδιό-

453 3505 577 3544 τητος
609 3492 713 3531 Ven.
746 3489 966 3545 ἰδιότητος.
1000 3516 1050 3523 --
1109 3492 1137 3532 1.
1159 3491 1197 3532 ὅ.
1227 3483 1279 3547 ἦν
1303 3489 1334 3545 τί
1363 3490 1483 3546 τριὰς
1508 3490 1626 3545 τριὰς
1656 3493 1760 3532 Ven.
1793 3515 1846 3522 —-
1906 3488 2018 3528 Idem
2049 3489 2076 3529 l.
2102 3487 2141 3530 9.
2175 3490 2251 3544 μία
2277 3482 2384 3534 οὖσα

454 3559 676 3616 κυριότης,
709 3562 784 3617 μία
811 3553 919 3605 οὖσα
942 3561 1158 3617 δοξολογία
1184 3561 1284 3617 (μία
1310 3561 1468 3616 θεότης
1496 3562 1663 3616 desunt)
1680 3589 1700 3612 ,-
1722 3558 1827 3604 ἀλλὰ
1853 3549 1943 3613 τρὶς
1966 3554 2250 3616 ἀριθμουμένη
2276 3563 2380 3602 Ven.

455 3655 510 3663 —-
537 3633 563 3672 I.
593 3635 652 3674 12.
686 3629 804 3677 οὐδὲν
835 3632 883 3676 δὲ
913 3635 1088 3687 παρηλλ.
1118 3635 1222 3673 Ven.
1252 3657 1307 3663 —
1363 3633 1392 3674 l.
1415 3633 1476 3674 15.
1524 3632 1693 3687 Con-ige
1717 3627 1974 3684 συναδελφός
2004 3624 2061 3672 ‹Bv
2089 3630 2235 3685 πατρὶ,
2278 3646 2382 3687 quae

455 3702 634 3742 omnium
664 3704 890 3753 librorum,
921 3703 1045 3744 etiam
1071 3703 1245 3752 Veneti,
1277 3703 1480 3757 scriptura
1506 3713 1580 3752 est,
1611 3709 1775 3757 praeter
1800 3699 1865 3740 ed.
1896 3701 2030 3740 Petav.
2060 3701 2203 3742 Colon.
2233 3703 2274 3743 in
2303 3718 2383 3757 qua

456 3771 581 3810 etiarn
610 3773 670 3827 τῷ
698 3789 774 3826 pro
802 3768 871 3816 ὢν.
904 3799 960 3805 -
1018 3774 1047 3814 l.
1075 3773 1136 3815 16.
1167 3774 1389 3817 διαλειπῶν
1422 3773 1520 3828 (sie)
1555 3775 1657 3812 Ven.
1691 3795 1741 3802 -
1801 3771 1827 3811 I.
1849 3770 1912 3812 17.
1946 3768 2215 3829 συνυπάρχων
2239 3772 2381 3826 πατρὶ,

458 3840 505 3889 ἐκ
532 3840 687 3895 πατρὸς
718 3844 820 3883 Ven.
865 3869 903 3875 --
967 3845 1070 3885 lbid.
1102 3844 1258 3898 corrige
1286 3844 1377 3891 ἴσος
1403 3837 1487 3891 ὧν,
1533 3851 1577 3883 ut
1604 3841 1753 3896 legitur
1779 3840 1822 3880 in
1847 3842 1948 3884 ven.
1975 3851 2018 3882 et
2050 3844 2134 3885 Bas.
2193 3843 2291 3885 Sola
2315 3843 2380 3884 ed.
