2508 4134
1089 208 1264 250 INDEX
1292 207 1497 250 RERUM.
2131 197 2230 247 777

345 310 442 354 Vita
480 323 581 366 quae
610 307 691 350 fuit
720 315 816 349 ante
850 307 980 361 legem
1020 306 1063 347 in
1090 320 1261 362 corpore

402 380 482 420 fuit
510 382 604 421 581.
842 385 859 404 ⁸
1755 375 1797 414 Ζ·

346 448 490 490 vitalis
515 446 740 490 haereticus
768 444 896 500 qualis
931 444 1054 486 fuerit
1079 445 1130 485 ab
1161 444 1261 499 Epi·
1318 445 1545 486 Zacchaeus
1574 444 1737 499 quidam
1760 443 1973 499 impostor,
2005 451 2047 484 et
2073 443 2156 484 eius
2173 443 2233 483 in-

400 517 552 573 phanio
580 514 822 557 describitur
851 517 972 558 1014.
1378 512 1561 555 stitutum
1593 516 1715 554 1094.

347 587 520 628 Uranias
547 586 764 641 episcopus
794 598 817 624 e
845 592 956 624 secta
988 582 1262 624 Audianorum
1319 587 1428 626 Zeno
1460 583 1645 638 princeps
1676 582 1905 623 stoicorum
1936 586 2000 623 12.

400 655 442 696 in
472 653 767 709 Mesopotamia
792 653 939 707 dogma
966 651 1134 692 Audiani
1161 665 1261 707 pro·
1319 653 1492 694 Zenonis
1523 652 1714 707 dogmata
1744 655 1808 692 12.

403 725 532 765 fessus
557 726 650 764 82⁷.
669 747 720 755 —-
764 731 808 763 ut
832 723 1016 763 Silvanus
1047 721 1261 776 episcopus
1318 726 1523 778 Zopyrum
1563 722 1769 763 crabronis
1810 735 1935 775 genus
1965 721 2076 776 quod
2106 721 2235 776 aptis-

400 793 444 836 in
475 793 627 835 Gothia
659 796 761 834 828.
1197 824 1204 829 .
1374 792 1474 833 sime
1512 800 1554 832 et
1580 792 1786 845 eleganter
1812 790 2053 832 describitur
2079 799 2121 831 et
2150 791 2235 831 Lu·—

774 918 816 958 Χ
1376 861 1491 902 ciano
1519 861 1729 902 haeretico
1758 868 1921 915 aptatur
1951 863 2070 912 387.)

1320 934 1537 973 Zoroaster
1574 931 1764 972 inventor
1791 930 1946 985 magiae
1981 944 2030 971 ac
2058 929 2238 971 astrolo-

348 1000 623 1045 Xenodochia
659 1015 778 1056 quem
813 1000 853 1041 in
881 1013 993 1041 usum
1024 999 1074 1040 ab
1101 999 1263 1054 episco-
1375 1000 1465 1055 giae
1496 1004 1533 1041 ⁷.

403 1072 468 1128 pis
497 1079 731 1113 constructa
760 1072 854 1111 905.
1320 1071 1803 1112 Zoroaster'Bactrorum
1831 1070 2017 1112 conditor
2047 1073 2084 1110 7.

463 1394 569 1447 Pag.-
588 1396 627 1434 2.
656 1391 699 1433 in
727 1390 994 1447 inscriptione
1022 1391 1091 1433 lin.
1122 1396 1159 1433 1.
1202 1406 1358 1447 repone
1397 1392 1481 1434 EN
1511 1391 1619 1434 ΤΩΙ
1650 1390 1887 1434 ΠΡΩΤΩΙ
1916 1405 1993 1447 pro
2021 1390 2103 1434 EN
2134 1390 2239 1433 ΤΩΙ

352 1460 579 1507 ΤΡΙΤΩῙ.
