2508 4134
251 820 337 857 pag.
362 811 436 848 14⁰.

467 262 570 314 560
1177 271 1385 314 SANGTI
1410 273 1702 315 EPIPHANII

611 373 931 433 Νικολαῖται,
969 365 1067 420 ἆπὸ
1096 368 1351 422 Νικολάου
1375 376 1465 426 τοῦ
1496 372 1577 424 ἐπὶ
1602 378 1708 433 ταῖς
1738 369 1907 441 χήραις
1933 368 2032 424 find
2057 377 2156 431 τῶν
2184 369 2395 426 ἀποστό-

465 459 564 506 λων
590 454 880 519 ταχθέντος,
925 450 1085 505 13διοὶ
1113 458 1253 520 ζῆλον
1278 460 1367 522 τῆς
1396 457 1525 518 ἰδίας
1553 463 1766 525 γαμετῆς
1790 456 1880 524 τὴν
1911 458 2261 527 αἰσχρουργίαν
2293 455 2396 525 ἅμα

465 545 571 600 τοῖς
613 535 776 600 ἄλλοις
819 540 1050 591 ἐπιτελεῖν
1089 537 1206 601 τούς
1251 541 1430 594 ἑαυτοῦ
1472 540 1703 609 μαθητάς
1742 541 1971 610 διδάξας,
2025 544 2111 595 καὶ
2149 543 2262 613 περὶ
2307 547 2396 596 τοῦ

469 621 773 677 Καυλακαᾶκ
802 625 886 677 καὶ
930 630 986 660 ¹4
1007 628 1294 694 Προυνίκου
1317 627 1402 679 καὶ
1430 624 1586 680 ἄλλων
1623 630 1940 696 βαρβαρικῶν
1977 626 2235 696 ὀνομάτων
2271 628 2395 695 εἰςη-

466 708 754 779 γησοὲμενος.

613 795 913 859 Γνωστικοὶ,
966 792 1055 857 τοὶς
1097 794 1252 857 αὐτάς
1291 798 1497 866 αἷρέσεις
1533 796 1892 864 διαδεξάμενοι,
1943 799 2090 852 πλέον
2127 799 2214 852 καὶ
2255 794 2397 851 αὐτοὶ

466 879 666 934 πάντων
702 878 794 947 την
833 878 1125 949 αἰσχρότητα
1163 884 1390 950 ἐμμανῶς
1431 883 1764 953 ἐργαζόμενοι,
1816 885 1868 936 ἐν
1886 883 2125 957 Αἰγύπτῳ
2155 884 2209 936 δὲ
2237 888 2396 954 Στρα-

467 968 684 1020 τιωτικοὶ
719 964 1039 1033 καλούμενοι,
1093 970 1178 1020 καὶ
1220 972 1541 1035 Φιβιωνῐται,
1596 970 1648 1021 ἐν
1679 969 1731 1021 δὲ
1761 975 1864 1030 τοῖς
1894 967 2206 1040 ἄνωτερικοῖς
2237 970 2396 1039 μέρεσι

467 1053 847 1116 Σεκουνδιανοὶ,
885 1053 938 1104 ἐν
964 1049 1126 1114 ἄλλοις
1153 1053 1204 1105 δὲ
1232 1055 1395 1123 μέρεσι
1423 1059 1758 1122 Σωκρατῖται,
1807 1053 1944 1125 παρά
1967 1055 2028 1108 δὲ
2057 1056 2241 1125 ἑτέροις
2268 1059 2395 1107 Ζακ-
2431 1060 2434 1063 ’

465 1145 620 1206 χαῖοι·
673 1134 809 1191 ὅῖλλοι
849 1137 902 1189 δὲ
942 1142 994 1172 ¹⁵
1016 1136 1301 1201 Κοδιανοῦς
1339 1137 1524 1200 αὐτούς
1557 1140 1780 1209 λέγουσι,
1834 1138 1967 1193 ἄλλοι
2005 1141 2059 1194 δὲ
2093 1142 2400 1210 Βορβορίτας

468 1221 652 1284 αὐτούς
684 1227 900 1276 καλοῦσι.

612 1310 1075 1378 Καρποκρατιανοὶ,
1115 1308 1218 1362 ἆπὸ
1253 1307 1650 1380 Καρποκράτους
1677 1309 1810 1372 τινός
1836 1316 1934 1363 τῶν
1963 1313 2015 1364 ἐν
2041 1317 2102 1384 τῇ
2124 1310 2293 1384 Ἀσίᾳ,
2344 1309 2399 1373 ὃς

469 1396 692 1448 ἐδίδασκε
721 1399 888 1448 πᾶσαν
916 1397 1258 1464 αἰσχρουργίαν
1289 1396 1518 1459 ἐκτελεῖν,
1568 1397 1651 1447 καὶ
1685 1402 1787 1449 πᾶν
1816 1396 2115 1464 ἐπιτήδευμα
2147 1394 2397 1466 ἁμαρτίας.

470 1481 573 1532 Καὶ
604 1482 649 1532 εἰ
674 1478 741 1547 μή
770 1501 841 1541 τις
869 1478 951 1532 διὰ
979 1478 1208 1545 πάντων,
1261 1482 1413 1548 φησὶ,
1463 1482 1721 1554 παρέλθῃ,
1773 1483 1858 1534 καὶ
1892 1480 1948 1535 τό
1974 1483 2167 1550 θέλημα
2197 1481 2398 1536 πάντων

469 1564 721 1633 δαιμόνων
745 1567 830 1617 καὶ
855 1564 1071 1635 ἀγγέλων
1108 1567 1362 1631 ἐκτελέσει,
1415 1566 1477 1619 οὐ
1515 1565 1719 1620 δύναται
1746 1565 2019 1638 ’ὑπερβῆναι
2047 1570 2116 1630 εἰς
2136 1566 2223 1621 τόν
2250 1564 2399 1637 ούρα-

468 1650 584 1716 νὸν,
624 1651 742 1704 οὐδὲ
770 1649 856 1713 τοὶς
883 1649 1058 1721 ἆρχοὶς,
1098 1653 1183 1705 καὶ
1207 1650 1293 1713 τοὶς
1318 1654 1542 1715 ἐξουσίας
1568 1659 1846 1723 παρελθεῖν.
1905 1652 2076 1723 ’Ἐλεγε
2103 1653 2155 1705 δὲ
2182 1650 2269 1706 τόν
2299 1650 2400 1721 Ἰη-

469 1742 591 1790 σοῦν
630 1734 798 1804 ψυχὴν
830 1736 1009 1806 νοερᾶν
1047 1738 1326 1805 εἰληφέναι,
1380 1737 1544 1791 εἰδότα
1569 1739 1622 1791 δὲ
1648 1736 1708 1791 τοὶ
1737 1737 1838 1792 ἅνω
1873 1741 1957 1793 καὶ
1983 1737 2043 1792 τοὶ
2070 1741 2290 1792 ἐνταῦθα
2314 1760 2400 1792 κα-

469 1824 767 1893 ταγγέλλειν,
804 1824 889 1875 καὶ
921 1820 987 1884 ὥς
1016 1825 1063 1876 εἴ
1085 1845 1158 1885 τις
1189 1822 1415 1893 πράξειεν
1443 1823 1589 1892 ὅμοια
1614 1830 1682 1897 τῷ
1712 1822 1910 1892 Ἰησοῦ,
1947 1821 2052 1877 κατ’
2079 1823 2231 1877 αὐτόν
2260 1821 2397 1878 εἶναι.

479 1907 577 1961 Τὸν
600 1908 654 1960 δὲ
681 1906 836 1975 νόμον
877 1906 968 1961 σύν
998 1914 1057 1982 τῇ
1086 1914 1185 1961 τῶν
1220 1914 1407 1978 νεκρῶν
1447 1908 1708 1963 ἀναστάσει
1749 1909 2069 1981 ἀπαγορεύει,
2125 1907 2192 1972 οἷς
2217 1912 2272 1962 αἱ
2295 1907 2397 1962 ἇπό

470 1998 701 2063 Σίμωνος
742 1995 964 2063 αἱρέσεις.
1047 1993 1238 2048 Τούτου
1283 1996 1478 2065 γέγονεν
1516 1993 1550 2062 ἦ
1579 1997 1632 2048 ἐν
1659 1993 1817 2069 Ῥώμῃ
1854 1998 2184 2065 Μαρκελλίνα.
2253 1994 2400 2049 Εἰκό-

469 2102 558 2142 νας
591 2080 643 2132 δὲ
670 2077 881 2147 ποιήσας
907 2081 959 2132 ἐν
983 2086 1154 2154 κρυφῇ
1180 2077 1364 2147 Ἰησοῦ,
1402 2081 1485 2133 καὶ
1521 2080 1743 2147 Παύλου,
1781 2083 1867 2135 καὶ
1886 2079 2136 2151 Ὁμήρου,
2176 2082 2261 2134 καὶ
2291 2086 2396 2134 Πυ-

470 2163 725 2236 θαγόρου,
763 2163 942 2227 ταύτας
979 2168 1166 2234 ἐθυμία
1199 2168 1286 2219 καὶ
1323 2164 1626 2237 προςεκύνει.

615 2423 949 2491 Κηρινθιανοὶ
975 2423 1060 2473 καὶ
1086 2425 1465 2492 Μηρινθιανοὶ,
1516 2425 1568 2476 οἷ
1595 2421 1691 2476 ἆπὸ
1722 2426 1984 2492 Κηρίνθου
2011 2425 2097 2476 καὶ
2123 2426 2402 2495 Μηρίνθου

469 2505 737 2573 Ἰουδαῖοι,
787 2508 961 2567 οἵτινες
1001 2506 1268 2576 περιτομὴν
1295 2506 1523 2576 αύχοῦσι,
1572 2510 1658 2562 καὶ
1686 2507 1873 2575 κόσμον
1901 2506 1999 2562 ύπὸ
2031 2507 2244 2580 ἆγγέλων
2273 2530 2397 2580 γεγε-

471 2598 683 2660 νῆσθαι,
721 2588 806 2643 τὸν
843 2591 897 2643 δὲ
929 2589 1130 2659 Ἰησοῦν
1167 2591 1292 2646 κατα
1330 2592 1593 2664 προκοπὴν
1635 2592 1851 2664 Χριστόν
1886 2600 2153 2648 καλεῖσθαι.

617 2767 926 2831 Ναζωραῖοι,
964 2761 1160 2831 Ἰησοῦν
1190 2765 1277 2831 μὲν
1304 2762 1659 2836 ὁμολογοῦντες
1685 2763 1797 2819 υἷὸν
1818 2771 1973 2831 θεοῦ,
2010 2763 2171 2819 πάντα
2203 2766 2256 2819 δὲ
2278 2764 2402 2820 κἀτᾶ

471 2848 627 2918 νόμον
663 2847 1044 2916 πολιτευόμενοι.

609 2931 912 3002 Ἐβιωναῖοι,
966 2939 1319 3004 παραπλησίως
1362 2941 1464 2989 τῶν
1505 2938 1875 3006 προειρημένων
1920 2941 2274 3006 Κηρινθιαναῖν
2314 2938 2402 2990 καὶ

474 3022 807 3090 Ναζωραίων,
846 3018 921 3083 οἷς
949 3020 1189 3088 συνήφθη
1218 3019 1343 3075 κατά
1372 3043 1417 3074 τι
1445 3019 1479 3088 ἦ
1503 3027 1602 3074 τῶν
1625 3026 1909 3090 Σαμψαίων
1934 3043 1983 3074 τε
2009 3023 2092 3074 καὶ
2115 3019 2402 3075 Ἑλκεσαίων

475 3109 680 3176 αἵρεσις·
734 3109 785 3158 οἳ
808 3104 893 3159 τόν
928 3106 1144 3176 Χριστόν
1172 3126 1325 3173 φασιν
1352 3109 1577 3160 ἐκτίσθαι
1608 3109 1660 3160 ἐν
1687 3114 1753 3180 τῷ
1784 3108 1980 3179 οὐρανῷ
1997 3147 2009 3171 ,
2063 3108 2148 3159 καὶ
2177 3104 2231 3159 τὸ
2260 3105 2402 3178 ἅγιον

473 3198 689 3260 πνεῦμα,
743 3190 1079 3259 ἐνδημήσαντα
1118 3193 1250 3245 δὲέν
1286 3197 1354 3264 τῷ
1378 3190 1543 3260 Ἀδάμ
1581 3199 1803 3262 πρῶτον,
1854 3194 1939 3246 καὶ
1965 3189 2088 3245 κατὰ
2126 3189 2402 3260 καιρὸνέν-

475 3275 719 3345 δυόμενον
745 3275 899 3330 αὐτόν
925 3275 1011 3329 τόν
1033 3275 1213 3344 Ἀδάμ,
1251 3279 1333 3330 καὶ
1363 3275 1509 3330 πάλιν
1535 3277 1844 3346 ἐκδυόμενον.
1928 3283 2083 3329 Τοῦτο
2120 3283 2172 3313 ¹⁶
2190 3275 2282 3347 γάρ
2305 3299 2398 3344 φα·

477 3380 558 3415 σιν
586 3363 958 3415 ἐπιτετελεκέναι
995 3360 1149 3415 αὐτὸν
1187 3364 1239 3415 ἐν
1274 3368 1336 3435 τῇ
1369 3361 1589 3435 ἐνσάρκῳ
1629 3361 1782 3416 αὐτοῦ
1826 3365 2087 3434 παρουσίᾳ.
2159 3360 2402 3416 Ἰουδαῖοι

476 3448 531 3500 δὲ
563 3445 698 3510 ὅντες
724 3445 1017 3517 εὐαγγελίοις
1043 3450 1313 3517 κέχρηνται.
1387 3452 1743 3517 Σαρκοφαγίαν
1767 3445 2128 3515 βδελύττονται,
2183 3446 2237 3501 τὸ
2263 3447 2399 3518 ὕδωρ

478 3533 532 3585 δὲ
559 3530 669 3585 οἷντὶ
699 3538 824 3585 θεοῦ
866 3535 1056 3600 ἔχουσι,
1108 3531 1192 3586 τὸν
1222 3533 1274 3585 δὲ
1311 3530 1528 3602 Χριστόν
1556 3531 1832 3603 ἄνθρωπον
1860 3533 1909 3584 ἒν
1933 3536 1991 3604 τῇ
2025 3531 2245 3606 ἐνσάρκῳ
2277 3554 2401 3602 παρ-

477 3620 622 3689 ουσίᾳ
666 3616 986 3683 ἐνδεδύσθαι,
1039 3615 1106 3679 ὥς
1149 3620 1289 3685 ἔφην.
1381 3623 1609 3685 Συνεχῶς
1650 3617 1701 3670 δὲ
1745 3619 2054 3684 βαπτίζονται
2107 3619 2158 3670 ἐν
2201 3626 2303 3681 τοῖς
2346 3617 2400 3671 ῦ-

537 3759 599 3800 13.
638 3762 778 3812 Repete
816 3756 864 3811 ὃς
898 3775 1110 3814 pronomen
1149 3774 1197 3803 ex
1224 3774 1315 3830 υοοε
1341 3775 1413 3803 τα·
1530 3757 1595 3802 14.
1622 3760 1839 3812 προυνικοῦ
1870 3762 1981 3801 codd.
2011 3774 2100 3804 mss.
2131 3767 2297 3813 uterque.

480 3814 665 3870 χθέντος.
1531 3818 1592 3858 15.
1625 3819 1775 3868 Repone
1805 3816 2072 3867 Κοδδιανούς.
