2508 4134
554 269 776 309 PANARu
805 269 904 309 me.
936 269 1005 307 111.
1035 268 1166 308 TOM.
1196 268 1247 307 ιι.
1278 266 1437 306 HAER.
1466 264 1684 304 Lxxvn.
1962 247 2063 298 399

164 386 282 437 quos
311 368 582 435 eripuerat,
637 366 864 416 comitatu
905 373 1070 432 septus
1113 373 1219 431 post
1248 365 1455 414 triduum
1488 378 1660 413 revera
1699 378 1805 411 cum
1835 375 2060 427 corpore,

166 452 353 515 anima,
420 452 634 518 adeoque
684 458 784 499 toto
830 449 934 517 ipso
982 448 1113 498 velut
1157 448 1477 497 instrumento
1511 444 1728 496 surrexit
1774 460 1802 494 a
1843 442 2061 493 mortuis.

166 534 353 586 Deinde
384 534 695 601 quadraginta
731 533 898 583 diebus
940 549 1044 582 cum
1077 529 1321 598 discipulis
1351 539 1573 581 versatus
1603 538 1706 593 est3
1760 526 1930 595 quibus
1957 544 2063 577 cum
2122 536 2253 570 Act-1-

165 619 212 670 in
245 616 498 670 Olivarum.
539 626 700 687 monte
739 634 912 667 revera
957 614 1322 675 benedixisset,
1374 614 1421 662 in
1456 614 1639 663 coelum
1679 612 1938 662 subvectus
1971 619 2064 673 est,

165 719 368 769 eumque
410 701 627 770 discipuli
671 702 727 751 ad
762 700 912 751 nubes
952 716 1102 766 usque
1134 697 1415 748 subeuntem
1447 698 1697 760 viderunt,
1752 705 1798 745 et
1828 697 1884 747 ad
1919 695 2066 764 patris

166 786 414 836 dexteram
445 801 618 836 revera
645 785 1002 844 considentem,
1043 799 1247 850 corpore
1280 781 1412 849 ipsc,
1456 781 1702 830 divinitate
1722 819 1735 843 ,
1776 797 1831 830 ac
1861 789 1958 830 tota
1986 780 2066 830 de-

164 870 306 936 nique
347 886 483 936 quam
518 876 843 937 assumpserat
880 866 1085 918 hominis
1134 874 1336 928 natura3
1387 882 1479 932 quo
1511 864 1556 913 in
1590 864 1934 914 incarnationis
1965 882 2068 932 my·

163 952 315 1004 sterio
340 953 388 1002 in
415 970 557 1003 unum
584 952 742 1003 omnia
765 951 884 1002 etin
910 951 1108 1001 eandem
1136 949 1398 1018 spiritalem
1423 948 1765 1016 perfectionem
1795 947 2064 1010 coniunxit,

166 1037 283 1086 deus
333 1035 495 1104 utique
534 1037 581 1089 in
615 1036 766 1103 gloria
812 1035 1068 1086 considens
1108 1043 1156 1084 et
1182 1034 1238 1083 ad
1277 1033 1417 1083 vivos
1449 1041 1759 1099 mortuosque
1790 1032 2068 1082 iudicandos

167 1137 283 1172 vere
308 1120 561 1188 aliquando
589 1129 843 1172 venturuS.
918 1117 1053 1169 Nihil
1080 1117 1225 1184 igitur
1250 1117 1298 1167 in
1329 1117 1409 1167 illo
1434 1116 1675 1166 diversum
1704 1133 1761 1165 ac
1791 1116 2068 1184 discrepans

166 1214 267 1268 est,
308 1204 392 1254 sed
431 1205 588 1255 omnia
626 1205 675 1255 in
704 1205 808 1273 ipso
837 1204 1048 1271 perfecta
1084 1204 1392 1269 perfecteque
1424 1217 1623 1268 prorsus
1661 1199 1925 1250 elaborata.

306 1285 404 1340 Sed
432 1306 539 1339 cum
573 1290 629 1339 de
667 1288 737 1338 his
767 1287 952 1340 abunde
991 1287 1223 1336 hactenus
1258 1285 1415 1353 egisse
1451 1285 1727 1346 videamur,
1784 1301 1904 1351 quae
1943 1283 2069 1334 dicta
2139 1295 2251 1335 CAP.

164 1381 277 1423 sunt
304 1389 412 1423 esse
439 1373 556 1423 satis
584 1371 891 1423 arbitramur.
970 1368 1108 1437 Quae
1139 1387 1257 1421 vero
1289 1370 1345 1420 de
1374 1368 1551 1419 ceteris
1577 1369 1852 1420 vanissimis
1880 1368 2066 1417 illorum
2085 1351 2305 1392 XXXVH.

166 1456 467 1524 dogmatibus
512 1474 577 1507 ex
600 1457 800 1507 aliorum
832 1457 1110 1506 narratione
1143 1453 1420 1517 didicimus,
1475 1453 1757 1522 explicanda
1792 1452 2067 1502 necessario

165 1549 295 1591 sunt.
374 1537 675 1608 Quamquam
715 1541 782 1590 ita
825 1540 942 1590 haec
973 1540 1032 1590 ab
1068 1539 1161 1589 illis
1200 1537 1467 1606 praedicari
1499 1539 1705 1588 nondum
1738 1538 1933 1587 omnino
1963 1555 2070 1605 per-

165 1642 361 1675 suasum
390 1625 638 1676 babemus.
712 1623 980 1692 Utcumque
1015 1641 1133 1674 vero
1163 1640 1216 1673 se
1246 1640 1324 1673 res
1351 1622 1540 1686 habeat,
1573 1640 1695 1690 quae
1724 1622 1783 1672 ab
1816 1622 1920 1672 aliis
1946 1622 2070 1672 acci-

165 1709 318 1778 pimus
358 1726 453 1759 non
492 1708 834 1759 dissimulanda
872 1709 1162 1776 putavimuS.

306 1792 413 1845 Hoc
446 1792 571 1843 enim
604 1793 839 1843 affirmare
871 1793 1086 1861 plerique
1119 1810 1215 1842 non
1247 1792 1490 1854 dubitant,
1545 1792 1772 1859 quosdam
1804 1809 1867 1841 ex
1897 1790 1989 1841 illis
2019 1791 2066 1840 in

166 1894 221 1928 ea
252 1895 359 1929 esse
384 1876 655 1940 sententia,
708 1874 917 1927 Mariam
957 1886 1061 1945 post
1103 1877 1277 1927 editum
1313 1873 1559 1927 Christum
1589 1894 1692 1926 cum
1727 1873 1932 1943 losepho
1964 1876 2068 1925 viro

165 1980 253 2013 suo
302 1961 695 2013 consuetudinem
735 1961 978 2011 habuisse.
1072 1958 1212 2027 Quod
1255 1960 1311 2010 ab
1354 1960 1447 2010 illis
1496 1961 1766 2010 asseverari
1811 1959 2068 2028 permirum

165 2046 278 2096 mihi
308 2047 515 2097 videtur.
592 2043 700 2096 Nec
732 2045 905 2095 desunt
933 2045 1008 2094 alii
1039 2045 1116 2111 qui
1145 2044 1194 2094 in
1226 2045 1393 2095 eodem
1425 2061 1593 2095 errore
1624 2054 1909 2107 versantur,
1952 2062 2068 2112 quos

164 2130 292 2181 inter
318 2129 650 2181 schismaticos
690 2131 1048 2180 numeravimus
1082 2129 1130 2178 in
1174 2147 1230 2179 ea
1260 2129 1461 2196 epistola
1490 2146 1627 2196 quam
1668 2127 1928 2178 amicorum
1962 2129 2070 2178 hor-

166 2223 270 2266 tatu
294 2215 527 2265 adversus
553 2212 679 2264 illius
704 2213 938 2281 dogmatis
967 2221 1195 2281 patronos
1227 2213 1283 2262 ad
1311 2213 1566 2264 nonnullos
1593 2213 1640 2262 in
1668 2213 1852 2263 Arabia
1877 2213 2071 2281 scripsi-

169 2317 303 2363 mus;
343 2299 391 2349 iu
427 2316 517 2367 qua
548 2297 760 2366 pluribus
802 2307 966 2348 contra
1010 2297 1118 2348 illos
1165 2298 1222 2347 de
1253 2297 1342 2347 boc
1384 2306 1668 2365 argumento
1703 2297 2066 2366 disputavimus.

167 2381 290 2433 Eam
319 2400 407 2433 nos
435 2400 555 2434 vero
585 2382 835 2445 haeresin,
891 2382 1153 2451 opitulante
1185 2382 1302 2445 de0,
1343 2381 1603 2450 separatim
1642 2399 1701 2432 ac
1732 2399 1821 2432 suo
1848 2383 1954 2433 loco
1987 2400 2070 2450 po-

169 2477 273 2518 stea
309 2483 650 2535 proponemus.

307 2549 407 2601 lam
438 2567 555 2600 vero
596 2550 737 2599 etiam
768 2550 857 2601 hoc
887 2550 1183 2619 Apollinaris
1222 2568 1332 2601 esse
1360 2551 1605 2601 decretum
1637 2551 1849 2602 nonnulli
1880 2551 2068 2619 praedi-

170 2643 309 2697 cant,
363 2635 412 2684 in
453 2633 599 2702 priori
640 2635 997 2685 resurrectione
1043 2636 1168 2685 mille
1207 2653 1294 2686 nos
1322 2653 1556 2686 annorum
1594 2636 1795 2704 spatium
1826 2635 1993 2685 iisdem
2023 2636 2069 2685 in

168 2718 297 2771 vitae
323 2717 554 2769 institutis
576 2757 588 2780 ,
631 2717 799 2785 quibus
831 2736 956 2769 nunc
982 2719 1187 2782 utimur,
1244 2737 1353 2770 esse
1382 2721 1716 2783 confecturos,
1758 2730 1810 2770 ut
1838 2729 1884 2770 et
1915 2721 2068 2787 legem

169 2821 275 2854 cum
301 2803 407 2854 aliis
437 2803 753 2853 observemus
784 2803 1030 2866 omnibus,
1073 2812 1120 2853 et
1153 2803 1374 2871 quicquid
1408 2813 1482 2854 est
1511 2805 1558 2854 in
1590 2806 1793 2868 mundo,
1850 2805 1975 2872 quod
2011 2804 2068 2854 ad

169 2905 304 2938 usum
335 2887 659 2955 quotidianum
696 2886 930 2953 pertinet,
973 2887 1104 2937 velut
1131 2889 1349 2956 nuptias,
1406 2889 1849 2951 circumcisionem,
1906 2906 1961 2938 ac
1991 2905 2070 2938 ce-

168 2981 271 3023 tera
302 2972 491 3034 omnia,
545 2971 900 3038 participemus.
978 2968 1259 3022 Cuiusmodi
1304 2973 1361 3022 ab
1401 2972 1482 3023 illo
1525 2974 1696 3039 dogma
1735 2973 1923 3022 defendi
1959 2990 2069 3040 per—

169 3057 374 3107 suadere
405 3055 542 3105 nobis
572 3055 767 3104 omnino
808 3072 900 3103 non
933 3072 1203 3122 possumus.
1282 3053 1581 3124 Quamquam
1615 3057 1744 3107 illum
1776 3065 2069 3107 assertorem

171 3156 280 3191 esse
318 3157 345 3190 a
385 3138 625 3189 nonnullis
665 3138 956 3206 accepimuS.

309 3221 538 3275 Ceterum
572 3223 628 3273 de
657 3223 745 3272 lioc
775 3221 1042 3272 millenario
1071 3232 1283 3291 tempore
1310 3224 1482 3274 alicubi
1502 3264 1514 3287 ,
1572 3225 1661 3275 hoc
1687 3234 1762 3275 est
1791 3226 1839 3274 in
1872 3223 2068 3275 loannis

169 3299 496 3376 Apocalypsi,
541 3311 827 3356 mentionem
861 3307 990 3369 fieri,
1042 3316 1090 3356 et
1118 3324 1223 3357 eum
1252 3307 1421 3357 librum
1449 3326 1473 3357 a
1503 3309 1742 3376 plerisque
1769 3309 1896 3358 inter
1926 3327 2070 3359 cano-

171 3392 305 3442 nicos
334 3391 503 3459 recipi,
545 3392 756 3458 religiosi
785 3391 1002 3441 homines
1033 3409 1126 3440 non
1155 3391 1395 3457 ignorant.
1476 3390 1656 3442 Verum
1683 3393 1746 3442 ita
1777 3393 2067 3460 complures,

169 3474 414 3543 iidemque„
436 3475 497 3545 pii
527 3494 582 3526 ac
615 3475 897 3543 spiritalium
931 3492 1089 3525 rernm
1118 3474 1278 3542 periti,
1320 3475 1367 3524 iu
1398 3475 1525 3525 illius
1554 3476 1760 3526 lectione
1791 3486 2067 3541 versantur,

171 3567 222 3609 ut
261 3577 382 3627 quae
426 3560 474 3609 in
516 3560 619 3628 ipso
659 3560 918 3627 spiritalem
963 3576 1158 3610 sensum
1193 3558 1437 3609 continent
1471 3559 1787 3627 accipientes,
1843 3579 1959 3613 vera
1989 3562 2070 3613 illa

173 3644 388 3710 quidem,
444 3644 526 3694 sed
569 3645 726 3695 altiori
755 3645 953 3712 quadam
985 3643 1297 3710 intelligentia
1331 3643 1570 3711 explicata
1605 3645 1861 3696 fateantur.
1938 3644 2065 3697 Nam
