2508 4134
466 253 568 306 284
1177 264 1384 306 SANCTI
1411 264 1696 308 EPIPHANII

461 383 547 415 νον
571 359 693 429 ἡμῖν
720 360 894 433 λόγον,
947 360 1359 432 ὁμολογουμένων
1386 362 1587 418 πάντων
1625 369 1724 418 τῶν
1758 366 2084 434 κεκτισμένων
2118 364 2242 424 εἶναι
2277 368 2396 438 ἀλη-

258 469 342 506 pag.
365 461 439 498 967.
463 452 597 512 θῶς,
655 449 737 500 καὶ
767 444 859 517 οὖχ
899 449 1059 502 ἕνεκεν
1096 447 1422 520 προςλήψεως
1450 448 1599 518 δόξης
1639 456 1745 523 θεῷ
1779 456 1922 524 ιΞτῷ
1949 451 2169 507 ἀνενδεεῖ
2198 455 2397 523 ἐπινοη-

459 533 676 586 θέντων·
730 532 889 605 ὥςπερ
940 535 1026 588 καὶ
1055 536 1150 589 ἐπὶ
1185 541 1275 589 τοῦ
1307 541 1633 606 μονογενοῦς,
1688 537 1771 589 καὶ
1812 538 1894 590 ἐπὶ
1927 543 2018 591 τοῦ
2058 535 2202 609 ἆγίου
2237 539 2396 594 αὐτοῦ

459 616 739 686 πνεύματος
779 617 842 673 οὕ
875 619 931 673 τό
963 623 1071 675 ἰ’σον
1098 621 1198 674 ἔστι
1227 622 1382 692 λέγειν
1410 627 1509 675 τῶν
1537 628 1767 675 κτιστῶν·
1808 622 2102 678 ἀνένδεκτον
2126 623 2220 697 γάρ
2245 631 2395 681 τοῦτο

456 705 622 774 λέγειν.
693 703 815 758 Ἀλλ’
850 703 1024 774 ἐπειδὴ
1056 705 1407 777 συλλογισμούς
1438 706 1550 776 ἥκει
1581 709 1748 779 φέρων
1779 706 1899 777 ἡμῖν
1925 707 2111 774 Ἀέτιος
2141 729 2397 782 μεταρσιο-

455 795 662 856 λεκτῶν,
700 792 785 845 καὶ
813 789 940 860 πρὸς
969 790 1031 844 τά
1056 790 1160 846 ἀνω
1193 799 1447 864 τολμηρῶς
1474 793 1882 862 ἀποτεινόμενος,
1930 794 2031 849 ἀπὸ
2058 796 2113 850 δὲ
2137 802 2237 851 τῶν
2259 794 2396 852 κάτω

457 875 967 947 ἀντισυλλογιζόμενος
1004 877 1308 946 κτισμάτων,
1362 880 1448 932 καὶ
1491 877 1645 942 αὐτός
1689 881 1842 948 μηδὲν
1882 879 2231 953 εὑρισκόμενος
2268 881 2397 938 κατά

456 959 544 1015 τόν
575 962 937 1034 συλλογιστικὸν
964 963 1121 1018 αὐτοῦ
1142 963 1301 1035 λόγον.
1364 963 1441 1016 “H
1461 986 1511 1018 τε
1533 963 1627 1035 γάρ
1658 970 1809 1033 σοφία
1840 964 2129 1038 ἀνθρώπων
2162 969 2394 1039 παρέρχε·

454 1069 556 1114 ται,
607 1046 642 1117 ἥ
675 1070 726 1102 τε
756 1049 1093 1120 συλλογιστικὴ
1130 1053 1256 1114 λέξις
1287 1048 1575 1121 ἀνθρώπων
1607 1049 1866 1106 θάπτεται.
1932 1053 2263 1118 Ἐξελεύσεται
2298 1053 2394 1127 γάρ

455 1131 509 1187 τὸ
543 1139 739 1204 πνεῦμα
765 1136 948 1203 αὐτοῦ,
986 1138 1072 1190 καὶ
1103 1137 1384 1208 ἐπιστρέψει
1414 1138 1483 1198 εἰς
1508 1135 1592 1190 τόν
1616 1142 1734 1206 χοῦν
1757 1139 1929 1192 αὐτοῦ.
2010 1138 2082 1193 Td
2109 1137 2203 1212 γάρ
2229 1146 2397 1196 συλλο-

454 1218 646 1290 γιστικά
679 1219 841 1275 πάντα
864 1229 963 1276 τῶν
995 1222 1283 1294 ἀνθρώπων
1312 1224 1627 1293 παρέρχεται,
1682 1225 1765 1277 καὶ
1798 1227 1852 1278 οἱ
1874 1222 2136 1297 ἅνθρωποι
2167 1225 2287 1296 μετὰ
2310 1229 2397 1282 καὶ

453 1312 542 1375 τῆς
575 1314 937 1379 συλλογιστικῆς
965 1309 1190 1375 Ἀετίου,
1238 1310 1324 1363 καὶ
1356 1306 1482 1362 κατοὶ
1517 1312 1725 1371 πίστεως
1766 1316 1987 1380 τεχνικῆς
2026 1311 2394 1382 ἐπιτηδεύσεως.

746 1391 761 1411 ‹-
1033 1395 1046 1414 ‚
1120 1400 1142 1411 -

455 1394 618 1447 Μένει
647 1394 701 1447 δὲ
726 1417 759 1463 η
802 1401 817 1431 ¹
836 1392 957 1448 3ὖπ’
987 1417 1143 1448 αυτου
1184 1401 1238 1433 ¹4
1255 1393 1596 1466 συλλογιστική
1626 1398 1814 1462 πίστις,
1851 1398 1937 1451 καὶ
1964 1398 2124 1464 ἐλπὶς,
2159 1399 2246 1453 καὶ
2275 1397 2397 1471 ἀγά-

455 1500 553 1548 πη,
591 1477 718 1534 κατά
754 1478 809 1534 τό
849 1483 1199 1553 γεγραμμένον.

598 1737 786 1805 Κεφάλ.
808 1738 1002 1793 Ἀετίου
1029 1737 1122 1812 κβ’.
1199 1741 1271 1792 Εἰ
1297 1745 1432 1792 πᾶσα
1454 1736 1598 1793 οὐσία
1628 1741 1759 1794 ἐστὶν
1785 1737 2067 1810 άγέννητος,
2107 1738 2189 1796 οἷα
2211 1738 2245 1811 ἦ
2265 1749 2398 1798 θεοῦ

465 1830 482 1860 ¹
501 1823 928 1896 παντοκράτορος,
967 1831 1075 1888 πῶς
1101 1823 1163 1878 ἂν
1190 1824 1282 1894 τήν
1314 1826 1402 1894 μὲν
1436 1823 1673 1894 παθητὴν
1701 1827 1804 1896 ἐρεῖ
1835 1849 1935 1891 τις,
1987 1826 2078 1896 τὴν
2104 1828 2156 1882 δὲ
2188 1828 2396 1899 ἀπαθῆ;

456 1913 528 1964 Εἰ
553 1911 606 1964 δὲ
636 1909 833 1979 φύσεως
874 1911 1213 1983 ἀποκληρώσει
1251 1909 1524 1983 άγεννήτου
1559 1909 1592 1980 ἦ
1624 1912 1713 1979 μὲν
1743 1913 1963 1979 διαμένει
2002 1913 2276 1983 ποσότητος
2309 1917 2397 1969 καὶ

454 1996 718 2065 ποιότητος
750 1999 861 2063 καὶ,
922 1994 1092 2061 άπλῶς
1135 1992 1321 2063 εἰπεῖν,
1366 1997 1530 2066 πάσης
1565 2001 1834 2066 μεταβολῆς
1871 1995 2110 2066 ἀμείνων,
2158 1998 2194 2069 ἦ
2224 2001 2278 2055 δὲ
2305 2022 2399 2055 πα-

452 2089 566 2137 θῶν
596 2081 928 2147 Ξῦπεύθυνός
958 2086 1082 2149 ἐστι,
1136 2091 1513 2156 συγχωρηθεῖσα
1555 2081 1676 2137 ξ’διά
1712 2080 1766 2136 τὸ
1797 2081 2171 2155 ἀπαράλλακτον
2205 2089 2276 2150 εἰς
2312 2085 2399 2142 ου’-

454 2171 735 2238 σίαν·ἒ’χειν,
773 2175 842 2245 τῷ
872 2168 1208 2239 4αὖτομάτως
1244 2172 1509 2241 ἐπιτρέψαι
1545 2167 1671 2223 δτὸν
1713 2175 1953 2236 φιλοῦντα
1984 2170 2109 2225 κατά
2139 2170 2200 2225 τά
2234 2193 2400 2244 προει-

454 2257 665 2327 ρημένα,
722 2264 745 2295 ⁶
762 2254 872 2325 ἤτοι
903 2254 945 2327 γ’
973 2250 1065 2310 οὖν
1104 2254 1390 2310 ἀκόλουθον
1427 2254 1516 2325 τὴν
1540 2255 1628 2324 μὲν
1657 2261 1901 2310 ποιοῦσαν
1930 2256 2196 2328 ἀγέννητον
2225 2260 2398 2326 εἰπεῖν,

454 2341 689 2414 γεννητὴν
725 2343 778 2396 δὲ
813 2340 904 2411 τὴν
942 2343 1376 2411 μεταβαλλομένην.

589 2600 783 2670 ’Λνατρ.
856 2596 931 2652 Οὔ
964 2605 1129 2653 πᾶσαν
1160 2598 1335 2653 οὐσίαν
1361 2596 1485 2652 εἶναι
1522 2601 1722 2670 λέγομεν
1752 2598 2046 2671 ἀγέννητον,
2096 2598 2214 2654 οὐδὲ
2238 2605 2402 2655 πᾶσαν

455 2687 510 2739 ἐκ
541 2691 667 2739 θεοῦ
710 2683 971 2755 γεννητὴν·
1023 2685 1100 2739 ὅτι
1147 2682 1174 2738 ό
1212 2684 1450 2755 γεννήσας
1492 2683 1578 2739 τόν
1616 2687 1665 2749 ἐξ
1698 2684 1856 2740 αὐτοῦ
1890 2686 2264 2757 γεγεννημένον,
2315 2687 2402 2740 καὶ

456 2769 746 2833 ἀποστείλας
773 2773 821 2834 ἐξ
852 2769 1006 2825 αὐτοῦ
1039 2769 1093 2825 τό
1125 2770 1268 2842 ὅίγιον
1305 2776 1499 2838 πνεῦμα
1544 2769 1724 2837 αὐτοῦ,
1775 2779 1969 2840 πνεῦμα
1995 2777 2095 2825 τῶν
2125 2777 2257 2824 7τοῦ
2286 2774 2402 2826 υἱοῦ

456 2858 679 2925 μετέχον,
735 2856 797 2910 οὐ
836 2857 1025 2919 πάντας
1067 2859 1343 2927 ἐγέννησεν,
1394 2854 1493 2909 ἀλλ’
1532 2858 1642 2922 ἕνα,
1696 2855 1773 2911 διὸ
1806 2855 2103 2928 μονογενὴς,
2156 2858 2242 2911 καὶ
2265 2860 2325 2912 ἓν
2351 2859 2402 2922 ἐξ

455 2940 610 2996 αὐτοῦ
641 2942 941 3009 ἀπέστειλεν,
981 2941 1059 2997 διὸ
1085 2942 1227 3014 ἅγιον
1250 2948 1466 3010 πνεῦμα·
1505 2944 1662 2996 ἔκτισε
1685 2944 1738 2996 δὲ
1763 2942 1848 2996 διὰ
1871 2948 1961 2997 τοῦ
1983 2940 2095 3004 ένὸς
2111 2985 2124 3008 ,
2162 2944 2250 2996 καὶ
2275 2945 2398 2997 ἐστε-

456 3031 634 3100 ρέωσεν
664 3030 715 3082 ἐν
747 3035 818 3103 τῷ
845 3031 918 3082 ἕνὶ
951 3027 1068 3092 τούς
1097 3028 1313 3094 πάντας,
1369 3026 1486 3091 τούς
1525 3029 1612 3097 μὲν
1639 3034 1934 3099 γεννῶντας,
1984 3029 2070 3081 καὶ
2098 3027 2217 3096 μετά
2245 3031 2402 3083 κτίσιν

454 3116 862 3186 γεγεννημένους,
902 3113 1019 3177 τούς
1045 3116 1096 3168 δὲ
1118 3116 1435 3180 κτισθέντας,
1474 3113 1594 3182 μήτε
1621 3119 1919 3185 γεννῶντας,
1959 3112 2080 3181 μήτε
2107 3116 2400 3184 γεγεννημέ-

239 3226 423 3271 pag.968.
454 3224 588 3264 νους.
667 3199 806 3254 Πολὺ
851 3201 904 3253 δὲ
950 3199 1223 3269 ἀφέστηκεν
1262 3198 1296 3269 ἦ
1336 3198 1564 3262 ἅκτιστος
1599 3205 1688 3266 τῆς
1728 3197 1928 3269 τριάδος
1972 3197 2116 3253 οὐσία
2162 3205 2261 3254 τῶν
2302 3197 2400 3255 dud

452 3294 541 3356 τῆς
569 3287 768 3357 τριάδος
795 3287 1126 3352 κτισθέντων,
1166 3288 1248 3340 καὶ
1277 3284 1369 3339 οὐκ
1397 3283 1499 3339 ἀπό
1530 3291 1618 3354 τῆς
1645 3285 1843 3356 τριάδος
1876 3286 2229 3354 γεννηθέντων.
2303 3284 2400 3340 Διό

452 3376 546 3442 ἔχει
578 3371 613 3442 ἦ
638 3372 776 3444 τριάς
803 3371 857 3426 τὸ
887 3371 1084 3435 ἀπαθὲς
1123 3374 1205 3426 καὶ
1252 3370 1628 3442 ἀπαράλλακτον
1648 3412 1662 3435 ,
1717 3369 1777 3422 τοὶ
1808 3370 1862 3422 δὲ
1888 3369 2048 3423 πάντα
2075 3368 2134 3424 τά
2166 3370 2285 3440 μετά
2312 3369 2402 3440 τὴν

515 3548 578 3589 12.
608 3548 671 3605 τῷ
702 3561 777 3589 om.
807 3550 893 3589 cod.
924 3549 1089 3599 Rhediy.
1519 3547 1558 3587 2.
1592 3546 1725 3595 Supra
1758 3541 1868 3585 ἐστιν
1900 3539 2144 3593 ὖπεύὲςυνος.

516 3604 579 3646 13.
614 3601 685 3648 ἀπ’
716 3600 844 3648 αὐτοῦ
875 3606 959 3645 cod.
994 3606 1157 3655 Rhediy.
1516 3602 1556 3644 3.
1586 3602 1886 3642 Rescribendum
1917 3606 2013 3652 puto
2043 3599 2092 3646 δὲ
2118 3597 2183 3644 τὸ.
2238 3603 2402 3643 Petavio

516 3657 580 3701 14.
614 3664 771 3714 corrige
814 3661 1166 3714 συλλογισὲεῑσα,
1210 3665 1278 3701 aut
1308 3662 1403 3703 συλ-
1457 3661 1610 3711 placuit
1664 3659 1735 3700 δεῖ
1779 3653 1842 3700 τό.
1915 3660 2051 3710 Supra
2105 3661 2211 3700 abest
2260 3660 2402 3700 vocula

457 3716 628 3772 λογιστῆ
662 3722 747 3769 vel,
778 3721 838 3759 uti
860 3721 1046 3759 Petavius
1070 3721 1255 3769 coniecit,
1300 3721 1402 3761 συλ-
1461 3713 1543 3760 διὰ.
1606 3716 1817 3755 Carnarius
1851 3717 1961 3756 vertit
2000 3715 2131 3756 altera
2165 3728 2268 3755 vero
2300 3729 2402 3769 pas-

459 3774 743 3828 λελογισμένη.
1459 3770 1641 3812 sionibus
1671 3770 1845 3811 obnoxia
1873 3779 1954 3820 est,
1999 3771 2057 3812 ita
2086 3780 2131 3812 ut
2163 3785 2400 3813 concessum

519 3833 554 3875 1.
589 3832 724 3881 Supra
753 3831 824 3875 τοῦ
855 3828 1196 3887 παντοκράτορος.
1458 3828 1512 3868 sit
1551 3826 1657 3882 ipsi,
1706 3827 2067 3871 invariabilitatem
2101 3827 2146 3870 in
2181 3828 2399 3875 essentiam
