2508 4134
544 300 766 343 PANARII
795 301 897 341 LlB.
928 301 1000 339 ΙΙΙ.
1030 301 1161 341 ΤΟΜ.
1187 301 1239 340 11.
1271 299 1432 339 HAER.
1460 298 1696 339 LXXVIIl.
1960 288 2059 335 445

168 398 426 467 scriptione
470 399 898 467 complecteremur
938 398 1014 465 qui
1060 415 1305 448 sacrarum
1350 397 1593 447 literarum
1628 394 1879 447 veritatem
1910 396 2063 462 perci-

167 499 282 552 pere
332 483 554 546 student,
610 499 763 549 neque
807 490 989 532 temere
1026 481 1330 531 sermonibus
1370 480 1630 541 insultare,
1682 488 1762 530 aut
1815 487 2061 529 contume-

167 566 336 618 liosam
378 565 467 617 sibi
506 565 622 634 ipsis
666 565 876 633 linguam
916 565 1200 633 producere.
1292 561 1431 629 Quod
1471 564 1509 614 si
1562 563 1638 630 qui
1685 562 1917 631 refragari
1961 579 2060 612 ma-

166 650 282 712 lint,
335 667 390 699 ac
416 650 591 718 spretis
620 649 814 701 utilibus
856 666 976 716 quae
1015 648 1087 698 his
1114 648 1355 697 contraria
1387 657 1500 696 sunt
1528 645 1747 714 amplecti
1773 664 1799 696 a
1827 646 1964 697 nobis
1990 645 2062 695 in-

165 733 288 784 fimis
324 733 646 802 usurpandum
688 732 800 784 illud
836 733 955 795 erit,
1008 735 1101 795 Qui
1126 735 1284 790 audit,
1341 734 1528 790 azcdz'at;
1582 735 1665 796 qui
1690 742 1938 780 contumax
1968 739 2053 789 est,
2119 739 2254 818 ξιὲξιι.

165 827 414 867 contumax
439 827 551 877 esto,
592 834 647 867 ac
674 833 827 884 neque
850 815 1100 885 apostolis,
1142 831 1294 881 neque
1322 814 1460 864 nobis
1489 815 1688 880 amplius
1717 816 1948 866 molestus
1973 815 2055 865 sit.
2144 808 2155 825 '
2222 808 2231 817 ⁹

168 898 306 968 Quae
337 901 464 951 enim
487 900 847 968 religiosissima
876 909 922 950 et
949 899 1184 951 ecclesiae
1216 900 1456 948 fructuosa
1483 915 1592 949 esse
1620 900 1917 966 putabamus,
1946 899 2062 949 haec

167 986 224 1035 de
259 985 564 1036 sanctissima
602 985 787 1053 virgine
824 1001 987 1034 sumus
1028 983 1264 1052 professi3
1323 990 1375 1032 nt
1418 982 1522 1033 eius
1556 982 1867 1050 patrocinium
1912 983 2065 1034 susci—

166 1085 389 1137 peremus
433 1086 553 1136 quae
588 1073 750 1133 gratia
786 1071 1054 1133 plenissima
1091 1077 1188 1116 est.-
1244 1075 1294 1116 ut
1341 1064 1536 1116 Gabriel
1576 1066 1762 1116 locutus
1804 1076 1905 1131 est,
1959 1072 2062 1116 Ave
2083 1079 2170 1117 Luc.
2186 1079 2218 1126 1,
2238 1081 2290 1114 zs

161 1155 323 1217 gratia
339 1155 507 1217 plena,
548 1156 757 1203 dominus
795 1163 957 1202 tecum.
1036 1150 1177 1219 Quod
1210 1149 1249 1200 si
1282 1167 1386 1199 cum
1418 1149 1523 1217 ipsa
1554 1151 1771 1201 dominus
1807 1160 1907 1213 est,
1949 1170 2063 1219 quo-

166 1237 306 1286 modo
337 1236 538 1287 alterum
573 1236 845 1304 coniugium
881 1235 1132 1287 admisisse
1162 1236 1352 1303 potest?
1425 1231 1679 1300 Quonam,
1719 1234 1941 1302 inquam,
1986 1254 2063 1304 pa-

167 1329 243 1371 cto
278 1338 399 1388 quae
428 1320 587 1371 carnis
632 1320 1024 1371 consuetudinem
1060 1319 1286 1381 liaberet,
1343 1336 1369 1368 a
1405 1319 1595 1368 domino
1638 1321 1823 1369 servari
1861 1320 2065 1370 dicitur?

165 1403 435 1456 Enimvero
464 1404 618 1455 sancti
644 1421 810 1455 omnes
838 1421 1010 1469 magno
1040 1404 1086 1453 in
1119 1404 1300 1453 honore
1330 1410 1458 1453 sunt.
1537 1402 1719 1453 Horum
1752 1411 1826 1454 est
1852 1403 2064 1470 gloriosa

165 1489 387 1556 requies3
427 1488 594 1539 horum
635 1506 696 1539 ex
732 1489 817 1538 hac
849 1488 947 1539 vita
974 1488 1215 1538 discessus
1244 1487 1299 1537 ad
1332 1485 1676 1555 perfectionem
1706 1488 1933 1539 transitus
1967 1498 2059 1550 est,

167 1573 443 1624 eorumdem
472 1573 521 1623 in
557 1572 784 1624 felicitate
820 1590 959 1635 sorS,
1013 1573 1060 1622 in
1088 1571 1402 1622 sanctissimis
1436 1572 1688 1621 domiciliis
1717 1572 1844 1622 inter
1868 1573 2059 1640 angelo-

165 1675 269 1708 rum
300 1657 474 1707 choros
504 1666 789 1720 versantur,
831 1656 1062 1707 habitatio
1093 1657 1141 1706 in
1168 1656 1333 1719 coele,
1376 1656 1625 1724 occupatio
1651 1655 1698 1706 in
1729 1655 1881 1707 sacris
1913 1658 2063 1707 literis

166 1750 268 1805 est,
320 1741 465 1792 decus
507 1758 562 1791 ac
591 1741 816 1808 splendor
844 1740 1137 1809 sempiterno
1163 1740 1210 1790 in
1245 1741 1428 1790 bonore
1463 1739 1710 1803 consistit,
1768 1758 1904 1807 quem
1937 1742 2063 1792 nulla

165 1826 440 1876 coniectura
479 1833 637 1893 potest
675 1825 894 1892 assequi3
948 1824 1158 1893 praemia
1189 1825 1391 1892 denique
1423 1823 1469 1874 in
1501 1822 1696 1875 Christo
1731 1823 1841 1876 lesu
1872 1824 2061 1876 domino

164 1918 332 1960 nostro
369 1908 520 1977 posita
569 1918 712 1972 sunt,
771 1926 855 1978 per
891 1926 1028 1976 quem
1069 1918 1116 1959 et
1164 1926 1365 1976 quocum
1407 1909 1559 1977 gloria
1597 1909 1715 1977 patri
1750 1927 1856 1960 eum
1892 1919 2060 1961 sancto

165 1993 335 2062 spiritu
372 1991 421 2042 in
459 1994 681 2055 saecula,
724 1992 901 2043 Amen.

302 2073 487 2128 Omnes
527 2094 615 2127 vos
653 2077 826 2127 fratres
866 2077 1117 2146 plurimum
1160 2077 1386 2128 salutant.
1465 2075 1569 2129 Vos
1607 2078 1819 2129 vicissim
1859 2079 2058 2130 salutem

164 2160 384 2212 omnibus
413 2162 490 2230 qni
526 2163 647 2231 apud
680 2178 767 2212 vos
796 2171 908 2212 sunt
938 2162 1163 2212 fratribus
1201 2161 1374 2226 dicite,
1429 2161 1518 2212 hoc
1551 2171 1625 2213 est
1653 2163 1868 2214 fidelibus
1903 2163 2060 2215 since-

163 2261 245 2295 rae
275 2245 378 2295 fidei
412 2246 705 2308 cultoribus,
748 2246 825 2313 qui
852 2246 1121 2314 snperbiam
1148 2255 1463 2309 aversantur,
1506 2246 1582 2314 qui
1611 2247 1904 2297 Arianorum
1933 2266 2061 2298 com-

163 2328 466 2392 munionem,
522 2339 575 2381 eb
603 2328 986 2382 Sabellianorum
1018 2331 1307 2398 proterviam
1342 2331 1578 2393 oderunt,
1634 2332 1710 2399 qui
1746 2333 2061 2382 consubstan-

163 2412 323 2463 tialem
353 2413 611 2464 trinitatem
642 2415 918 2482 profitentes
948 2415 1149 2465 adorant
1174 2423 1354 2484 patrem
1389 2424 1436 2465 et
1462 2415 1605 2465 filium
1632 2425 1679 2466 et
1706 2416 1922 2485 spiritum
1951 2435 2061 2468 sau-

164 2505 319 2560 ctum,
375 2506 474 2548 tres
518 2515 749 2565 personas
778 2507 826 2549 et
866 2517 1005 2549 unam
1044 2499 1359 2550 substantiam
1402 2518 1458 2549 ac
1491 2500 1786 2551 divinitatem
1827 2519 2062 2569 unamque

162 2580 386 2648 gloriam,
428 2581 600 2649 quique
628 2583 684 2632 de
710 2584 908 2633 salutari
937 2584 1286 2635 incarnationis
1319 2584 1495 2634 domini
1522 2586 1753 2653 mysterio
1784 2586 1974 2636 sincere
2005 2604 2059 2636 ac

164 2664 282 2714 citra
325 2683 541 2716 errorem
582 2666 819 2731 sentiunt,
877 2685 932 2718 ac
984 2665 1229 2719 Christum
1275 2669 1411 2737 plane
1453 2669 1688 2719 hominem
1740 2687 1848 2720 esse
1888 2670 2059 2721 factum

163 2750 523 2818 perfectumque
549 2750 685 2800 deum
713 2767 769 2801 ac
792 2753 1053 2820 perfectum
1079 2752 1316 2803 hominem
1343 2753 1654 2816 arbitrantur,
1698 2754 1878 2822 peceati
1905 2755 2059 2805 omnis
2098 2775 2100 2778 ⁴

164 2843 440 2902 expertem,
493 2834 571 2901 qni
601 2851 774 2902 corpus
805 2836 861 2885 de
891 2833 1047 2886 Maria
1077 2836 1346 2905 susceperit
1375 2855 1469 2888 una
1499 2856 1603 2888 cum
1626 2839 1790 2889 anima
1822 2847 1870 2888 et
1900 2847 2059 2888 mente

165 2918 434 2986 ceterisque
478 2918 648 2985 quibus
697 2918 937 2969 hominum
978 2929 1148 2970 natura
1180 2929 1395 2984 constat,
1449 2923 1570 2972 adeo
1611 2931 1785 2973 utnon
1818 2923 1909 2973 duo
1941 2922 2055 2986 sint,

163 3002 248 3052 sed
278 3020 400 3053 unus
425 3001 672 3066 dominus,
732 3020 947 3071 unusque
976 3005 1120 3068 deus,
1176 3023 1298 3055 unns
1328 3023 1448 3070 rex,
1503 3024 1622 3057 unus
1653 3007 1900 3076 pontifex,
1943 3007 2059 3056 deus

165 3093 214 3136 et
254 3085 426 3149 homo,
468 3086 609 3136 homo
641 3104 695 3137 ac
726 3087 870 3150 deuS‚
913 3105 1007 3137 non
1037 3089 1161 3151 dnn,
1199 3090 1283 3140 sed
1315 3108 1464 3153 unus,
1506 3091 1728 3158 inquam,
1769 3108 1830 3140 ex
1861 3090 2059 3158 duplicis

164 3177 365 3221 naturae
394 3171 732 3222 coniunctione
763 3171 1023 3235 conflatus,
1066 3190 1159 3222 non
1194 3182 1245 3223 nt
1276 3173 1447 3241 aliquid
1480 3176 1758 3237 confusum,
1800 3183 1882 3224 aut
1910 3175 1957 3224 in
1988 3175 2058 3224 ni-

164 3251 308 3303 hilum
336 3255 581 3306 redactum
607 3256 686 3319 sit,
729 3257 812 3306 sed
838 3256 884 3305 in
912 3273 970 3306 eo
999 3255 1158 3306 omnia
1186 3256 1283 3307 sint
1307 3259 1363 3308 ad
1394 3276 1625 3309 summam
1655 3258 1842 3310 divinae
1872 3259 2056 3326 gratiae

165 3337 625 3392 administrationem
664 3342 895 3410 perfecta.
974 3338 1166 3389 Valete.

305 3421 411 3474 Hoc
442 3425 672 3493 epistolae
702 3424 924 3492 exemplo
954 3423 1194 3486 contenti,
1249 3426 1370 3492 quod
1415 3426 1471 3475 ad
1518 3425 1704 3475 illorum
1745 3426 2057 3477 refellendum

166 3522 379 3557 errorem
419 3508 640 3560 idoneum
685 3519 788 3573 est,
841 3526 897 3558 ac
934 3508 1050 3557 satis
1094 3524 1332 3575 superque
1373 3509 1532 3576 egisse
1573 3527 1661 3560 nos
1698 3509 1944 3574 arbitrati,
2000 3512 2057 3562 ab

166 3587 254 3641 hac
292 3591 480 3643 haeresi
522 3592 850 3656 discedemuS,
906 3609 1043 3659 quam
1083 3592 1322 3660 serpentis
1352 3609 1377 3642 e
1411 3593 1644 3643 foramine
1673 3593 1949 3661 prodeuntis
1987 3595 2059 3645 in-

221 3729 260 3771 3.
290 3732 396 3770 Libri
423 3734 537 3782 vulyo
565 3730 694 3785 η’·μᾶς.
1195 3733 1232 3772 5.
1264 3729 1479 3786 ὁμοούσιον
1508 3735 1590 3774 cod.
1620 3735 1779 3785 Rhectiy.

221 3782 259 3825 4.
289 3782 383 3840 ὑμῖν
410 3789 519 3830 codd.
546 3800 635 3830 mss.
692 3785 793 3842 τῖμῖν
821 3790 909 3830 libri
937 3789 1040 3829 editi.
