2508 4134
819 311 1352 352 ANACEPHALAEOSIS.
1933 298 2033 348 559

139 421 237 463 tum
264 419 338 462 est
370 419 417 461 et
449 429 476 461 a
501 427 575 461 me
606 409 771 479 paucis
810 410 1127 477 explicatum,
1180 409 1459 476 evangelica
1499 408 1682 458 scilicet
1722 407 1855 469 luce,
1910 422 2032 473 quae

139 513 165 546 a
192 493 387 547 Christo
414 495 605 544 domino
630 491 908 560 Christique
933 493 1175 560 discipulis
1199 492 1303 542 orbi
1328 502 1561 542 terrarum
1589 493 1714 542 illata
1743 490 1847 540 fuit.
1913 486 2033 554 Qui-

138 579 226 629 bus
257 596 283 629 a
321 595 394 628 me
434 578 572 628 dictis
608 586 933 628 consentanea
977 577 1202 644 pleraque
1241 576 1467 643 colligere
1510 576 1648 638 licet,
1709 593 1764 624 ac
1809 572 2032 624 vaticinia

139 671 188 713 et
219 662 412 712 oracula
441 678 504 712 ex
535 663 642 729 lege
670 662 856 722 veteri,
897 661 974 710 vel
1014 658 1220 710 Psalmis
1254 660 1454 726 aliisque
1482 659 1614 709 libris
1642 658 1947 725 conquirere,
1989 665 2037 706 et

140 746 348 796 omnium
397 747 573 796 seriem
612 746 922 812 ordinemque
966 744 1289 812 perscrutari,
1351 761 1412 792 ex
1458 744 1610 809 iisque
1656 742 2034 792 incarnationem

140 826 322 880 Christi
355 829 532 879 domini
569 828 819 898 perspicue
852 828 1163 896 comprobare
1196 845 1290 876 non
1321 827 1698 895 supposititiam,
1757 826 1838 875 sed
1870 842 2033 874 veram

138 912 394 975 extitisse,
449 923 589 980 atque
621 914 668 962 in
703 913 808 979 lege
833 912 987 962 veteri
1019 911 1314 975 nuntiatam,
1369 920 1419 960 ut
1447 911 1503 960 de
1536 927 1594 959 eo
1622 910 1778 959 nullus
1814 910 1876 958 sit
1903 909 2037 958 (lubi-

137 997 268 1048 tandi
312 997 447 1047 locus
477 998 695 1047 relictus.
774 994 872 1047 Sed
900 1012 957 1045 ne
987 995 1124 1045 huius
1155 996 1315 1063 operis
1351 995 1574 1044 tractatio
1612 994 1657 1044 in
1688 994 1921 1043 inlinitum
1950 1009 2036 1042 ex-

139 1091 354 1144 crescat,
398 1079 469 1130 his
509 1098 630 1147 quae
669 1079 795 1130 dicta
832 1088 943 1130 sunt
980 1079 1158 1128 erimus
1197 1077 1431 1129 contenti.

276 1165 352 1215 Ac
390 1164 616 1232 deinceps
657 1164 909 1232 opiniones
950 1163 1083 1225 illas,
1141 1179 1260 1230 quae
1301 1163 1349 1212 in
1397 1162 1638 1212 hominum
1677 1162 1821 1211 vitam
1865 1170 2033 1230 postea

139 1248 347 1318 pessimo
387 1249 550 1299 colore
587 1266 642 1298 ac
680 1250 840 1316 specie
880 1248 1093 1316 prolatae
1132 1255 1274 1309 sunt,
1317 1247 1484 1296 eadem
1524 1247 1652 1296 serie
1691 1258 1959 1314 pei-texam.

277 1331 412 1382 Haec
450 1342 563 1382 sunt
606 1350 727 1400 quae
766 1333 815 1382 in
858 1334 1070 1383 secundo
1113 1340 1242 1381 tomo
1281 1331 1387 1380 libri
1426 1331 1561 1398 primi
1597 1331 1932 1392 continentur,
1984 1329 2032 1379 in

138 1434 233 1485 quo
262 1414 391 1466 Xlll
430 1416 659 1468 haereses
699 1416 1032 1484 explicantur,
1092 1432 1289 1484 quarum
1335 1415 1484 1483 prima
1530 1422 1605 1464 est
1636 1411 1849 1465 Simonis
1877 1412 2032 1480 Magi,

139 1501 218 1567 qui
244 1501 403 1551 statim
444 1510 551 1566 post
579 1497 825 1551 Christum
870 1500 1256 1568 praedicantibus
1288 1499 1439 1549 adhuc
1471 1499 1701 1567 apostolis
1732 1499 1957 1559 emersit,
2009 1515 2034 1546 a

140 1602 233 1652 quo
267 1582 537 1636 Simoniani
572 1584 696 1634 illius
726 1583 944 1634 haeresis
974 1593 1243 1634 sectatores
1273 1582 1491 1651 appellati
1521 1591 1651 1634 sunt.
1730 1581 1822 1632 Hic
1852 1600 1915 1632 ex
1944 1580 2034 1633 Sa-

139 1668 320 1718 mariae
367 1668 474 1718 vico
516 1669 718 1735 quodam
755 1666 933 1718 Gitthis
978 1667 1207 1719 oriundus
1238 1665 1483 1718 Christum
1520 1667 1711 1717 nomine
1755 1676 1894 1717 tenus
1926 1684 2035 1734 pro-

139 1754 298 1803 fessus
323 1761 423 1815 est,
480 1761 647 1803 auctor
687 1753 920 1802 nefandae
963 1752 1273 1803 obscenitatis
1311 1761 1358 1802 et
1398 1751 1767 1819 inquinatissimi
1812 1750 2034 1801 concubi-

137 1845 234 1887 tus.
309 1834 570 1886 Practerea
612 1835 909 1904 promiscuas
934 1854 1117 1886 uxores
1146 1853 1255 1886 esse
1287 1837 1456 1886 voluit.
1536 1833 1754 1903 Corpora
1786 1843 1931 1902 negat
1958 1852 2035 1884 re—

137 1937 370 1988 surgere,
428 1937 516 1969 nec
551 1937 576 1968 a
621 1920 710 1969 deo
755 1921 977 1970 mundum
1026 1920 1307 1971 fabricatum
1350 1937 1460 1970 esse
1502 1920 1685 1970 statuit.
1773 1917 2033 1986 Imaginem

138 2021 283 2072 porro
315 2021 450 2054 suam
486 2003 729 2071 scortique
761 2004 868 2066 sui,
922 2006 1114 2054 nomine
1157 2004 1406 2066 Helenae,
1462 2004 1549 2055 sub
1589 2002 1719 2054 lovis
1763 2021 1819 2054 ac
1849 2001 2036 2053 Miner-

135 2103 227 2138 vae
255 2088 417 2156 specie
450 2087 693 2155 discipulis
721 2088 1011 2138 adorandam
1042 2089 1267 2139 obtrusit.
1344 2090 1485 2156 Apud
1519 2087 1786 2139 Samaritas
1828 2105 1912 2156 pro
1946 2088 2035 2137 deo

136 2181 271 2241 patre
309 2189 361 2222 se
401 2172 653 2222 venditans
692 2171 878 2222 ludaeis
916 2170 1163 2223 Christum
1202 2190 1255 2223 se
1293 2190 1404 2223 esse
1442 2173 1648 2222 dicebat.

276 2254 616 2307 Menandriani
648 2272 672 2305 a
701 2254 975 2306 Menandro
1005 2258 1204 2323 quodam
1239 2257 1472 2324 originem
1502 2265 1783 2319 traxerunt,
1825 2256 1901 2324 qui
1929 2274 2034 2306 cer-

139 2340 200 2391 tis
245 2341 294 2390 in
337 2340 482 2390 rebus
526 2357 553 2390 a
593 2337 889 2390 simonianis
930 2340 1266 2409 discrepabat,
1319 2343 1545 2392 mundum
1587 2359 1704 2392 vero
1746 2342 1804 2391 ab
1850 2342 2032 2409 angelis

138 2425 287 2476 fuisse
324 2426 604 2493 productum
643 2425 913 2475 asserebat.

278 2506 592 2559 Saturniliani
642 2507 691 2558 in
740 2506 886 2578 Syria
937 2507 1328 2561 Simonianorum
1380 2509 1719 2579 turpitudinem
1770 2520 2030 2562 auxerunt.

135 2591 385 2643 Nonnulla
413 2610 602 2659 quoque
634 2594 689 2642 ad
721 2593 948 2643 maiorem
994 2595 1342 2645 conciliandum
1377 2604 1623 2664 stuporem
1651 2598 1709 2646 ad
1739 2596 1925 2646 illorum
1954 2598 2035 2646 ad-

135 2677 296 2727 iecere
339 2678 579 2744 dogmata.
658 2675 843 2726 Horum
887 2677 1106 2746 princeps
1146 2676 1422 2730 Saturnilus
1463 2681 1575 2743 fuit,
1632 2681 1708 2748 qui
1754 2681 1949 2748 perinde
1979 2698 2034 2731 ac

134 2758 408 2811 Menander
434 2761 591 2810 mundi
622 2761 895 2810 conditores
922 2762 1151 2828 angelos,
1195 2763 1283 2813 hoc
1313 2773 1385 2815 est
1414 2773 1642 2832 septenos
1670 2782 1736 2815 ex
1767 2764 1854 2828 iis,
1897 2764 2030 2827 facit,

136 2845 277 2912 idque
306 2845 437 2912 ipsos
479 2853 671 2912 praeter
699 2844 908 2912 supremi
955 2845 1166 2912 parentis
1208 2848 1495 2898 sententiam
1538 2850 1810 2916 suscepisse
1849 2849 2031 2898 statuit.

275 2926 559 2979 Basilidiani
598 2928 838 2978 foeditatis
882 2930 1096 2979 eiusdem
1126 2931 1246 2980 socii
1275 2933 1331 2981 ad
1366 2930 1610 2983 Basiliden
1647 2933 1878 3000 originem
1909 2934 2035 2983 rese-

138 3021 278 3077 runt,
320 3013 397 3079 qui
427 3030 531 3062 cum
566 3010 813 3063 Saturnilo
842 3011 1138 3064 Simonianis
1171 3032 1226 3065 ac
1254 3014 1622 3067 Menandrianis
1654 3034 1847 3084 operam
1885 3016 2031 3079 dedit,

140 3114 197 3147 ac
223 3095 413 3147 tametsi
439 3097 603 3146 eadem
634 3097 734 3145 sere
769 3098 963 3158 sentiat,
1006 3098 1052 3146 in
1089 3098 1364 3164 quibusdam
1396 3109 1555 3151 tamen
1584 3101 1837 3169 discrepat.
1903 3100 2031 3151 Nam

140 3181 378 3232 coelestes
405 3180 547 3230 orbes
578 3177 865 3231 CCCLXV
895 3182 1173 3244 constituit,
1227 3202 1346 3250 quos
1374 3184 1602 3251 angelicis
1634 3184 1903 3234 nominibus
1938 3186 2033 3235 affi-

139 3263 222 3328 cit,
261 3265 464 3332 ideoque
495 3263 688 3314 totidem
719 3264 882 3314 diebus
911 3282 1085 3314 annum
1117 3275 1340 3317 constare
1369 3277 1551 3319 censet.
1630 3268 1775 3317 Addit
1800 3277 1848 3318 et
1879 3269 2034 3319 Abra-
2108 3312 2123 3325 χ

141 3365 231 3398 sax
260 3348 504 3399 cuiusdam
538 3347 727 3399 virtutis
757 3365 959 3409 nomen,
1018 3366 1138 3414 quae
1170 3346 1455 3401 CCCLXV
1492 3369 1739 3402 numerum
1770 3352 1921 3403 literis
1950 3370 2035 3404 ex-

141 3433 330 3499 primit,
371 3433 512 3499 idque
550 3441 764 3482 sanctum
806 3449 914 3481 esse
955 3449 1128 3482 nomen
1168 3435 1361 3485 asserit.

194 3567 233 3611 4.
266 3571 529 3624 μενανδρηνοὶ
555 3574 663 3611 codd.
695 3585 784 3612 mss.
814 3577 979 3622 uterque.
1169 3572 1207 3613 9.
1238 3570 1407 3622 τούτους
1435 3578 1522 3616 edit.
1553 3580 1684 3617 Petav.

197 3627 234 3687 ἐξ.
263 3629 369 3692 Libri
397 3630 511 3678 vulgo
540 3622 623 3675 οὓς.
1171 3630 1232 3670 10.
1275 3627 1465 3685 α’βασὰρξ
1504 3635 1614 3672 codd.
1653 3645 1741 3674 mss,
1780 3639 1959 3685 uterque,
1999 3642 2034 3676 et

196 3681 235 3721 b.
270 3681 387 3723 αυτοὶ
413 3685 524 3723 codd.
553 3696 641 3723 mss.
672 3688 704 3723 et
733 3686 820 3724 edit.
847 3686 968 3733 princ.
1113 3688 1200 3725 edit.
1228 3690 1350 3736 princ.

198 3736 236 3778 7.
263 3740 324 3777 Ita
351 3741 496 3778 Panar.
532 3741 637 3779 Libri
665 3742 780 3790 vulyo
808 3753 864 3780 τε.
1171 3744 1230 3781 11.
1263 3737 1388 3783 αὐτοῦ
1419 3738 1532 3796 ἅγιον
1562 3747 1643 3784 cod.
1674 3747 1832 3796 Rhediy.

197 3793 234 3833 8.
267 3796 552 3847 μενανδρηνοῖς
580 3797 688 3835 codd.
721 3808 809 3835 mss.
837 3798 892 3835 uti
919 3808 1052 3846 supra.
1171 3799 1227 3837 12.
1259 3798 1420 3851 πνεῦμα
1448 3802 1558 3840 habet
1589 3803 1734 3842 Panar.
