2508 4134
542 301 766 342 PANARH
796 300 895 341 Lm.
928 299 996 339 ΙΙΙ.
1026 299 1158 340 ΤΟΜ.
1188 300 1220 339 Ι.
1251 300 1411 340 HAER.
1442 299 1639 339 LXXVI.
1936 285 2037 336 207

133 400 304 452 unicus
339 399 413 449 dei
444 399 597 460 filius,
637 407 689 449 ut
719 406 830 448 ante
859 396 1034 447 dictum
1065 405 1167 459 est,
1208 397 1273 446 ita
1304 398 1542 464 loquitur:
1603 399 1662 446 Ut
1686 402 1970 459 cognoscant
1995 404 2039 442 te
2059 404 2190 439 loann.
2203 404 2287 445 1⁷3·

127 488 277 535 solum
305 501 460 533 verum
486 487 644 542 deum,
687 492 735 531 et
759 500 888 547 quem
915 484 1086 530 misisti
1105 484 1254 529 lesum
1283 484 1542 539 Christum,
1587 497 1613 530 a
1638 488 1906 530 creatarum
1929 493 2038 528 sese

130 585 294 619 rerum
330 585 531 618 numero
561 565 855 634 segregavit.
933 562 1045 630 Quo
1072 563 1183 613 illud
1223 564 1362 614 etiam
1393 564 1594 631 apostoli
1622 563 1854 630 pertinetz
1915 565 2039 611 Unus
2058 572 2270 616 1.cor.e‚6.

131 656 271 711 deus,
326 671 388 701 ea.-
414 669 504 717 quo
538 654 714 710 omnia,
773 659 823 699 ec
844 667 928 698 nos
946 666 1036 713 per
1061 652 1208 712 ipsum
1224 684 1237 706 ‚
1296 657 1343 695 et
1367 665 1485 696 unus
1509 652 1717 697 dominus
1747 651 1877 696 Iesus
1907 649 2042 695 Chri-

129 746 249 800 stus,
282 754 372 800 per
391 753 521 801 quem
545 738 714 794 omnia,
755 744 802 782 et
829 750 913 782 nos
934 750 1022 797 per
1046 736 1212 797 ipsum.
1291 730 1505 781 Videsne
1530 748 1668 798 quam
1693 731 1871 781 diserte
1895 747 2039 782 unum

132 821 270 870 deum
304 836 359 870 ac
388 828 601 887 patrem,
658 826 708 868 et
734 835 878 867 unum
908 815 1149 866 dominum
1183 815 1240 866 ab
1270 815 1437 864 eodem
1467 815 1678 882 genitum
1711 815 2042 882 expresserit?

132 901 307 970 Neque
341 919 460 953 vero
486 902 552 953 ita
586 902 736 965 dixit,
789 918 911 952 unus
946 892 1098 964 ileus,
1150 908 1195 950 et
1226 916 1348 949 unus
1383 898 1630 959 dominus,
1686 916 1790 948 cum
1821 898 2040 948 omnibus

135 1003 256 1054 quae
284 986 342 1036 ab
372 986 476 1054 ipso
509 987 634 1035 facta
662 993 804 1048 sunt,
845 986 928 1035 sed
959 1001 1083 1035 unus
1111 983 1331 1035 dominus
1362 999 1447 1051 per
1476 999 1615 1049 quem
1643 982 1821 1031 omnia.
1899 979 2041 1048 Quod

132 1070 174 1121 si
215 1087 339 1121 unus
389 1069 610 1120 dominus
659 1078 732 1120 est
777 1086 863 1138 per
907 1086 1045 1136 quem
1092 1069 1215 1118 facta
1261 1076 1372 1117 sunt
1418 1066 1595 1117 omnia.
1687 1063 1773 1115 llle
1813 1084 1935 1117 unus
1979 1084 2044 1117 ex

134 1153 353 1205 omnibus
381 1170 491 1204 csse
522 1171 615 1204 non
645 1162 823 1222 potest,
867 1154 950 1203 sed
980 1152 1189 1203 omnium
1218 1151 1457 1214 conditor,
1498 1158 1789 1213 creatarum,
1829 1151 2040 1218 inquam,

131 1255 293 1289 rerum
335 1238 543 1289 omnium
585 1238 785 1289 effector
822 1245 914 1287 est.

275 1320 373 1373 lam
403 1339 523 1373 vero
555 1322 632 1390 qui
665 1339 689 1372 a
722 1330 857 1390 patre
891 1321 1082 1388 genitus
1114 1328 1161 1370 ει
1193 1321 1251 1370 ab
1285 1338 1342 1370 eo
1374 1321 1632 1388 productus
1664 1327 1740 1369 est
1770 1318 1923 1381 filius,
1957 1338 2046 1384 per
2078 1331 2268 1387 Cap.1X.

132 1425 262 1472 que-m
299 1410 450 1456 omnia
485 1409 617 1472 facta
656 1416 792 1466 sunt,
851 1404 1095 1456 dissimilis
1135 1403 1343 1455 omnium
1385 1412 1486 1466 est,
1546 1417 1595 1454 ut
1632 1404 1709 1471 qui
1749 1412 1942 1454 creator
1983 1405 2045 1454 sit

135 1490 376 1553 omnium3
425 1489 803 1557 quandoquidem
837 1506 959 1540 unus
991 1498 1036 1538 et
1066 1506 1187 1539 unus
1216 1497 1292 1538 est
1321 1489 1438 1538 deus
1466 1498 1629 1556 pater,
1669 1507 1730 1537 ew
1757 1506 1846 1553 quo
1873 1492 2040 1548 omnz'a,

134 1583 183 1624 et
210 1574 431 1624 (lominus
463 1572 627 1637 lesus,
659 1593 749 1639 per
778 1592 908 1639 quem
935 1577 1119 1633 omm‘a5
1178 1573 1298 1623 adeo
1332 1581 1380 1623 ut
1407 1572 1629 1640 superior
1661 1572 1804 1623 dictio
1836 1573 2046 1623 vocabu-

134 1659 193 1710 lis
235 1658 367 1710 hisce
403 1659 682 1726 copuletur,
744 1661 869 1707 Unus
920 1666 968 1707 et
1014 1661 1155 1707 Unus.
1236 1656 1342 1707 Hoc
1387 1666 1578 1719 autem,
1630 1661 1709 1706 Ea:
1753 1676 1842 1723 quo
1885 1666 1932 1707 et
1957 1661 2046 1706 Per

134 1761 264 1809 quem
293 1761 399 1793 cum
430 1743 540 1792 illud
572 1750 738 1808 aperte
768 1742 1061 1804 declaravit,
1103 1759 1128 1790 a
1159 1751 1293 1809 patre
1323 1742 1585 1809 procedere
1614 1741 1788 1792 filium:
1841 1751 1936 1792 tum
1966 1759 2045 1792 ce—

135 1835 345 1877 terarum
395 1844 555 1877 rerum
606 1826 843 1894 disparem
892 1827 1094 1877 eundem
1135 1843 1244 1876 esse
1297 1825 1562 1876 admirabili
1613 1826 1814 1893 quadam
1854 1827 2043 1877 ratione

133 1912 451 1973 monstravit,
494 1928 598 1961 cum
630 1910 694 1960 ita
718 1911 942 1978 scripsit:
984 1914 1074 1959 Per
1103 1928 1232 1975 quem
1260 1914 1436 1978 omm'a,·
1493 1919 1544 1959 ut
1572 1919 1621 1960 et
1649 1919 1829 1978 patrem
1859 1927 1967 1961 esse
1997 1920 2045 1961 et

133 1995 191 2045 ab
224 2012 282 2045 eo
322 1995 469 2045 silium
514 1995 809 2061 unigenitum
842 1995 1082 2044 dominum
1121 1995 1399 2062 productum
1435 1994 1694 2061 intelligas.
1772 1992 1911 2061 Quae
1937 2012 2041 2045 cum

136 2079 383 2148 apostolus
412 2096 476 2129 ex
502 2079 654 2129 sancti
686 2079 882 2147 spiritus
916 2079 1070 2129 afflatu
1103 2079 1457 2147 pronuntiaret,
1513 2095 1714 2129 necesse
1754 2097 1849 2129 non
1882 2079 2046 2130 habuit

138 2163 292 2216 sancti
338 2163 534 2232 spiritus
572 2164 864 2213 mentionem
908 2165 1091 2214 facere.
1169 2161 1308 2230 Quod
1344 2181 1439 2213 non
1482 2162 1552 2213 sic
1588 2163 1913 2232 accipiendum
1949 2172 2042 2228 est,

140 2248 273 2315 quasi
305 2248 517 2298 eiusdem
555 2246 634 2298 ille
669 2265 776 2298 cum
818 2256 952 2316 patre
984 2247 1178 2315 filioque
1208 2247 1391 2314 gloriae
1424 2265 1517 2297 non
1547 2247 1609 2298 sit
1639 2249 1907 2317 particepS,
1963 2256 2045 2298 aut

137 2332 261 2399 quod
290 2331 338 2381 in
370 2349 534 2382 eorum
568 2331 783 2382 ordinem
822 2333 1112 2398 redigendus
1147 2331 1210 2382 sit
1236 2349 1357 2399 quae
1388 2349 1414 2382 a
1440 2331 1539 2381 filio
1583 2341 1835 2400 procreata
1878 2333 2043 2383 dicun-

138 2424 234 2466 tur.
312 2413 496 2466 Verum
527 2416 647 2466 satis
683 2416 793 2466 illud
825 2424 923 2466 erat
958 2417 1080 2484 quod
1110 2415 1158 2466 in
1187 2416 1465 2467 firmissima
1494 2416 1573 2466 illa
1602 2417 1713 2466 fidei
1744 2416 2046 2485 professione

133 2517 239 2550 cum
283 2508 416 2568 patre
459 2499 654 2567 filioque
702 2509 980 2551 numeratus
1021 2500 1195 2564 fuerit,
1249 2500 1320 2551 his
1360 2500 1550 2551 verbis:
1603 2504 1780 2550 Euntes
1810 2503 2044 2567 baptizate

137 2587 184 2633 in
214 2587 396 2633 nomine
416 2587 570 2647 patris
599 2586 828 2648 elfilz'z'et
847 2588 1041 2649 spir-ilus
1063 2589 1232 2634 sancti.
1314 2581 1436 2636 Cum
1469 2585 1615 2651 igitur
1645 2587 1921 2653 apostolus,
1963 2588 2038 2637 vel

136 2668 294 2737 potius
327 2667 522 2736 spiritus
552 2676 748 2718 sanctus
789 2686 873 2736 per
913 2670 1179 2736 apostolum
1227 2670 1532 2737 loqueretur,
1589 2669 1704 2720 nibil
1745 2679 1818 2721 est
1849 2672 1907 2722 de
1940 2671 2043 2739 ipso

135 2751 388 2821 perspicue
420 2751 732 2801 declaratum.
811 2749 1057 2819 Siquidem
1099 2753 1218 2803 haud
1263 2754 1466 2804 obscura
1501 2753 1630 2805 illius
1671 2765 1775 2804 erat
1810 2755 2042 2822 cognitio,

136 2853 225 2886 nec
260 2837 316 2885 de
354 2852 411 2886 ea
453 2833 617 2886 ludaei
652 2835 944 2886 dubitabant.
1025 2834 1187 2902 Quare
1220 2838 1265 2887 in
1305 2837 1430 2888 aliud
1465 2847 1649 2906 tempus
1680 2839 2042 2902 reservabatur,

136 2937 198 2971 ne
227 2919 424 2988 spiritus
453 2928 648 2970 sanctus
675 2936 760 2968 sua
786 2936 838 2969 εε
875 2920 1231 2987 praedicatione
1259 2923 1637 2972 commendaret.
1714 2920 1903 2991 Quippe
1928 2940 2042 2990 apo-

137 3004 291 3055 stolus
321 3013 489 3054 sancto
520 3004 689 3071 spiritu
720 3003 968 3072 impulsuS,
1008 3005 1072 3054 uti
1101 3005 1338 3069 diximuS,
1379 3007 1436 3056 «le
1464 3015 1598 3073 patre
1629 3005 1825 3072 filioque
1855 3006 2040 3057 locutus

136 3096 238 3150 est,
295 3096 345 3137 ut
373 3106 435 3138 ex
466 3105 524 3138 co
553 3096 862 3138 sacrosancta
899 3087 1086 3138 trinitas
1127 3089 1443 3153 indicaretur,
1495 3107 1616 3157 quae
1643 3099 1692 3139 et
1719 3107 1909 3157 semper
1938 3091 2044 3140 exi-

137 3173 247 3235 stit,
290 3189 377 3222 nec
410 3189 613 3239 unquam
644 3171 859 3221 existere
892 3170 1085 3220 desiuit.
1162 3171 1336 3240 Neque
1368 3192 1486 3223 vero
1517 3173 1679 3223 mirari
1709 3174 1884 3237 dech,
1936 3193 2043 3226 cum

135 3254 247 3306 illud
278 3255 444 3305 audis:
504 3259 629 3306 Unus
667 3260 805 3315 deus,
862 3274 921 3304 cx
947 3273 1035 3319 quo
1065 3260 1240 3315 omnia,
1296 3267 1341 3306 et
1371 3276 1490 3306 unus
1514 3261 1749 3316 dominus,
1796 3276 1886 3322 per
1910 3278 2042 3324 quem

136 3334 304 3389 omm'a.
385 3336 507 3390 Cum
535 3340 660 3390 enim
695 3340 842 3389 filium
868 3338 1106 3388 dominum
1140 3340 1374 3407 appellat,
1427 3359 1522 3391 non
1553 3341 1754 3390 eundem
1785 3359 1876 3391 una
1901 3345 2041 3394 deum

137 3439 247 3474 esse
274 3423 468 3489 negavit
496 3425 759 3491 apostolus.
840 3419 1072 3473 Similiter
1107 3425 1228 3489 quod
1273 3424 1419 3484 dixit,
1484 3428 1608 3473 Unus
1643 3428 1754 3474 deus
1783 3445 1874 3490 per
1910 3446 2041 3493 quem

138 3510 317 3566 omnia,
374 3508 575 3557 eundem
610 3509 749 3557 dcum
792 3525 847 3557 ac
895 3506 1133 3555 domiuum
1179 3523 1288 3557 esse
1325 3525 1621 3574 nequaquam
1667 3509 1910 3561 inficiatus
1941 3521 2034 3563 est.

140 3591 304 3657 ltaque
334 3590 473 3640 simul
502 3591 720 3641 dominus
750 3599 799 3640 et
835 3590 950 3640 deus
971 3628 984 3653 ,
1041 3597 1087 3639 ει
1116 3589 1326 3653 ἀεικείης
1358 3591 1576 3642 dominus
1621 3609 1729 3643 esse
1768 3596 2036 3648 credendus

139 3756 268 3797 stolus
299 3756 404 3797 enim
431 3758 574 3812 spiritu
606 3766 747 3799 sancto
781 3757 1009 3807 serebatur,
1042 3764 1082 3796 et
1112 3756 1162 3796 de
1191 3764 1308 3811 patre
1338 3772 1385 3799 ac
1414 3757 1497 3799 filio
1527 3757 1714 3811 dicebat,
1746 3769 1788 3801 ut
1816 3768 1898 3804 cett.

2085 2515 2124 2549 M
2131 2514 2212 2549 atth
2219 2541 2229 2550 .

2091 2559 2145 2602 28,
2171 2559 2221 2592 19.
