2508 4134
410 291 636 332 PANARII
662 291 766 331 Lm.
783 291 858 330 111.
900 291 1034 331 ToM.
1066 292 1116 330 u.
1161 290 1348 331 expos.
1380 290 1487 331 Fu).
1520 290 1756 331 cATHoL.
1937 278 2038 329 495

144 390 218 441 vis
244 398 293 439 et
320 389 576 439 efficacitas
614 388 927 449 ostendatur,
985 388 1109 454 quod
1139 396 1360 454 tanquam
1391 387 1538 438 vitale
1571 406 1740 439 munus
1773 387 2039 438 infidelibus

142 480 192 523 et
223 472 280 522 ad
311 471 555 522 nationum
586 471 794 522 omnium
828 470 1197 522 conversionem
1228 479 1369 538 atque
1401 472 1456 522 ad
1487 471 1780 537 agnitionem
1822 470 2039 522 veritatis

143 563 219 606 est
257 554 483 605 oblatum.
562 553 713 622 igitur
743 551 1007 605 Chetturae
1049 554 1214 604 liberis
1255 555 1425 604 collata
1464 555 1543 604 illa
1577 572 1773 605 munera
1810 554 2040 622 pecuniae

142 647 308 701 erant,
361 656 526 689 aurum
559 638 806 700 videlicet,
861 646 1111 705 argentum
1139 646 1186 687 et
1218 637 1398 700 vestis,
1455 647 1502 687 et
1531 655 1651 704 quae
1680 656 1774 689 non
1803 639 1909 690 sine
1937 657 2041 708 my-

142 722 292 773 sterio
326 722 593 774 Abraamus
620 721 667 772 in
700 720 889 772 illorum
928 722 1058 789 peris
1086 721 1310 783 inclusit,
1366 721 1500 783 thus,
1546 722 1735 788 myrrha
1767 731 1815 772 et
1841 740 2038 785 aurum,

144 822 262 873 quae
299 805 356 863 ab
400 803 720 856 Sodomorum
763 814 811 855 et
845 803 1147 856 Gomorrhae
1188 804 1382 870 regibus
1419 804 1632 871 accepit,
1688 824 1781 872 quo
1826 816 2038 875 tempore

144 887 552 957 Chodollogomor
573 899 620 939 et
647 887 819 952 Barsa,
861 888 1105 956 ceterique
1130 905 1272 956 reges
1298 885 1574 939 Sodomitas
1601 897 1650 938 et
1677 888 2040 942 Goinorrhaeos

145 974 359 1042 captivos
389 972 696 1023 abduxerunt
723 990 779 1023 ac
812 972 1024 1041 praedati
1054 981 1185 1035 sunt,
1229 980 1322 1022 tam
1361 988 1509 1039 equos
1543 990 1682 1039 quam
1716 973 1953 1036 homines,
1995 984 2043 1024 et

143 1057 518 1123 uniuscuiusque
559 1058 771 1107 fortunas
812 1056 1129 1124 diripuerunt.
1210 1052 1348 1121 Quae
1394 1073 1498 1105 cum
1546 1055 1820 1107 Abraamus
1859 1075 1921 1108 ex
1962 1058 2043 1109 illa

143 1159 310 1208 regum
356 1140 726 1208 depraedatione
775 1148 1136 1208 recuperasset,
1200 1156 1288 1190 nec
1329 1157 1450 1206 quae
1491 1140 1583 1189 iam
1629 1140 1719 1190 deo
1758 1151 2042 1194 consecrata

144 1227 333 1276 fuerant
357 1225 558 1275 auderet
583 1232 835 1287 avertere,
875 1224 1003 1274 inter
1039 1224 1130 1274 alia
1165 1223 1287 1274 dona
1319 1223 1484 1273 liberis
1523 1223 1650 1286 suiS,
1692 1242 1812 1291 quos
1840 1242 1866 1275 e
1894 1223 2042 1276 Chet-

143 1318 250 1360 tura
280 1317 586 1377 susceperat,
626 1308 751 1359 ultro
785 1309 1053 1372 concessit,
1094 1316 1146 1357 ut
1172 1307 1219 1357 in
1244 1305 1578 1358 Hebraeorum
1609 1307 1944 1360 traditionibus
1975 1310 2043 1361 le-

143 1410 318 1461 gimus.

282 1558 605 1628 Posteaquam
646 1578 763 1611 vero
793 1557 1017 1612 Christus
1059 1561 1106 1612 in
1150 1560 1273 1612 hunc
1317 1562 1542 1613 mundum
1581 1561 1744 1628 venit,
1796 1560 1937 1615 iidem
1977 1564 2045 1617 illi
2069 1572 2294 1627 Cap.V111.

145 1644 377 1695 Abraami
419 1653 464 1694 et
501 1641 766 1695 Chetturae
805 1644 917 1708 filii,
975 1647 1109 1713 quia
1135 1655 1268 1713 patre
1311 1646 1478 1697 reiecti
1516 1646 1564 1697 in
1605 1646 1863 1715 Magodia,
1922 1667 2044 1717 quae

146 1728 358 1779 Arabiae
388 1727 521 1795 regio
552 1737 655 1790 est,
703 1728 1053 1792 habitaverant,
1096 1730 1185 1780 hoc
1212 1738 1286 1780 est
1313 1728 1444 1797 Magi
1476 1748 1540 1781 ex
1567 1731 1692 1782 illius
1719 1735 1914 1798 generis
1937 1751 2045 1784 suc-

146 1812 367 1862 cessione
396 1813 663 1881 propagafi,
705 1813 869 1862 eadem
901 1813 980 1863 illa
1011 1814 1132 1864 dona
1158 1814 1372 1865 eiusdem
1401 1815 1458 1865 ad
1486 1817 1867 1868 communionem
1896 1818 2045 1885 signi·
2068 1824 2255 1859 Matth.1.

146 1896 374 1946 ficandam
409 1893 604 1947 Christo
631 1894 899 1946 Bethleemi
930 1897 1233 1961 obtulerunt,
1286 1916 1391 1948 cum
1422 1899 1478 1948 ad
1506 1911 1750 1967 aspectum
1782 1900 1955 1952 sideris
1987 1919 2045 1953 eo

146 1979 345 2048 profecti
377 1979 598 2030 fuissent.
676 1977 957 2031 Cuiusmodi
986 1983 1108 2031 dona
1133 1983 1310 2033 diserte
1336 1983 1566 2051 propheta
1595 1984 1808 2034 declarat
1838 1986 1909 2035 his
1936 2003 2046 2037 ver-

144 2063 239 2127 biS,
282 2066 503 2127 Quoniam
529 2074 770 2129 antequam
798 2069 917 2114 sciat
934 2084 1056 2130 puer
1081 2070 1316 2131 appellare
1337 2078 1518 2132 patrem
1544 2078 1629 2117 aut
1649 2079 1857 2128 matrem,
1898 2075 2050 2135 capiet
2070 2077 2169 2112 Enai.
2194 2079 2229 2123 8,
2245 2081 2277 2115 ¹¹·

138 2151 391 2213 potentiam
418 2152 640 2197 Damasci
658 2158 703 2197 et
724 2151 872 2214 spolia
897 2153 1156 2210 Samariae,
1198 2169 1353 2200 coram
1379 2171 1491 2216 rege
1516 2157 1839 2216 Assyriorum.
1919 2152 2043 2205 Nam

144 2231 262 2283 haec
293 2231 451 2282 omnia
482 2232 713 2283 Abraami
759 2233 1051 2302 temporibus
1088 2253 1114 2285 e
1144 2234 1385 2287 Damasco
1428 2246 1474 2287 et
1508 2235 1729 2288 Samaria
1758 2255 1784 2287 a
1814 2255 2046 2306 superve—

144 2314 383 2367 nientibus
416 2316 508 2367 illis
534 2317 728 2383 regibus
760 2327 916 2386 capta,
959 2327 1008 2368 ut
1037 2329 1148 2369 ante
1176 2319 1294 2383 dixi,
1339 2322 1549 2371 fuerant.
1626 2319 1768 2388 Quod
1799 2332 1873 2372 est
1902 2322 2048 2389 igitur

146 2408 331 2468 tempus
368 2399 513 2463 illud,
568 2419 660 2468 quo
698 2410 951 2469 antequam
988 2414 1198 2470 patrem,
1251 2414 1334 2455 aut
1370 2414 1568 2455 matrem
1603 2406 1843 2473 appellare
1875 2408 2042 2470 sciret,

145 2484 270 2534 dona
296 2483 376 2534 illa
399 2484 550 2552 cepit,
593 2484 685 2535 nisi
715 2504 821 2536 cum
851 2487 908 2536 ad
937 2487 1090 2555 ipsum
1118 2489 1405 2540 accedentes
1436 2487 1572 2556 Magi
1601 2507 1742 2558 peras
1772 2508 1917 2553 suaS,
1967 2492 2045 2541 vel

144 2568 399 2619 thesauros
419 2607 432 2631 ,
477 2577 527 2618 ut
552 2570 780 2636 quaedam
811 2571 1110 2639 exemplaria
1140 2589 1253 2640 prae
1282 2590 1335 2623 se
1364 2575 1523 2623 ferunt
1542 2612 1555 2637 ,
1597 2584 1918 2642 aperuerunt,
1961 2575 2045 2625 ob-

144 2654 451 2719 tuleruntque
481 2652 744 2720 myrrham,
774 2655 881 2704 thus
912 2663 961 2705 et
987 2658 1193 2706 aurum?
1244 2655 1394 2708 Vides
1423 2675 1560 2725 quam
1586 2667 1692 2726 apte
1719 2658 1940 2710 veritatis
1967 2678 2045 2711 se-

146 2754 252 2788 cum
291 2754 451 2787 sermo
490 2735 739 2804 seriesque
773 2739 1072 2789 consentiat?
1127 2750 1271 2808 utque
1311 2741 1538 2792 haereses
1579 2743 1711 2810 ipsae
1749 2744 2044 2796 concubinae

146 2820 272 2883 sint,
327 2838 525 2888 quarum
562 2821 726 2871 liberis
752 2839 947 2889 aspersa
978 2841 1176 2874 munera
1214 2825 1341 2876 sint?
1415 2824 1554 2892 Quae
1588 2827 1775 2894 quidem
1815 2828 2043 2879 haereses

146 2905 299 2955 solum
343 2922 518 2956 nomen
559 2905 862 2969 obtinentes,
924 2906 969 2956 id
1000 2916 1075 2957 est
1112 2909 1213 2959 sola
1246 2906 1429 2960 Christi
1471 2910 1788 2978 appellatione
1829 2914 2043 2964 censitae

148 3006 324 3057 paucas
357 3007 382 3039 e
409 2988 561 3039 sacris
600 2988 752 3038 literis
796 2989 1063 3041 sententias
1093 2993 1362 3060 accipiunt,
1417 3011 1501 3061 per
1529 3012 1646 3061 quas
1677 2995 1960 3058 veritatem,
2002 2996 2044 3047 si

148 3073 325 3136 velint,
368 3072 636 3140 intelligere
662 3072 864 3140 possint.
944 3071 1031 3125 Sin
1063 3075 1218 3126 minus
1248 3077 1423 3140 velint,
1467 3079 1598 3129 etad
1628 3077 1869 3129 Herodem
1904 3082 2043 3131 rede-

149 3166 231 3207 ant
255 3158 554 3222 (mandatum
575 3165 732 3206 autem
758 3157 852 3207 illis
878 3167 971 3221 est,
1005 3175 1064 3208 ne
1088 3160 1147 3209 ad
1173 3158 1415 3210 Herodem
1442 3162 1662 3223 redeant,
1691 3163 1773 3212 sed
1797 3180 1881 3230 per
1904 3164 2042 3215 aliam

148 3241 276 3292 viam
316 3249 624 3294 revertantur
662 3239 710 3290 in
752 3241 950 3309 patriam
996 3246 1187 3308 suam):
1245 3244 1328 3294 sed
1359 3246 1398 3295 si
1427 3244 1660 3313 imperata
1698 3247 1858 3296 facere
1887 3247 2044 3298 detre-

150 3334 306 3390 ctent,
346 3325 506 3375 inania
535 3333 582 3375 et
610 3325 905 3376 infructuosa
936 3326 1051 3376 haec
1081 3327 1173 3376 illis
1208 3328 1332 3378 dona
1366 3329 1571 3392 fuerint,
1627 3328 1823 3397 perinde
1853 3348 1908 3380 ac
1934 3329 2044 3381 Ma-

150 3409 224 3476 gis
252 3409 511 3478 profectio,
564 3409 605 3459 si
633 3410 691 3460 ad
727 3408 971 3460 Herodem
1008 3411 1354 3473 revertissent,
1409 3413 1532 3479 quod
1563 3414 1783 3464 similiter
1817 3414 2043 3467 haereses

150 3492 283 3561 ipsae
320 3511 565 3545 sacrarum
603 3494 849 3545 literarum
887 3495 1107 3561 dogmata
1145 3495 1457 3546 adulterando
1499 3507 1824 3566 corrumpant·

150 3662 336 3715 vestiyiis)
368 3666 401 3702 et
441 3664 542 3702 editi.
600 3659 828 3716 ἀπέτρεψεν
859 3666 940 3703 cod.
975 3665 1069 3703 Rhe·
1127 3668 1239 3713 repet.

152 3719 231 3768 dig.
1184 3719 1220 3760 7.
1253 3715 1358 3762 αὐτοὶ
1387 3732 1459 3759 om.
1492 3722 1574 3760 cod.
1607 3723 1768 3774 Rhediy.

206 3772 246 3815 6.
275 3769 379 3815 ἀλλὰ
404 3776 585 3815 omissum
613 3779 654 3815 in
677 3777 764 3816 edit.
782 3778 913 3816 Petav.
937 3778 1068 3816 colon.
1186 3774 1280 3815 CAP.
1300 3777 1408 3818 VIII.
1442 3799 1490 3805 —
1554 3776 1587 3817 l.
1628 3767 1747 3830 Vulgo
1777 3781 1864 3822 libri
1893 3780 1991 3838 ἔχει.
