2508 4134
262 557 375 610 Κεφ.
406 546 472 596 ια’.

273 2965 358 3005 pag.
382 2954 456 2989 925.

501 267 603 322 210
958 251 971 254 ’
1210 276 1412 319 εΑΝοΤι
1443 278 1725 319 EPIPHANH

529 462 634 505 ΚΑΙ
663 460 815 504 ΕΣΤΙ
844 459 1008 503 ΤΟΛΕ
1040 459 1119 503 ΤΟ
1152 460 1630 505 ΣΥΝΤΔΓΜΑΤΙΟΝ
1661 461 1781 504 ΤΟΥ
1813 461 2125 506 ΑΝΟΜΟῙΟΥ
2154 464 2390 508 ΑΕΤΙΟΥ.

637 543 843 611 Ἐπειδὴ
883 550 894 579 ¹
919 545 970 596 ἐν
995 550 1153 617 καιρῷ
1178 549 1265 597 τοῦ
1292 546 1636 612 ἐπενεχθέντος
1667 542 1783 612 ἡμῖν
1809 548 2031 615 διωγμοῦ
2065 543 2164 600 ὖπὸ
2186 553 2297 600 χτῶν
2318 570 2427 618 χρο-

498 635 646 684 νιτῶν
674 649 800 690 τινες
830 635 927 682 τῶν
955 631 1325 699 προειρημένων
1349 629 1747 698 σφετερισάμενοι
1780 629 1899 698 μετά
1932 632 2016 683 καὶ
2046 629 2205 685 ἄλλων
2236 639 2430 687 πολλῶν

497 713 808 783 πονημάτιον
849 715 1167 767 σπουδασθὲν
1206 713 1327 782 ἡμῖν
1370 715 1649 778 ἰδιαζόντως
1691 718 1803 786 περὶ
1860 714 2131 786 άγεννήτου
2179 723 2308 770 θεοῦ
2345 720 2429 771 καὶ

497 806 731 871 γεννητοῦ
779 798 1121 870 παρενθήκαις
1173 821 1221 852 τε
1272 802 1356 852 καὶ
1400 798 1685 869 α’φαιρέσεσι
1731 805 2114 873 διαφθείραντες
2165 804 2427 870 ἐξέδωκαν,

496 885 586 954 τήν
628 884 913 939 ἀκόλουθον
949 883 1246 953 άμείψαντες
1287 884 1513 955 ἀγωγὴν,
1563 880 1688 953 ἦλθε
1718 887 1772 939 δὲ
1809 886 1928 955 μετά
1960 894 2114 940 ταῦτα
2153 887 2318 943 ’ὶαῦτὸ
2359 892 2429 953 εἰς

495 969 649 1039 ἡμᾶς,
689 970 820 1033 τινὸς
847 978 944 1025 τῶν
971 975 1257 1025 σπουδαίων
1287 968 1406 1038 ἡμῖν
1434 968 1556 1023 αὐτὸ
1583 972 2054 1040 προςκεκομικότος,
2102 971 2428 1044 ἠναγκάσθην

496 1055 578 1111 οἶα
609 1055 770 1126 πατὴρ
795 1050 947 1119 αὖθις
975 1057 1289 1127 διακαθάρας
1315 1057 1567 1123 ἐκπέμψαι
1599 1053 1756 1123 3ὖμῖν
1782 1055 1835 1110 τό
1864 1057 2183 1129 σύγγραμμα,
2235 1053 2274 1113 ὦ
2302 1059 2427 1113 πάν-

493 1164 571 1206 τες
600 1149 627 1180 4
644 1141 857 1210 εὐσεβεῖς
883 1143 1094 1211 ἀθληταί
1119 1163 1169 1195 τε
1197 1144 1284 1194 καὶ
1314 1139 1609 1211 οἷθλήτριαι,
1660 1141 1798 1204 ὅπως
1837 1141 1900 1194 άν
1938 1145 2115 1197 εἰδέναι
2147 1147 2297 1213 ἔχοιτε
2323 1143 2427 1199 κατ’

496 1231 692 1283 ἔννοιαν
719 1235 815 1281 τῶν
853 1226 1005 1298 άγίων
1045 1233 1250 1298 γραφῶν
1281 1230 1512 1296 εἰρῆσθαι
1540 1224 1684 1294 ἡμῶν
1711 1225 1765 1278 τὸ
1798 1227 2026 1298 5λόγιον,
2077 1228 2141 1283 δι’
2170 1224 2230 1283 οὗ
2264 1230 2426 1284 πάντα

496 1313 772 1385 ἄνθρωπον
796 1312 1056 1383 άντιλέγειν
1078 1311 1194 1380 ὑμῖν
1219 1315 1552 1382 ἐπιχειροῦντα
1575 1313 1688 1382 περὶ
1706 1310 1980 1381 νάγεννήτου
2007 1320 2134 1367 θεοῦ
2153 1317 2235 1369 καὶ
2258 1336 2421 1385 γεννη·

493 1406 584 1453 τοῦ
613 1399 790 1453 παύειν
818 1399 1159 1467 ἀναισχυντεῖν
1187 1406 1442 1466 συντομοῖς
1476 1405 1499 1435 ⁶
1517 1399 1783 1467 ἐπιφοραῖς
1814 1399 2108 1467 δυνήσεσθε,
2146 1399 2346 1454 πάντων
2373 1401 2426 1454 δὲ

498 1484 744 1553 7μάλιστα
781 1484 898 1547 τούς
926 1485 1338 1555 προειρημένους·
1392 1486 1444 1536 ἐν
1481 1486 1598 1536 εἴδει
1633 1489 1733 1536 τῶν
1767 1490 2006 1555 στιχηρῶν
2041 1483 2154 1539 8ἐπ’
2183 1485 2427 1558 ἄπόρησιν

495 1570 784 1642 άπορήσεως
822 1574 908 1624 καὶ
948 1569 1086 1623 λύσιν
1128 1568 1337 1633 λύσεως,
1392 1568 1475 1622 διά
1513 1567 1568 1622 τὸ
1604 1569 1991 1640 εὐπερίδρακτον
2026 1571 2112 1624 καὶ
2142 1572 2299 1638 σαφὲς
2328 1578 2426 1626 τῶν

492 1655 908 1729 ἐπιχειρημάτων,
947 1652 1406 1724 ποιησάμενοςτήν
1444 1652 1598 1725 ἀρχὴν
1634 1657 1747 1726 περὶ
1785 1653 2052 1726 άγεννήτου
2087 1663 2227 1710 θεοῦ.

634 2083 693 2137 α’,
716 2086 786 2136 Εἰ
802 2082 1015 2137 δυνατόν
1041 2086 1139 2136 ἐστι
1158 2088 1225 2155 τῷ
1246 2081 1494 2154 άγεννήτῳ
1520 2087 1631 2155 θεῷ
1656 2081 1710 2135 τὸ
1738 2081 1970 2152 γεννητόν
1995 2083 2261 2154 ἀγέννητον
2274 2091 2421 2154 ποιῆ-

487 2189 592 2236 σαι,
649 2172 693 2222 εἰ
716 2175 852 2222 πᾶσα
891 2168 1035 2222 ουσία
1074 2170 1205 2222 ἐστὶν
1250 2165 1539 2271 ἆγέννητος,
1593 2166 1903 2238 ουδοποτέρα
1946 2171 2119 2222 διοίσει
2157 2176 2243 2238 τῆς
2275 2168 2421 2238 άλλης

489 2279 615 2310 κατα
654 2254 707 2309 τὸ
749 2252 1033 2308 οἷδέσποτον.
1113 2259 1236 2315 Πῶς
1273 2256 1365 2306 οὐν
1403 2251 1463 2305 άν
1497 2275 1571 2315 τις
1607 2256 1729 2320 φαίη
1768 2275 1858 2320 την
1894 2254 1979 2320 μὲν
2017 2254 2418 2324 μεταβάλλεσθαι,

488 2365 578 2410 την
604 2342 657 2394 δὲ
690 2339 1030 2409 μεταβάλλειν,
1087 2361 1181 2392 ουκ
1224 2338 1585 2409 ἐπιτρεπόντων
1621 2345 1687 2410 τῷ
1725 2344 1832 2411 θεῷ
1868 2336 2080 2405 υφιστᾶν
2108 2342 2161 2393 ἐκ
2199 2340 2267 2408 μή
2295 2338 2415 2395 ὕπο-

484 2429 710 2495 κειμένης
745 2425 887 2493 ῦληςς

628 2596 672 2666 β’
677 2639 688 2649 .
710 2598 781 2648 Εἰ
801 2594 963 2663 πάσης
985 2598 1142 2657 αἰτίας
1169 2597 1401 2664 κρείττων
1430 2591 1635 2664 ’ὑπάρχει
1662 2592 1691 2647 ὁ
1717 2594 1984 2664 ἆγέννητος
2002 2593 2140 2660 θεὸς,
2163 2593 2246 2649 διά
2271 2601 2415 2650 τοῦτο

483 2684 569 2737 καὶ
605 2684 835 2753 γενέσεως
864 2685 1092 2751 κρείττων
1119 2679 1180 2733 ἂν
1207 2683 1294 2748 εἴη.
1370 2682 1442 2732 Εἰ
1466 2680 1519 2732 δὲ
1546 2684 1776 2749 κρείττων
1806 2682 1903 2734 ἐστὶ
1934 2680 2094 2748 πάσης
2121 2683 2295 2746 αἰτίας,
2334 2685 2418 2750 δη-

484 2767 650 2823 λονότι
683 2769 768 2821 καὶ
796 2769 1042 2837 γενέσεως.
1122 2764 1247 2819 Οὔτε
1289 2764 1382 2836 γάρ
1423 2763 1539 2837 παρ’
1567 2767 1732 2837 ἐτέρας
1760 2765 1959 2833 φύσεως
1989 2768 2156 2834 εἴληφε
2186 2765 2241 2820 τὸ
2273 2763 2415 2833 εἶναι,

488 2853 601 2909 οὔτε
640 2851 787 2914 αὐτὸς
824 2854 980 2923 ἑαυτῷ
1017 2851 1071 2905 τὸ
1111 2849 1235 2905 εἶναι
1271 2853 1517 2922 παρέσχεν.

632 2939 688 3009 γ’.
719 2940 790 2990 Εἰ
813 2938 866 2990 δὲ
904 2936 1051 2999 αὐτὸς
1087 2939 1245 3010 ἑαυτῷ
1273 2936 1327 2991 τὸ
1355 2935 1477 2991 εἶναι
1503 2936 1569 3005 μὴ
1603 2938 1862 3008 παρέσχεν,
1915 2934 1975 2991 οὗ
2004 2935 2086 2990 διά
2112 2935 2166 2989 τὸ
2205 2936 2415 3000 ἀσθενὲς

486 3031 575 3093 τῆς
602 3024 827 3092 φύσεως,
878 3021 993 3075 ἄλλά
1025 3021 1106 3075 διά
1138 3021 1192 3076 τὸ
1220 3021 1610 3093 ’ὑπερβεβηκέναι
1638 3029 1804 3075 πᾶσαν
1830 3025 2014 3087 αἰτίαν,
2066 3020 2230 3075 πόθεν
2258 3021 2318 3075 ἄν
2340 3044 2414 3085 τις

485 3109 576 3178 την
625 3107 913 3163 ὗποστᾶσαν
948 3107 1074 3178 πρός
1109 3107 1198 3176 τήν
1242 3107 1592 3176 ὖποστήσασαν
1630 3108 1783 3175 φύσιν
1830 3106 1883 3161 τὸ
1932 3106 2307 3176 ἀπαράλλακτον
2343 3109 2413 3170 εἰς

486 3194 660 3249 οὐσίαν
697 3197 823 3264 ἔχειν
851 3193 1197 3265 συγχωρήσειε,
1237 3193 1298 3247 οὐ
1340 3202 1363 3231 ⁹
1382 3195 1699 3265 προςιεμένης
1727 3199 1814 3261 τῆς
1843 3190 2072 3260 τοιαύτης
2095 3189 2412 3256 ὑποστάσεως

483 3282 682 3351 γένεσιν.

626 3364 682 3418 δ’.
701 3368 772 3418 Εἰ
789 3363 1115 3432 ἀτελευτήτως
1138 3362 1166 3417 ὅ
1188 3363 1309 3427 θεὸς
1335 3367 1549 3433 διαμένει
1575 3368 1628 3419 ἐν
1654 3362 1902 3435 ἆγεννήτῳ
1926 3361 2089 3428 φύσει,
2113 3364 2199 3416 καὶ
2225 3361 2410 3418 ἀτελευ-

544 3538 638 3579 CAP.
668 3540 746 3581 XI.
774 3563 830 3570 -
903 3539 939 3581 1.
969 3541 1079 3590 Infra
1110 3541 1152 3579 in
1187 3540 1312 3590 Refut.
1343 3541 1416 3581 τοῦ
1532 3540 1570 3580 5.
1603 3535 1777 3591 λογίδιον
1804 3536 1924 3586 infra.

485 3592 774 3650 ἐπενεχθέντος
804 3594 845 3639 ἐν
876 3597 1025 3651 καιρῷ.
1492 3604 1495 3607 ·
1531 3594 1571 3637 6.
1601 3596 1866 3646 περιτροπαῖς
1894 3593 2012 3643 infra.

540 3651 580 3692 2.
612 3655 719 3703 Infra
748 3654 870 3695 τοῦτο
885 3684 897 3706 ‚
928 3654 1031 3704 quod
1053 3664 1189 3692 verum
1215 3664 1293 3693 esse
1313 3657 1420 3701 puto.
1533 3650 1572 3693 7.
1603 3650 1711 3704 μαλ)
1714 3663 1754 3691 ον
1778 3650 1898 3700 infra.
1948 3651 2082 3690 Itidem
2103 3654 2191 3702 post
2213 3663 2405 3706 προειρη-

540 3705 578 3747 3.
610 3710 773 3749 Restitui
807 3706 904 3763 υμῖν
932 3721 980 3749 ex
1015 3711 1124 3749 libris
1149 3721 1239 3749 mss.
1301 3711 1422 3760 Vulgo
1480 3705 1624 3761 μένους
1653 3707 1833 3746 additum
1862 3707 2000 3756 leyitur
2027 3706 2228 3762 χρονίτας.

483 3759 598 3815 ημῖν
1430 3790 1433 3795 ,
1534 3763 1572 3805 8.
1601 3764 1710 3813 Infra
1733 3764 1870 3812 leyitur
1892 3765 2040 3803 diverse
2062 3776 2109 3804 ac
2127 3767 2279 3814 plenius
2305 3762 2405 3806 ἐπα-

542 3818 580 3860 4.
612 3823 766 3870 Repono
797 3817 1015 3876 ευσεβείας
1044 3834 1091 3862 ex
1121 3824 1247 3873 Resut.
1477 3817 1654 3873 πόρησιν
1684 3814 1934 3872 ἀπορησεως
1968 3818 2204 3874 διαστησας
2232 3820 2304 3863 καὶ
2333 3818 2403 3863 λύ-
