2508 4134
692 321 830 363 'rom
859 320 1068 361 Pmoms
1098 320 1232 360 PARS
1262 318 1433 360 PmoR.
1899 305 1993 356 621

223 423 363 478 Pag.
382 421 507 466 686.
564 421 591 461 l.
613 420 653 464 3.
680 427 723 459 et
746 415 784 460 4.
813 413 893 461 ἀπὸ
918 416 1128 470 πορνείας,
1161 416 1220 460 ἔτι
1243 419 1344 457 Ven.
1373 441 1428 447 —
1484 416 1510 457 1.
1526 416 1564 458 6.
1593 413 1725 458 οἶκτον
1752 410 1881 458 αὐτοῦ
1903 408 2000 456 ἀνα-

115 494 252 548 λαβεῖν
276 492 378 531 Ven.
414 515 462 521 --
518 490 547 532 l.
562 490 598 533 7.
625 486 859 543 ν,ἐνδείξηται
884 488 984 527 Ven.
1017 510 1069 517 —-
1126 486 1153 525 l.
1180 488 1240 527 10.
1270 485 1384 529 ἐλεᾶν
1415 487 1500 526 Bas.
1532 483 1647 527 ἐλεάν
1672 486 1772 525 Ven.
1807 508 1854 515 -
1885 483 1911 523 l.
1938 484 1999 525 15.

115 563 262 601 Venet.
285 559 444 614 p1enius
472 557 591 603 πάλιν
622 552 756 613 ἄγαγε
781 557 853 600 τοῦ
878 552 1038 610 ἀγαθοῦ
1079 556 1177 598 θεοῦ
1219 553 1500 609 κατηγορήσει
1534 551 1678 602 πάλιν,
1723 545 1760 596 ὦ
1786 552 1999 607 Μαρκίων,

116 625 169 674 δι’
198 625 315 683 ἀπορ.
342 653 398 661 -
451 629 478 668 l.
507 628 664 684 penult.
694 627 877 668 Restitne
906 640 955 666 ex
984 627 1084 667 Ven.
1115 623 1388 679 δημιουργὸν,
1419 624 1460 667 ἐν
1489 620 1603 679 αὐτῷ
1634 622 1681 667 δὲ
1711 618 1820 667 ὅντα.

225 702 364 757 Pag.
389 699 515 743 688.
570 699 597 739 l.
616 699 653 740 5.
694 699 862 752 Repone
889 710 937 736 ex
966 696 1068 736 ven.
1096 693 1234 749 πηγὴν
1269 690 1368 737 ὄντα
1393 695 1507 748 ζωῆς
1532 693 1604 736 καὶ
1634 694 1748 748 ζωῆς
1772 693 1922 748 πηγὴν.
1953 718 2006 724 -

117 771 145 812 1.
169 770 228 813 11.
271 768 654 824 κατειργασαμένης
693 768 790 823 (sic)
820 767 922 806 Ven.
952 789 1002 795 —
1063 765 1089 805 l.
1121 762 1181 806 14.
1226 766 1323 804 Post
1360 778 1448 805 voc.
1477 758 1595 818 ὄφεις
1620 763 1859 803 exciderunt
1886 763 2007 804 verba

118 839 191 884 καὶ
231 838 473 894 σκορπίους,
515 852 619 894 quae
653 837 833 879 restitue.
894 834 1182 875 Desiderautur
1220 849 1266 875 ea
1304 834 1425 874 etiam
1453 834 1493 873 in
1522 833 1587 874 ed.
1614 834 1749 873 Petav.
1781 833 1923 874 Colon.
1954 856 2008 864 -

119 910 146 952 l.
163 909 230 952 23.
259 907 329 953 τὸν
357 908 646 963 προειρημένον
673 909 773 948 ven.

229 980 367 1036 Pag-
386 978 511 1023 69⁰.
566 978 595 1018 l.
623 978 656 1020 1.
687 976 837 1020 Τέλεον
862 977 963 1016 Ven.
994 999 1043 1005 —
1102 974 1129 1014 l.
1153 975 1191 1015 5.
1228 978 1338 1015 Acue
1367 973 1545 1016 κτίστου.
1576 998 1629 1004 -
1684 974 1711 1013 l.
1736 973 1794 1014 16.
1828 972 2009 1013 Restitue

118 1049 358 1106 particulam
382 1047 453 1092 καὶ
481 1057 577 1089 ante
616 1046 820 1104 βούλοιτο,
862 1060 964 1101 quae
1003 1044 1258 1085 desideratur
1291 1044 1413 1084 etiam
1440 1033 1479 1083 ih
1512 1044 1577 1083 ed.
1616 1046 1751 1083 Petav.
1783 1042 1923 1083 Colon.
1955 1065 2009 1074 -

117 1120 144 1161 l.
158 1119 225 1161 20.
255 1116 424 1163 ῦπόνοια
449 1118 574 1159 habet
601 1112 839 1158 etiamVen.
865 1139 915 1146 -
944 1115 970 1155 1.
991 1113 1059 1156 23.
1092 1118 1198 1154 Ante
1227 1113 1404 1168 μέτεισιν
1428 1113 1560 1153 insere
1586 1114 1712 1169 ‘verba
1738 1127 1784 1155 τε
1807 1112 1877 1156 καὶ
1906 1115 2009 1168 βρω-

120 1185 285 1244 μάτων,
316 1203 419 1243 quae
444 1201 570 1243 prave
608 1186 854 1228 exciderunt.
926 1185 1219 1226 Desiderantur
1257 1184 1379 1224 etiam
1419 1184 1461 1224 in
1502 1183 1564 1224 ed.
1606 1184 1741 1224 Petav.
1785 1183 1926 1223 Colon.
1965 1205 2008 1213 -

120 1259 147 1299 l.
166 1259 205 1302 7.
226 1259 276 1299 ab
303 1258 378 1299 inf.
411 1257 578 1311 Corrige
609 1254 669 1306 ὥς
695 1255 796 1299 ἔστι.
852 1258 897 1296 In
921 1256 1025 1296 Ven.
1054 1263 1096 1296 et
1126 1257 1214 1295 Bas.
1246 1262 1308 1294 est
1335 1253 1514 1308 πρέπων.

231 1329 368 1386 Pag.
387 1330 512 1372 692.
571 1327 598 1367 l.
619 1326 658 1368 8.
703 1325 774 1370 καὶ
802 1326 1001 1376 σώζοντος
1030 1340 1108 1366 om.
1133 1327 1237 1366 ven.
1267 1349 1322 1356 —
1377 1324 1406 1364 l.
1432 1325 1494 1366 12.
1538 1323 1597 1372 εἰς
1624 1322 1670 1367 τὸ
1700 1323 1885 1376 πατῆσαι
1909 1325 2011 1364 ven.

119 1424 174 1431 --
201 1400 227 1440 1.
257 1396 317 1441 14.
366 1394 467 1440 Κατ’
503 1392 776 1440 Ἀπελλιανῶν
814 1398 915 1436 Ven.
948 1420 999 1427 —-
1056 1396 1085 1435 l.
1109 1397 1147 1438 8.
1177 1395 1227 1435 ab
1256 1394 1332 1435 inf.
1377 1392 1592 1448 ἐγείρουσα
1629 1395 1730 1434 Ven.
1760 1417 1815 1424 --
1882 1392 1908 1432 1.
1939 1392 2010 1432 ult.

120 1465 237 1524 ἅγιος
260 1467 333 1512 καὶ
356 1463 514 1511 ἄνωθεν
541 1465 640 1516 θεὸς
666 1465 856 1522 ἐποίησεν
883 1468 986 1507 Ven.
1048 1465 1188 1506 Adhuc
1215 1464 1378 1519 ambigo
1405 1464 1511 1504 inter
1536 1462 1900 1517 scripturasssodd.
1926 1463 2013 1502 Va—

116 1541 184 1582 tic.
215 1548 258 1581 et
286 1540 432 1580 Venet.

98 1664 102 1668 η
232 1610 371 1667 Pag.
394 1608 518 1652 694.
576 1607 601 1648 l.
626 1608 686 1648 ll.
717 1603 975 1663 ἀποβήσεται
1000 1613 1137 1646 tuetur
1161 1605 1281 1645 etiam
1311 1606 1410 1646 Ven.
1443 1629 1495 1636 -
1553 1605 1579 1647 l.
1601 1605 1660 1646 15.
1692 1608 1802 1644 Acue
1831 1601 2012 1655 κτίστην.

123 1705 176 1713 -
206 1682 238 1721 Ι.
266 1681 326 1723 17.
355 1678 437 1721 τῶν
459 1678 597 1720 καλῶν
622 1678 724 1717 Ven.
756 1701 812 1708 -
867 1677 894 1716 l.
915 1677 952 1718 3.
979 1677 1029 1716 ab
1056 1676 1131 1716 inf.
1180 1674 1345 1729 Com-ige
1380 1675 1574 1718 Γίνεσθε.
1632 1674 1787 1715 Vitium
1816 1668 2016 1715 Γίνεσθαι

123 1749 342 1805 deprendis
382 1747 503 1789 etiam
532 1748 574 1787 in
599 1748 702 1787 Ven.
735 1772 783 1777 —
843 1747 870 1787 l.
892 1747 932 1789 3.
958 1747 1007 1786 ab
1034 1746 1109 1786 inf,
1153 1745 1334 1800 Χρῶμαι
1371 1743 1450 1799 γὰρ
1490 1747 1592 1785 Ven.
1624 1769 1673 1774 -—
1731 1743 1759 1783 l.
1786 1743 1857 1783 ult.
1889 1742 2012 1782 Liber

123 1822 268 1861 Venet.
307 1817 463 1873 plenius
493 1814 742 1870 ἐσταυρώθη
773 1814 814 1859 ἐν
843 1813 1045 1873 ἀληθείᾳ,
1092 1815 1164 1859 καὶ
1193 1812 1328 1870 ἐτάφη
1359 1814 1399 1858 ἐν
1429 1811 1633 1871 ἀληθείᾳ,
1680 1813 1751 1857 καὶ
1780 1808 1933 1866 ἀνέστη
1972 1809 2012 1854 ἐν

124 1886 323 1945 ἀληθείᾳ,
354 1886 427 1931 καὶ
455 1884 618 1936 ἔδειξεν.

234 1961 371 2015 Pag.
393 1957 518 2000 696.
575 1956 603 1995 l.
623 1955 661 1998 7.
690 1954 737 1998 τὸ
767 1955 899 2011 σαφὲς
915 1959 1014 1997 Ven.
1051 1981 1097 1989 ---
1153 1956 1268 1998 124.
1303 1956 1468 2010 Corrige
1493 1956 1571 1998 ποῦ
1598 1970 1645 1996 ex
1674 1957 1760 1995 Bas.
1794 1979 1847 1985 —-
1907 1953 1933 1994 l.
1950 1952 2013 1994 26·

128 2028 296 2083 Corrige
320 2019 369 2070 ὦ.
400 2052 454 2058 -
510 2026 539 2067 l.
561 2023 597 2067 4.
629 2034 725 2067 ante
756 2026 821 2066 fin.
854 2020 1023 2080 Coi-rige
1051 2023 1179 2079 λῆρός
1207 2041 1281 2075 τις.

237 2099 377 2156 Pag.
398 2098 526 2143 698.
556 2097 583 2137 l.
607 2096 670 2138 12.
698 2098 842 2137 Venet.
874 2097 1031 2151 plenius
1060 2094 1129 2140 τὸν
1159 2091 1370 2150 ἄνθρωπον
1398 2096 1617 2140 τουτέστιν.

235 2170 374 2226 Pag.
401 2168 523 2212 700.
581 2166 694 2208 1.10.
739 2166 904 2220 corrige
928 2166 1108 2209 κτίστου.
1141 2191 1191 2198 -
1249 2167 1275 2206 l.
1300 2168 1366 2208 20.
1401 2167 1566 2220 Corrige
1594 2163 1865 2214 ἀποστείλας,
1908 2163 2018 2219 quod

127 2240 298 2295 praebet
323 2246 485 2293 praeter
511 2239 598 2279 Bas.
625 2245 668 2277 et
696 2236 758 2277 ed.
787 2238 923 2277 Petav.
962 2236 1084 2276 Paris.
1121 2236 1242 2276 etiam
1270 2239 1370 2276 Ven.
1430 2237 1524 2277 Sola
1551 2237 1592 2276 in
1621 2235 1683 2276 ed.
1709 2237 1846 2276 Petav.
1876 2235 2017 2275 Goion.

127 2309 275 2364 legitur
310 2307 555 2355 ἐπιστείλας.
589 2332 633 2337 -
696 2307 722 2347 l.
751 2307 812 2348 11.
837 2307 886 2346 ab
913 2306 988 2346 inf.
1038 2308 1204 2360 Repone
1236 2304 1295 2355 ὦς
1324 2303 1398 2349 οῦκ
1434 2303 1657 2359 ἀλλοτρίαν.
1714 2305 1913 2345 particula
1960 2300 2018 2352 ὥς

133 2379 283 2419 excidit
312 2378 433 2418 etiam
463 2377 513 2417 ab
543 2376 606 2417 ed.
635 2378 771 2417 Petav.
803 2376 944 2417 colon.
976 2400 1027 2407 —-
1086 2377 1109 2415 l.
1139 2378 1175 2420 7.
1208 2376 1258 2416 ab
1289 2377 1361 2416 ins.
1392 2367 1463 2418 καὶ
1491 2373 1591 2419 αὗτό
1624 2371 1840 2428 ἀνέστησε.

238 2449 376 2504 Pag.
399 2447 522 2491 ¹²⁰2.
577 2446 604 2487 1.
627 2443 665 2488 4.
713 2445 846 2486 Verba
874 2438 992 2494 οὗτος
1020 2443 1042 2489 ὁ
1067 2442 1235 2500 Ἰησοῦς
1262 2471 1286 2476 -
1318 2470 1336 2476 -
1363 2445 1421 2494 εἰς
1447 2443 1515 2489 τόν
1544 2442 1737 2500 οῦροινόν,
1769 2460 1870 2500 quae
1895 2445 2017 2484 resti-

128 2517 190 2558 tui
211 2533 260 2558 ex
286 2517 366 2558 fitie
396 2526 437 2557 et
466 2516 707 2557 auctoritate
735 2515 825 2556 cod.
851 2516 998 2564 Vatic„
1028 2523 1165 2556 tuetur
1183 2518 1329 2557 Venet.
1359 2531 1519 2571 quoque
1543 2516 1656 2557 liber.
1677 2540 1732 2546 --
1773 2515 1799 2556 l.
1823 2516 1883 2556 12.
1915 2519 2020 2554 Ante

131 2586 302 2642 θεότητι
342 2601 495 2641 repone
534 2585 746 2626 articulum
772 2585 851 2641 τῇ,
893 2586 960 2641 qui
990 2586 1245 2627 desideratur
1286 2587 1409 2626 etiam
1446 2587 1488 2626 in
1529 2586 1591 2627 ed.
1622 2587 1759 2626 Petav.
1794 2584 1935 2625 Colon.
1968 2608 2020 2614 -

128 2658 156 2700 l.
176 2655 241 2699 24.
274 2658 376 2697 Ven.
402 2654 559 2711 plenius
588 2653 628 2697 ἐν
658 2650 772 2711 αὐτῷ
801 2655 1078 2710 συνηνωμένον
1103 2659 1155 2712 τῇ
1183 2654 1365 2710 θεότητι.
1425 2656 1545 2707 Quod
1571 2656 1681 2696 edidi
1711 2655 1845 2711 ἑαυτῷ
1874 2654 2022 2709 legitur

131 2736 216 2769 tam
242 2727 283 2767 in
313 2729 401 2768 Bas.
433 2739 551 2780 quam
578 2724 620 2764 in
649 2724 712 2764 ed.
742 2727 880 2767 Petav.
915 2726 1035 2766 Paris.
1068 2756 1069 2759 η
1096 2727 1248 2767 Contra
1274 2723 1387 2783 αὐτῷ
1405 2759 1416 2776 ,
1459 2741 1562 2782 quae
1593 2726 1793 2781 scriptura
1822 2724 1945 2766 etiam
1970 2723 2021 2764 de

133 2797 224 2839 cod.
255 2798 357 2838 ven.
388 2802 530 2837 notata
559 2802 646 2844 est,
675 2794 761 2835 sola
791 2795 830 2835 in
863 2795 927 2835 ed.
959 2797 1095 2837 Petav.
1127 2796 1269 2837 Colon.

255 2868 394 2923 Pag.
421 2866 543 2909 ⁸704.
598 2862 682 2906 l-fi.
713 2860 818 2907 ἀλλὰ
845 2859 940 2907 οὔτε
964 2863 1009 2907 τὸ
1040 2863 1155 2915 ξύλον
1179 2868 1281 2907 Ven.
1314 2892 1367 2898 —-
1424 2867 1448 2906 l.
1477 2868 1534 2910 17.
1566 2869 1666 2908 Ven.
1697 2867 1840 2907 vitiose
1866 2865 2021 2908 Τοῦτον

133 2955 171 2983 κ.
212 2936 302 2991 ism,
346 2930 441 2990 τ’]’τοι
479 2948 724 2990 συγχρονοις.
757 2958 807 2965 —
866 2934 892 2975 l.
918 2935 979 2976 13.
1010 2934 1153 2990 χρόνου
1182 2932 1309 2980 αὐτοῦ
1334 2938 1435 2976 Ven.
1470 2961 1519 2967 —
1578 2937 1606 2977 1.
1629 2938 1668 2981 7.
1694 2939 1744 2978 ab
1767 2941 1842 2981 inf.
1889 2940 2022 2981 Verba

131 3006 190 3062 πῆ
234 3008 312 3062 (πῆ
351 3005 456 3058 Bas.)
496 3002 543 3048 δὲ
575 3001 769 3059 Σαβαώθ
807 3018 885 3045 om.
919 3006 1019 3043 Ven.
1052 3029 1098 3035 -
1159 3004 1244 3047 1.-1.
1272 3007 1322 3046 ab
1343 3006 1419 3047 inf.
1449 3007 1589 3047 Scribe
1618 3014 1820 3065 μεμῖχθαι
1844 3024 1918 3064 pro
1944 3024 2019 3063 με·

136 3077 293 3134 μίχθαι.
355 3077 542 3116 Ceterum
572 3074 623 3114 cf.
655 3073 785 3113 Nicet.
818 3073 946 3113 Chon.
972 3073 1096 3114 Thes.
1123 3075 1292 3116 Orthod.
1322 3076 1410 3116 Fid.
1442 3078 1522 3130 IV,
1557 3078 1629 3120 17:
1659 3077 1727 3121 τὸν
1753 3077 1800 3122 δὲ
1829 3078 2021 3134 Διάβολον

133 3147 328 3202 γενέσθαι
355 3145 404 3189 έκ
429 3145 499 3187 τοῦ
528 3141 711 3198 μεγάλου
739 3142 807 3197 (al.
839 3142 1012 3196 μέρους,
1057 3144 1265 3184 Morellius
1292 3146 1448 3199 μηροῦ,
1478 3147 1602 3187 vertit
1629 3148 1733 3188 enim
1759 3150 1918 3201 femore)
1942 3143 2022 3200 ἅρ-

135 3232 274 3274 χοντος
309 3217 390 3271 τῆς
413 3215 494 3258 τῶν
521 3210 748 3263 Ἐξουσιῶν
786 3210 966 3262 τάξεως,
1009 3207 1053 3255 ὃν
1089 3212 1160 3255 καὶ
1196 3210 1463 3271 Ἰαλδαβαώθ
1500 3219 1630 3260 καλεῖ.
1688 3217 1945 3271 Γεννηθέντα
1976 3216 2022 3261 δὲ

137 3285 206 3332 τὸν
233 3285 427 3343 Διάβολον
456 3281 676 3338 εὑρεθῆναι
699 3277 815 3337 ὅφιν,
848 3281 919 3324 καὶ
943 3280 1011 3325 διὰ
1034 3282 1152 3325 τοῦτο
1177 3286 1493 3339 κατακληθήναι
1520 3286 1579 3334 εἰς
1603 3285 1677 3340 τὴν
1707 3288 1809 3341 γῆν·
1853 3287 2022 3340 οἰστρη-

137 3354 372 3412 λατῆσαντα
400 3353 447 3398 δὲ
472 3354 639 3408 μιγῆναι
663 3349 722 3400 ὦς
746 3351 909 3406 γυναικὶ
935 3352 987 3407 τῇ
1015 3352 1088 3407 γῇ,
1119 3353 1189 3395 καὶ
1215 3352 1261 3395 ἐκ
1284 3355 1355 3397 τοῦ
1384 3357 1695 3409 σπερματισμοῦ
1725 3352 1850 3399 αὐτοῦ
1877 3353 2023 3400 ἀναδο-

138 3426 264 3480 θῆναι
296 3422 372 3479 τήν
411 3419 617 3478 ἄμπελον,
661 3422 732 3464 καὶ
767 3421 836 3465 διὰ
866 3422 983 3464 τοῦτο
1009 3421 1207 3465 ἐδίδασκε
1243 3422 1495 3467 παντάπασιν
1537 3423 1766 3481 ἀπέχεσθαι
1795 3427 1921 3476 οἴνου,
1965 3424 2023 3475 ὦς

251 3565 381 3620 Peg.
402 3563 526 3607 ⁸5⁰6.
581 3563 608 3602 l.
634 3564 672 3603 2.
713 3560 789 3610 τὰς
814 3558 944 3616 ῥάγας
974 3564 1060 3602 Bas.
1089 3572 1130 3603 et
1157 3563 1219 3604 ed.
1249 3565 1385 3604 Petav.
1416 3562 1514 3613 τοῦς
1540 3563 1668 3619 ῥοίγας
1692 3567 1792 3606 Ven.
1823 3590 1874 3597 —-
1931 3567 1959 3607 l.
1980 3567 2021 3609 6.

138 3636 198 3690 πῆ
223 3636 310 3674 Bas.
338 3642 380 3674 et
403 3633 466 3675 ed.
497 3635 631 3673 Petav.
657 3633 814 3687 ubique.
847 3656 897 3662 —
954 3631 981 3671 l.
1006 3633 1044 3676 7.
1090 3634 1349 3687 κιμφοῦσθαι
1377 3635 1477 3674 Ven.
1506 3658 1562 3665 —
1616 3635 1644 3674 l.
1670 3634 1729 3677 13.
1764 3636 1895 3676 verba
1923 3633 2024 3680 εἶναι

139 3704 211 3748 τοῦ
238 3704 361 3753 θεοῦ,
392 3700 437 3745 τὸ
468 3700 514 3746 δὲ
543 3697 674 3757 η’μισυ
702 3716 780 3743 om.
806 3703 906 3742 ven.
942 3725 988 3733 -—
1045 3702 1072 3742 l.
1098 3704 1158 3744 15.
1188 3701 1426 3746 κατωτάτου
1462 3705 1563 3745 Ven.
1594 3729 1648 3736 —
1704 3706 1730 3746 l.
1754 3704 1813 3748 16.
1855 3706 2022 3760 Repone

141 3773 354 3816 articulum
377 3769 454 3823 τὰ,
493 3781 587 3813 ante
610 3770 706 3816 καθ’
729 3770 905 3828 ἡδονὴν,
949 3772 1016 3827 qui
1040 3772 1207 3814 omissus
1235 3782 1296 3814 est
1322 3774 1442 3815 etiam
1471 3774 1513 3815 in
1540 3774 1602 3815 ed.
1628 3776 1764 3819 Petav.
1797 3778 1938 3820 Colon.
1969 3801 2023 3811 -
