2508 4134
237 1858 326 1896 pag.
350 1848 447 1883 1089.

482 271 584 321 500
1197 278 1398 320 SANCTI
1430 279 1711 321 EPJPHANH

482 374 618 444 ὕδωρ
668 376 752 426 καὶ
802 374 925 445 ἀέρα
975 375 1176 444 τέτταρα
1226 374 1520 446 πρωτόγονα
1570 377 1782 447 εἶςέφερε
1830 383 2066 444 στοιχεῖα,
2120 377 2205 429 καὶ
2256 377 2411 446 ἔλεγεν

480 461 665 529 ἔχθραν
697 457 935 528 ὖπάρχειν
974 466 1172 529 πρῶτον
1204 466 1300 513 τῶν
1335 466 1593 530 στοιχείων.
1669 460 1946 530 Κεχώριστο
1972 459 2095 531 γάρ,
2150 462 2296 528 φησὶ,
2352 458 2407 513 τό

479 544 744 613 πρότερον,
794 551 885 597 νῦν
923 545 975 597 δὲ
1003 543 1306 613 συνήνωται,
1364 544 1431 608 οἷς
1462 548 1613 617 λέγει,
1665 548 1947 612 φιλωθέντα
1984 545 2222 614 ἀλλήλοις.
2298 544 2408 598 Δύο

478 623 568 684 οὗν
598 632 689 683 εἰσι
719 628 823 683 κατ’
853 627 1006 693 αὐτὸν
1041 629 1187 700 ἀρχαὶ
1215 633 1302 684 καὶ
1335 630 1595 700 δυνάμεις,
1647 634 1802 701 ἔχθρα
1843 633 1926 684 καὶ
1958 634 2116 697 φιλία·
2170 624 2240 684 οἷν
2265 628 2299 699 ἡ
2323 630 2410 699 μέν

480 718 609 771 ἔστιν
648 714 879 783 ἑνωτικὴ,
918 712 952 783 ἡ
986 715 1040 768 δὲ
1077 719 1438 788 διαχωριστική.

618 885 941 958 Ἡράκλειτος,
973 884 1003 940 ὁ
1028 893 1118 940 τοῦ
1147 889 1449 951 5Βλέσωνος,
1478 884 1722 952 Ἐφέσιος,
1749 888 1803 940 ἐκ
1831 884 1990 958 πυρὸς
2014 888 2140 957 ἔλεγε
2164 885 2224 940 τά
2247 878 2433 940 πάντα

482 970 633 1039 εἶναι,
669 975 754 1026 καὶ
794 975 861 1035 εἰς
897 979 996 1043 πῦρ
1034 971 1182 1026 πάλιν
1219 971 1533 1026 ἀναλύεσθαι.

623 1057 879 1130 Πρόδικός
903 1081 976 1121 τις
1002 1060 1211 1129 τέσσαρα
1235 1066 1446 1126 στοιχεῖα
1473 1055 1629 1119 θεους
1658 1063 1818 1122 καλεῖ,
1873 1054 1974 1110 εἶτα
2005 1056 2144 1125 ἥλιον
2169 1058 2253 1110 καὶ
2276 1057 2411 1126 σελή-

477 1166 591 1212 νην·
631 1146 685 1197 ἐκ
722 1143 815 1214 γάρ
855 1143 1045 1197 τούτων
1083 1150 1205 1196 πᾶσι
1242 1142 1296 1196 τὸ
1335 1141 1538 1207 ζωτικὸν
1576 1144 1732 1212 ἔλεγεν
1769 1140 2018 1214 ὑπάρχειν.

622 1229 861 1294 Πλάτων,
910 1227 1203 1298 Ἀθηναῖος,
1258 1228 1383 1281 θεὸν
1409 1230 1537 1298 ἔλεγε
1565 1251 1647 1281 και
1677 1227 1799 1296 ’ύλην
1837 1226 1960 1282 εἶναι
1994 1229 2080 1281 καὶ
2120 1225 2249 1290 εἶδος
2262 1271 2275 1293 ,
2325 1227 2411 1282 τὸν

475 1313 665 1383 κόσμον
697 1318 750 1369 δὲ
791 1316 1023 1387 γεννητὸν
1056 1317 1142 1368 καὶ
1184 1312 1417 1385 φθαρτόν
1452 1311 1714 1384 ὑπάρχειν,
1752 1313 1843 1382 τὴν
1870 1313 2039 1383 ψυχὴν
2069 1314 2121 1367 δὲ
2149 1314 2413 1385 ἀγέννητον

474 1402 560 1454 καὶ
592 1399 849 1456 άθάνατον
888 1404 970 1455 καὶ
1004 1404 1149 1454 θείαν
1184 1402 1319 1471 λέγει.
1395 1396 1547 1453 Εἶναι
1583 1400 1636 1452 δὲ
1668 1397 1821 1468 αὐτῆς
1852 1404 1961 1471 τρία
1996 1401 2144 1469 μέρη,
2196 1398 2409 1470 λογικόν,

474 1485 698 1555 θυμικὸν
724 1489 808 1540 καὶ
851 1485 1229 1555 ἐπιθυμητικόν.
1288 1483 1457 1556 ’Ἐλεγε
1495 1485 1547 1538 δὲ
1581 1484 1698 1548 τούς
1733 1484 1924 1556 γάμους
1951 1487 2035 1538 καὶ
2061 1483 2150 1547 τάς
2174 1493 2412 1555 γυναῖκας

482 1579 504 1611 ⁶
523 1576 624 1626 δεῖν
649 1571 820 1635 κοινάς
855 1581 960 1635 τοῖς
997 1579 1120 1625 πᾶσι
1148 1576 1396 1643 γίνεσθαι,
1436 1573 1521 1624 καὶ
1544 1573 1728 1639 μηδένα
1761 1574 1862 1645 ἰδίᾳ
1889 1575 2003 1641 μίαν
2030 1573 2154 1640 ἔχειν
2179 1569 2409 1642 γαμετὴν,

477 1656 600 1715 άλλά
637 1657 756 1721 τούς
791 1660 1030 1721 θέλοντας
1065 1666 1172 1720 ταῖς
1209 1658 1533 1726 βουλομέναις
1569 1665 1803 1711 συνεῖναι.

619 1828 958 1901 Ἀρίστιππος,
1013 1853 1038 1883 ο
1070 1836 1382 1898 Κυρηναῖος
1437 1822 1583 1891 οὗτος
1611 1831 1968 1899 γαστρίμαργος
1997 1826 2065 1882 ὢν
2095 1828 2179 1881 καὶ
2208 1824 2411 1894 φιλήδο-

472 1937 559 1978 νος
584 1917 765 1979 τέλος’
749 1918 848 1984 ε’φη
877 1922 963 1984 τῆς
991 1922 1158 1984 ψυχῆς
1181 1938 1270 1983 την
1295 1913 1510 1983 ἡδονὴν,
1564 1916 1674 1978 καὶ,
1714 1913 1890 1976 Ὀςτις
1913 1913 2112 1982 ἥδεται,
2164 1912 2412 1980 εὐδαίμων

473 1995 640 2064 οὗτος
699 2000 724 2056 ὁ
767 2002 863 2055 Τδὲ
899 1999 1010 2071 μηδ’
1052 2001 1178 2064 όλως
1217 1999 1462 2069 ηδόμενος
1500 1999 1783 2071 τριςάθλιος
1818 2001 1903 2054 καὶ
1940 2000 2284 2067 κακοδαίμων,
2341 2018 2410 2066 ως

473 2105 611 2154 φασι.

618 2161 906 2244 Θεόδωρος,
958 2171 1188 2234 δ”Αθεος
1217 2174 1528 2240 ἐπικληθεὶς,
1581 2173 1678 2238 ἔφη
1707 2176 1857 2241 λῆρον
1893 2166 2019 2222 εἶναι
2042 2167 2159 2230 τούς
2180 2168 2292 2238 περὶ
2318 2173 2408 2220 τοῦ

473 2267 600 2315 θεοῦ
630 2258 822 2330 λόγους.
882 2257 1052 2312 ’Ώιετο
1082 2257 1174 2329 γάρ
1204 2256 1270 2326 μὴ
1302 2255 1429 2311 εἶναι
1461 2265 1625 2322 θεῖον,
1664 2258 1750 2309 καὶ
1777 2253 1954 2308 τούτου
1982 2255 2144 2308 ἕνεκεν
2171 2252 2407 2324 προύτρέ-

473 2368 589 2400 πετο
622 2344 811 2407 πάντας
839 2346 1083 2409 κλέπτειν,
1124 2346 1373 2413 ἐπιορκεῖν
1384 2386 1398 2408 ,
1449 2341 1702 2414 ἁρπάζειν,
1740 2342 1824 2394 καὶ
1853 2338 1921 2408 μὴ
1944 2337 2410 2411 ὖπεραποθνήσκειν

473 2435 724 2502 πατρίδος.
783 2428 952 2500 ’Έλεγε
990 2428 1083 2500 γάρ
1123 2433 1241 2496 μίαν
1282 2431 1492 2499 πατρίδα
1533 2426 1657 2481 εἶναι
1696 2426 1782 2480 τόν
1820 2425 2028 2494 κόσμον·
2084 2427 2168 2479 καὶ
2212 2423 2409 2496 ἆγαθόν

473 2516 628 2585 μόνον
655 2518 781 2586 ἔλεγε
806 2513 894 2569 τὸν
929 2515 1347 2582 εὐδαιμονοῦντα,
1405 2512 1606 2584 φεύγειν
1643 2513 1695 2566 δὲ
1722 2511 1808 2565 τὸν
1840 2515 2197 2580 δυςτυχοῦντα,
2249 2509 2345 2565 κᾶν
2372 2503 2407 2584 ’ᾖ

476 2600 663 2669 σοφός,
701 2603 785 2654 καὶ
822 2599 1016 2672 αἱρετόν
1055 2598 1178 2653 εἶναι
1216 2598 1301 2653 τόν
1339 2597 1537 2671 ὄῖφρονα
1574 2597 1813 2654 πλούσιον
1851 2595 1969 2651 ὅντα
2005 2598 2090 2650 καὶ
2127 2596 2334 2666 ἀπειθῆ.

613 2771 870 2843 Ἡγησίας,
923 2778 1230 2842 Κυρηναῖος·
1281 2765 1428 2834 οὗτος
1454 2773 1550 2839 ἔφη
1577 2769 1695 2839 μήτε
1720 2773 1910 2838 φιλίας,
1962 2767 2082 2837 μήτε
2107 2765 2307 2838 χάριτας
2337 2765 2399 2821 εἷ·

471 2881 579 2912 ναι·
619 2857 686 2927 μὴ
715 2856 953 2929 ’ὑπάρχειν
984 2857 1074 2928 γάρ
1107 2855 1259 2920 αὐτάς
1292 2859 1477 2928 ἔλεγεν,
1532 2854 1673 2921 ἄλλα,
1729 2855 1937 2929 Χρῄζων
1963 2875 2036 2916 τις
2066 2855 2218 2907 ἔδωκε
2242 2852 2403 2924 χάριν,

472 2942 507 3012 ἢ
537 2942 761 3015 κρεῖττόν
792 2966 837 2998 τι
868 2942 1051 2997 παθών
1088 2941 1337 3014 εὐεργετεῖ.
1401 2940 1565 3013 Ἔλεγε
1603 2942 1656 2995 δὲ
1685 2943 1861 3014 καὶτῷ
1892 2939 2066 3012 φαύλῳ
2098 2939 2243 3010 ἀνδρὶ
2276 2946 2407 2993 λυσι-

472 3030 600 3091 τελὲς
626 3027 680 3083 τὸ
709 3035 820 3098 ζῆν,
871 3035 939 3102 τῷ
969 3029 1019 3081 δὲ
1042 3034 1184 3101 σοφῷ
1214 3027 1268 3082 τό
1301 3028 1593 3082 ἀποθανεῖν.
1654 3026 1753 3089 ἿΩς
1778 3048 1914 3087 τινας
1946 3028 1998 3079 ἐκ
2025 3023 2204 3078 τούτου
2237 3030 2404 3079 Πεισι-

473 3113 697 3168 θάνατον
736 3113 888 3169 αὐτὸν
924 3115 1132 3167 καλέσαι.

613 3199 929 3269 Ἀντισθένης
974 3197 1002 3252 ὅ
1047 3202 1099 3253 ἐκ
1143 3206 1166 3236 8
1192 3197 1416 3273 Θρᾴττης
1465 3196 1672 3269 μητρός,
1727 3195 1876 3259 αὐτὸς
1912 3196 1965 3248 δὲ
1999 3193 2291 3262 Ἀθηναῖος,
2345 3195 2401 3251 τὸ

475 3292 675 3357 πρῶτον
700 3283 1036 3357 Σωκρατικὸς,
1074 3288 1238 3338 ἔπειτα
1270 3283 1516 3350 Κυνικὸς,
1556 3286 1706 3352 ἔφησε
1732 3281 1800 3351 μὴ
1826 3286 1999 3352 χρῆναι
2028 3278 2088 3332 τά
2114 3280 2244 3334 κακοὶ
2267 3287 2403 3350 ζηλο-

473 3380 646 3425 τυπεῖν
679 3374 903 3442 9ἕτερον,
953 3369 986 3438 ἢ
1014 3369 1073 3423 τά
1107 3368 1221 3441 παρ’
1261 3366 1482 3438 άλλήλοις
1521 3367 1714 3439 αἰσχρά·
1766 3365 1826 3420 τά
1853 3367 1905 3419 δὲ
1934 3369 2062 3433 τείχη
2090 3372 2188 3420 τῶν
2215 3366 2404 3422 πόλεων

475 3455 599 3511 εἶναι
629 3456 850 3528 σφαλεροὶ
879 3454 1004 3527 πρὸς
1029 3454 1114 3510 τόν
1140 3459 1234 3510 ἔσω
1262 3456 1539 3527 προδότην,
1579 3453 1817 3508 άσάλευτα
1843 3452 1896 3504 δὲ
1923 3449 1983 3504 τά
2011 3457 2099 3519 τῆς
2121 3459 2285 3522 ψυχῆς
2312 3457 2403 3507 τεί-

475 3565 532 3611 χη
569 3545 653 3597 καὶ
691 3541 894 3614 dwarf?-

529 3659 566 3698 5.
597 3662 651 3699 De
687 3661 756 3700 hoc
790 3662 943 3700 nomine
976 3671 1123 3709 parum
1165 3662 1322 3699 constat.
1364 3659 1404 3698 V.
1520 3657 1557 3700 7.
1602 3653 1675 3698 καὶ
1713 3657 1852 3696 vitium
1893 3658 1947 3694 est
1975 3656 2063 3695 edit.
2096 3655 2235 3699 Petav.
2267 3655 2396 3697 Colon-

476 3717 626 3765 Menay.
660 3718 715 3755 ad
745 3719 854 3766 Πίος.
886 3717 1016 3756 Laert.
1045 3717 1116 3763 IX,
1153 3714 1184 3756 1.

532 3771 570 3811 ύ-
603 3774 674 3813 δεῖ
700 3775 809 3812 codd.
841 3785 931 3812 mss.
962 3777 1130 3823 uterque.
1526 3754 1564 3795 8·
1597 3750 1782 3819 Βράῖῗης
1825 3726 1977 3806 (ἓράῖῖ
2017 3755 2243 3806 (md-18²2)
2286 3755 2399 3795 codd·

1469 3823 1557 3852 mss
1619 3805 1786 3864 ὕρᾴκης
1815 3812 1919 3850 edici.
