2508 4134
541 302 763 343 PANARH
794 303 895 343 Lis.
913 303 985 343 111.
1015 304 1154 345 ToM.
1172 305 1202 344 1.
1231 304 1396 345 nana.
1422 305 1594 346 Lxxv.
1919 295 2017 345 179

261 398 359 452 Sed
394 417 499 451 cum
527 400 705 451 nullum
735 399 1053 451 succensendi
1087 401 1275 450 modum
1311 404 1489 453 faceret
1521 402 1732 466 Ae'rius,
1788 403 1926 453 rixae
1959 419 2014 453 ac

118 484 275 552 'iurgia
316 484 364 534 in
405 482 507 533 dies
545 485 887 551 ingravescere
918 501 975 534 ac
1015 492 1207 533 mutuae
1235 485 1502 537 simultates
1533 487 1720 554 augeri.
1798 486 1874 537 Ad
1906 486 2024 536 haec

121 567 317 638 pessimi
344 567 532 635 quidam
562 585 780 618 rumores
809 578 858 618 et
881 567 1146 617 calumniae
1184 567 1420 618 adversus
1448 568 1753 621 Eustatliium
1789 570 1848 620 ab
1870 570 2024 620 Ae'rio

121 652 303 721 spargi.
399 649 596 701 interim
643 649 928 702 Eustathius
971 652 1224 718 episcopus
1269 661 1519 702 evocatum
1566 655 1621 703 ad
1670 671 1780 705 sese
1822 653 2021 704 Ae'rium

122 735 353 798 mulcere,
395 735 658 798 adhortari,
701 735 1002 797 comminari,
1044 735 1209 798 irasci,
1251 735 1541 802 supplicare,
1584 754 1740 803 neque
1772 739 2023 805 quicquam

123 828 282 870 tamen
329 818 402 869 his
445 820 591 870 rebus
628 820 838 870 efficere.
914 817 1042 870 Nam
1071 819 1192 885 quod
1226 818 1285 868 ab
1319 818 1456 868 initio
1489 821 1796 871 coustitutum
1830 822 2027 871 inchoa-

117 913 318 970 tumque
373 904 559 966 fuerat,
613 903 859 970 ingentem
905 905 953 953 iu
1005 903 1113 953 mali
1159 901 1253 952 vim
1295 903 1469 970 erupit.
1556 901 1810 954 Postremo
1859 906 2027 955 relicto

121 987 449 1038 mendicorum
491 986 700 1055 hospitio
743 987 944 1037 discedit
983 987 1181 1037 Aerias,
1260 983 1370 1051 Quo
1414 1004 1479 1037 ex
1516 995 1731 1055 tempore
1759 987 1806 1038 in
1838 1006 2027 1040 omnem

122 1070 428 1122 occasionem
474 1070 687 1121 intentus
732 1070 866 1122 velut
913 1071 989 1138 qui
1035 1070 1218 1120 hostem
1264 1071 1534 1139 opprimere
1574 1088 1628 1121 ac
1663 1072 1770 1122 telis
1803 1083 2027 1140 appetere

121 1157 301 1217 studet,
341 1154 571 1207 versabat
599 1172 651 1205 se
683 1154 729 1204 in
762 1172 930 1205 omnes
960 1164 1119 1222 partes
1150 1163 1198 1205 et
1224 1155 1344 1223 apud
1372 1172 1540 1205 omnes
1571 1155 1866 1206 calumniose
1896 1158 2029 1207 deiu-

122 1257 237 1308 ceps
267 1237 522 1289 Eustatbio
551 1238 829 1290 detrahens.
885 1237 1000 1290 Nou
1026 1239 1067 1289 is
1094 1247 1186 1302 est,
1221 1237 1488 1306 inquiebat,
1529 1238 1731 1307 amplius
1759 1240 1836 1307 qui
1867 1240 2029 1290 hacte—

123 1341 227 1374 nusv
255 1322 370 1386 fuit,
423 1322 510 1374 sed
548 1323 607 1372 ad
646 1340 746 1372 reni
778 1331 991 1373 attentus
1030 1331 1132 1386 est,
1190 1332 1238 1372 et
1269 1323 1567 1373 cumulandis
1599 1323 1768 1391 opibus
1798 1332 1926 1374 totus
1959 1325 2030 1374 iu—

123 1407 320 1458 cumbit.
379 1405 519 1473 Quae
545 1406 734 1474 quidem
761 1424 846 1475 per
871 1423 1105 1457 summam
1133 1406 1420 1457 calumniam
1448 1407 1507 1457 ab
1534 1407 1687 1457 Ae’rio
1708 1408 2026 1459 iactabantur.

122 1490 406 1542 Eustathius
434 1507 581 1554 vero,
637 1490 717 1558 qui
751 1490 988 1542 ecclesiae
1019 1491 1212 1558 negotia
1243 1491 1507 1554 tractabat,
1566 1493 1729 1542 facere
1762 1493 1903 1542 aliter
1934 1511 2028 1544 non

123 1583 340 1645 poterat,
381 1574 584 1641 ideoque
625 1574 935 1642 probabiliter
973 1574 1091 1624 baec
1128 1575 1186 1625 ab
1225 1574 1378 1626 Ae‘rio
1417 1576 1717 1626 dicebantur.

265 1656 496 1710 Ceterum
538 1658 771 1708 dubitabit
801 1658 1002 1708 forsitan
1036 1659 1238 1726 aliquis,
1284 1660 1508 1726 quoniam
1542 1660 1680 1712 Ae'rii
1710 1661 1849 1711 istius
1887 1678 2029 1711 occa-

123 1744 262 1794 sione
302 1743 596 1793 mentionem
625 1740 865 1792 Eustatbii
897 1743 1125 1807 fecimuS,
1178 1761 1287 1794 num
1322 1744 1473 1811 ipsum
1502 1745 1693 1795 tandem
1722 1743 2029 1795 Eustathium

121 1828 408 1879 laudandum
444 1826 751 1877 arbitremur.
826 1825 955 1877 Nam
999 1827 1122 1894 quod
1155 1828 1212 1877 ad
1241 1827 1345 1878 eius
1376 1828 1504 1878 vitae
1538 1829 1805 1879 institutum
1838 1829 2027 1893 attinet,

125 1930 219 1962 non
261 1911 422 1979 paucis
455 1910 819 1961 admirationem
863 1910 1065 1979 peperit.
1144 1910 1239 1978 Qui
1270 1912 1448 1962 utinam
1484 1913 1541 1963 ad
1575 1921 1757 1963 rectam
1786 1930 1841 1963 ac
1872 1914 2030 1964 since-

122 2013 226 2046 ram
258 1996 396 2046 fldem
427 1994 755 2045 adhaesisset!
834 1993 1016 2045 Verum
1059 1995 1133 2044 hic
1169 1994 1217 2045 iu
1258 1995 1364 2045 Arii
1400 1997 1623 2068 dogmate
1651 2015 1676 2046 a
1708 1997 1941 2065 principio
1973 1998 2030 2047 ad

122 2080 262 2130 finem
316 2096 468 2147 usqne
517 2078 880 2148 perseveravit,
939 2078 1183 2146 nihiloque
1235 2081 1623 2147 persecutionum
1678 2080 2029 2131 calamitatibus

121 2164 293 2214 melior
318 2166 469 2214 factus
497 2172 590 2214 est.
669 2160 917 2230 Siquidem
949 2181 1056 2214 cum
1096 2161 1281 2214 Basilio
1315 2173 1364 2214 et
1391 2163 1592 2215 Eleusio
1629 2182 1684 2215 ac
1713 2166 1890 2216 ceteris
1923 2183 2031 2234 per—

122 2248 371 2299 secutione
413 2249 620 2299 iactatus
651 2256 755 2310 est3
809 2265 864 2297 ac
894 2248 1085 2298 videtur
1122 2257 1170 2298 et
1199 2249 1255 2298 ad
1289 2246 1538 2298 Liberium
1571 2249 1741 2299 beatae
1770 2251 2031 2300 memoriae

120 2330 394 2382 Romanum
422 2333 698 2401 episcopum
724 2349 828 2381 cum
859 2332 965 2382 aliis
992 2331 1231 2400 episcopis
1257 2333 1545 2399 legationem
1573 2333 1773 2397 obiisse,
1806 2343 1855 2384 et
1879 2351 2031 2402 expo-

121 2415 300 2466 sitione
329 2416 465 2479 fidei,
517 2433 636 2483 quae
676 2415 725 2465 in
760 2414 980 2466 Nicaeua
1023 2417 1211 2485 synodo
1244 2417 1490 2484 proposita
1521 2418 1703 2481 fuerat,
1758 2436 1815 2468 ac
1852 2418 2033 2469 sinceri

124 2500 360 2568 dogmatis
384 2500 676 2568 professioni
702 2500 1069 2567 subscripsisse.
1146 2498 1323 2551 Postea
1353 2519 1501 2564 vero,
1543 2502 1675 2552 velut
1701 2520 1728 2553 a
1759 2521 1945 2553 sommo
1980 2519 2033 2553 se

123 2575 363 2635 revocans
390 2601 447 2634 ac
475 2583 686 2651 priorum
722 2584 1028 2647 recordatus,
1070 2587 1126 2635 ad
1158 2585 1391 2635 Arianam
1419 2586 1683 2652 perfidiam,
1725 2604 1864 2653 quam
1895 2586 2033 2637 initio

124 2676 435 2736 susceperat,
485 2666 773 2735 respiciendi
818 2668 957 2718 finem
1001 2669 1181 2718 nullum
1230 2668 1410 2720 habuit.
1488 2668 1672 2720 Verum
1718 2672 1774 2720 ad
1805 2670 2030 2733 Ae‘rium,

125 2753 183 2803 de
220 2770 314 2820 quo
351 2751 599 2802 institutus
636 2768 662 2800 a
702 2751 841 2801 nobis
879 2769 1040 2802 sermo
1081 2752 1198 2816 fuit,
1241 2753 1514 2803 revocanda
1556 2763 1632 2804 est
1669 2755 1845 2804 oratio.

267 2835 359 2887 Hic
394 2836 540 2905 igitur
570 2843 766 2903 propter
793 2835 1027 2886 eiusmodi
1068 2837 1283 2889 rationes
1313 2838 1522 2887 omnium
1570 2856 1728 2888 rerum
1773 2837 2035 2888 abdicatio—

126 2938 236 2973 nem
261 2919 398 2971 initio
426 2937 540 2989 prae
565 2936 617 2969 se
652 2919 775 2969 tulit.
855 2917 1043 2969 Deinde
1085 2921 1449 2988 ptochotrophio
1481 2922 1651 2972 relicto
1683 2939 1903 2989 magnam
1937 2921 2032 2970 vim

125 3024 289 3057 secum
330 3005 580 3072 utriusque
626 3020 777 3053 sexus
820 3002 1061 3053 bominum
1102 3005 1332 3069 abduxit,
1386 3006 1464 3072 qui
1501 3023 1668 3056 omnes
1701 3006 1759 3055 ab
1790 3005 2029 3068 ecclesiis,

125 3090 275 3158 agris,
317 3088 450 3158 pagis
478 3097 528 3138 et
555 3086 738 3155 oppidis
765 3087 1072 3137 arcebantur.
1149 3088 1224 3138 Ac
1262 3107 1612 3157 saepenumero
1655 3098 1782 3139 totus
1812 3090 1891 3139 ille
1921 3106 2033 3138 coc-

128 3184 203 3226 tus
235 3173 347 3225 nive
384 3174 605 3241 perfusus
635 3171 810 3240 passim
840 3188 925 3239 per
952 3188 1143 3238 campos
1178 3173 1265 3222 sub
1297 3174 1374 3223 dio
1409 3175 1641 3240 degebat,
1692 3181 1775 3222 aut
1804 3173 1861 3222 ad
1895 3188 2034 3240 prae-

127 3267 267 3328 rupta
293 3274 526 3309 saxorum
549 3256 793 3323 silvasque
825 3255 1150 3321 confugiebat.
1226 3254 1318 3306 Est
1345 3266 1505 3307 autem
1535 3258 1661 3306 illius
1688 3257 1859 3322 dogma
1888 3273 2033 3323 supra

128 3342 334 3393 hominis
364 3350 553 3410 captum
580 3341 815 3391 furiosum
839 3348 887 3388 et
914 3338 1139 3388 immane.
1219 3337 1438 3407 Inprimis
1467 3340 1624 3403 euim,
1669 3337 1919 3405 Quanam,
1960 3340 2032 3389 in-

130 3425 250 3495 quit,
290 3426 338 3476 in
369 3443 420 3476 re
451 3426 736 3495 presbytero
765 3424 1016 3492 episcopus
1049 3422 1325 3473 antecellit?
1398 3422 1594 3473 Nullum
1622 3423 1750 3473 inter
1779 3431 2033 3491 utrumque

129 3568 245 3617 vulgo
277 3568 459 3616 praebent
486 3561 660 3618 Ἀερίου.
1107 3563 1151 3600 tit
1180 3575 1269 3600 cum
1301 3562 1428 3601 multa
1465 3577 1535 3602 sua
1574 3561 1693 3602 turba
1734 3562 1946 3616 vigilantes
1984 3578 2032 3603 ac

185 3621 224 3663 7.
253 3620 510 3674 ἐπιτρεπτέον
539 3623 622 3662 cod.
655 3623 815 3671 Rhediy.
1108 3616 1234 3656 sobrii
1261 3617 1303 3656 in
1334 3618 1438 3670 agris
1468 3618 1684 3671 degebant.

189 3677 284 3718 Can.
310 3680 379 3717 ΙΙΙ.
407 3700 463 3708 --
523 3678 557 3718 1.
601 3679 661 3717 lta
704 3679 822 3716 edidit
860 3677 1053 3715 petavius.
1163 3674 1280 3712 2120
1306 3676 1416 3713 codd.
1445 3686 1533 3714 mss.
1564 3679 1598 3713 et
1621 3677 1679 3714 ed.
1703 3678 1824 3724 princ.
1850 3678 2032 3715 Petavius

131 3730 361 3787 νειφόμενοι
387 3735 524 3773 habent
547 3735 657 3773 codd.
675 3745 764 3772 mss.
797 3736 830 3770 et
855 3733 913 3770 ed.
933 3733 1055 3779 princ.
1112 3730 1231 3768 edidit
1261 3725 1399 3770 αὐτοῦ.

131 3787 357 3843 νηφόμενοι
381 3791 560 3839 cogitavit
590 3790 823 3837 Cornartus5
853 3791 947 3826 certe
972 3798 1054 3825 ver-

1576 3858 1695 3908 12*

2057 414 2155 469 Cap.
2187 417 2234 455 ll.

2066 2846 2161 2900 Cap.
2186 2848 2254 2885 tlt.
