2508 4134
453 226 555 281 616
1033 238 1305 280 ADDENDA
1334 239 1407 281 ET
1439 238 1813 282 coRfflGENDA.

453 354 503 379 ex
535 339 638 378 Ven.
670 345 712 377 et
745 339 842 377 Bas..
894 335 928 391 ‘0‘
969 337 1212 395 περιστεραί
1240 337 1307 378 ed.
1335 339 1475 380 Petava
1504 339 1630 380 Paris.
1690 339 1734 382 αἱ
1760 338 2001 392 περιστεραί
2029 339 2094 380 ed.
2122 341 2263 381 Petam
2294 339 2380 380 Go-

451 409 538 449 lon.
566 431 632 451 —4
677 407 707 447 1.
735 407 804 449 23.
851 404 1031 462 φρονιμά
1072 409 1163 447 Bas.
1196 432 1248 440 -
1318 408 1347 448 1.
1373 407 1414 450 6.
1441 409 1493 450 ab
1520 409 1641 450 infer.
1691 408 1862 463 Corrige
1902 406 2215 465 φρονιμότητος.
2273 411 2382 451 Nam

452 476 762 534 φρονιμώτατον
794 478 988 518 mendum
1016 479 1183 519 transiit
1213 493 1262 519 ex
1291 479 1359 520 ed.
1384 481 1525 521 Petav.
1560 480 1706 521 Colon.
1737 503 1791 511 —-
1848 479 1876 519 1.
1904 479 2066 534 penult.
2088 479 2157 525 ἵνα
2179 472 2252 525 σύν
2282 475 2381 525 ὅταν

453 549 539 606 ἐρχ.
573 551 677 589 Ven-

565 621 701 677 Pag
721 620 849 665 5⁰8.
908 619 937 659 l.
964 618 1001 659 1.
1042 636 1071 673 η
1101 617 1284 675 ηδονῆν,
1323 637 1353 676 η
1387 620 1631 675 ἐπιθυμίαν,
1672 614 1703 674 η’
1734 619 1886 676 ἔχθραν
1915 622 2019 661 V.en
2044 645 2103 653 -—
2155 622 2188 673 1.
2211 621 2243 664 2
2271 631 2314 663 et
2342 622 2383 666 3

452 691 545 740 πῶς
571 706 621 734 αν
646 690 720 733 καὶ
741 688 820 744 την
841 704 1000 744 περιστ.
1033 689 1307 745 μιμησασὲῖαι
1333 691 1570 746 δυνηθείημ
1574 706 1628 746 εν,
1661 689 1719 745 μή
1751 689 1875 739 ἐκτὸς
1899 689 2127 746 γενώμενοι
2151 692 2254 748 (sic)
2280 694 2384 734 Ven.

457 786 513 794 --
541 762 570 802 l.
587 763 626 802 ὁ.
658 760 774 816 γένος
795 759 1021 815 περιστερὰ
1046 763 1148 802 Ven.
1161 782 1225 792 >—-
1283 761 1396 802 1.12.
1428 758 1661 839 ἀπόστολος
1682 755 1775 804 κατ’
1801 755 1925 805 ἄλλου
1949 759 2061 812 τινός
2080 761 2131 806 τὸ
2157 764 2386 827 πανοῦργον

454 834 559 875 Ven·
589 856 644 863 —-
701 832 731 872 1.
756 830 823 873 23.
856 831 1000 872 Scribe
1029 829 1244 881 δύςπλουν.

567 904 700 960 Ρας.
729 903 856 947 510.
918 903 948 942 l.
977 900 1044 944 13.
1089 900 1295 947 ἀνάλωσιν
1325 905 1426 944 Ven.
1459 926 1513 935 -ψ
1570 903 1596 943 1.
1627 901 1691 946 17.
1724 902 1810 946 Καὶ
1830 896 1986 947 τούτων
2013 903 2116 944 Ven.
2147 926 2204 938 --
2251 902 2288 944 ,1.
2307 903 2373 946 23.

454 972 641 1015 Restitue
687 971 970 1028 σωθησεσῖὲοιί
1003 986 1137 1024 τινας,
1180 988 1257 1028 pro
1295 975 1401 1017 σωῦ.
1438 988 1551 1024 τινα,
1599 988 1649 1015 ex
1686 975 1790 1015 Ven.
1825 975 1912 1016 Bas.
1946 988 1986 1017 σ.
2012 987 2104 1017 τινα
2132 973 2222 1015 sola
2250 973 2379 1015 habet

426 1064 428 1066 ¹
456 1045 556 1086 edit.
584 1046 724 1085 petav.
755 1068 807 1075 --
865 1044 893 1086 l.
909 1044 976 1086 23.
1008 1044 1151 1085 Scribe
1176 1059 1290 1093 τινας
1315 1059 1405 1085 cum
1430 1045 1522 1085 Bas.
1548 1059 1624 1099 pro
1653 1059 1744 1087 τινα
1769 1059 1859 1085 cum
1885 1044 1952 1087 ed.
1979 1046 2122 1085 Petav.
2154 1068 2209 1076 —
2263 1043 2378 1086 1.25.

457 1112 582 1159 αὐτὸν
608 1116 743 1170 δῆὶτεν
769 1117 873 1157 Ven.
907 1136 956 1147 -ὸ
1001 1116 1044 1156 1.
1073 1114 1140 1157 29.
1170 1114 1327 1158 τούτων
1354 1129 1447 1158 πτει
1471 1129 1511 1158 τι
1539 1115 1639 1170 (sic)
1671 1114 1785 1170 ἔργον
1813 1117 1918 1156 Ven.
1948 1139 2002 1148 —
2059 1115 2089 1155 1.
2119 1114 2187 1157 33.
2216 1113 2380 1164 τελείας

455 1188 548 1230 Bas.
579 1210 636 1217 ·-
691 1182 1044 1243 1.υ1ι,Ἀβηρών
1074 1187 1304 1227 Ven.1ta
1335 1186 1462 1226 etiam
1491 1186 1603 1228 alibi.

571 1258 706 1315 Pag.
733 1259 861 1302 512.
917 1258 947 1298 l.
978 1256 1040 1300 12.
1072 1255 1145 1300 καὶ
1175 1254 1346 1306 τούτους
1377 1258 1480 1297 V.en
1518 1281 1570 1288 —-
1631 1254 1854 1300 1.25.υπὸ
1885 1257 1958 1300 τοῦ
1992 1255 2062 1301 ἰδα
2091 1257 2191 1312 (sic)
2222 1257 2325 1297 Ven.
2364 1280 2369 1286 x

572 1329 706 1385 Pag.
734 1328 861 1372 514.
916 1328 944 1368 l.
971 1326 1039 1368 21.
1070 1325 1228 1380 ψεύδος
1251 1328 1334 1370 τῶν
1358 1323 1575 1373 Ἰουδαίων
1601 1330 1722 1371 λαλεῖ
1743 1330 1832 1369 Bas.
1864 1351 1915 1359 --
1973 1327 2002 1368 1.
2029 1328 2097 1369 20.
2126 1328 2248 1371 τοῦτο
2274 1321 2383 1382 οἷγα-

455 1397 581 1453 πητοὶ
610 1401 714 1439 Ven.
756 1423 798 1429 —
857 1399 884 1438 l.
903 1397 930 1440 9
955 1399 1006 1439 ab
1032 1398 1108 1439 inf.
1142 1400 1290 1438 Venet.
1322 1413 1344 1439 a
1372 1399 1558 1454 partibus
1590 1399 1778 1440 Vaticani
1805 1407 1918 1439 stans
1943 1398 2072 1439 habet
2100 1396 2263 1453 πατέρᾶ
2288 1396 2382 1441 ἑαυ-

456 1470 539 1513 τῶν
570 1467 674 1512 εἶναι
701 1467 773 1513 τὸν
804 1466 1015 1526 διάβολον,
1062 1464 1250 1524 Ἰούδαν,
1284 1464 1328 1513 ὃν
1358 1469 1431 1512 καὶ
1459 1470 1655 1513 Σατανᾶν
1685 1470 1889 1524 κέκληκεν
1919 1468 1992 1512 καὶ
2020 1465 2208 1526 διάβολον
2239 1467 2384 1524 λέγων.

569 1542 703 1598 Pag.
733 1541 859 1585 516.
915 1540 944 1580 l.
967 1537 1027 1581 17.
1054 1531 1163 1595 Ἀρα
1192 1542 1281 1580 Bas.
1309 1564 1365 1571 —
1421 1540 1447 1581 l.
1468 1539 1537 1580 21.
1569 1537 1663 1597 οὐχ).
1681 1538 1702 1584 ὁ
1719 1537 1863 1596 Ἀδὰμ
1887 1542 1991 1581 Ven.
2009 1558 2066 1571 -—·
2108 1540 2149 1581 ·l.
2167 1538 2386 1582 22.·Ad.de

457 1611 532 1655 καὶ
562 1619 658 1652 ante
689 1610 817 1665 μίσει.
876 1611 1004 1652 Abest
1029 1625 1077 1652 ea
1105 1611 1305 1666 particula
1336 1611 1460 1652 etiam
1487 1612 1539 1653 ab
1568 1611 1667 1653 edit.
1697 1613 1837 1654 Petav.
1870 1635 1923 1642 —-
1979 1611 2009 1651 1.
2036 1610 2106 1653 30.
2136 1606 2184 1654 ού
2208 1609 2389 1654 τελειοῦ-

457 1698 526 1726 ται
559 1685 645 1722 Bas.
1495 1727 1502 1732 ,

571 1754 708 1810 Pag.
729 1752 859 1799 518,
915 1753 942 1794 1.
962 1755 998 1796 5.
1033 1754 1206 1808 Repone
1245 1753 1318 1797 καὶ
1345 1762 1441 1794 ante
1474 1755 1610 1808 ζῆλον.
1670 1752 1941 1795 Desideratur
1968 1767 2015 1795 ea
2039 1751 2389 1808 particulaetiam

458 1824 500 1865 in
529 1824 594 1865 ed
623 1826 765 1864 Petav.
794 1824 938 1866 Colon.
979 1848 1023 1855 -
1082 1821 1326 1879 1.17.τῑμῑν
1353 1833 1493 1866 tuetur
1518 1824 1642 1866 etiam
1667 1827 1770 1866 Ven.
1799 1848 1843 1856 -
1902 1825 1930 1866 l.
1954 1825 2114 1880 penult.
2140 1820 2389 1879 πτερνιομὸν

458 1903 599 1937 tuetur
629 1895 753 1935 etiam
784 1896 887 1937 Ven.

575 1967 709 2023 Pag.
737 1966 864 2011 520.
919 1966 945 2006 l.
968 1965 1004 2007 1.
1041 1967 1213 2022 Repone
1239 1966 1455 2008 articulum
1482 1964 1504 2011 ὁ
1531 1975 1627 2008 ante
1655 1930 1850 2019 Ἰούδας,
1884 1967 1952 2022 qui
1979 1966 2237 2007 desideratur
2263 1963 2388 2005 estam

460 2038 502 2078 in
532 2036 632 2077 edit.
660 2038 801 2077 Petav.
835 2037 977 2078 Colon.
1011 2063 1063 2068 —
1122 2038 1150 2078 l.
1179 2039 1219 2080 2.
1254 2037 1422 2093 Corrige
1448 2034 1608 2088 αὐτῶν,
1654 2052 1731 2093 pro
1757 2037 1907 2093 quoin
1938 2037 2037 2078 edit.
2069 2038 2209 2077 Petav.
2245 2034 2388 2076 Colon.

461 2109 588 2150 etiam
618 2107 766 2148 vitiose
795 2104 935 2151 αυτόν.
969 2133 1023 2140 --
1079 2108 1105 2149 l.
1129 2106 1190 2150 17.
1225 2109 1394 2164 Repone
1420 2109 1664 2164 particulam
1692 2107 1765 2151 και
1789 2116 1887 2149 ante
1913 2108 2003 2162 ἴδε,
2047 2121 2151 2162 quae
2176 2104 2391 2149 desidera-

460 2188 530 2221 tur
555 2179 679 2220 etiam
708 2178 749 2218 in
777 2179 841 2219 ed.
873 2181 1014 2222 Petav.
1042 2180 1186 2220 Colon.
1218 2204 1271 2211 ——
1331 2177 1442 2221 1.18.
1475 2176 1558 2224 οἶπὸ
1586 2180 1669 2223 τῶν
1699 2194 1790 2220 cum
1817 2178 1948 2219 Vatic.
1972 2177 2098 2219 habet
2122 2179 2321 2218 Venetus.
2339 2199 2393 2208 —

461 2250 489 2292 1.
517 2251 583 2292 22.
615 2250 802 2304 Χριστοῦ
833 2250 906 2294 τοῦ
941 2250 1031 2294 υἱοῦ
1060 2251 1132 2294 τοῦ
1163 2251 1263 2294 θεοῦ
1294 2253 1399 2293 Ven.
1430 2275 1484 2282 —
1542 2251 1568 2290 l.
1599 2249 1666 2293 26.
1709 2249 1872 2306 λαβέτω
1909 2247 2073 2303 ἔτερος,
2117 2245 2177 2297 ὥς
2205 2249 2309 2288 Ven.
2340 2270 2392 2279 —-

462 2322 489 2363 1.
517 2321 584 2363 27.
619 2318 833 2377 σπλάγχνα
856 2330 998 2362 tuetur
1022 2322 1146 2362 etiarn
1177 2323 1280 2361 Ven.
1316 2346 1364 2352 -
1423 2321 1449 2362 l.
1478 2322 1516 2362 5.
1542 2321 1593 2362 ab
1621 2321 1742 2362 infer.
1776 2321 1947 2376 Repone
1975 2316 2198 2368 ἀπωλείας.
2257 2309 2395 2367 Οὗτος

466 2393 592 2447 (Ven.
635 2387 789 2446 οὕτως)
833 2390 913 2447 γὰρ
952 2388 1182 2447 οἷφωρίσῦη
1214 2390 1337 2448 αύτῷ
1372 2390 1497 2440 τόπος
1527 2388 1548 2435 ὁ
1577 2392 1657 2447 τῆς
1682 2387 1916 2441 ἀπωλείας,
1966 2389 2066 2434 ἔνθα
2094 2391 2180 2433 κτλ.
2242 2389 2395 2430 Eadem

469 2463 594 2505 verba
630 2462 870 2503 exciderunt
901 2464 953 2504 ab
985 2464 1083 2505 edit.
1114 2465 1252 2503 PetaV.
1287 2463 1431 2504 Colon.

574 2535 713 2591 Pag.
743 2534 868 2578 522.
925 2534 953 2574 l.
979 2533 1019 2575 6.
1064 2529 1257 2589 οἷρρωγόν
1294 2530 1676 2588 ἐπικαλευσιόμεέὲα
1715 2535 1804 2574 Bas.
1840 2557 1888 2564 -
1949 2533 1975 2573 1.
2011 2530 2076 2574 18.
2121 2533 2293 2587 Repone
2320 2533 2394 2589 τοῦ

467 2604 682 2646 articulum
709 2611 806 2644 ante
834 2599 984 2659 Ἀδὰμ.
1045 2605 1200 2645 Eadem
1231 2605 1377 2646 vocula
1406 2604 1663 2645 desideratur
1687 2604 1729 2644 in
1760 2604 1824 2645 ed.
1854 2605 1996 2645 Petav.
2027 2604 2167 2645 Colon.
2196 2625 2245 2635 «-
2303 2602 2330 2644 l.
2355 2602 2397 2646 6.

468 2679 513 2718 In
546 2677 650 2716 Ven.
684 2674 832 2715 omissa
864 2684 959 2715 sunt
990 2675 1114 2717 verba
1143 2673 1279 2730 Κάῖν,
1325 2674 1398 2718 καὶ
1435 2676 1507 2719 τοῦ
1549 2671 1847 2730 γεγεννηκότος
1875 2673 1960 2719 τὸν.
2002 2698 2040 2704 --
2105 2675 2130 2715 1.
2159 2674 2234 2715 ult.
2278 2672 2397 2718 ἔθετο

466 2744 543 2802 τὴν
576 2748 681 2787 Ven.

581 2819 717 2875 Pag.
746 2817 874 2863 524.
932 2817 958 2857 l.
983 2813 1046 2858 16.
1078 2816 1207 2872 μῖξιν,
1240 2833 1325 2859 non
1352 2817 1482 2873 μίξιν,
1529 2817 1726 2873 scriptum
1757 2825 1820 2858 est
1844 2817 1885 2858 in
1913 2819 2000 2858 Bas.
2018 2848 2028 2868 ,
2059 2823 2102 2856 et
2126 2815 2185 2856 ita
2211 2815 2397 2870 plerum-

469 2904 549 2946 que
575 2912 622 2920 -
683 2888 709 2928 l.
739 2886 778 2930 7.
812 2887 1026 2939 ἐντεῦῖῑεν,
1072 2897 1169 2929 ante
1200 2887 1452 2944 κατάγεται,
1498 2903 1580 2930 non
1609 2889 1796 2944 agnoscit
1830 2890 1932 2931 Ven.
1969 2911 2014 2918 --
2070 2887 2098 2927 l.
2128 2888 2165 2928 5.
2197 2886 2248 2927 ab
2274 2885 2397 2927 infer.

472 2956 566 3018 ούχὶ
594 2957 648 3003 τὰ
674 2958 782 3003 κατὰ
813 2959 999 3015 γέννησιν
1033 2962 1133 3001 Ven.

583 3033 716 3089 Pag.
746 3031 873 3075 526.
928 3031 957 3072 l.
985 3032 1012 3072 4
1040 3040 1083 3071 et
1110 3045 1222 3087 seqq.
1268 3032 1404 3073 Verba
1434 3031 1517 3074 τῶν
1553 3031 1683 3085 γενῶν
1706 3054 1731 3061 -
1758 3053 1782 3061 -
1809 3025 1890 3073 οἷπὸ
1929 3026 1977 3072 δὲ
2002 3027 2076 3072 τοῦ
2103 3027 2398 3082 κατακλυσμοῦ

471 3103 619 3143 absunt
647 3118 669 3142 a
697 3104 869 3143 Veneto.
899 3126 952 3133 —
988 3102 1038 3142 Χ1.
1068 3099 1107 3142 6.
1153 3102 1368 3158 διαφόρων
1411 3098 1669 3156 οἷνῖςρώπων,
1712 3096 1816 3145 ἀλλὰ
1847 3102 1949 3142 Ven.
1980 3111 2054 3130 —⁴
2089 3098 2116 3138 l.
2138 3099 2176 3139 8.
2219 3095 2400 3151 διαιρού-

474 3188 591 3229 μενον
629 3173 756 3214 habet
800 3175 904 3214 Ven.
947 3188 1122 3230 quoque.
1154 3199 1210 3205 —
1266 3174 1293 3215 1.
1322 3173 1389 3215 24.
1422 3168 1534 3216 οὗτοι
1558 3173 1658 3229 (sic)
1691 3177 1867 3227 γυναῖκα
1890 3173 1992 3211 Ven.
2028 3193 2077 3200 ⁴-
2135 3169 2163 3209 1.
2184 3167 2251 3209 25.
2285 3162 2398 3212 ἄνω-

474 3244 544 3288 252
573 3259 613 3287 τι
643 3242 826 3300 λαβόντα
855 3245 1195 3301 παρηλλαγμένον
1227 3247 1331 3286 Ven.
1365 3269 1412 3275 »-
1473 3244 1501 3284 1.
1533 3244 1688 3300 penult.
1720 3240 1955 3287 δεικνύουσι
1975 3241 2089 3280 .Ven.

588 3316 722 3374 Pag.
750 3316 880 3361 528.
936 3316 963 3356 l.
997 3316 1058 3357 18.
1089 3317 1260 3373 Μωῦσῇ
1292 3318 1384 3356 Bas.

588 3388 723 3444 Pag.
747 3387 872 3431 5:30.
931 3387 957 3427 l.
986 3386 1047 3428 12.
1078 3383 1255 3444 ᾔδεισαν
1285 3388 1374 3427 Bas.
1404 3409 1455 3418 —
1516 3384 1627 3428 1.24.
1660 3383 2027 3430 διασκεδαννύντες
2058 3382 2228 3420 Βεεμ-
2287 3382 2313 3424 1.
2331 3381 2396 3425 28.

475 3459 557 3499 Pro
587 3457 848 3500 κατέσπασεν
882 3460 982 3500 V.en
1013 3459 1186 3513 praebet
1215 3457 1487 3512 κατέστησεν.
1522 3482 1573 3488 -—
1631 3454 1949 3507 l.33.Cor1ige
1977 3466 2054 3504 την
2083 3451 2155 3492 τοῦ
2186 3451 2267 3506 Χρ.

587 3530 720 3586 Pag.
743 3529 869 3573 532.
926 3529 953 3569 l.
973 3528 1012 3570 3.
1048 3530 1218 3590 Repone.
1247 3525 1585 3584 ἐλεγχξῖησονται
1646 3528 1751 3567 Nam
1796 3524 2032 3579 ἐλέγχονται
2070 3521 2218 3576 legitur
2245 3523 2370 3564 sola'
2358 3539 2402 3565 m

477 3600 575 3641 edit
610 3602 746 3640 Petav.
776 3600 920 3640 Colon.
951 3625 1004 3631 -—-
1064 3600 1090 3642 l.
1114 3600 1175 3641 10.
1206 3596 1327 3643 Πότε
1351 3600 1481 3643 τοίνυν
1509 3601 1613 3639 Ven.
1649 3622 1702 3628 -
1759 3596 1786 3637 l.
1806 3594 1873 3636 22.
1905 3589 2108 3647 συντόμου
2135 3595 2235 3634 ven.
2265 3619 2313 3626 -
2372 3595 2398 3636 Ι.

476 3671 632 3724 penult
664 3676 774 3712 Acue
805 3671 990 3725 κτίστην.

591 3741 721 3798 Pag.
742 3741 870 3788 534.
926 3742 1011 3786 1.1.
1045 3746 1153 3783 Acue
1180 3742 1324 3799 ἴωμεν.
1358 3766 1412 3775 --
1468 3741 1496 3784 l,
1515 3740 1554 3783 6.
1589 3734 1694 3793 αῦτη
1721 3735 1892 3792 φέρεται
1920 3736 2020 3775 Ven.
2055 3759 2106 3767 --
2165 3736 2268 3779 lbid.
2297 3736 2398 3779 Πα-
