2508 4134
307 3233 391 3270 pag.
415 3224 487 3260 135.

500 287 601 337 550
1207 294 1414 336 SANGTI
1441 295 1728 344 EP1PHAN11

498 392 583 443 καὶ
607 396 706 443 τῶν
736 394 1070 458 δαλματικῶν,
1109 390 1266 461 ἤγουν
1293 394 1562 459 κολοβίων,
1600 394 1684 444 καὶ
1716 399 1806 446 τοῦ
1833 399 2127 462 πλατυσμοῦ,
2144 400 2242 447 τῶν
2273 400 2428 461 φυλα-

500 479 739 544 κτηρίων,
794 478 1012 530 τουτέστι
1062 476 1294 545 σημάτων
1343 483 1432 544 τῆς
1480 476 1771 548 πορφύρας,
1828 481 1913 531 καὶ
1969 481 2288 548 κρασπέδων,
2342 480 2427 533 καὶ

503 563 718 630 ῥοΐσκων
757 563 841 614 ἐπὶ
879 560 938 613 τά
967 561 1202 631 πτερύγια
1243 568 1331 630 τῆς
1373 560 1672 630 ἀμπεχόνης,
1724 561 1864 616 ἅτινα
1902 569 2055 616 ταῦτα
2089 563 2311 635 ἐτύγχανε
2346 582 2429 630 ση-

504 654 616 714 μεῖα
640 652 729 714 τῆς
755 645 870 715 παρ’
902 646 1070 709 αὐτοῖς
1102 645 1209 718 ἄχρι
1238 654 1416 718 καιροῦ
1446 650 1743 717 ἐγκρατείας·
1783 651 1834 701 οἳ
1862 650 1947 701 καὶ
1977 650 2326 720 παρειςέφερον
2353 649 2429 719 γέ-

502 749 631 785 νεσιν
666 733 750 784 καὶ
800 733 1109 802 εἱμαρμένην.

646 820 1009 882 Σαδδουκαῖοι,
1067 816 1528 886 66ἓρμηνευόμενοι
1565 816 1906 882 Δικαιότατοι,
1962 812 2014 872 οἳ
2049 821 2134 872 καὶ
2169 821 2224 872 ἐκ
2259 819 2433 889 γένους

504 903 590 970 μὲν
618 895 744 970 ἦσαν
774 908 1122 972 Σαμαρειτῶν,
1161 901 1291 969 ὁμοῦ
1324 903 1377 955 δὲ
1404 904 1487 955 καὶ
1520 903 1685 971 ἱερέως
1711 901 1941 968 Σαδοῦκ,
1976 908 2164 974 νεκρῶν
2192 905 2278 971 μὲν
2312 902 2432 958 ἀνά-

504 1004 671 1040 στασιν
708 985 1032 1057 ἀρνούμενοι,
1071 980 1154 1041 καὶ
1183 987 1251 1055 μή
1278 987 1665 1056 παραδεχόμενοι
1693 985 1926 1058 ἄγγελον,
1965 990 2087 1056 μηδὲ
2115 994 2334 1057 πνεῦμα,
2372 987 2432 1041 τά

504 1072 558 1125 δὲ
591 1071 741 1125 λοιπά
777 1070 939 1126 πάντα
977 1072 1113 1134 ὄντες
1146 1070 1392 1126 Ἰουδαῖοι.

564 1174 567 1180 “
641 1155 1105 1229 Ἡμεροβαπτισταὶ,
1159 1162 1210 1211 οἳ
1254 1158 1340 1225 μὲν
1379 1155 1502 1210 κατά
1541 1156 1702 1210 πάντα
1734 1158 1971 1212 Ἰουδαῖοι
2010 1153 2161 1226 ἦσαν,
2215 1160 2435 1225 ἔφασκον

505 1242 557 1295 δὲ
584 1244 771 1310 μηδένα
799 1249 925 1312 ζωῆς
960 1246 1166 1297 αἰωνίου
1204 1242 1485 1313 τυγχάνειν,
1538 1246 1581 1296 εἰ
1606 1243 1673 1312 μή
1710 1266 1756 1297 τι
1793 1242 1853 1296 ἀν
1884 1242 2001 1297 καθ’
2027 1243 2236 1312 ἑκάστην
2261 1246 2435 1312 βαπτί-

504 1334 646 1393 ζοιτο.

637 1414 902 1482 Ὄσσηνοὶ,
941 1418 991 1468 οἳ
1022 1414 1084 1482 δὴ
1110 1411 1423 1481 Ἰταμιότατοι
1452 1413 1815 1485 ἓρμηνεύονται.
1877 1407 2035 1467 ῗΗσαν
2068 1415 2121 1467 δὲ
2149 1408 2288 1468 οὗτοι
2311 1411 2436 1468 κατά

505 1498 667 1553 πάντα
699 1498 785 1553 τόν
814 1498 966 1568 νόμον
990 1506 1265 1564 τελοῦντες,
1306 1502 1514 1570 ἐχρῶντο
1546 1500 1598 1553 δὲ
1626 1502 1709 1553 καὶ
1741 1508 1959 1570 γραφαῖς
1987 1501 2172 1569 ἑτέραις
2202 1497 2320 1567 μετά
2334 1497 2437 1553 κᾶν

506 1584 674 1654 νόμον.
756 1583 883 1647 Τοῦς
920 1586 971 1638 δὲ
1011 1590 1208 1647 πλείους
1245 1590 1343 1638 τῶν
1381 1587 1634 1652 μετέπειτα
1672 1592 1945 1654 προφητῶν
1982 1585 2328 1653 ἀπεβάλλοντο,

651 1679 991 1741 Νασσαραῖοι,
1037 1676 1094 1708 67
1114 1674 1165 1723 οἳ
1197 1669 1579 1739 ἓρμηνευόμενοι
1606 1671 1931 1738 Ἀφηνιασταὶ
1948 1714 1962 1736 ,
2001 1675 2051 1724 οἳ
2077 1676 2240 1723 πᾶσαν
2266 1689 2440 1741 σαρκο-

508 1760 694 1828 φαγίαν
750 1755 1175 1827 ἀπαγορεύουσιν,
1234 1755 1470 1824 ἐμψύχων
1525 1758 1578 1810 δὲ
1627 1756 1735 1810 οὐδ’
1787 1756 1912 1818 ὅλως
1965 1754 2436 1825 μεταλαμβάνουσιν.

492 1841 638 1913 ’Ἁχρι
675 1843 729 1896 δὲ
769 1844 1033 1904 Μωϋσέως
1073 1843 1159 1894 καὶ
1205 1840 1439 1909 68Ἰησοῦ
1476 1849 1566 1895 τοῦ
1615 1848 1767 1910 Ναυῆ
1806 1850 1910 1904 τοῖς
1950 1844 2001 1895 ἐν
2030 1847 2090 1915 τῇ
2121 1840 2437 1912 Πεντατεύχῳ

507 1927 663 2000 ἆγίοις
699 1926 907 1996 ὀνόμασι
950 1933 1263 1998 πατριαρχῶν
1300 1929 1585 1997 κεχρημένοι
1626 1950 1675 1981 τε
1712 1929 1793 1981 καὶ
1834 1926 2168 1992 πιστεύοντες,
2221 1928 2354 1994 φημὶ
2386 1926 2439 1980 δὲ

504 2012 754 2085 Ἀβραάμ,
811 2015 897 2067 καὶ
923 2012 1122 2078 Ἰσαάκ,
1179 2015 1262 2066 καὶ
1300 2011 1508 2082 Ἰακώβ,
1557 2015 1642 2066 καὶ
1688 2019 1786 2066 τῶν
1833 2011 2093 2076 ἀνωτάτω,
2151 2014 2236 2065 καὶ
2284 2011 2441 2065 αὐτοῦ

509 2101 772 2162 Μωϋσέως
807 2101 891 2153 καὶ
926 2097 1117 2167 Ἀαρῶν
1152 2100 1237 2151 καὶ
1272 2097 1445 2166 Ἰησοῦ.
1527 2097 1626 2160 Τάς
1662 2099 1715 2152 δὲ
1743 2105 1831 2166 τῆς
1871 2096 2209 2165 Πεντατεύχου
2244 2094 2442 2167 γραφάς

509 2186 606 2239 οὐκ
644 2183 767 2238 εἶναι
811 2186 1074 2247 Μωϋσέως
1119 2187 1512 2254 δογματίζουσιν·
1570 2182 1717 2246 ἀλλάς
1757 2184 1809 2236 δὲ
1849 2181 1984 2253 παρά
2021 2183 2203 2244 ταύτας
2242 2185 2440 2251 69ἕχειν

508 2274 920 2340 διαβεβαιοῦνται.

646 2355 968 2426 Ἡρωδιανοὶ,
1009 2359 1059 2407 οἳ
1087 2353 1316 2407 Ἰουδαῖοι
1345 2354 1431 2421 μὲν
1453 2347 1580 2422 ἦσαν
1606 2352 1731 2407 κατά
1755 2352 1945 2418 πάντα,
1980 2351 2206 2422 Ἡρώδην
2237 2354 2290 2406 δὲ
2321 2358 2442 2423 Χρι-

507 2440 624 2495 στὸν
664 2447 725 2479 70
743 2439 1084 2512 προςεδόκων,
1123 2441 1204 2493 καὶ
1234 2438 1394 2512 τούτῳ
1423 2442 1536 2510 περὶ
1558 2446 1647 2494 τοῦ
1677 2445 1895 2511 Χριστοῦ
1925 2442 2184 2493 ἐπεδίδουν
2210 2440 2328 2510 γέρα
2356 2440 2440 2492 καὶ

509 2525 687 2595 ὄνομα.
2016 2579 2017 2582 ,

659 2605 820 2673 Οὗτος
845 2617 1039 2680 πρῶτος
1068 2616 1127 2647 ⁷¹
1149 2608 1300 2679 τόμος
1336 2611 1570 2681 περιέχων
1604 2608 1730 2663 κατά
1769 2616 1940 2663 πασῶν
1967 2615 2064 2663 τῶν
2101 2611 2284 2662 εἴκοσιν
2312 2610 2439 2678 αἱρέ-

509 2715 657 2751 σεων·
709 2698 761 2750 ἕν
797 2697 931 2769 αὐτῷ
978 2697 1030 2749 δὲ
1058 2698 1138 2749 καὶ
1169 2695 1203 2763 ἡ
1233 2697 1345 2766 περὶ
1382 2702 1469 2763 τῆς
1501 2702 1721 2763 Χριστοῦ
1763 2697 1994 2763 ἕνδημίας
2033 2692 2304 2759 ὑπόθεσις,
2357 2695 2442 2747 καὶ

508 2780 542 2851 ἦ
581 2788 671 2850 τῆς
714 2781 950 2850 ἀληθείας
992 2779 1253 2852 ὁμολογία,
1312 2779 1346 2849 ἦ
1379 2784 1467 2849 μία
1503 2784 1587 2835 καὶ
1625 2780 1753 2850 μόνη
1792 2775 1918 2834 οῦσα
1953 2786 2042 2833 τοῦ
2079 2785 2204 2832 θεοῦ
2245 2777 2443 2847 ἀληθὴς

509 2872 682 2930 πίστις.

653 2955 755 3007 Καὶ
780 2955 873 3015 ἕως
901 2953 987 3021 μὲν
1014 2945 1110 3005 ῶδε
1146 2950 1179 3020 ἦ
1205 2958 1302 3005 τῶν
1328 2950 1422 3023 πρό
1459 2957 1680 3023 Χριστοῦ
1706 2954 1887 3006 εἴκοσιν
1917 2952 2149 3022 αἱρέσεων
2175 2949 2439 3020 ἀντιλογία,

509 3041 593 3094 καὶ
628 3041 742 3110 περὶ
778 3042 1010 3103 πίστεως,
1047 3040 1131 3091 καὶ
1170 3040 1280 3107 περὶ
1318 3044 1406 3106 τῆς
1443 3037 1685 3109 ἐνσάρκου
1722 3044 1812 3091 τοῦ
1852 3042 2072 3108 Χριστοῦ
2110 3039 2401 3105 παρουσίας.

656 3216 718 3248 ⁷2
735 3209 919 3272 Εὗθῦς
945 3208 1216 3277 ἐπεδήμησε
1245 3207 1367 3262 κατά
1396 3207 1557 3271 πόδας
1580 3207 1615 3276 ἦ
1642 3215 1734 3262 τοῦ
1759 3211 1933 3279 κυρίου
1956 3204 2099 3274 ἡμῶν
2116 3203 2283 3272 Ἰησοῦ
2315 3211 2439 3276 Χρι-

508 3302 625 3350 στοῦ
663 3298 899 3366 ἔνσαρκος
948 3298 1222 3365 παρουσία,
1273 3293 1381 3362 ἥτις
1424 3297 1657 3363 κατέλαβε
1704 3291 1908 3363 73πρὸς
1949 3289 2037 3351 τάς
2079 3293 2439 3360 προειρημένας

509 3380 632 3436 ἕπτά
672 3383 903 3451 αἱρέσεις,
958 3382 1009 3433 έν
1055 3386 1116 3417 74
1131 3380 1183 3432 δὲ
1220 3377 1584 3451 Ἱεροσολύμοις.
1652 3378 1859 3446 ’Έσβεσε
1900 3378 1952 3430 δὲ
1994 3376 2172 3438 ταύτας
2215 3373 2250 3443 ἦ
2284 3376 2438 3430 αὐτοῦ

510 3466 743 3535 δύναμις,
802 3468 886 3519 καὶ
934 3466 1223 3518 διεσκέδασε.
1311 3464 1508 3518 Λοιπὸν
1559 3466 1612 3518 δὲ
1660 3463 1760 3517 ἀπὸ
1811 3469 1899 3530 τῆς
1946 3461 2100 3515 αὐτοῦ
2152 3463 2436 3529 ἐπιδημίας,

564 3666 632 3709 66.
661 3670 722 3709 Ita
748 3670 860 3709 codd.
887 3679 979 3707 mss.
994 3696 1007 3717 ,
1049 3662 1117 3707 sed
1143 3669 1235 3708 editi
1263 3678 1352 3707 cum
1375 3679 1443 3707 ar·
1500 3678 1601 3717 seqq.
1638 3666 1721 3706 cod.
1746 3665 1906 3715 Rhediy.
1939 3664 2046 3719 ναβῆ
2086 3665 2198 3703 habet
2218 3675 2289 3714 pro
2315 3664 2437 3717 ναυῆ.

510 3727 624 3764 ticulo
655 3724 693 3766 οἱ
723 3721 1058 3777 ἑρμηνευόμενοι.
1558 3719 1623 3762 69.
1658 3719 1764 3775 ἔχειν
1793 3723 1898 3760 abest
1926 3732 1952 3759 a
1979 3723 2063 3760 cod.
2097 3722 2255 3771 Rhediy.

566 3779 632 3821 67.
661 3783 838 3820 Fortasse
869 3780 917 3823 οἱ.
1553 3777 1616 3819 70.
1650 3774 1921 3829 προςεδόκουν
1953 3779 2035 3818 cod.
2068 3778 2228 3827 Rhediy.
2244 3806 2256 3827 ,
2287 3781 2321 3817 et
2351 3778 2436 3818 cod.

566 3833 632 3876 625.
672 3831 840 3891 Ἰησοῦν
882 3838 971 3876 edit.
1016 3838 1152 3878 Petav.
1195 3838 1341 3877 vitiose.
1399 3837 1443 3878 In
1499 3837 1574 3877 len.
1607 3846 1630 3874 a
1662 3846 1711 3873 m.
1743 3845 1814 3874 sec.
