2508 4134
412 234 514 286 408

411 348 512 402 τοῖς
545 340 598 392 δὲ
627 338 832 410 τρόποις
867 337 1211 394 ὑπετάσσοντο.
1285 341 1480 394 Αὐτίκα
1510 345 1562 395 οἵ
1589 346 1961 413 προςδοκῶντες
1997 346 2215 412 Χριστοῦ
2248 339 2341 408 τήν

413 428 700 494 παρουσίαν,
740 427 791 477 οἱ
814 424 1175 493 ἕτοιμαζόμενοι
1204 426 1440 490 δέξασθαι
1465 426 1551 480 τὸν
1578 431 1809 495 νυμφίον,
1849 431 1900 481 οἱ
1921 427 2182 498 προφήτας
2206 424 2339 495 εὐχό-

415 531 551 578 μενοι
575 513 808 574 κατιδεῖν,
847 513 899 563 οἷ
922 514 1189 563 πείθεσθαι
1213 515 1372 574 θείοις
1397 511 1561 582 λόγοις
1587 510 1934 581 ὖποσχόμενοι,
1972 516 2024 567 οἱ
2043 519 2112 586 τῷ
2139 517 2344 586 Μωῦσῇ

415 597 468 649 ἐν
503 593 736 668 συνθήκῃ
786 594 1238 662 1συνεληλυθότες,
1287 595 1387 661 ὅτι,
1439 603 1595 651 Γενοῦ
1631 596 1692 650 σύ
1728 597 1788 650 τά
1819 596 1945 667 πρὸς
1987 596 2186 668 κύριον,
2239 598 2341 662 καὶ,

419 678 597 732 Πάντα
637 678 730 732 ὅσα
771 678 858 732 ἒοῖν
888 682 1016 734 εἴποι
1061 699 1140 734 σοι
1179 679 1209 735 ό
1251 681 1492 752 2κύριος,
1544 673 1868 750 ἀκουσόμεθα
1899 686 1980 736 καὶ
2016 683 2341 751 3ποιήσομεν,

1120 244 1324 286 SANCTI
1354 245 1636 287 EPIPHANII

415 764 495 818 ὅτε
525 762 658 817 εἶδον
689 762 775 817 τόν
802 763 966 818 αὐτῶν
994 765 1236 835 δεσπότην
1265 767 1688 837 παραγενόμενον,
1746 768 2071 837 ἀγνοήσαντες
2106 767 2195 836 τὴν
2227 790 2345 838 μορ-

418 848 523 917 φήν
557 851 643 902 καὶ
680 848 799 911 τούς
839 849 1028 913 τύπους
1069 859 1156 919 τῆς
1195 850 1430 920 άληθείας
1467 852 1556 914 οὓς
1595 855 1646 905 οἱ
1684 858 1939 922 προφῆται
1979 852 2073 922 πρό
2108 853 2264 907 αὐτοῦ
2292 856 2345 907 έν

417 933 560 1005 σαρκὶ
598 936 905 1005 4γενομένου
941 936 1228 1002 διετύπουν,
1278 936 1617 1006 διεχάραττον,
1669 936 2015 1007 κατήγγελλον,
2065 937 2344 1006 ἐσήμαινον,

416 1028 614 1090 πρῶτον
645 1021 731 1088 μὲν
756 1014 846 1074 οὖν
871 1022 1004 1094 αὐτῷ
1037 1024 1225 1092 ἔλεγον,
1271 1027 1355 1084 Τίς
1386 1016 1531 1084 οὗτος
1558 1021 1615 1084 ὃς
1640 1028 1773 1075 λαλεῖ
1797 1026 2133 1091 βλασφημίας;
2183 1021 2348 1077 άλλοτε

389 1107 472 1171 ,δὲ
505 1105 763 1174 δαιμόνιον
791 1104 943 1160 αὐτόν
973 1110 1123 1175 ἔχειν,
1164 1106 1255 1161 οὐκ
1285 1107 1646 1175 αἰσχυνόμενοι,
1685 1107 2034 1175 τετολμήκασιν
2065 1110 2239 1162 εἰπεῖν·
2279 1111 2348 1163 ἔτι

419 1193 473 1245 δὲ
504 1196 587 1246 καὶ
619 1197 930 1261 Σαμαρείτην
959 1192 1111 1246 αὐτόν
1139 1191 1404 1246 άποκαλεῐν
1429 1191 1520 1246 οὐκ
1538 1192 1813 1264 ἠρυθρίων.
1859 1196 2027 1264 Πέρας
2054 1189 2162 1261 οῦν,
2186 1195 2348 1250 καθά-

420 1299 511 1347 περ
544 1300 629 1346 μοι
661 1279 1052 1347 προδεδήλωται,
1110 1275 1177 1340 ὥς
1207 1277 1472 1346 μεμηνότες
1515 1277 1687 1343 κύνες,
1739 1281 2097 1347 ἐπανέστησαν,
2144 1283 2228 1335 καὶ
2263 1280 2350 1343 τὰς

421 1364 509 1431 μὲν
549 1371 711 1433 χεῖρας
746 1370 769 1401 ⁵
787 1366 1123 1435 apoge'mqucv,
1163 1361 1228 1425 ὥς
1258 1362 1333 1416 άεὶ
1358 1363 1476 1432 μετά
1502 1370 1587 1432 τῆς
1615 1368 1790 1432 μανίας
1815 1363 1844 1418 ὅ
1867 1365 2025 1431 κύων,
2075 1365 2349 1437 ἀνακρεμά-

419 1468 509 1510 σας
541 1448 696 1502 αὗτοῦ
737 1447 826 1511 τάς
864 1458 1051 1518 χεῖρας,
1104 1451 1350 1518 ἐπέρχεται
1389 1451 1474 1502 καὶ
1508 1449 1567 1502 τά
1604 1446 1844 1519 πρόςωπα
1880 1457 1979 1504 τῶν
2024 1453 2162 1505 ἰδίων
2189 1450 2352 1506 αὐτοῦ

420 1537 672 1587 δεσποτῶν
716 1534 1044 1605 καταγλύφειν
1088 1533 1180 1588 οὐκ
1209 1533 1502 1603 αἰσχύνεται,
1542 1537 1835 1606 παρέδωκαν
1866 1539 2042 1591 ἐκεῖνοι
2070 1535 2154 1591 τὸν
2185 1535 2351 1596 αὐτῶν

421 1618 594 1688 κύριον
629 1622 698 1681 εἷς
727 1619 779 1672 τὸ
814 1627 1191 1689 σταυρωθῆναι,
1245 1619 1507 1690 προφήτας
1546 1642 1596 1673 τε
1628 1619 1743 1683 τοῦς
1774 1620 2053 1684 οἰκειακούς
2078 1628 2167 1676 τοῦ
2196 1623 2353 1677 αὐτοῦ

422 1703 665 1757 δεσπότου
701 1705 788 1757 τὸν
815 1706 902 1773 μὲν
928 1708 1160 1776 ἕπρισαν,
1212 1704 1295 1759 τόν
1327 1707 1378 1759 δὲ
1407 1711 1571 1768 λίθοις
1596 1708 1913 1773 κατέλευσαν,
1952 1707 2096 1762 ἄλλον
2127 1709 2182 1762 δὲ
2209 1707 2350 1782 φόνῳ

421 1793 660 1858 μαχαίρας
701 1790 1030 1860 διεχρήσαντο.
1107 1790 1253 1844 Meto}
1292 1792 1500 1855 τούτους
1539 1793 1592 1845 δὲ
1634 1790 1866 1855 ὦςαύτως
1895 1799 1985 1846 νῦν
2017 1797 2068 1847 οἱ
2096 1796 2198 1848 νέοι
2224 1794 2353 1847 Ἰου-

424 1879 554 1954 δαῖοι
580 1875 946 1944 άλλεπαλλήλως
971 1883 1031 1951 τῇ
1059 1875 1183 1951 αὐτῇ
1205 1879 1488 1949 κεχρημένοι
1506 1877 1676 1951 ἀγωγῇ
1706 1881 1757 1931 οἵ
1779 1879 1866 1946 μὲν
1889 1881 2095 1946 φυσικοὶ
2115 1879 2353 1933 Ἰουδαῖοι

422 1955 546 2014 κατά
587 1960 745 2031 σάρκα
788 1962 876 2029 μὲν
916 1961 1217 2032 ἠρνήσαντο,
1273 1964 1402 2017 οἶδὲ
1440 1969 1530 2016 νῦν
1560 1961 1858 2034 ἀρνούμενοι
1885 1965 1976 2033 τήν
2002 1971 2092 2018 τοῦ
2127 1968 2240 2018 υἱοῦ
2266 1970 2354 2018 τοῦ

422 2053 549 2101 θεοῦ
575 2050 758 2100 τελείαν
790 2046 916 2115 πρός
944 2050 1129 2118 πατέρα
1155 2049 1474 2119 γνησιότητα,
1512 2053 1690 2116 κτίσμα
1716 2049 1871 2102 αὐτόν
1899 2052 1984 2103 καὶ
2014 2054 2229 2118 ποίημα,
2267 2051 2352 2103 καὶ

424 2129 678 2202 άλλότριον
705 2132 891 2204 πατρὸς
913 2134 1207 2199 παντάπασι,
1233 2133 1503 2203 μεμηνότες
1526 2137 1611 2187 καὶ
1630 2138 2006 2204 βεβροντημένοι
2034 2136 2353 2198 ἀδιαλείπτως

427 2221 817 2287 διϊσχυρίζονται.

208 2314 318 2370 Κεφ.
339 2313 385 2358 ε’.
565 2301 650 2357 Ἐκ
678 2304 864 2357 τούτων
889 2306 942 2357 δὲ
972 2304 1119 2358 πάλιν
1144 2304 1278 2359 ἄλλοι
1304 2304 1511 2372 άφέντες
1540 2304 1626 2368 τοὶς
1649 2308 2002 2376 προειρημένας
2030 2305 2357 2375 βλασφήμους

202 2381 285 2416 pag.
312 2374 407 2412 1037.
430 2392 771 2455 διδασκαλίας,
809 2389 984 2453 καθώς
1017 2393 1192 2453 εἰπεῖν,
1246 2389 1400 2459 αὐτὴν
1429 2390 1519 2459 τήν
1546 2391 1670 2445 κατά
1704 2391 1854 2458 φύσιν
1883 2391 2186 2460 θεασάμενοι
2211 2395 2355 2446 ἕπου·

426 2474 599 2543 ράνιον
626 2478 869 2544 θεωρίαν,
907 2478 989 2528 καὶ
1019 2475 1078 2528 τά
1112 2475 1213 2529 ἅνω
1240 2475 1635 2544 έμβατεύσαντες,
1674 2479 1756 2530 καὶ
1782 2477 2355 2549 πολυπραγμονήσαντες,

428 2557 495 2621 ὥς
522 2558 719 2613 ἄνωθεν
754 2559 984 2628 ἥκοντες,
1036 2562 1284 2635 αὐθαδείᾳ
1333 2560 1723 2633 ιἀπαγγέλλουσι
1758 2565 1844 2616 καὶ
1881 2566 2087 2634 ἰσχυρῶς
2125 2567 2357 2633 διϊσχυρί-

425 2650 587 2709 ζονται
629 2644 939 2713 ἐκβάλλοντες
979 2649 1032 2700 ἐκ
1072 2653 1159 2715 τῆς
1195 2646 1436 2715 θεότητος
1463 2647 1517 2701 τὸ
1558 2647 1702 2718 ἅγιον
1738 2655 1944 2717 πνεῦμα.
2021 2651 2122 2701 Καὶ
2158 2647 2244 2702 τόν
2270 2649 2357 2717 μὲν

427 2731 614 2799 πατέρα
643 2729 737 2783 οὐκ
765 2729 1022 2800 ἤρνηνται,
1062 2731 1174 2786 οὕτε
1202 2733 1288 2801 τήν
1316 2739 1404 2787 τοῦ
1431 2737 1545 2787 υἱοῦ
1578 2733 1706 2805 πρὸς
1738 2732 1887 2788 αὐτόν
1911 2734 2225 2805 γνησιότητα,
2279 2731 2355 2799 ἐφ’

427 2817 594 2886 ἑτέραν
620 2816 673 2868 δὲ
702 2815 850 2869 πάλιν
879 2815 998 2871 όδόν
1029 2822 1338 2886 βαδίζουσιν,
1389 2822 1473 2872 ἵνα
1503 2820 1754 2873 πάντοθεν
1783 2826 2028 2893 πληρωθῇ
2057 2817 2136 2884 τό,
2177 2819 2355 2882 Ἐξέλι·

426 2923 516 2954 πεν
553 2899 588 2970 ἦ
610 2905 767 2964 πίστις
805 2905 858 2956 έκ
892 2903 1132 2971 στόματος
1173 2905 1350 2958 αὐτῶν.
1428 2911 1454 2941 2
1477 2909 1535 2958 Τί
1572 2904 1664 2977 γάρ
1697 2903 1794 2959 ἀλλ’
1821 2904 1855 2974 ἢ
1884 2908 1952 2968 εἷς
1981 2903 2035 2958 τὸ
2066 2910 2260 2972 πνεῦμα
2295 2902 2352 2957 τό

428 2986 591 3057 ἅγιον,
644 2986 842 3053 λοιπόν,
894 2987 948 3041 τό
989 2989 1084 3043 οὐκ
1114 2987 1369 3061 άλλότριον
1393 2990 1579 3062 πατρὸς
1610 2993 1694 3044 καὶ
1731 2994 1869 3056 υἱοῦ,
1922 2989 1977 3044 τό
2009 2992 2063 3043 ἐκ
2090 2995 2177 3057 τῆς
2204 2988 2357 3057 αὐτῆς

489 3103 585 3145 CAP.
600 3105 670 3144 IV.
688 3128 743 3135 —
789 3107 823 3145 1.
858 3104 1187 3160 συνεληλυῇότες
1211 3110 1272 3148 ed.
1289 3110 1362 3148 Pe·

430 3166 509 3228 ἰαυ.
569 3158 886 3216 εἰςεληλυξῖότες
924 3165 1036 3204 codd.
1070 3176 1161 3204 mss.
1201 3169 1235 3204 et
1273 3167 1362 3205 edit.

423 3231 550 3268 prmo.

1421 3106 1529 3151 κατὰ
1555 3107 1704 3162 μανίας
1728 3104 1750 3150 ὁ
1778 3105 1889 3150 κύων
1918 3101 2252 3160 ἀναχειρίσαντος
2278 3105 2358 3160 (vel

1421 3161 1779 3219 ἀνακηλήσαντος,
1808 3166 1868 3204 vel
1898 3159 2251 3215 ἅνακελαίνοντος)
2281 3156 2354 3204 αυ’-

1420 3219 1491 3264 τὸν
1529 3220 1607 3269 τὰς
1648 3225 1792 3277 χεῖρας
1832 3218 2001 3285 ἐπέρχῃ,
2032 3233 2071 3260 κ.
2103 3216 2156 3261 τοὶ
2180 3233 2248 3272 πρ.
2273 3219 2355 3262 τῶν

484 3277 524 3316 2.
555 3274 699 3328 κύριος
722 3277 835 3316 codd.
862 3289 954 3316 mss.
1015 3273 1037 3319 0t
1063 3274 1204 3331 κύριος
1231 3280 1335 3318 editi.

485 3332 523 3374 3.
552 3329 783 3386 ποιήσομεν
821 3335 931 3373 codd.
967 3346 1057 3375 mss.
1114 3330 1364 3388 ποιήσωμεν

428 3390 521 3429 editi
551 3392 653 3429 libri.

484 3447 523 3486 4.
555 3445 774 3499 γενομένου
798 3452 1046 3487 correxerunt
1077 3450 1288 3488 Corraearius
1331 3454 1366 3488 et

427 3505 625 3543 Petavius.
683 3506 791 3544 Libri
814 3506 954 3544 habent
979 3500 1208 3557 γενόμενον.

486 3563 523 3599 5.
542 3562 761 3600 Gataherus
775 3563 951 3601 Adverss.
977 3563 1132 3601 Miscell.
1160 3559 1361 3612 pa9.818.

428 3619 622 3666 „Mendas
678 3619 712 3656 si
751 3631 828 3658 non
871 3630 1034 3667 prorsus
1083 3620 1364 3667 sustulerimus,

428 3684 581 3712 sensum
619 3677 745 3713 tamen
782 3676 934 3723 plenius
974 3676 1095 3724 paulo
1130 3676 1365 3713 exhibituros

430 3741 645 3777 speramus,
705 3731 770 3770 Sic
795 3742 885 3781 ergo
912 3743 959 3771 ex
995 3733 1211 3771 coniectura
1238 3733 1363 3780 leyen—

432 3787 527 3825 dum
553 3785 1079 3844 εωὶεἰὶιηο-προςέπηξαν.
1140 3782 1199 3835 ὠς
1228 3782 1266 3829 δ’
1296 3782 1364 3829 ἀεὶ

1424 3277 1474 3321 ἰδ.
1505 3274 1629 3320 ouh-05
1663 3281 1781 3321 δεσπ.
1815 3277 2116 3327 καταδρυπτειν
2156 3275 2255 3329 (sive
2282 3290 2356 3318 κα-

1420 3332 1666 3389 ταδρύφειν)
1696 3330 1772 3376 οὐκ
1799 3328 2052 3386 αἰσχύνεται.
2105 3331 2355 3385 παρέδωκαν

1422 3393 1539 3445 κτλ.,
1584 3399 1626 3431 et
1659 3403 1800 3430 manus
1842 3386 2004 3442 quidem
2047 3388 2130 3427 eius
2169 3388 2354 3429 confixe-

1422 3457 1534 3487 rant:
1580 3447 1685 3487 sicut
1722 3453 1860 3486 autem
1888 3444 1998 3484 canis
2038 3444 2150 3484 rabie
2181 3444 2354 3485 affectus

1423 3504 1530 3544 solet
1552 3503 1847 3550 demulcentis,
1887 3501 1973 3540 sive
2001 3501 2216 3541 tractantis
2246 3515 2353 3549 eum,

1421 3575 1564 3600 manus
1601 3559 1819 3607 invadere,
1865 3572 1942 3597 nec
1967 3557 2228 3598 dominorum
2255 3571 2352 3598 suo-

1421 3631 1511 3657 rum
1537 3615 1683 3655 faciem
1712 3615 1892 3656 lacerare
1920 3623 2106 3663 veretur,
2138 3614 2195 3655 ita
2227 3623 2268 3654 et
2293 3614 2354 3654 illi

1422 3672 1632 3713 dominum
1663 3686 1781 3710 suum
1812 3670 2131 3724 crucifigendum
2162 3669 2352 3711 tradide-

1421 3737 1530 3769 runt.
1589 3732 1709 3779 Atque
1734 3731 1836 3768 hanc
1859 3730 1976 3778 fuisse
2005 3731 2219 3778 Epiphania·
2248 3739 2353 3767 men-

1420 3791 1493 3828 tem
1528 3785 1664 3839 (verba
1693 3788 1794 3826 enim
1824 3787 1911 3838 ipsa
1938 3790 2138 3837 praestare
2180 3797 2255 3827 non
2281 3796 2354 3824 au-
