2508 4134
746 314 1285 360 ANACEPHALAEOSIS.
1861 306 1961 361 577

61 433 179 468 nare
209 415 354 478 velit,
410 416 615 468 definitis
643 416 733 467 hoc
776 416 944 467 diebus
977 417 1138 468 facere
1166 417 1417 486 prohibet,
1475 418 1558 468 sed
1595 418 1783 485 quando
1813 417 1965 469 libue-

60 502 142 553 rit.
217 499 511 569 Episcopum
551 501 690 552 docet
727 499 877 550 nihilo
915 501 1316 568 praestantiorem
1357 519 1465 552 esse
1505 502 1811 570 presbytero.

199 584 414 635 Aetiani.
491 583 646 636 Huius
687 584 905 637 haeresis
938 584 1109 635 Aetius
1145 585 1333 652 quidam
1369 585 1596 637 inventor
1636 586 1827 649 extitit,
1879 602 1963 653 ge-

62 685 180 720 nere
209 665 372 731 Cilix,
427 668 506 736 qui
533 686 560 720 a
591 667 805 736 Georgio
841 667 1136 719 Arianorum
1178 669 1401 736 episcopo
1445 670 1675 720 diaconus
1715 669 1965 720 ordinatus

62 761 154 803 est.
232 751 514 804 Anomoeos
541 753 648 805 illos
675 752 933 821 appellant,
973 751 1055 803 alii
1082 751 1444 817 EunomianOS,
1495 754 1554 803 ab
1582 752 1823 804 Eunomio
1849 771 1966 822 quo-

63 838 167 886 dam
195 835 329 887 Ae'tii
360 836 621 906 discipulo,
662 836 739 904 qui
770 836 858 886 hoc
892 845 1108 904 tempore
1141 845 1382 905 superest.
1437 835 1727 888 Earumdem
1764 839 1967 907 partium

66 929 170 971 erat
197 931 245 971 et
277 919 563 985 EudoxiuS,
604 921 688 972 sed
719 917 992 972 Constantii
1018 921 1322 990 imperatoris
1352 929 1482 971 metu
1513 922 1570 971 ab
1601 921 1693 972 illis
1723 939 1775 973 se
1802 940 1969 991 segre—

63 1023 183 1073 gans
215 1023 270 1057 ac
295 1005 427 1055 solus
460 1005 632 1056 Ae‘tius
659 1005 903 1072 relegatus
932 1013 1025 1055 est.
1104 1003 1405 1072 Quamquam
1434 1005 1480 1055 in
1518 1005 1706 1056 Ariano
1748 1007 1970 1074 dogmate

64 1089 427 1158 perseveravit,
486 1090 572 1140 sed
613 1089 811 1140 Ae‘tium
852 1089 1047 1139 minime
1086 1098 1282 1139 secutus
1327 1099 1419 1139 est.
1507 1087 1664 1139 Porro
1705 1090 1967 1154 Anomoei,

66 1175 171 1225 sive
200 1172 422 1236 Ae‘tiani,
478 1170 724 1224 Christum
765 1182 815 1223 et
840 1173 1058 1241 spiritum
1092 1183 1309 1223 sanctum
1350 1190 1377 1223 a
1403 1174 1492 1223 deo
1521 1174 1732 1224 funditus
1765 1176 1972 1225 alienum

67 1274 176 1308 esse
202 1257 506 1326 praedicant,
561 1275 680 1326 quos
719 1265 908 1308 creatos
945 1274 1082 1320 esse,
1138 1275 1294 1325 neque
1321 1257 1570 1325 quicquam
1600 1258 1777 1309 habere
1806 1259 1973 1309 simili-

66 1342 244 1393 tudinis
288 1350 531 1392 asserunt.
623 1339 811 1411 Quippe
856 1341 1152 1411 syllogismis
1203 1342 1482 1409 quibusdam
1537 1341 1866 1394 Aristotelicis
1918 1361 1974 1394 ac

67 1427 377 1495 geometricis
408 1426 483 1477 dei
522 1435 740 1477 naturam
766 1427 1013 1495 explicare
1043 1427 1266 1489 student,
1307 1426 1572 1494 iisdemque
1600 1427 1807 1494 probare
1832 1425 1975 1478 Chri-

69 1520 194 1563 stum
223 1529 249 1561 a
277 1511 367 1561 deo
395 1510 512 1561 oriri
541 1528 637 1561 non
663 1527 824 1578 posse.
877 1509 1166 1561 Eunomiani
1199 1527 1317 1560 vero
1341 1511 1398 1560 ab
1423 1510 1528 1578 ipso
1553 1511 1752 1579 profecti
1783 1528 1971 1574 omneS,

70 1595 148 1663 qui
194 1596 252 1645 ad
295 1612 348 1645 se
387 1595 616 1659 veniunt,
667 1595 842 1645 iterato
884 1594 1155 1663 baptizant,
1209 1612 1302 1645 non
1347 1595 1607 1646 catholicos
1651 1596 1835 1660 solum,
1890 1597 1975 1647 sed

70 1679 148 1730 vel
187 1678 402 1730 Arianos
439 1679 598 1748 ipsos,
652 1679 794 1747 idque
835 1695 893 1729 eo
936 1679 1076 1729 modo
1105 1687 1156 1730 ut
1186 1679 1382 1747 pedibus
1410 1679 1459 1728 iu
1497 1679 1684 1730 coelum
1723 1680 1976 1731 conversis

70 1763 120 1814 in
156 1772 297 1832 caput
326 1763 435 1815 illos
476 1763 745 1831 intingant3
799 1764 923 1831 quod
969 1764 1025 1814 de
1075 1763 1170 1815 illis
1216 1763 1504 1831 percrebuit.
1582 1761 1840 1832 stuprum,
1897 1773 1979 1815 aut

71 1847 197 1898 aliud
238 1847 480 1915 quodlibet
521 1857 798 1916 peccatum,
860 1846 974 1898 nihil
1009 1865 1118 1898 esse
1164 1848 1411 1913 dictitant,
1472 1865 1627 1915 neque
1669 1849 1796 1898 enim
1839 1849 1978 1900 deum

75 1931 201 1982 aliud
239 1948 475 1999 quaerere
513 1950 652 1999 quam
684 1932 808 1982 utin
840 1949 897 1982 ea
922 1932 1028 1982 sola
1065 1950 1203 2000 quam
1243 1932 1332 2000 ipsi
1372 1933 1649 2001 praedicant
1687 1933 1775 1984 fide
1815 1950 1981 2001 perse-

74 2024 291 2067 veretur.

213 2098 320 2150 Hae
348 2108 460 2150 suut
495 2099 725 2151 haereses
754 2100 865 2151 illae
897 2108 1080 2169 septem
1123 2117 1240 2168 quas
1277 2109 1448 2151 sextus
1477 2101 1571 2151 iste
1601 2101 1709 2152 libri
1739 2100 1870 2152 tertii
1909 2110 1982 2152 to-

77 2202 183 2236 mus
220 2183 572 2253 complectitur.

218 2267 442 2336 Denique
472 2267 580 2318 libri
612 2265 704 2318 ΙΙΙ.
743 2277 898 2320 tomus
931 2267 1022 2332 ll.,
1076 2270 1155 2336 qui
1189 2279 1262 2320 est
1291 2278 1526 2320 tomorum
1557 2270 1723 2321 ordine
1754 2268 1892 2333 Vll.,
1933 2269 1983 2320 in

80 2372 172 2421 quo
210 2353 355 2404 totius
394 2352 555 2421 operis
592 2351 699 2403 finis
730 2361 833 2416 est,
876 2353 1105 2405 haereses
1142 2353 1358 2405 continet
1384 2352 1475 2405 lV.

221 2521 554 2584 Dimoeritae,
607 2521 684 2589 qui
737 2530 786 2571 et
827 2522 1239 2590 Apollinaristae,
1292 2523 1370 2590 qui
1402 2524 1661 2591 perfectam
1703 2519 1885 2575 Christi
1914 2523 1987 2574 in-

83 2607 411 2659 carnationem
438 2605 632 2656 minime
663 2606 980 2672 confitentur,
1034 2625 1232 2674 quorum
1264 2607 1342 2658 alii
1377 2607 1786 2659 consubstantiale
1817 2607 1990 2660 divini-

84 2691 170 2742 tati
199 2708 309 2742 esse
338 2707 513 2758 corpus
544 2690 802 2753 affirmant,
844 2690 925 2741 alii
951 2708 1070 2742 vero
1102 2691 1361 2742 defendere
1388 2692 1516 2742 istud
1549 2692 1691 2743 etiam
1723 2693 1827 2743 ausi
1856 2701 1986 2755 sunt,

86 2773 333 2827 Christum
355 2791 653 2842 nequaquam
679 2773 886 2824 animam
912 2776 1250 2843 assumpsisse,
1286 2776 1428 2843 idque
1452 2794 1630 2844 negare
1654 2777 1985 2827 instituerunt.

87 2857 292 2925 Quidam
336 2858 407 2908 his
450 2857 691 2925 evangelii
731 2858 894 2909 verbis
934 2859 1118 2923 innixi,
1175 2862 1370 2909 Verbum
1411 2878 1520 2910 caro
1557 2863 1733 2924 factum
1770 2870 1892 2920 eslf
1924 2877 1988 2910 ex

87 2951 249 2994 creata
278 2959 452 3004 carne,
509 2941 598 2992 hoc
626 2950 702 2992 est
725 2939 915 3006 Maria,
967 2960 1160 2993 carnem
1188 2944 1245 2994 ab
1275 2943 1356 2994 illo
1387 2953 1656 3013 susceptam
1687 2962 1796 2994 esse
1824 2944 1992 2994 volue-

86 3037 225 3091 runt,
279 3027 363 3078 sed
396 3026 548 3077 solum
589 3025 787 3076 verbum
815 3043 1008 3077 carnem
1041 3045 1152 3079 essc
1192 3030 1368 3079 factum
1401 3029 1711 3097 pertinaciter
1738 3045 1992 3079 assevera-

87 3120 220 3163 runt.
295 3109 475 3162 Postea
516 3126 663 3172 ver0,
713 3127 854 3176 quam
893 3111 952 3161 ob
992 3129 1214 3163 caussam
1248 3112 1441 3173 nesci0,
1501 3122 1709 3163 mentem
1735 3113 1868 3163 illum
1895 3129 1992 3162 non

89 3196 407 3265 assumpsisse
446 3194 694 3245 dixerunt.

228 3277 743 3332 Antidicomarianitae
789 3278 975 3329 beatam
1022 3296 1306 3348 semperque
1355 3279 1589 3348 virginem
1628 3278 1834 3330 Mariam
1884 3287 1994 3348 post

92 3365 269 3417 editum
307 3364 600 3415 salvatorem
639 3380 743 3413 cum
785 3360 992 3430 losepho
1032 3364 1371 3414 consuevissse
1410 3372 1595 3432 putant.

234 3445 585 3518 Collyridiani,
640 3447 718 3515 qui
749 3446 799 3496 in
827 3446 1040 3496 eiusdem
1068 3444 1255 3497 Mariae
1285 3464 1455 3498 nomen
1485 3456 1611 3497 stato
1640 3447 1750 3497 anni
1791 3446 1865 3497 die
1899 3447 1997 3497 col-

95 3603 142 3630 ex
164 3591 333 3640 gemellis
361 3590 525 3630 Panarii
548 3592 581 3627 et
607 3588 932 3627 Ioann.Damasc.
963 3588 1019 3625 lo-
1077 3587 1187 3640 κτλ.,
1230 3592 1270 3626 at
1299 3590 1340 3626 in
1376 3589 1549 3627 Panario
1580 3585 1639 3634 εἰς
1675 3581 1843 3639 ὕστερον
1882 3585 1929 3630 δὲ
1956 3587 1997 3629 τί

94 3650 161 3687 cis.
1074 3639 1351 3694 διανοούμενοι
1381 3639 1458 3683 οὐκ
1490 3638 1582 3684 οἶδα
1613 3641 1754 3691 εἰπεῖν,
1785 3643 1876 3684 νοῦν
1907 3645 1995 3685 κτλ.

152 3702 218 3744 87.
248 3703 401 3751 Repono
427 3695 595 3752 ὕστερον
624 3696 672 3741 δὲ
711 3711 758 3738 ex
783 3700 956 3738 Panario
984 3702 1018 3738 et
1127 3701 1191 3739 ὃὸ.
1238 3701 1318 3739 Ηοο
1354 3701 1582 3738 vocabulum
1618 3711 1694 3738 non
1731 3704 1924 3748 comparet
1959 3702 1999 3739 in

96 3761 236 3800 Ioanne
277 3759 456 3796 Damaso.
498 3757 564 3805 qui
603 3757 713 3795 habet
757 3749 924 3806 ὕστερον
968 3752 1015 3796 δὲ
1070 3756 1179 3794 codd.
1205 3767 1293 3795 mss.
1331 3758 1365 3793 et
1390 3756 1477 3793 edit.
1501 3756 1624 3804 princ.
1684 3756 1885 3804 Supplevit
1919 3758 2001 3805 pri·

98 3811 373 3866 διανοοὺμενοι
399 3810 439 3852 τί
479 3807 556 3852 οὐκ
597 3807 689 3853 οἶδα
731 3809 884 3857 εἰπεῖν,
929 3810 1020 3852 νοῦν
1078 3823 1183 3850 mum
1210 3813 1404 3851 Petavius.

184 3880 327 3925 corpus
349 3876 570 3913 Haereeeol.
590 3876 638 3911 ΙΙ.
662 3877 693 3909 3.
1583 3883 1648 3932 37
