2508 4134
211 1252 295 1288 pag.
320 1242 415 1280 1⁰93.

193 2519 306 2575 Κεφ.
339 2519 405 2576 ιβ’.

441 258 541 310 508
1147 267 1350 310 SANCTI
1378 250 1673 310 EPIPHANH‘

439 371 500 438 τῇ
529 361 680 437 α’ρετῇ
711 384 761 417 τε
786 366 880 438 καὶ.
906 362 1199 432 φαυλότητι·
1251 363 1360 418 ὅσοι
1392 365 1477 433 μὲν
1517 364 1642 421 κατὰ
1676 364 1766 434 τῆν
1789 368 2079 436 Αἰγυπτίων
2107 364 2272 437 χώραν
2297 370 2369 439 τῷ

439 451 526 517 μὲν
566 456 580 485 ¹
603 449 784 523 Κρόνῳ
817 452 966 519 ἕτεροι
1000 449 1329 518 τελισκόμενοι
1357 457 1542 515 κλοιοῖς
1571 448 1777 513 έαυτοῦς
1803 452 2046 519 σιδηρέοις
2071 454 2363 522 καθείρξαν-

439 556 541 599 τες,
591 538 732 608 χαίτῃ
774 556 823 588 τε
868 532 1179 609 2ὑπερτάτη,
1237 538 1413 605 ἐσθῆτί
1446 558 1497 589 τε
1535 541 1728 610 ῤὐπερᾷ
1773 538 1858 589 καὶ
1899 537 2367 610 καταμεμωκημὲνῃ,

445 628 467 658 3
486 617 554 682 ὦς
583 624 773 691 κρίκοις
800 621 887 688 μὲν
914 619 1032 683 τούς
1062 622 1251 675 ἓαυτῶν
1282 628 1534 693 μυκτῆρας
1563 626 1873 693 ἑμπείραντες
1909 619 2028 674 καθ’
2067 621 2273 690 ἑκάστην
2300 625 2370 694 τῷ

440 705 619 779 Κρόνῳ
654 708 706 759 ἐν
733 713 793 780 τῇ
816 704 971 779 Ἀστῷ
1009 708 1284 781 καλουμένῃ
1315 741 1379 748 -
1419 712 1623 776 πολίχνη
1661 708 1715 760 δέ
1742 709 1871 760 ἐστιν
1896 705 2023 775 αὕτη
2042 709 2368 777 ’μητροκωμία

439 790 562 844 κατά
594 790 679 844 τόν
714 796 1043 861 Προςωπίτην
1082 791 1386 860 καλούμενον
1425 793 1627 861 Νόμον,
1668 824 1734 833 ——
1773 791 1898 845 κατά
1936 790 2024 854 τοὶς
2058 794 2245 862 ἐναγεῖς
2279 797 2370 859 τῆς

437 876 828 945 πανδήμουότῶν
859 880 1243 946 πεπλανημένων
1274 877 1600 939 συνελεύσεως
1627 875 1835 941 τελετάς,
1886 878 1972 929 καὶ
1999 882 2096 930 τῶν
2125 882 2153 913 4
2171 883 2369 930 παταλι-

439 962 621 1027 ζόντων
661 965 744 1016 καὶ
776 969 798 1000 5
818 962 1120 1035 ὀργιούντων
1163 966 1396 1030 ἐμμανεῖς
1424 966 1582 1031 δῆθεν
1622 965 1938 1033 ἱεροφαντίας
1968 960 2366 1030 σχηματιζόντων.

430 1046 658 1110 Ἐξώλεις
685 1049 738 1102 δὲ
763 1042 915 1102 οὗτοι.
993 1047 1123 1119 Παρ’
1151 1046 1316 1110 ἄλλοις
1352 1049 1404 1101 δὲ
1438 1054 1460 1085 ⁶
1478 1047 1642 1113 ὅσοις,
1682 1045 1750 1110 ὥς
1780 1050 1831 1101 οἷ
1855 1048 1942 1115 μὲν
1965 1046 2101 1117 παρά
2126 1043 2213 1099 τόν
2241 1051 2364 1100 Βου-

435 1132 573 1188 τικὸν
600 1132 635 1201 ἢ
660 1132 818 1202 αὐτὴν
845 1132 934 1203 τήν
966 1140 991 1171 7
1010 1132 1184 1187 Βουτώ
1215 1133 1304 1201 τὴν
1331 1137 1563 1202 πολίχνην
1602 1131 1689 1187 τὸν
1724 1131 2068 1204 Ἁρποκράτην
2102 1137 2370 1200 τιθηνοῢν·

438 1241 539 1285 τες,
583 1225 606 1256 8
623 1223 672 1272 οἳ
698 1221 919 1289 γέροντες
943 1221 1029 1287 μὲν
1060 1218 1153 1288 ἤδη
1178 1221 1270 1271 εἰσὶ
1293 1215 1384 1286 τὴν
1410 1216 1627 1287 ἡλικίαν,
1679 1222 1730 1272 οἳ
1760 1216 1886 1289 πρὸς
1911 1222 1970 1292 τῇ
2000 1220 2256 1290 ἱερομηνίᾳ
2283 1214 2371 1279 τάς

436 1304 794 1372 ῳαντασιώδεις
820 1312 910 1358 τοῦ
926 1303 1090 1375 ’Ὡρου
1121 1304 1471 1367 ἔνθουσιῶσεις
1501 1307 1733 1359 ἐπιτελεῖν
1759 1306 1813 1358 ἐκ
1840 1309 1930 1357 τοῦ
1956 1307 2193 1371 δαίμονος
2220 1300 2365 1374 άναγ-

434 1390 707 1459 καζόμενοι.
767 1389 1011 1453 ’Ἕκαστος
1042 1391 1096 1443 δὲ
1129 1396 1227 1443 τῶν
1253 1396 1494 1456 πολιτῶν,
1545 1392 1629 1444 καὶ
1667 1388 1942 1458 πρεσβύτης
1972 1387 2070 1457 ῆδη
2115 1386 2369 1459 ὑπεράγαν

436 1476 538 1545 ἅμα
563 1480 780 1539 νεανίαις
803 1474 1106 1546 ὁμοτρόποις
1139 1478 1251 1529 9καὶ
1289 1477 1546 1546 10ἑτέραις
1568 1473 1757 1544 ἡβηδόν
1781 1473 2012 1543 ἡλικίαις,
2041 1477 2189 1545 ἱερεῖς
2220 1479 2369 1528 ιιτοῦ

436 1561 776 1633 αὐτοῦ’Ώρου
819 1565 975 1630 δῆθεν
1021 1564 1104 1615 καὶ
1150 1560 1589 1632 12Ἁρποκράτου,
1641 1563 1724 1614 ἐπὶ
1764 1567 1854 1629 τῆς
1885 1559 2042 1631 κάρας
2082 1560 2370 1631 ἐξυρημένοι

436 1655 617 1716 μᾶλλον
658 1650 862 1710 ἕκαστος
904 1649 1044 1719 φέρει
1083 1647 1301 1709 ἀναιδῶς
1337 1645 1390 1701 τό
1435 1645 1666 1700 δουλικὸν
1716 1644 1844 1716 ὁμοῦ
1883 1647 1966 1699 καὶ
2011 1644 2369 1717 ἐπικατάρατον

435 1736 520 1787 καὶ
550 1736 879 1804 παιδαριῶδες
909 1740 1041 1801 σῆμα
1071 1735 1336 1804 φέροντες,
1375 1731 1631 1802 άθύρμασί
1660 1754 1711 1786 τε
1737 1730 1863 1804 πρὸς
1889 1739 1994 1794 τοῖς
2021 1739 2240 1794 συνετοῖς
2265 1738 2369 1794 τοῖς

436 1818 535 1873 ἆπὸ
565 1825 653 1872 τοῦ
681 1822 917 1887 δαίμονος
948 1818 1156 1882 ἓαυτοῦς
1191 1826 1206 1856 ¹
1225 1826 1245 1856 3
1267 1818 1615 1884 ἐκδεδωκόσιν,
1656 1820 1885 1887 ἐμμανεῖς
1908 1839 1958 1870 τε
1984 1819 2071 1871 καὶ
2098 1815 2367 1888 ἀφραίνον-

432 1926 535 1968 τες,
573 1903 889 1975 γελοιοόμενοί
917 1926 991 1970 τε,
1044 1905 1258 1973 ἀσχέτως
1288 1907 1546 1975 φέρονται,
1597 1901 1816 1974 άθήραις
1843 1925 1894 1957 τε
1921 1904 2008 1956 καὶ
2038 1901 2366 1972 σεμιδάλεσιν,

436 1989 602 2053 ἄλλαις
632 2012 681 2044 τε
709 1995 1121 2059 βαναυσοποιΐαις
1149 1997 1346 2061 πρῶτον
1377 1991 1464 2058 μὲν
1493 1988 1581 2052 τάς
1610 1989 1756 2057 ὄψεις
1779 1993 2049 2058 χρίσαντες,
2102 1995 2169 2062 τῷ
2199 1990 2367 2057 λέβητι

445 2083 502 2114 ¹4
520 2075 896 2146 ἀνακαχλάζοντι
921 2075 974 2131 τὸ
1005 2076 1273 2146 πρόςωπον
1303 2083 1320 2114 ¹
1336 2083 1358 2114 ⁵
1376 2077 1626 2140 ἐνθέντες,
1667 2074 1766 2128 άπό
1793 2096 1844 2128 τε
1869 2081 1957 2128 τοῦ
1982 2073 2250 2146 προςώπου
2280 2078 2366 2142 δῆ-

437 2171 531 2216 θεν
563 2160 688 2233 ’ὑπὲρ
720 2162 983 2230 θαύματος
1015 2161 1276 2230 άπατηλῶς
1309 2161 1369 2214 τά
1410 2160 1580 2229 πλήθη
1622 2161 2039 2230 ἔξοιστρήσαντες,
2102 2166 2154 2197 ¹⁶
2173 2163 2366 2228 μεταδι-

431 2249 574 2303 δόασι
602 2255 660 2323 τῇ
689 2249 812 2319 χειρὶ
842 2246 941 2302 άπὸ
966 2254 1057 2302 τοῦ
1092 2247 1361 2318 προςοόπου
1402 2244 1772 2314 άπομαξάμενοι
1799 2245 1986 2319 ἑκάστῳ
2015 2252 2115 2300 τῶν
2144 2245 2371 2316 αἰτησάν-

430 2357 554 2401 των,
594 2337 662 2397 εἰς
699 2335 972 2403 μετάληψιν
1008 2332 1178 2403 ὑγείας
1213 2355 1262 2386 τε
1300 2335 1385 2386 καὶ
1424 2331 1577 2394 α’κους
1614 2330 1784 2385 πόνων
1821 2333 1992 2385 ἕνεκεν.

585 2504 685 2567 Τάς
710 2505 763 2558 δὲ
793 2508 1116 2573 Μεμφίτιδας
1143 2503 1568 2565 Ἡλιουπολίτιδας
1603 2501 1884 2573 1ὀργώσας,
1937 2502 2177 2576 τυμπάνῳ
2206 2525 2257 2557 τε
2283 2506 2370 2557 καὶ

435 2591 570 2662 αὐλῷ
595 2589 653 2644 τό
680 2592 954 2660 θέλγητρον
987 2593 1055 2652 εἷς
1083 2589 1261 2652 ἑαυτάς
1287 2588 1661 2657 λαμβανούσας,
1702 2591 1747 2642 εἰ
1770 2592 2119 2659 διηγησαίμην,
2173 2593 2368 2660 2Κορί-

431 2676 569 2738 τιδάς
596 2697 644 2728 τε
670 2677 752 2729 καὶ
798 2682 820 2712 ³
845 2679 1166 2745 Τριερίτιδας,
1217 2677 1302 2729 καὶ
1334 2680 1421 2743 τῆς
1452 2677 1533 2728 ἐπὶ
1564 2682 1652 2743 τῆς
1678 2677 1704 2711 4
1727 2678 1947 2737 Βαθείας
1974 2676 2059 2727 καὶ
2088 2676 2141 2728 ἕν
2165 2681 2368 2729 Μενου-

435 2765 656 2827 θίτιδος,
710 2763 802 2824 ἔξω
843 2765 1113 2829 βεβηκυίας
1159 2764 1296 2814 αἰδοῖ
1330 2782 1379 2813 τε
1408 2763 1492 2814 καὶ
1531 2760 1820 2814 καταστάσει
1856 2763 2137 2832 γυναικείᾳ,
2188 2759 2367 2822 πόσοις

433 2846 600 2917 ὄγκοις
647 2847 882 2918 γλώττης,
934 2845 969 2914 ἢ
1003 2846 1142 2920 πόσῳ
1187 2845 1356 2900 πλάτει
1402 2846 1672 2910 συντάξεως
1709 2844 1882 2899 ἑαυτὸν
1919 2843 2122 2907 ἐπιδοῦς
2162 2847 2243 2899 ἐπὶ
2280 2843 2366 2898 τόν

431 2934 803 3003 προειρημένων
851 2931 1071 3002 άριθμὸν
1117 2931 1204 2985 τόν
1244 2931 1526 3000 άμύθητον
1557 2931 1734 2985 ἑαυτὸν
1779 2933 2012 2985 ἐκδοῦναι
2060 2928 2363 2998 δυνήσομαις

431 3022 500 3071 Εἰ
527 3018 618 3089 γάρ
661 3020 745 3071 καὶ
779 3016 1001 3085 κάματον
1042 3016 1411 3088 ὑπερβάλλοντα
1448 3020 1516 3080 είς
1556 3016 1810 3086 5ἐμαυτὸν
1847 3014 2154 3084 άναδέξαιμι,
2204 3015 2363 3068 ἀτέλε-

490 3192 586 3232 CAP.
612 3192 689 3231 XI.
721 3215 776 3222 —
837 3191 874 3232 1.
906 3194 1027 3244 Vulyo
1059 3191 1227 3246 Χρόνῳ.

485 3249 523 3290 2.
559 3251 771 3290 Cornarius
792 3262 1033 3303 comamque
1051 3249 1369 3302 prolixissimam

428 3305 662 3347 nutrierunt
696 3309 970 3356 interpretatus
1011 3311 1075 3346 est.
1145 3309 1285 3346 Dubito
1320 3309 1367 3347 de

427 3365 615 3404 vocabulo
657 3358 871 3418 ὖπερτάτῃ
913 3375 1008 3403 num
1053 3366 1102 3403 sit
1140 3366 1367 3414 genuinum,

428 3423 496 3461 sed
531 3421 627 3470 quid
666 3431 851 3468 reponam
896 3422 985 3459 item
1029 3422 1197 3470 ambiyo.
1270 3422 1367 3461 Erat

428 3490 517 3517 cum
548 3471 784 3528 ὖπερμῆκει
813 3479 1035 3526 coyitarem.

485 3533 523 3574 3.
558 3526 606 3579 ὃς
633 3534 690 3572 ed.
726 3534 862 3573 Petav.
897 3535 1027 3573 Coton.
1056 3537 1170 3583 repet.

485 3586 524 3629 4.
565 3587 869 3638 παταλίζοντων
905 3592 989 3630 cod.
1030 3592 1107 3630 Ien.
1165 3590 1367 3631 πατταλι-

433 3644 583 3694 ζόντων
610 3647 722 3685 codd.
744 3647 920 3697 Rhedi9.‚
950 3649 1079 3686 Paris.
1125 3642 1366 3695 καταλιζόν·

427 3715 508 3742 των
532 3704 635 3741 editi.
678 3703 863 3752 Suspicor
884 3704 1162 3743 restituendum
1185 3715 1263 3743 esse
1289 3716 1367 3743 πα-

429 3755 702 3809 ταγιζόντων,
745 3771 817 3808 pro
845 3756 1154 3812 παταγούντων.
1215 3762 1368 3799 Corna-

429 3816 513 3855 rius
542 3818 652 3855 vertit
682 3814 858 3866 perticas
889 3815 1150 3868 gestantium.

1485 3192 1525 3233 5.
1560 3193 1816 3233 Scribendum
1854 3194 1950 3241 puto
1993 3185 2240 3243 ὄργιῶντων.
2300 3190 2361 3241 Cf.

1426 3261 1473 3290 ca
1505 3281 1514 3289 .
1542 3249 1604 3288 1⁴2.

1473 3263 1520 3347 Ῑέῐ.
1553 3300 1667 3353 ὅσοις
1694 3306 1779 3345 cod.
1805 3306 1884 3344 len.
1914 3308 1947 3343 et
1974 3304 2078 3343 editi.
2136 3291 2250 3344 οὗτοι
2276 3303 2359 3346 cod.

1424 3365 1554 3403 Paris.
1579 3367 1668 3402 teste
1690 3363 1864 3401 Petavio.
1920 3362 1965 3400 In
1993 3360 2076 3400 cod.
2104 3359 2266 3410 Rhediy.
2294 3371 2361 3399 ea-

1423 3421 1512 3459 dem
1550 3430 1693 3458 manus
1732 3429 1780 3457 ex
1811 3419 1981 3467 pristina
2018 3417 2211 3465 scriptura
2250 3405 2362 3458 οὗτοι

1422 3478 1544 3527 effecit
1572 3469 1699 3522 ὅσοις.

1480 3531 1518 3574 7.
1549 3533 1657 3571 Libri
1688 3532 1804 3580 vulyo
1835 3528 1997 3571 Βουτῶ.

1479 3587 1519 3630 8.
1551 3587 1835 3637 Corriyendum
1864 3588 2026 3637 fortasse
2054 3584 2104 3626 οἱ.

1479 3642 1518 3684 9.
1551 3642 1624 3686 καὶ
1658 3644 1839 3682 omissum
1874 3646 1916 3683 in
1943 3644 2030 3683 edit.
2059 3643 2193 3684 Pelav.
2224 3644 2355 3682 Colon.

1421 3707 1536 3753 repet.

1486 3759 1548 3798 10.
1580 3754 1740 3807 ἑτέραις
1782 3758 1866 3796 cod.
1905 3758 1980 3797 Ien.
2019 3759 2053 3795 et
2090 3757 2177 3796 edit.
2219 3757 2355 3797 Petav.

1424 3817 1473 3856 Et
1497 3817 1553 3854 ita
1586 3814 1660 3852 Ios.
1692 3814 1880 3864 Scaliqer.
1941 3810 2122 3866 ἑταίραις
2147 3814 2205 3853 ed.
2228 3813 2354 3864 princ.
