2508 4134
635 263 773 305 TOM1
804 261 1014 303 emotus
1045 260 1177 302 PARS
1207 258 1523 302 Pos'rssmon.
1913 242 2015 298 639

124 362 417 419 γεγεννημένος
441 358 502 405 οἷν.
527 376 566 404 κ.
594 356 700 416 οἱχρ.,
732 355 792 406 ὥς
817 353 934 411 άνὲῖρ.
965 358 1067 397 ven.
1100 380 1153 389 —
1210 357 1236 399 l.
1268 359 1327 398 10.
1362 357 1528 411 corrige
1552 356 1762 411 ἔνσαρκον.
1798 379 1841 386 -
1901 354 1930 397 l.
1955 352 2018 395 16.

126 432 287 480 ἑαυτοῖς
316 431 375 479 εἰς
404 428 512 474 κατὰ
540 431 641 471 ven.
671 452 722 460 —
781 427 808 468 l.
842 426 901 469 17.
926 425 1111 479 Χριστοῦ
1143 426 1216 469 καὶ
1246 427 1457 480 σωτῆρος,
1488 442 1523 470 τ.
1547 429 1649 468 Ven.
1681 450 1735 459 -
1793 424 1893 466 lbid.
1918 424 2019 466 Μα-

126 501 220 557 ρίᾳ,
246 500 427 554 Πνεῦμα
455 499 595 554 κυρίου
622 496 731 541 ἐπελ.
759 495 827 540 ἐπὶ
852 493 925 544 σὲ,
967 494 1040 537 καὶ
1067 493 1298 538 ἐπισκιάσει
1325 509 1387 538 σοι
1416 492 1503 539 δύν.
1532 491 1730 547 ὑψίστου·
1777 491 1867 538 εἶτα
1895 491 2020 547 μετέ-

125 585 260 623 πειτα,
289 566 361 612 Διὸ
394 570 492 609 Ven.
523 592 574 602 -
609 566 720 609 1.19.
749 568 797 607 In
825 566 927 616 Ven.
954 563 1076 604 verba
1104 563 1152 606 ἐκ
1179 567 1253 607 σοῦ
1283 565 1441 605 absunt.
1460 589 1513 597 -
1544 564 1652 606 1.2Ι.
1681 562 1898 619 γενόμενον
1922 562 2019 615 (sic)

127 638 200 682 καὶ
229 639 289 687 εἰς
316 635 460 680 ἑαυτὸν
487 631 822 690 άνοιπλασάμενον
846 630 923 687 τήν
954 631 1101 675 ἑαυτοῦ
1126 630 1435 687 ἐνανὲρώπησιν
1460 634 1520 682 εἰς
1544 632 1666 688 ημῶν
1695 632 1925 687 σωτηρίαν,
1955 645 2022 684 πρ.

127 706 199 752 Διὸ
227 723 267 751 κ.
295 722 332 750 τ.
360 703 609 761 γεννώμενον
633 699 703 759 ἅγ.
727 706 788 748 κλ.
814 700 904 751 υἱός
930 702 1030 745 θεοῦ
1061 704 1162 743 ven.
1193 725 1247 732 —
1303 703 1328 743 1.
1356 700 1422 744 24.
1457 700 1590 750 εἶπεν,
1617 717 1680 745 πν.
1712 698 1825 756 ἅγιον
1850 697 2023 743 ἐπελεύ-

129 792 246 821 σεται
273 775 342 835 ἐπὶ
371 775 440 826 σὲ,
471 770 609 818 οὐκέτι
635 770 720 817 υἱὸν
748 764 801 828 ἦν
830 768 900 827 ἠγ.
932 772 1032 812 Ven.
1051 802 1061 821 ,
1090 771 1148 811 ita
1178 780 1222 811 ut
1252 772 1375 812 verba
1404 769 1512 814 κατά
1539 769 1614 824 τὴν
1645 769 1953 825 ε’νανθρώπησιν
1983 785 2021 812 κ.

132 863 169 891 κ.
199 862 235 889 τ.
266 845 414 889 ἑαυτοῦ
446 841 534 889 εὖδ.
565 843 638 888 καὶ
666 840 719 888 δι’
748 836 801 896 ἣν
833 837 982 899 qimam,
1012 849 1056 881 et
1083 855 1173 881 voc.
1208 841 1333 890 θεοῦ,
1363 850 1459 894 post
1489 837 1629 883 οὐκέτι
1656 841 1763 893 υἱὸν,
1795 840 1941 881 absint.
1977 863 2025 871 -

125 920 155 960 1.
181 916 249 959 26.
278 930 429 970 παραγ.
477 910 582 957 ''E-rt
609 911 658 958 δὲ
684 906 744 956 ἄν.
778 910 887 954 ἐστιν
919 908 942 953 ὅ
974 908 1095 965 λόγος
1125 907 1257 952 affixo
1288 907 1310 953 ὁ
1339 906 1539 963 Ἰωάννης
1569 924 1666 965 σαφ.
1699 912 1800 950 Ven.
1832 933 1886 941 —
1941 909 1968 949 1.
2001 910 2026 950 5

127 987 179 1029 ab
206 986 280 1027 inf.
310 980 522 1039 ἅνῇρωπον
552 981 600 1027 δὲ
627 978 708 1026 άπὸ
739 981 798 1023 Μ.
828 983 927 1021 Ven.
958 1003 1015 1011 -—
1064 980 1097 1020 .1.
1127 980 1281 1034 penult.
1314 978 1627 1034 Προφασίζεται
1663 979 1710 1023 δὲ
1754 978 1872 1022 πάλιν
1908 980 2026 1026 Ven.‚

131 1057 172 1097 iu
202 1068 282 1111 quo
309 1054 432 1109 paulo
460 1061 555 1108 post
582 1051 696 1094 artic.
729 1048 752 1095 ὅ
767 1083 778 1104 ,
808 1059 904 1091 aute
926 1047 1160 1104 Ἱερεμίας,
1202 1063 1286 1091 non
1315 1048 1441 1102 magis
1475 1058 1685 1104 comparet
1713 1063 1833 1104 quam
1862 1047 1951 1091 ἐστι
1977 1048 2025 1101 (l.

134 1126 232 1180 ult.)
261 1131 357 1180 post
383 1118 612 1177 ἄνθρωπος.

240 1195 373 1250 Pag.
398 1195 523 1238 126.
578 1192 604 1232 l.
632 1191 666 1233 1.
698 1187 742 1240 ὁ,
786 1198 880 1245 post
916 1186 1047 1239 οἶδεν,
1093 1203 1173 1229 om.
1205 1189 1306 1229 Ven-
1354 1212 1400 1219 -
1471 1188 1498 1229 1.
1528 1189 1567 1230 2.
1611 1189 1795 1229 Restitue
1835 1202 1884 1228 ex
1927 1190 2028 1228 Ven.

131 1266 285 1319 ἑαυτῆς
311 1263 483 1317 δύναμιν
508 1261 587 1316 τῆς
620 1259 852 1317 ἑρμηνείας.
910 1261 988 1300 Pro
1025 1257 1242 1313 ἑρμηνείαν
1268 1258 1310 1298 in
1342 1259 1428 1298 Bas.
1457 1257 1664 1312 ἑρμηνίαν.
1694 1281 1751 1289 -
1807 1258 1834 1298 1.
1870 1258 1929 1300 11.
1960 1254 2029 1300 διὰ

129 1333 250 1390 οἱγίου
275 1335 379 1375 Ven.
407 1356 461 1365 —-
516 1332 544 1372 1.
574 1331 638 1374 16.
670 1327 692 1374 ό
721 1326 870 1380 αὐτὸς,
914 1328 1046 1384 φασὶ,
1086 1326 1206 1372 πάλιν
1237 1329 1336 1370 ven.
1367 1352 1421 1359 —
1479 1328 1503 1367 Ι.
1540 1328 1603 1371 17.
1641 1329 1770 1382 φησὶν
1810 1322 1875 1371 ’ὅτι
1913 1322 2028 1382 &viis

132 1407 257 1455 Ven.,
289 1404 358 1459 qui
387 1401 478 1445 ἐστὶ
501 1409 598 1456 post
623 1395 840 1454 ἄνθρωπος
863 1413 944 1439 non
976 1398 1172 1453 agnoscit.
1207 1422 1255 1428 —
1316 1397 1427 1438 ldem
1458 1397 1514 1438 ib.
1542 1395 1666 1440 εἰπών
1691 1393 1779 1447 ὅτι,
1800 1392 1947 1450 ”Αν5ρ.
1976 1421 2029 1429 -—

131 1476 159 1516 1.
195 1475 255 1516 18.
287 1472 360 1516 καὶ
394 1473 538 1526 ἴδομεν
562 1471 662 1513 ven.
694 1493 744 1501 —
816 1468 845 1508 1.
875 1467 937 1511 19.
969 1464 1073 1512 ἀλλὰ
1114 1463 1190 1511 οὐκ
1222 1469 1322 1509 Ven.
1354 1492 1406 1498 —
1477 1467 1504 1508 1.
1534 1469 1600 1509 20.
1633 1464 1708 1510 Ἐν
1745 1465 1916 1516 ταύταις
1952 1466 2030 1521 γὰρ

133 1544 289 1596 λέξεσιν
322 1543 394 1585 τοῦ
421 1538 602 1584 (Ησαίου
639 1535 772 1588 οὕτως
801 1535 910 1582 εἶπεν
941 1540 1043 1579 Ven.
1082 1562 1127 1570 —
1186 1538 1214 1578 1.
1240 1536 1308 1580 24.
1339 1533 1419 1580 άπὸ
1459 1533 1677 1591 άνῖρώπου
1706 1535 1737 1591 ἢ
1771 1534 1857 1591 ζωή
1889 1533 2029 1585 αὐτοῦ,

133 1611 239 1658 άλλά
264 1609 345 1656 άπὸ
388 1608 506 1665 οἷνξῖρ.
535 1612 665 1660 ven„
707 1609 746 1649 in
777 1623 859 1663 quo
883 1608 1010 1649 verbo
1046 1607 1257 1662 sequentia
1294 1606 1367 1650 καὶ
1404 1603 1481 1650 οῦκ
1508 1604 1643 1657 εἶπεν,
1688 1608 1854 1661 Αἴρεται
1881 1604 1911 1661 ἦ
1942 1605 2031 1659 ζωὴ

135 1679 262 1727 αὐτοῦ
290 1682 448 1722 desunt.
469 1704 516 1712 -—
545 1680 570 1720 1.
585 1680 653 1722 25.
681 1680 760 1730 ζῶν
788 1677 911 1728 ἐστιν,
943 1676 1136 1734 ὑπάρχων
1162 1692 1209 1720 τε
1235 1676 1307 1720 καὶ
1333 1675 1381 1721 τὸ
1414 1678 1486 1731 ζῆν
1515 1673 1587 1731 ἀφ’
1616 1676 1762 1720 ἑαυτοῦ
1790 1675 1894 1733 ἔχων
1915 1678 2030 1725 ven„

135 1753 204 1810 qui
241 1752 352 1793 idem
390 1751 513 1806 paulo
550 1757 645 1804 post
684 1744 930 1802 ἠγαπηκόσι
972 1762 1048 1802 pro
1080 1744 1286 1801 άγαπῶσι.
1319 1771 1370 1778 -
1426 1748 1454 1788 1.
1479 1747 1544 1789 26.
1579 1747 1745 1801 Corrige
1772 1744 1858 1800 ζωὴ
1889 1743 2033 1798 αὐτοῦ,

132 1837 211 1881 pro
240 1820 326 1877 ζωή
355 1816 470 1877 αὐτῷ
488 1851 500 1869 ,
530 1819 678 1874 legitur
707 1818 830 1858 etiam
859 1817 901 1857 in
932 1817 997 1857 ed.
1029 1819 1166 1858 Petav.
1196 1841 1245 1849 —
1303 1817 1331 1856 1.
1358 1817 1424 1860 27.
1458 1817 1551 1859 Ζῶν
1578 1814 1699 1871 λόγος
1722 1815 1794 1859 καὶ
1817 1816 1921 1860 πᾶσι
1948 1817 2034 1856 Ve-

132 1901 265 1934 netus.
295 1915 349 1928 -—
404 1890 433 1930 1.
460 1890 528 1932 31.
560 1903 637 1943 μου
666 1901 784 1942 φησι,
817 1887 889 1929 καὶ
922 1883 1009 1931 εἶδε
1039 1889 1139 1928 Ven.
1170 1910 1226 1920 -
1281 1887 1309 1928 1.
1340 1887 1495 1941 penult.
1527 1888 1672 1927 Venet.
1696 1886 1821 1927 habet
1851 1884 1929 1940 πρὸ
1962 1886 2033 1928 τοῦ

135 1959 281 2019 χρόνου
310 1957 382 2004 τοῦ
412 1955 573 2013 κόσμου
601 1955 680 2012 πρὸ
710 1954 861 2006 πάντος
895 1957 968 2000 καὶ
995 1957 1078 2000 τῶν
1105 1955 1344 2010 κτισμάτων
1372 1951 1542 2012 ἄχρονος
1571 1951 1642 2000 ὤν.
1699 1955 1770 1999 Διὸ
1800 1956 1873 1999 καὶ
1900 1953 2035 2011 οἶφρά-

139 2045 249 2080 στως
283 2028 607 2084 καταγγέλλεται
634 2028 737 2069 Ven.
772 2028 889 2068 Bene.
951 2027 1080 2068 Etiam
1111 2027 1219 2081 vulg.
1247 2025 1325 2081 πρὸ
1352 2027 1423 2070 τοῦ
1450 2041 1513 2082 χρ.
1541 2042 1575 2069 τ.
1603 2042 1654 2078 κ.,
1684 2024 1762 2081 πρὸ
1786 2028 1857 2069 τοῦ
1886 2024 2038 2074 παντὸς

137 2101 305 2143 retineri
333 2099 481 2155 potuit.

248 2173 381 2228 Pag.
401 2169 528 2213 128.
583 2167 611 2208 l.
643 2171 676 2208 1.
708 2162 788 2210 άπὸ
819 2167 899 2219 τῆς
932 2167 1012 2222 γῆς
1038 2169 1140 2208 Ven.
1176 2191 1221 2198 -
1283 2167 1310 2210 1.
1335 2168 1372 2210 2.
1405 2163 1520 2210 εἶπαν
1554 2169 1655 2208 Ven.
1687 2191 1737 2198 —-
1794 2167 1822 2207 1.
1849 2166 1889 2209 3.
1922 2163 2037 2210 εἶπαν

138 2244 242 2284 Ven.
273 2264 324 2272 —
381 2239 410 2279 1.
439 2236 477 2279 4.
509 2233 629 2281 αὐτοὶ
649 2232 720 2280 α’π.
747 2235 788 2279 ἐν
815 2234 962 2285 αὐταῖς
991 2242 1083 2285 ταῖς
1108 2238 1230 2291 (haec
1258 2238 1404 2278 vocula
1431 2237 1682 2278 restituenda
1710 2237 1752 2277 in
1778 2246 1918 2278 nostra
1947 2237 2038 2277 edi-

138 2313 279 2360 tione3
321 2309 438 2350 abest
478 2308 566 2349 sola
603 2307 654 2348 ab
697 2306 794 2347 edit.
822 2308 963 2348 Petav.
996 2307 1158 2357 Colon.)
1187 2307 1272 2361 Πρ.
1302 2309 1404 2349 Ven.
1437 2331 1493 2338 -
1548 2307 1575 2347 1.
1603 2304 1642 2348 6.
1672 2304 1788 2361 civim.
1818 2306 1867 2349 ἐκ
1894 2306 2039 2357 δεξιῶν

141 2381 279 2435 (deest
308 2379 490 2428 ἑστῶτα)
521 2379 624 2418 ven.
658 2401 708 2409 —
766 2377 795 2418 1.
825 2379 884 2420 10.
926 2372 992 2422 ὅτι
1033 2376 1206 2432 μεσίτην
1240 2377 1339 2421 θεοῦ
1367 2393 1408 2420 κ.
1448 2373 1563 2432 άνῖῖρ.
1606 2372 1821 2431 ἄνὲτρωπος
1856 2374 2041 2429 Χριστὸς

138 2445 309 2505 Ἰησοῦς
336 2450 439 2489 ven.
499 2446 611 2487 Idem
647 2447 752 2488 liber
788 2447 910 2502 paulo
947 2456 1043 2502 post
1068 2448 1159 2496 πῶς
1193 2444 1326 2490 πάλιν.
1357 2471 1409 2478 -
1466 2447 1495 2488 1.
1528 2447 1590 2489 12.
1620 2444 1839 2502 οἱγιοσύνην
1869 2449 1954 2488 Bas.
1986 2470 2041 2479 —

140 2521 245 2563 Ibid.
276 2521 420 2561 Venet.
460 2516 583 2572 paulo
623 2525 717 2571 post
755 2513 1024 2566 ἀναστάσεως
1061 2517 1215 2571 νεκρῶν
1251 2517 1324 2560 τοῦ
1362 2516 1502 2572 κυρίου
1533 2514 1656 2572 ημῶν
1693 2513 1836 2572 Ἰησοῦ
1863 2516 1942 2571 Χρ.
1986 2538 2040 2549 -

140 2591 171 2633 l.
194 2588 256 2632 16.
283 2584 336 2633 δι’
363 2580 411 2631 οὗ
434 2585 487 2630 τὰ
509 2583 641 2630 πάντα
667 2585 739 2629 καὶ
765 2583 818 2630 δι’
846 2581 890 2630 ἓν
915 2585 968 2630 τοὶ
992 2585 1126 2631 πάντα
1151 2586 1223 2630 καὶ
1249 2584 1376 2640 ἦμεῖς
1404 2586 1463 2636 εἰς
1488 2584 1629 2642 αὐτὸν,
1659 2584 1735 2631 οῦκ
1756 2579 1837 2641 άρα
1862 2588 1967 2629 ven.
1991 2610 2041 2619 —

141 2661 172 2702 1.
206 2659 271 2702 19.
298 2656 351 2702 τὰ
378 2655 513 2701 πάντα
537 2652 590 2700 δι’
629 2652 755 2699 αὐτοῦ
783 2651 853 2711 τίδ.
894 2654 1021 2707 εἶναι,
1065 2656 1118 2701 τοὶ
1143 2655 1221 2712 πρὸ
1250 2653 1377 2700 αὐτοῦ
1407 2659 1510 2698 ven.
1539 2681 1593 2689 —-
1648 2657 1675 2698 1.
1702 2658 1768 2700 21.
1799 2656 1989 2708 ἐξέπεσεν
2012 2652 2042 2709 τί

76 2781 80 2785 .
142 2728 287 2774 τούτου
313 2727 500 2783 ληρωδία
524 2728 624 2767 Ven.
657 2750 707 2757 —-
765 2725 793 2767 l.
818 2725 888 2768 23.
916 2741 962 2770 τε
987 2728 1200 2782 particula,
1231 2735 1325 2782 post
1350 2722 1439 2781 ἅμα
1462 2725 1552 2783 τὴν,
1584 2741 1665 2768 om.
1693 2729 1797 2768 Ven.
1830 2750 1882 2757 —
1922 2726 1950 2769 1.
1974 2726 2043 2767 25.

146 2799 407 2850 σκαλίζοντος
436 2799 537 2837 Ven.
571 2819 621 2827 —
678 2796 707 2836 1.
732 2797 799 2838 25.
833 2796 971 2840 πίστει
997 2794 1270 2851 πεποιηκότες
1300 2799 1402 2839 Ven.
1444 2794 1672 2845 πεπεκότες
1702 2799 1787 2838 Bas.
1832 2798 1930 2837 Mox
1954 2793 2042 2845 τὰς,

143 2879 239 2911 ante
263 2867 375 2922 ἑξῆς,
408 2881 486 2908 om.
514 2868 632 2916 νοω,
662 2874 704 2906 et
729 2880 806 2920 pro
832 2864 1180 2922 διασκοπήσωμεν
1207 2869 1295 2907 Bas.
1319 2867 1444 2907 habet
1469 2864 1817 2922 διασκοπῆσομεν.
1846 2889 1899 2899 -
1941 2866 2043 2906 Sub-

144 2939 314 2994 scriptio
342 2938 384 2978 in
417 2938 518 2977 Ven.
550 2944 612 2976 est
652 2933 775 2979 Κατὰ
802 2936 1078 2980 Θεοδοτιανῶν
1120 2933 1179 2980 λδ’
1209 2933 1237 2992 ἦ
1270 2936 1342 2980 καὶ
1366 2927 1455 2979 ΝἚ.
1486 2960 1541 2968 -
1597 2937 1624 2978 l.
1651 2938 1688 2979 5.
1717 2937 1768 2978 ab
1795 2936 1869 2977 inf.
1911 2931 1942 2990 ἦ
1972 2936 2044 2979 καὶ

145 3011 342 3053 Venetus.

258 3080 390 3135 Pag,
413 3078 537 3121 130.
595 3076 620 3116 1.
651 3076 685 3116 1.
718 3074 900 3128 Χριστοῦ
925 3075 979 3130 τῇ
1008 3075 1162 3120 ἑαυτῶν
1186 3076 1322 3133 πλάνῃ
1348 3075 1573 3132 φάσκουσι,
1601 3076 1782 3132 Χριστὸν
1810 3076 2046 3131 διηγοῦνται

146 3150 252 3191 Ven.
310 3146 434 3198 Quod
460 3146 493 3186 si
518 3145 770 3193 restitueris,
814 3145 1007 3185 retinebis
1042 3147 1166 3187 etiam
1193 3147 1264 3190 καὶ
1290 3145 1350 3196 ὥς
1375 3149 1416 3188 in
1444 3149 1715 3202 praegressis,
1758 3163 1833 3202 pro
1861 3162 1940 3202 quo
1971 3162 2045 3188 nos

148 3217 306 3267 καθώς.
336 3241 391 3249 -
447 3216 474 3258 l.
502 3216 542 3258 3.
573 3212 634 3266 εἷ,
665 3224 759 3270 post
789 3212 855 3256 Σὺ
873 3247 885 3264 ,
930 3229 1009 3256 orn.
1037 3217 1138 3258 Ven.
1168 3241 1223 3249 —-
1279 3217 1305 3257 1.
1332 3216 1369 3260 4.
1403 3214 1528 3261 αὐτόν
1569 3231 1696 3272 φησιν
1737 3214 2045 3271 ὑποδεέστερον,

151 3288 301 3329 omisso
333 3286 419 3341 ἔτι,
451 3288 553 3327 Ven.
591 3308 638 3315 -
699 3285 726 3326 1.
753 3286 791 3326 5.
820 3284 899 3327 τινὶ
924 3285 1134 3342 εἰςαγωγῇ
1165 3289 1267 3329 ven.
1299 3311 1349 3318 —
1407 3287 1436 3328 l.
1463 3288 1503 3331 7.
1533 3282 1716 3341 άπάτορ,
1758 3282 1919 3342 άμητορ
1946 3287 2045 3340 (sic)

149 3360 254 3400 Ven.
287 3381 338 3388 —
396 3357 424 3397 1.
454 3357 492 3399 8.
533 3358 603 3398 τοῦ
651 3353 769 3409 ἁγίου
800 3353 973 3398 Παύλου
1003 3358 1106 3398 Ven.
1165 3356 1278 3396 Idem
1314 3357 1419 3397 liber
1450 3357 1548 3397 ibid.
1590 3354 1837 3399 Πλάσσουσι
1865 3355 1913 3401 δὲ
1937 3355 2048 3399 ἓαυτ.

151 3427 225 3471 καὶ
251 3427 415 3484 βίβλους
443 3424 718 3473 ἐπιπλάστως.
753 3448 797 3455 -
843 3425 868 3465 1.
901 3427 960 3467 12.
991 3424 1274 3468 καὲίστασῧαι
1302 3425 1370 3469 τὸν
1397 3423 1533 3480 κύριον
1559 3426 1674 3480 ἱερέα
1699 3429 1809 3481 διηγ.
1837 3429 1934 3468 ven.
1968 3429 2046 3468 De-

152 3505 246 3538 sunt
281 3497 405 3551 igitur
443 3497 568 3538 verba
595 3494 636 3538 έν
663 3489 802 3551 ταύτῷ
835 3493 1005 3537 ἔσεσθαι
1030 3492 1100 3538 τὸν
1130 3494 1325 3550 Χριστὸν.
1356 3519 1408 3527 --
1466 3495 1493 3535 l.
1526 3496 1588 3537 15.
1615 3496 1690 3552 τῷ,
1722 3505 1819 3551 post
1842 3494 2047 3553 τυγχάνει,

156 3581 235 3609 om.
267 3569 372 3608 Ven.
400 3590 452 3598 —
509 3566 536 3606 1.
566 3566 626 3609 17.
657 3561 829 3619 άπάτορ,
860 3560 1023 3619 άμητορ
1055 3565 1180 3620 (sicut
1204 3565 1346 3620 supra)
1374 3567 1474 3607 Ven.
1531 3566 1644 3606 Idem
1671 3566 1775 3608 liber
1801 3568 1924 3622 paulo
1955 3577 2049 3623 post

154 3637 312 3692 plenius
342 3630 373 3690 ἦ
400 3635 561 3691 μητέρα
586 3635 775 3690 λέγεται,
817 3631 922 3677 ἀλλὰ
949 3637 1034 3677 κτλ.
1064 3658 1114 3666 -
1172 3635 1200 3676 l.
1227 3636 1292 3676 20.
1324 3634 1365 3678 ἐν
1403 3635 1457 3691 τῇ
1485 3635 1631 3692 Πέτρᾳ
1654 3637 1732 3691 τῆς
1768 3633 1969 3694 Ἀραβίας
1993 3641 2046 3695 τῇ

158 3707 331 3763 ῥοκομτο
360 3706 456 3760 (sic)
485 3706 558 3749 καὶ
596 3703 750 3759 Ἐδώμ
788 3706 889 3747 ven.
945 3707 991 3745 In
1022 3707 1111 3746 Bas.
1140 3705 1290 3759 legitur
1316 3704 1356 3748 ἐν
1382 3707 1436 3762 τῇ
1466 3702 1644 3763 Ἀραβίᾳ
1672 3707 1726 3763 τῇ
1763 3708 1942 3763 πετρέων
1969 3710 2049 3764 ῥω-

157 3777 257 3833 κώμ
278 3790 325 3820 τε
349 3775 422 3820 καὶ
444 3775 563 3821 ἐδώι
595 3800 645 3810 -
702 3775 806 3818 Ibid.
836 3772 905 3819 τὸν
932 3775 1124 3818 Μωῦσέα
1148 3773 1218 3821 διὰ
1241 3773 1292 3820 τὰ
1335 3775 1392 3833 (in
1420 3784 1560 3819 nostra
1587 3777 1686 3818 edit.
1715 3792 1870 3834 repone
1898 3794 2048 3823 accen-
