2508 4134
246 1491 331 1529 pag.
354 1480 428 1518 ⁹14.

469 247 568 299 192
1177 257 1385 299 SANGTI
1414 258 1695 300 EPIPHANH

460 351 813 422 Ἀλεξανδρέων
837 356 1033 419 παῖδες,
1067 351 1300 422 ’Ἕλληνες
1330 355 1384 408 δὲ
1408 354 1638 423 μάλιστα,
1692 360 1716 391 ⁵
1735 359 1879 408 τοῦτο
1911 352 2064 409 αὐτόν
2092 356 2315 411 διέθεντο
2341 356 2396 412 τό

462 440 609 499 τέλος.
681 435 817 505 Ἐμοὶ
850 438 902 491 δὲ
931 439 1101 508 γέγονε
1129 438 1382 510 πρόφασις
1410 444 1521 510 περὶ
1551 439 1731 511 τούτου
1761 441 1940 510 λέγειν,
1980 437 2048 503 ῶς
2078 443 2399 511 ἔνηχηθέντες

462 521 551 590 τήν
577 528 666 576 τοῦ
700 528 1044 577 Κωνσταντίου
1083 524 1307 594 τελευτὴν
1344 526 1502 590 εὐθύς
1529 525 1689 589 οὕτως
1717 524 1868 579 αὐτόν
1898 526 2157 581 ἀπώλεσαν
2184 530 2235 581 οἱ
2256 526 2397 582 αὐτοὶ

459 607 814 679 Ἀλεξανδρεῖς,
853 607 914 662 δι’
940 607 1084 663 οὐδὲν
1107 611 1270 682 ἕτερον
1301 610 1372 680 δή
1402 614 1513 684 περὶ
1539 611 1717 666 τούτου
1745 634 1828 680 μοι
1853 614 2104 683 γεγένηται
2133 610 2392 680 ὑπόθεσις,

461 691 577 747 omo}
615 692 698 748 διά
738 692 825 748 τόν
859 692 1042 749 Ἀέτιον
1077 694 1165 750 τόν
1199 694 1283 750 ’ὑπ’
1322 695 1475 752 αὐτοῦ
1509 699 1879 757 κατασταθέντα
1916 696 2164 752 διάκονον.

603 858 764 929 Οῦτος
808 863 838 919 o‘
865 864 1049 930 Ἀέτιος
1095 870 1213 922 1καὶ
1253 867 1379 922 κατδι
1420 867 1508 922 τόν
1546 868 1785 937 κοσμικόν
1815 868 1960 940 λόγον
2000 868 2296 933 ἀπαίδευτος
2331 863 2395 939 ἦν

455 954 548 1015 ἕως
577 958 664 1020 τῆς
688 955 867 1015 τελείας
894 951 1049 1007 αὐτοῦ
1074 951 1289 1022 ἡλικίας,
1331 952 1399 1016 ῶς
1433 951 1462 1007 ὁ
1486 953 1643 1024 λόγος.
1714 953 2052 1023 Ἐπενόησείδὲ
2079 953 2278 1024 ὖποβοὶς
2307 957 2393 1009 καὶ

455 1039 694 1107 σχολάσας
723 1039 774 1092 έν
797 1027 1131 1112 Ἀλεξαῦδρείᾳ
1158 1037 1521 1113 Ἀριστοτελικῷ
1549 1039 1808 1114 φιλοσόφῳ
1837 1042 1920 1094 καὶ
1947 1047 2183 1116 σοφιστῇ,
2219 1042 2303 1094 καὶ
2331 1039 2392 1094 τοὶ

455 1130 541 1192 τῆς
569 1127 875 1193 διαλεκτικῆς
906 1128 1064 1192 δῆθεν
1101 1127 1302 1179 ἐκείνων
1345 1123 1552 1194 μαθών,
1607 1123 1753 1179 οὐδὲν
1785 1128 1951 1197 ἕτερον
1990 1125 2116 1195 πλὴν
2153 1145 2392 1196 σχηματο-

454 1218 614 1265 ποιεῖν
643 1209 733 1278 τήν
755 1211 866 1280 περὶ
893 1216 982 1264 τοῦ
1007 1217 1134 1264 θεοῦ
1164 1211 1314 1281 λόγου
1351 1211 1607 1265 ἀπόδοσιν.
1683 1215 2006 1283 Σχολαίτερον
2048 1215 2276 1283 ἐπεχείρει
2307 1210 2388 1283 ὄρ-

451 1300 637 1364 θρίζων
677 1293 783 1364 ἅμα
811 1297 894 1349 καὶ
927 1298 1184 1365 ἐνδελεχῶς
1212 1293 1323 1367 άχρι
1347 1298 1555 1367 ἑσπέρας
1585 1298 1653 1359 εἰς
1679 1303 1824 1350 τοῦτο
1852 1297 2208 1365 καθεζόμενος,
2259 1299 2386 1366 φημὶ

453 1383 506 1435 δὲ
539 1384 607 1444 εἰς
634 1380 688 1435 τό
719 1380 803 1434 διά
842 1386 1133 1452 γεωμετρίας
1173 1382 1304 1445 τινός
1332 1384 1414 1435 καὶ
1447 1381 1530 1435 διά
1565 1381 1824 1451 σχημάτων
1860 1384 1971 1453 περὶ
1999 1388 2126 1436 θεοῦ
2160 1384 2313 1453 λέγειν
2339 1403 2389 1436 τε

451 1469 535 1522 καὶ
581 1465 782 1538 ὁρίζειν,
839 1466 1089 1521 διδάσκων
1133 1489 1182 1521 τε
1223 1470 1307 1521 καὶ
1344 1474 1506 1521 τελῶν.
1588 1465 1684 1521 Οἷα
1722 1469 1775 1521 δὲ
1803 1467 2058 1539 Ἀρειανός
2086 1466 2387 1536 βαθύτατος,

453 1556 538 1608 καὶ
565 1551 654 1623 τήν
680 1551 872 1623 Ἀρείου
913 1555 1036 1622 ἔχων
1068 1553 1292 1622 μανιώδη
1323 1557 1666 1620 διδασκαλίαν,
1715 1555 2070 1624 περισσοτέρως
2099 1576 2172 1617 τις
2195 1552 2388 1623 λυμεῶν

451 1642 619 1712 γέγονε
656 1638 850 1701 τούτοις
882 1638 1297 1710 κατατριβόμενος
1337 1641 1422 1693 καὶ
1454 1638 1578 1693 κατά
1610 1646 1697 1693 τοῦ
1730 1642 1845 1693 υἱοῦ
1869 1645 1961 1693 τοῦ
1988 1645 2115 1693 θεοῦ
2145 1641 2231 1693 καὶ
2261 1637 2383 1694 κατὰ

448 1732 537 1781 τοῦ
575 1724 720 1797 άγίου
758 1723 1061 1793 πνεύματος,
1107 1724 1197 1794 τὴν
1231 1730 1454 1796 γλῶσσαν
1490 1723 1643 1779 αὐτοῦ
1673 1723 1794 1779 καθ’
1819 1723 2030 1794 ἑκάστην
2058 1722 2248 1796 ἡμέραν
2277 1723 2387 1790 ὄξύ-

447 1835 551 1876 νας.
629 1805 791 1874 Οὗτος
819 1812 872 1865 δὲ
901 1819 1239 1882 κατηγορεῖται
1266 1809 1366 1865 ὖπό
1394 1834 1545 1866 τινων
1570 1813 1653 1864 καὶ
1684 1817 1753 1883 τῷ
1779 1808 1912 1884 αὐτῷ
1943 1814 2266 1884 Κωνσταντίῳ
2296 1814 2381 1881 δη-

449 1905 641 1963 λοῦται,
695 1899 780 1951 καὶ
808 1894 1069 1964 ’ὑφίσταται
1107 1900 1298 1968 ἐξορίαν
1329 1899 1382 1951 ἐν
1411 1905 1515 1960 τοῖς
1541 1903 1630 1950 τοῦ
1668 1895 1866 1968 Ταύρου
1894 1897 2108 1967 μέρεσιν·
2159 1898 2211 1951 έν
2238 1889 2279 1970 ᾧ
2306 1897 2384 1950 τό-

450 2007 528 2058 πῳ
562 1983 721 2037 πάντα
749 1980 810 2037 τά
840 1990 928 2052 τῆς
957 1982 1113 2037 αὐτοῦ
1152 1986 1595 2045 κακοδιδασκαλίας
1633 1982 1869 2036 ἐπλάτυνε
1905 1985 1991 2036 καὶ
2030 1982 2286 2054 ἐφώρασεν
2313 1984 2382 2046 εἷς

450 2072 600 2139 μέσον
628 2070 796 2139 φέρων
835 2068 953 2138 μετά
987 2073 1289 2139 παρρησίας,
1342 2067 1790 2140 2ἀποτριψάμενος
1823 2065 1876 2122 τό
1909 2069 2135 2136 μέτωπον
2162 2070 2215 2122 ἐν
2244 2065 2378 2122 εἶναι.

450 2159 648 2228 σχυντίᾳ
674 2157 1014 2228 περιττοτέρᾳ,
1052 2154 1139 2218 τάς
1168 2156 1403 2223 ἐξεμέσεις
1427 2161 1514 2223 τῆς
1540 2152 1694 2208 αὐτοῦ
1722 2156 2162 2216 κακοδιδασκαλίας
2189 2151 2376 2224 άπαρα-

447 2247 651 2304 λείπτως
674 2239 936 2305 ὑπέδειξεν.
1005 2238 1269 2308 Ἐτόλμησε
1298 2237 1390 2311 γάρ
1431 2243 1585 2293 εἰπεῖν
1623 2238 1861 2308 άνόμοιον
1885 2238 1973 2293 τόν
1997 2237 2110 2293 υἱόν
2133 2245 2202 2312 τῷ
2227 2240 2378 2310 πατρὶ

448 2325 709 2397 ὑπάρχειν,
764 2328 848 2380 καὶ
884 2324 945 2380 οὐ
981 2324 1161 2379 ταύτόν
1202 2324 1327 2379 εἶναι
1370 2332 1428 2400 τῇ
1474 2325 1673 2394 θεότητι
1714 2324 1841 2395 πρός
1876 2324 1963 2380 τόν
1998 2327 2198 2396 πατέρα.
2274 2326 2377 2378 Καὶ

449 2411 556 2468 οὐδ’
597 2411 673 2466 ὅτι
709 2409 848 2480 ἡμεῖς
885 2417 953 2485 τῷ
986 2409 1258 2480 ὁμοιώματι
1289 2411 1656 2482 έπερειδόμεθα.
1728 2409 1874 2482 Ὑπὲρ
1907 2409 2000 2482 γάρ
2028 2410 2116 2480 τήν
2142 2408 2379 2479 ὁμοίωσιν

446 2502 651 2566 οἴδαμεν
682 2496 770 2551 τόν
801 2496 913 2551 υἱόν
944 2496 1070 2569 πρός
1097 2496 1183 2551 τόν
1222 2499 1433 2568 πατέρα,
1488 2495 1556 2560 ώς
1582 2495 1765 2551 ταύτόν
1798 2504 1857 2571 τῇ
1889 2495 2092 2565 θεότητι
2131 2497 2213 2550 καὶ
2249 2498 2376 2565 ἴσον,

444 2585 529 2638 καὶ
559 2580 664 2636 οὐδ’
704 2582 827 2646 ’ὅλως
857 2582 1196 2651 ἠλλοιωμένον.
1254 2581 1397 2637 ’Ἐστι
1425 2581 1518 2653 γάρ
1552 2581 1705 2636 πολλοὶ
1747 2578 2117 2650 άφωμοιωμένα
2152 2587 2222 2654 τῷ
2251 2586 2375 2654 θεῷ,

445 2666 546 2723 ἀλλ’
584 2668 645 2721 οὗ
670 2667 879 2735 ταύτόν,
917 2671 1000 2722 ἰ’σα
1027 2666 1311 2739 ὑπάρχοντα
1338 2673 1397 2743 τῇ
1421 2668 1646 2737 θεότητι,
1697 2666 1766 2731 ώς
1803 2671 1886 2722 καὶ
1916 2666 1946 2722 ὅ
1975 2665 2245 2737 ἅνθρωπος
2271 2664 2376 2738 κατ’

445 2754 611 2809 εἰκόνα
652 2756 736 2808 καὶ
776 2752 894 2807 καθ’
933 2754 1188 2823 ὁμοίωσιν,
1244 2753 1343 2807 ἀλλ’
1383 2755 1443 2808 οὐ
1482 2755 1667 2809 ταύτόν
1715 2760 1783 2828 τῷ
1832 2759 1939 2827 θεῷ
1986 2751 2112 2822 πρός
2161 2752 2374 2823 ἰσότητα.

446 2842 549 2894 Καὶ
580 2838 726 2909 ὁμοία
753 2837 787 2908 ἦ
816 2843 1035 2909 βασιλεία
1064 2847 1161 2894 τῶν
1191 2838 1419 2911 οὐρανῶν
1449 2840 1616 2913 κόκκῳ
1659 2838 1932 2904 σινάπεως,
1984 2836 2080 2891 ἄλλ’
2106 2837 2168 2891 οὗ
2194 2836 2376 2892 ταύτόν

388 2962 390 2964 ·
444 2933 504 3001 τῇ
534 2929 780 3000 βασιλεία,
831 2924 938 2980 οὐδ’
967 2925 1091 2988 ὅλως
1117 2927 1316 2995 μετέχον
1346 2949 1391 2980 τι
1419 2932 1509 2995 τῆς
1539 2926 1696 2994 αὐτῆς
1720 2928 1804 2980 καὶ
1833 2923 2006 2993 ὁμοίας
2032 2923 2197 2991 ζύμης.
2272 2925 2373 2977 Καὶ

446 3011 594 3079 ὁμοία
632 3013 751 3066 δέκα
783 3014 1080 3082 παρθένοις,
1138 3014 1221 3065 καὶ
1251 3011 1395 3081 άνδρὶ
1439 3010 1792 3086 οἰκοδεσπότῃ,
1850 3008 1916 3073 ὥς
1952 3007 2078 3078 πρός
2119 3006 2372 3076 ὁμοίωσιν,

445 3096 542 3151 ἄλλ’
580 3097 639 3151 οὗ
680 3096 804 3151 κατά
831 3096 1115 3166 ταυτότητα.
1197 3104 1298 3151 Τοῦ
1339 3098 1391 3151 δὲ
1429 3101 1544 3152 υἱοῦ
1580 3096 1756 3166 ὁμοίου
1789 3094 1930 3157 ὄντος
1963 3100 2031 3167 τῷ
2060 3096 2236 3166 πατρὶ,
2285 3097 2372 3148 καὶ

444 3182 774 3253 ὗπερομοίου,
825 3181 906 3237 διά
937 3181 990 3236 τό
1024 3181 1205 3236 ταύτόν
1242 3181 1365 3237 εἶναι
1404 3182 1530 3253 πρός
1560 3182 1644 3237 τόν
1675 3183 1882 3251 πατέρα,
1934 3181 2016 3233 καὶ
2058 3182 2166 3233 ἴσον
2203 3182 2369 3249 πατρὶ,

444 3269 506 3324 οὗ
534 3267 586 3323 τό
617 3268 791 3337 ὅμοιον
819 3274 1051 3322 συνιστᾶν
1078 3266 1198 3337 ἡμῖν
1235 3268 1389 3338 μόνον
1419 3269 1633 3337 ἐπιμελὲς
1660 3269 2054 3334 πεφιλοτίμηται,
2109 3262 2225 3318 ἄλλα
2254 3264 2368 3318 ταῦ-

443 3353 530 3409 τόν
558 3357 641 3408 καὶ
665 3358 801 3418 ἴσον,
841 3352 908 3417 ῶς
933 3352 1056 3408 θεόν
1083 3356 1136 3408 ἐκ
1163 3360 1317 3420 θεοῦ,
1355 3356 1439 3408 καὶ
1464 3352 1575 3408 υἱόν
1603 3355 1659 3408 έκ
1687 3351 1894 3423 πατρός,
1932 3352 2017 3403 καὶ
2045 3349 2139 3403 οὐκ
2170 3349 2369 3405 ἀλλοῖον

440 3446 527 3508 τῆς
551 3439 750 3506 οὐσίας,
789 3437 884 3493 ἀλλ’
910 3442 960 3504 ἐξ
988 3438 1140 3493 αὐτοῦ
1172 3441 1530 3511 γεγεννημένον.
1611 3437 1752 3491 Οὕτω
1776 3438 1860 3490 καὶ
1886 3437 1999 3506 περὶ
2034 3441 2122 3489 τοῦ
2147 3438 2195 3500 ἐξ
2223 3433 2365 3507 ἁγίου

443 3524 731 3593 πνεύματος.
815 3526 985 3600 Τούτῳ
1012 3527 1065 3580 δὲ
1092 3532 1161 3599 τῷ
1181 3525 1390 3598 γεννάδα
1411 3522 1575 3597 Ἀετίῳ
1602 3523 1720 3577 οὐδὲ
1745 3520 1799 3575 τό
1828 3521 2005 3589 ὅμοιον
2028 3520 2155 3593 πρός
2180 3523 2366 3592 πατέρα

499 3641 536 3682 5.
569 3642 745 3683 Fortasse
771 3636 880 3685 οὕτω
905 3645 964 3684 vel
988 3638 1139 3698 τούτῳ.
1186 3644 1244 3695 Cf.
1269 3643 1376 3683 haer.
1488 3639 1527 3683 6.
1571 3641 1694 3680 Verba
1730 3634 1761 3692 ἦ
1800 3635 1895 3690 περὶ
1936 3651 1971 3679 τ.
2005 3652 2046 3691 μ.
2086 3653 2123 3693 γ.
2163 3635 2366 3687 ὖπόῧεσις

443 3695 527 3748 58,
570 3700 604 3739 l·
645 3695 842 3748 πολλάκις
881 3699 956 3742 καὶ
990 3696 1129 3751 ξένους
1164 3723 1218 3732 -
1242 3696 1378 3755 ταύτῃ
1434 3699 1586 3739 uncinis
1612 3697 1767 3736 inclusit
1792 3696 1987 3736 Petavius.

440 3751 628 3799 διέθεντο
655 3753 710 3811 τῇ
740 3756 947 3812 διαγωγῇ.
1488 3753 1582 3794 Cu.
1608 3753 1657 3792 ll.
1690 3774 1738 3781 —
1805 3751 1838 3793 1.
1869 3749 1943 3793 καὶ
1979 3749 2088 3795 κατὰ
2116 3752 2228 3794 codd.
2271 3764 2361 3794 mss.

1429 3815 1595 3861 uterque.
1655 3804 1678 3851 ὁ
1710 3804 1818 3852 κατὰ
1848 3809 1953 3849 editi.
