2508 4134
261 842 349 878 pag.
367 832 441 870 126.

267 2493 351 2530 pag.
375 2483 448 2519 1²7.

856 817 994 866 ΤΟΥ
1026 817 1137 865 ΕΝ
1165 818 1413 866 ΑΓΙΟΙΣ
1446 816 1737 865 ΠΑΤΡΟΣ
1771 815 2008 865 ΗΜΩΝ

1040 940 1805 1016 ΕΠΙΦΑΝΙΟΤ

819 1119 2041 1177 ΑΝΑΚΕΦΑΑΑΙΩΣΙΣ.

598 1437 894 1509 Ἐπειδήπερ
923 1440 1151 1507 μέλλομεν
1191 1437 1309 1507 ύμῖν
1348 1437 1408 1491 τά
1447 1460 1498 1492 τε
1541 1437 1761 1508 ὀνόματα
1797 1445 1896 1493 τῶν
1928 1440 2164 1510 αἱρέσεων
2200 1441 2398 1508 δηλοῦν,

464 1522 556 1587 τοὶς
584 1545 633 1577 τε
671 1523 785 1596 παρ’
817 1522 987 1586 αὐτοῖς
1015 1522 1283 1592 ἀθεμίτους
1322 1523 1523 1594 πράξεις
1562 1523 1949 1591 ἀνακαλύπτειν,
1988 1523 2148 1596 ὥςπερ
2179 1522 2287 1587 ἰοῦς
2315 1525 2400 1578 καὶ

467 1608 734 1680 δηλητήρια
764 1609 906 1676 ὅντα,
946 1608 1036 1663 σύν
1060 1608 1230 1673 αὐτοῖς
1257 1611 1309 1664 δὲ
1339 1609 1440 1678 ἅμα
1467 1611 1551 1664 καὶ
1579 1610 1865 1674 ἆντιδότους
1892 1610 2196 1681 ἐφαρμόσαι,
2236 1599 2400 1678 ἀλεξη-

467 1702 667 1766 τηρίους
690 1697 777 1765 ’μὲν
807 1701 907 1749 τῶν
936 1697 1266 1767 δεδηγμένων,
1307 1695 1799 1767 προκαταληπτικούς
1828 1697 1882 1750 δὲ
1906 1702 2006 1750 τῶν
2031 1694 2302 1765 μελλόντων
2333 1697 2402 1758 εἷς

467 1789 612 1838 τοῦτο
640 1785 914 1851 ἐμπίπτειν,
957 1781 1217 1853 Πανάριον
1251 1780 1373 1853 ιγάρ
1403 1805 1464 1848 τι,
1491 1780 1649 1853 ἤγουν
1674 1781 1908 1851 κιβώτιον
1934 1780 2153 1853 ἰατρικόν
2179 1788 2277 1836 τῶν
2307 1790 2401 1850 θη-

469 1867 744 1939 ριοδήκτων
768 1866 1142 1938 ἕρμηνεύσομεν,
1183 1867 1259 1921 ὅτι
1278 1869 1369 1939 πέρ
1398 1870 1498 1922 ἔστί
1521 1891 1567 1921 τι
1597 1871 1788 1937 βιβλίον
1815 1866 1899 1921 διὰ
1931 1874 2077 1939 τριῶν
2103 1868 2400 1939 συγγραφὲν,

467 1957 580 2023 ἕχον
603 1956 809 2026 αἱρέσεις
832 1953 1155 2024 ὀγδοήκοντα,
1194 1956 1375 2017 αἵτινες
1399 1956 1468 2017 εἰς
1493 1957 1690 2024 θηρίων
1716 1953 1750 2021 ἢ
1774 1955 1990 2024 ἑρπετῶν
2011 1952 2274 2024 αἰνίγματά
2296 1955 2401 2006 εἰσι.

469 2043 585 2094 Μία
609 2041 661 2093 δὲ
686 2038 805 2108 μετὰ
831 2037 920 2102 τοὶς
943 2037 1248 2109 ὀγδοήκοντα
1272 2037 1306 2108 ἦ
1328 2046 1416 2108 τῆς
1446 2035 1684 2108 ἀληθείας
1707 2038 1852 2108 βάσις
1878 2038 1980 2107 ἅμα
2002 2041 2085 2092 καὶ
2114 2041 2403 2093 διδασκαλία

472 2125 755 2196 2σωτήριος
781 2129 1112 2196 πραγματεία,
1150 2127 1232 2178 καὶ
1268 2131 1488 2196 Χριστοῦ
1520 2124 1692 2193 νύμφη
1720 2123 1836 2195 ἁγία
1868 2127 2118 2192 ἐκκλησία,
2157 2117 2283 2177 οῦσα
2316 2123 2403 2192 μὲν

469 2211 551 2266 ἀπ’
578 2214 777 2279 αἰῶνος,
830 2211 912 2265 διὰ
946 2212 998 2264 δὲ
1025 2218 1114 2279 τῆς
1140 2210 1384 2282 ἔνσοίρκου
1418 2216 1637 2281 Χριστοῦ
1666 2214 1940 2280 παρουσίας
1965 2208 2092 2264 κατα
2118 2207 2207 2278 τὴν
2237 2212 2405 2262 διαδο-

467 2297 559 2368 χὴν
581 2303 671 2352 τοῦ
711 2296 892 2368 χρόνου
939 2298 1123 2365 3μέσον
1151 2303 1250 2350 τῶν
1292 2298 1659 2367 προειρημένων
1697 2297 1930 2367 αἱρέσεων
1967 2294 2403 2362 ἄποκαλυφθεῖσα,

468 2386 554 2438 καὶ
574 2382 660 2451 ὑφ’
678 2381 819 2452 ἡμῶν
841 2385 891 2437 ἐν
914 2380 1231 2450 ύπομνήμασι
1251 2380 1335 2435 διὰ
1355 2388 1445 2435 τοῦ
1466 2380 1781 2452 κηρύγματος
1801 2388 1891 2435 τοῦ
1912 2387 2129 2451 Χριστοῦ
2150 2388 2404 2449 ταχθεῖσα,

469 2471 553 2523 καὶ
580 2468 729 2522 πάλιν
757 2466 873 2537 μετὰ
911 2467 1073 2530 πάσας
1099 2466 1186 2530 τοὶς
1212 2474 1309 2520 τῶν
1346 2469 1575 2538 αἱρέσεων
1608 2467 1795 2521 τούτων
1831 2471 2133 2536 μοχθηρίας,
2185 2464 2253 2529 ὥς
2287 2463 2404 2521 ἄνα-

470 2553 639 2623 ψυχὴν
666 2560 768 2606 τῶν
807 2552 893 2606 τὸν
925 2553 1149 2620 κάματον
1190 2560 1289 2606 τῶν
1334 2555 1567 2624 αἱρέσεων
1594 2552 1675 2606 διοὲ
1702 2559 1789 2621 τῆς
1820 2550 2144 2624 ἀναγνώσεως
2182 2551 2405 2606 διελθόν-

469 2662 592 2705 των,
644 2636 732 2706 ύφ’
768 2636 950 2707 4ἦμῶν
993 2636 1092 2707 μετ’
1128 2641 1366 2707 ἐπιτομῆς
1408 2645 1495 2693 τοῦ
1524 2639 1676 2710 λόγου
1712 2637 1836 2693 κατά
1870 2637 1958 2706 τὴν
1985 2644 2082 2692 τῶν
2119 2637 2406 2692 ἀποστόλων

472 2727 791 2779 διδασκαλίαν
815 2730 989 2791 σαφῶς
1021 2730 1042 2761 5
1061 2724 1437 2795 ἆπαγγελθεῖσα.
1514 2731 1537 2761 ⁶
1562 2730 1896 2795 Παρακαλεῖτε
1923 2726 1976 2779 δὲ
2001 2723 2179 2785 πάντες
2204 2726 2256 2777 οἱ
2283 2730 2407 2789 ’ἴφι-

470 2809 689 2873 λοκάλως
722 2809 1113 2880 ἐντυγχάνοντες,
1163 2817 1231 2883 τῷ
1271 2831 1321 2863 τε
1361 2814 1607 2884 προοιμίῳ
1648 2812 1733 2864 καὶ
1761 2818 1866 2873 ταῖς
1903 2812 2153 2879 μετέπειτα
2178 2810 2404 2879 αἱρέσεσι,

472 2899 555 2951 καὶ
580 2903 642 2971 τῇ
664 2894 790 2967 ὖπὲρ
816 2902 903 2964 τῆς
926 2896 1163 2963 ἀληθείας
1186 2894 1418 2969 ὁμολογίᾳ
1445 2917 1496 2949 τε
1517 2898 1600 2950 καὶ
1631 2900 1920 2970 διδασκαλίᾳ
1943 2903 2031 2965 τῆς
2060 2894 2294 2963 ἀληθείας
2319 2896 2405 2948 καὶ

472 2986 628 3037 πίστει
664 2988 752 3051 τῆς
787 2980 930 3053 ἆγίας
966 2988 1239 3050 καθολικῆς
1276 2984 1549 3050 ἐκκλησίας.

618 3411 718 3462 Καὶ
742 3411 841 3463 ἔστι
872 3406 967 3462 8τᾶ
991 3410 1043 3462 ἒν
1067 3415 1128 3482 τῇ
1154 3407 1291 3483 πάσῃ
1315 3411 1619 3483 πραγματείᾳ
1642 3406 1725 3461 διὰ
1745 3411 1843 3460 τῶν
1863 3405 2231 3476 προειρημένων
2256 3412 2405 3476 τριῶν

533 3558 569 3596 1.
599 3552 679 3609 γὰρ
703 3557 856 3595 uncinis
881 3557 1037 3595 inclusit
1067 3556 1268 3596 Petavius.
1469 3561 1611 3594 sancta
1645 3550 1827 3594 ecclesia.

528 3612 567 3652 2.
614 3613 726 3652 Ver-to
765 3625 869 3665 quae
912 3625 1013 3651 vero
1053 3619 1150 3666 post
1195 3611 1405 3665 octoginta
1519 3610 1556 3652 3.
1590 3609 1714 3665 μέσον
1752 3609 1933 3658 rescripsi
1959 3619 2007 3646 ex
2035 3609 2157 3658 Epist.
2188 3609 2242 3648 ad
2274 3610 2403 3659 Aeac„

474 3668 664 3707 haereses
722 3675 930 3708 enarratas
982 3667 1166 3723 sequitur
1215 3667 1404 3708 salutaris
1462 3679 1582 3718 quam
1608 3668 1697 3707 vide
1721 3666 1823 3706 etde
1849 3666 1994 3705 ceteris.
2056 3666 2163 3705 Libri
2186 3667 2302 3717 vulgo
2329 3662 2403 3720 μέ-

473 3731 672 3763 traclatus
707 3732 903 3779 tanquam
942 3724 1126 3764 veritatis
1175 3724 1412 3764 firmamen-
1471 3737 1551 3777 ρος.

473 3788 563 3820 tum
588 3779 707 3820 simul
740 3789 782 3821 et
815 3781 1030 3832 doctrina,
1079 3780 1230 3821 Christi
1259 3794 1412 3835 sponsa
