2508 4134
819 322 1351 363 ANAGEPHALAEOSIS.
1937 308 2035 357 557

143 431 236 487 est,
277 439 447 474 manus
477 440 532 473 ac
562 422 707 491 pedes
734 430 784 470 et
809 422 1081 471 confossum
1106 420 1230 471 latus
1252 438 1356 471 cum
1388 418 1576 469 ossibus
1602 435 1658 469 ac
1684 416 1847 467 nervis
1875 424 2037 466 osten-

143 507 235 571 dit,
280 507 400 557 adeo
432 524 553 573 quae
582 504 993 556 tumvidebantur
1020 503 1171 553 solida
1204 513 1371 565 erant,
1426 520 1514 553 nec
1541 502 1699 569 specie
1728 510 1868 551 tenus
1897 508 2037 550 exta-

142 590 275 642 bant.
352 588 538 657 Quibus
575 589 719 640 rebus
752 606 915 639 eorum
950 588 1158 638 omnium
1190 605 1311 654 quae
1339 587 1444 637 fidei
1471 585 1668 654 speique
1708 594 1899 635 nostrae
1927 602 2037 652 pro-

142 675 296 744 posita
336 675 447 725 Sunt
487 674 829 743 promissorum
870 689 955 739 per
999 688 1108 721 sese
1148 671 1402 721 veritatem
1446 670 1747 719 confirmavit
1787 667 2037 738 perficiens

145 760 332 823 omnia,
386 776 540 825 neque
581 758 689 808 ficta
727 758 961 807 duntaxat
1001 754 1243 822 imagine,
1302 755 1385 803 scd
1429 753 1588 821 reipsa
1632 771 1734 803 cum
1783 752 1882 803 suis
1924 770 2038 802 con-

144 860 348 894 vescens
391 851 438 892 et
480 842 714 892 habitans.
791 838 921 906 Quin
966 839 1158 889 eosdem
1199 836 1432 899 instituit,
1487 855 1542 887 ac
1586 838 1796 887 coeleste
1838 854 2037 904 regnum

145 945 249 978 cum
295 927 498 977 veritate
543 924 764 976 nuntiare
810 922 995 985 docuit,
1056 932 1152 972 tum
1200 940 1304 972 cum
1350 921 1611 972 maximum
1652 921 1765 971 illud
1806 921 2039 988 longeque

144 1011 449 1080 praecipuum
483 1027 708 1060 arcanum
737 1007 983 1076 discipulis
1013 1006 1227 1075 aperuit:
1279 1011 1474 1066 Docete,
1516 1005 1695 1073 inquit,
1753 1024 1904 1054 omnes
1922 1023 2039 1069 gen-

144 1105 226 1145 tes.
306 1094 412 1145 Hoc
439 1103 542 1158 est,
601 1093 677 1143 Ab
703 1092 1006 1159 improbitate
1036 1091 1141 1141 illas
1185 1091 1241 1140 ad
1281 1090 1565 1152 veritatem,
1622 1089 1678 1138 ab
1712 1090 1857 1139 sectis
1888 1088 2037 1139 variis

145 1180 202 1230 ad
243 1179 443 1230 eandem
481 1178 775 1229 divinitatem
822 1174 1085 1226 traducite:
1140 1179 1384 1240 Bapte'zate
1417 1191 1494 1223 eas
1534 1178 1580 1222 in
1614 1177 1793 1222 nomine
1819 1177 1972 1238 patris
1997 1182 2041 1220 et

129 1265 237 1329 filii
267 1273 316 1312 et
338 1266 532 1327 spei-itus
566 1265 743 1320 sancti,
805 1259 1024 1310 nimirum
1068 1260 1114 1309 in
1159 1259 1396 1309 dominica
1431 1257 1657 1307 trinitatis
1700 1257 2035 1325 appellatione,

145 1347 269 1414 quod
307 1347 460 1416 ipsum
499 1353 856 1405 sacrosanctum
892 1356 966 1396 est
994 1362 1049 1394 ac
1078 1343 1260 1410 regium
1301 1343 1521 1410 signum,
1574 1359 1666 1408 quo
1706 1342 1784 1391 vel
1812 1340 1916 1409 ipso
1955 1358 2042 1390 no-

148 1432 277 1483 mine
307 1431 626 1498 significaret,
682 1429 799 1479 nihil
833 1445 940 1479 esse
980 1428 1037 1478 ab
1067 1427 1250 1479 unitate
1284 1426 1547 1478 diversum.
1625 1422 1747 1476 Cum
1792 1428 1917 1475 enim
1963 1424 2044 1474 bau

144 1515 315 1584 ptizari
343 1514 560 1565 homines
591 1514 720 1564 iubet
753 1518 799 1563 in
827 1516 1007 1562 nomine
1032 1515 1216 1577 patrz‘S,
1274 1512 1414 1561 firma
1446 1529 1501 1561 ac
1535 1509 1720 1561 stabilis
1748 1518 1823 1559 est
1859 1508 2042 1575 gloriae

146 1599 457 1670 praedicatio.
536 1597 677 1665 Quod
710 1615 829 1648 vero
856 1597 1043 1647 additur
1071 1600 1117 1645 in
1144 1600 1324 1645 nomine
1342 1598 1471 1661 filii,
1513 1595 1640 1645 nulla
1672 1610 1725 1643 re
1757 1594 1880 1643 hunc
1907 1610 1934 1643 a
1962 1610 2043 1660 pa-

146 1693 283 1735 terna
327 1683 555 1751 dignitate
602 1682 813 1732 deficere
854 1681 1107 1749 appellatio
1150 1680 1251 1748 ipsa
1298 1680 1529 1730 declarat.
1608 1676 1865 1728 Postremo
1897 1677 1956 1726 iis
1993 1677 2041 1726 in

144 1767 340 1831 verbis,
390 1771 445 1816 1η
485 1770 664 1816 nomine
699 1770 894 1830 spiritus
935 1769 1113 1824 saneti,
1173 1765 1301 1814 nulla
1345 1772 1418 1814 est
1451 1761 1803 1814 coniunctionis
1847 1761 2037 1824 divisio,

144 1852 359 1904 varietas
399 1850 555 1913 nulla,
597 1867 750 1917 neque
790 1850 847 1899 ab
888 1867 978 1899 una
1020 1848 1266 1898 divinitate
1306 1849 1579 1900 diversitas

285 1934 506 2002 Denique
547 1934 714 1984 eodem
755 1952 859 1984 cum
909 1950 1112 2001 corpore
1154 1942 1202 1983 et
1241 1933 1400 1982 anima
1440 1941 1695 2000 menteque
1742 1931 1798 1981 ad
1838 1947 2041 1999 superos

147 2028 345 2072 evectus
375 2028 478 2081 est,
533 2017 752 2069 omnibus
779 2017 873 2068 illis
903 2018 952 2068 in
981 2034 1124 2067 unum
1157 2017 1404 2080 conflatiS,
1464 2026 1606 2084 atque
1636 2016 1684 2066 in
1717 2016 1914 2066 eandem
1947 2015 2040 2082 spi·

145 2103 331 2155 ritalem
365 2119 619 2171 personam
658 2102 1057 2153 concurrentibus
1099 2101 1368 2169 divinisque
1406 2100 1623 2151 redditis.
1700 2098 1818 2149 Inde
1847 2117 1963 2149 mox
1994 2107 2045 2148 ut

147 2189 205 2239 ad
231 2187 380 2257 patris
407 2188 626 2237 dextram
655 2185 901 2248 consedit,
959 2203 1222 2254 praecones
1252 2185 1300 2236 in
1336 2185 1614 2236 universum
1649 2184 1813 2235 orbem
1844 2183 2040 2245 dimisit,

145 2270 392 2324 Simonem
417 2269 613 2323 Petrum
632 2310 646 2334 ,
688 2280 737 2321 et
765 2269 1011 2321 Andream
1043 2270 1145 2321 eius
1173 2271 1401 2332 fratrem,
1442 2268 1696 2332 Iacobum,
1739 2277 1788 2319 et
1813 2266 2042 2319 Ioannem

148 2355 394 2407 Zebedaei
425 2356 575 2417 filios,
617 2373 738 2423 quos
764 2354 874 2405 olim
910 2355 1183 2422 delegerat,
1223 2352 1491 2423 Philippum
1520 2362 1569 2404 et
1599 2352 2041 2416 Bartholomaeum,

145 2439 477 2500 Matthacum‚
522 2439 780 2502 Thomam,
822 2448 870 2489 et
898 2437 1081 2502 ludam,
1124 2457 1179 2490 ac
1210 2438 1549 2500 Thaddaeum,
1592 2447 1641 2488 et
1668 2436 1916 2489 Simonem
1948 2435 2044 2487 Ze—

145 2526 305 2586 loten‚
366 2533 413 2575 et
453 2522 617 2575 Iudam
663 2522 970 2586 iscariotem,
1027 2541 1053 2573 a
1091 2541 1184 2590 quo
1226 2523 1305 2573 ille
1350 2523 1550 2574 traditus
1588 2530 1680 2573 est.
1758 2520 1878 2572 Item
1924 2521 2043 2572 alios

148 2606 379 2672 LXXII,
432 2625 457 2658 e
487 2607 656 2676 quibus
683 2606 783 2658 Vll
812 2607 879 2658 illi
918 2609 1053 2658 fuere
1088 2606 1166 2675 qui
1194 2609 1252 2658 ad
1283 2607 1532 2657 viduarum
1563 2606 1843 2674 obsequium
1873 2605 2041 2655 delecti

147 2702 290 2757 sunt,
332 2691 636 2761 Stephanus,
692 2690 966 2760 Philippus,
1020 2689 1328 2755 I‘rochorus,
1383 2690 1631 2753 Nicanor,
1674 2690 1883 2753 Timon,
1923 2688 2042 2740 Par-

147 2794 343 2840 menaS,
385 2784 434 2826 et
461 2775 696 2827 Nicolaus
715 2815 728 2839 ,
770 2785 817 2826 et
842 2785 1034 2843 praeter
1066 2777 1151 2826 hos
1178 2774 1441 2840 Matthias,
1500 2775 1577 2843 qui
1606 2775 1713 2825 loco
1745 2772 1888 2824 Iudae
1917 2775 2044 2824 inter

147 2861 392 2930 apostolos
424 2868 674 2928 cooptatus
706 2868 796 2910 est.
874 2859 1205 2911 Accesserunt
1231 2861 1289 2910 ad
1318 2861 1426 2911 illos
1458 2858 1689 2923 Marcus,
1730 2857 1919 2921 LucaS,
1964 2856 2041 2909 Iu-

148 2955 279 3009 stuS,
338 2943 619 3007 Barnabas,
680 2943 936 3012 Appelles,
994 2943 1179 3006 RusuS,
1241 2943 1428 3012 Niger,
1488 2962 1543 2994 ac
1592 2943 1762 3011 reliqui
1815 2940 2038 2993 LXXII.

150 3027 446 3096 Quibuscum
488 3028 629 3079 etiam
671 3036 887 3078 sanctum
920 3025 1118 3078 Paulum
1149 3037 1317 3095 suapte
1352 3029 1408 3078 de
1438 3029 1574 3079 coelo
1601 3045 1722 3079 voce
1748 3027 1894 3078 missa
1930 3044 2042 3094 apo-

149 3114 321 3165 stolum
352 3113 564 3181 gentium
599 3131 654 3163 ac
686 3128 971 3180 praeconem
1001 3121 1047 3162 et
1075 3113 1365 3180 apostolicae
1407 3113 1651 3163 doctrinae
1690 3121 2043 3162 consummato-

148 3214 249 3248 rem
280 3198 503 3248 instituit.
583 3195 678 3262 Qui
719 3195 905 3262 quidem
946 3203 1161 3245 sanctum
1198 3194 1414 3260 Lucam,
1470 3206 1521 3246 ut
1548 3205 1845 3255 memorant,
1898 3213 2041 3245 unum

151 3298 178 3333 e
206 3279 407 3332 LXXII
442 3281 711 3349 discipulis,
754 3280 830 3347 qui
865 3279 1077 3347 dissipati
1117 3281 1336 3342 fuerant,
1388 3280 1609 3343 reduxit,
1664 3297 1865 3347 eumque
1896 3279 2042 3329 comi-

151 3373 246 3415 tem
276 3374 326 3416 et
354 3366 618 3417 adiutorem
650 3363 890 3430 evangelii
915 3363 1055 3412 simul
1089 3372 1135 3412 et.
1163 3364 1428 3430 apostolum
1460 3364 1690 3413 adhibuit.
1767 3363 1873 3414 Hoc
1902 3364 2041 3413 modo

151 3457 302 3500 totum
340 3450 577 3516 evangelii
617 3448 857 3515 negotium
898 3448 953 3498 ad
993 3448 1037 3496 id
1077 3464 1228 3514 usque
1267 3448 1496 3515 temporis
1534 3449 1800 3497 confectum
1841 3457 1932 3498 est.

292 3533 451 3601 Atque
483 3533 713 3584 hactenus
741 3532 798 3582 de
827 3529 898 3581 Xl
931 3530 1108 3594 sectis,
1165 3532 1316 3598 deque
1356 3548 1414 3581 eo
1445 3532 1569 3599 quod
1605 3532 1772 3581 ordine
1810 3549 2042 3583 consecu-

155 3701 245 3741 ltem
287 3701 431 3740 Panar.
474 3703 684 3741 cornarius
725 3703 834 3740 vertit
877 3706 986 3739 certa
1028 3698 1075 3737 fit
1185 3698 1251 3740 96.
1283 3696 1417 3753 ἑαυτῷ
1446 3701 1557 3739 codd.
1586 3711 1675 3739 mss.
1706 3704 1739 3739 et
1767 3702 1855 3740 edit.
1880 3704 2002 3752 princ.

153 3754 419 3808 glorificatio:
461 3755 503 3795 in
541 3770 687 3795 nomen
719 3755 813 3805 filii,
859 3769 942 3795 non
966 3754 1071 3794 defi—
1182 3754 1247 3797 97.
1278 3753 1378 3797 ὄδύο
1405 3757 1516 3795 codd.
1550 3767 1638 3796 mss.
1667 3759 1833 3807 uterque.

156 3811 296 3851 cientis
327 3819 388 3851 est
417 3812 722 3853 nomenclatura
750 3817 829 3852 cett.

2097 1007 2235 1043 Matth.

2094 1053 2148 1095 28,
2174 1052 2223 1086 19.
