2508 4134
933 306 1113 347 INDEX
1138 303 1346 347 RERUM.

257 407 351 445 126.
370 427 417 436 -
448 405 610 446 crebras
623 402 800 445 lotiones
826 411 1022 456 usurpant
1034 418 1119 444 ma-

256 474 363 514 xime
376 482 468 528 post
483 473 692 515 mulierum
709 471 941 527 complexus
956 471 1053 513 ibid.
1069 496 1119 503 —

257 543 531 597 virginitatem
557 541 779 597 prohibent
812 540 912 582 ibid.
942 564 998 572 -—
1054 540 1122 581 ubi

259 626 372 653 suam
390 612 591 654 haeresim
605 620 934 667 propagaverunt
952 610 1051 651 ibid.
1075 634 1118 641 —

258 681 358 736 quid
371 682 422 723 de
437 681 599 723 Christo
609 681 809 722 sentirent
823 679 921 721 ibid.
940 703 987 710 —
1032 679 1121 720 solo

256 751 454 792 Matthaei
484 751 695 806 evangelio
726 759 891 791 utuntur
922 752 1013 789 127.

202 820 333 862 Ebion
375 820 533 862 loannis
569 829 755 875 tempore
791 820 891 861 vixit
931 822 1025 859 149.
1069 841 1120 850 --

257 899 298 930 et
327 890 499 932 Ebionei
523 890 648 932 Paulo
676 889 925 931 maledicunt
953 887 1051 929 ibid.

203 960 418 1001 Ebrietatis
442 969 482 1000 et
507 959 720 1001 edacitatis
742 958 1001 1000 incommoda
1026 960 1122 997 401.

202 1029 381 1070 Ecclesia
410 1037 471 1070 est
496 1038 588 1071 toto
617 1029 716 1070 orbe
743 1028 916 1077 diffusa,
960 1036 1002 1068 et
1028 1026 1122 1068 ubi-

259 1113 337 1154 que
362 1107 560 1140 terrarum
585 1102 678 1141 507.
698 1123 748 1131 -
779 1098 1003 1153 eademque
1030 1096 1123 1138 navi

260 1177 518 1223 comparatur
547 1171 640 1209 508.

203 1239 385 1280 Ecclesia
407 1239 541 1279 varios
569 1238 694 1279 habet
723 1237 911 1287 ordines,
939 1236 1015 1277 sed
1040 1250 1122 1277 non

262 1322 402 1350 omnes
430 1308 579 1363 passim
607 1307 788 1348 admittit
818 1310 911 1347 509.

203 1378 382 1420 Ecclesia
418 1378 485 1418 dei
516 1377 665 1419 dicitur
699 1378 811 1431 regia
840 1377 927 1429 via,
973 1385 1019 1417 et
1046 1364 1124 1416 iter

259 1447 441 1489 veritatis
470 1450 568 1489 504.

205 1520 253 1559 In
293 1517 462 1558 ecclesia
503 1517 767 1559 sacerdotalis
807 1525 896 1570 est,
941 1524 984 1557 et
1010 1515 1123 1570 regia

195 1610 197 1612 ·
263 1587 441 1641 dignitas
471 1591 565 1629 118.

204 1653 384 1698 Ecclesia
421 1657 464 1698 in
502 1671 581 1698 una
617 1657 698 1697 fide
729 1656 934 1696 consentit
960 1656 1001 1696 in
1033 1663 1123 1696 toto

260 1726 383 1776 orbe,
429 1727 542 1781 quasi
578 1727 620 1766 in
661 1741 738 1767 una
775 1726 900 1767 domo
935 1724 1123 1766 habitans

261 1799 354 1837 202.
385 1821 436 1828 —
496 1805 754 1851 comparatur
788 1796 866 1837 soli
894 1795 1003 1850 quod
1039 1794 1123 1836 eius

261 1866 449 1920 exemplo
466 1874 598 1906 totum
614 1865 810 1906 mundum
824 1865 1002 1906 illustret
1026 1864 1122 1906 ibid.

260 1960 315 1967 —
344 1949 434 1976 eam
451 1935 623 1990 perinde
649 1935 837 1976 obtinent
855 1936 1035 1976 infantes
1059 1942 1123 1975 at·

261 2019 341 2059 que
368 2005 687 2059 eloquentissimi
713 2004 811 2045 ibid.
832 2028 881 2036 -
935 2004 1127 2046 scientiae

267 2074 384 2128 copia
422 2075 551 2116 maior
581 2074 703 2116 fidem
733 2089 815 2116 non
840 2074 1028 2115 immutat
1055 2088 1126 2115 ec—

265 2144 411 2186 clesiae
446 2145 544 2186 ibid.

209 2214 417 2256 Ecclesiae
457 2214 557 2256 ritus
583 2214 625 2255 in
656 2214 899 2255 celebrando
930 2214 1127 2255 Paschate

263 2290 358 2325 421.

208 2354 389 2395 Ecclesia
419 2368 508 2394 cum
535 2368 628 2395 arca
657 2364 912 2410 comparatur
929 2385 940 2403 ,
972 2362 1014 2394 et
1039 2368 1129 2395 cum

260 2423 458 2465 bitumine
485 2427 581 2466 425.

208 2493 391 2535 Ecclesia
431 2494 632 2534 catholica
674 2494 855 2534 omnium
894 2493 1130 2549 antiquissi-

269 2577 335 2604 ma
366 2566 405 2602 6.

208 2633 390 2675 Ecclesia
419 2646 586 2687 quarum
622 2632 818 2674 virtutum
844 2634 992 2675 habeat
1016 2649 1129 2675 exer-

266 2703 498 2757 citamenta,
528 2710 570 2742 et
596 2717 699 2757 quae
725 2702 822 2743 vitia
853 2703 996 2757 fugiat,
1029 2719 1128 2758 quas

264 2773 434 2814 virtutes
463 2772 733 2827 amplectatur
762 2776 884 2813 1107.

211 2843 414 2885 Ecclesiae
436 2841 663 2884 catholicae
689 2842 882 2895 dogmata
913 2843 1019 2884 circa
1044 2843 1127 2885 vir-

266 2912 479 2965 ginitatem
508 2920 551 2951 et
579 2912 751 2965 nuptias.

211 2981 414 3022 Ecclesiae
454 2981 636 3035 singulae
673 2982 907 3022 dioeceseos
952 2982 1132 3023 Alexan-

266 3052 433 3106 drinae,
475 3066 498 3091 a
535 3051 678 3105 quibus
718 3052 803 3106 regi
844 3061 886 3092 et
925 3052 1132 3106 quomodo

267 3121 405 3162 vocari
428 3121 573 3161 solitae
604 3124 698 3161 727.
730 3144 781 3151 -
831 3129 1004 3175 suntque
1031 3122 1129 3162 Ale-

267 3190 488 3232 xandrinae
535 3190 730 3230 ecclesiae
774 3190 909 3243 plures
959 3194 1050 3230 728.
1085 3214 1132 3222 -

268 3261 376 3301 inter
405 3274 502 3315 quas
536 3259 612 3299 fuit
645 3260 842 3300 Caesarea
871 3259 969 3300 ibid.

215 3330 485 3372 Ecclesiastici
514 3328 614 3370 ritus
643 3344 690 3370 ac
719 3330 883 3370 decreta
915 3333 1038 3370 1103.

216 3400 439 3442 Ecclesiam
481 3414 599 3440 unam
641 3414 728 3440 esse
770 3399 838 3440 uni
879 3407 921 3440 et
949 3399 1136 3453 genitrici

275 3484 374 3511 suae
405 3473 527 3510 1083.

219 3539 400 3581 Ecclesia
428 3540 616 3581 columba
646 3539 794 3580 dicitur
823 3543 917 3581 262.

211 3602 450 3659 ”Exornent
479 3610 576 3665 quid
606 3608 805 3663 significet
833 3613 928 3651 406.

221 3677 328 3719 Elias
360 3679 474 3734 virgo
501 3680 605 3731 fuit,
636 3693 717 3720 non
742 3687 879 3720 tamen
908 3679 1138 3720 adorandus

278 3757 323 3788 ut
348 3763 423 3790 nec
447 3751 589 3801 Maria,
623 3764 698 3789 nec
718 3749 888 3802 Thecla,
919 3764 993 3790 nec
1019 3764 1137 3805 quae·

279 3817 338 3858 vis
368 3818 444 3859 alia
476 3829 615 3861 sancta
648 3822 769 3862 1062.
1167 3866 1173 3890 ι

1993 288 2094 345 755

1183 402 1292 443 Eliae
1315 402 1530 456 prosapia,
1574 410 1617 442 et
1646 399 1901 456 quorundam
1924 398 2097 441 aliorum

1235 470 1526 525 prophetarum
1557 471 1733 525 origines
1761 471 1859 513 470.

1183 540 1285 581 Elias
1316 555 1339 581 a
1367 539 1447 581 deo
1475 540 1598 582 alitur
1642 539 1734 581 cibo
1771 537 1950 594 quodam
1974 538 2098 580 inco-

1234 608 1350 663 gnito
1381 612 1477 651 593.

1179 678 1327 730 Elusa,
1357 678 1609 719 Palaestinae
1637 676 1834 733 oppidum
1856 680 1953 718 444.
1987 675 2099 732 (Λᾶ-

1236 747 1383 802 deod.)

1183 817 1295 858 Elxai
1321 817 1682 872 pseudopropheta
1708 819 1778 858 40.
1808 840 1862 849 -
1905 824 1948 858 et
1971 815 2102 861 frater

1235 886 1321 928 eius
1348 888 1540 937 Iexaeus,
1571 895 1612 926 et
1635 886 1777 941 quibus
1799 885 1979 928 moribus
2005 884 2102 926 fue-

1235 957 1288 997 rit
1325 957 1423 998 ibid.
1468 980 1519 988 -—·
1591 956 1675 996 eius
1711 954 1988 997 iusiurandum
2027 969 2103 1010 per

1236 1026 1361 1067 salem
1381 1034 1424 1066 et
1449 1034 1627 1075 terram,
1658 1033 1737 1068 etc.
1765 1024 1865 1066 ibid.
1900 1047 1950 1056 -
2006 1037 2105 1066 osor

1236 1095 1505 1150 virginitatis,
1537 1095 1648 1149 cogit
1677 1094 1730 1136 ad
1758 1094 1921 1149 nuptias
1943 1092 2045 1136 ibid.

1181 1166 1354 1207 Elxaeus
1385 1165 1746 1220 pseudopropheta
1775 1167 1870 1205 127.

1182 1236 1297 1276 Elxai
1325 1244 1470 1276 auctor
1494 1243 1670 1290 quatuor
1698 1241 1900 1275 sectarum
1921 1236 1991 1274 43.
2084 1278 2086 1281 ,

1181 1305 1479 1346 Encratitarum
1513 1304 1690 1346 haeresis
1727 1307 1792 1344 27.
1841 1311 1939 1357 post
1980 1301 2103 1343 chri-

1235 1374 1513 1426 stianismum,
1557 1373 1643 1414 sive
1681 1378 1748 1415 47.
1786 1376 1880 1414 399.
1911 1396 1963 1404 -
2035 1371 2104 1412 ubi

1235 1444 1490 1498 potissimum
1527 1451 1757 1498 propagata
1786 1442 1886 1484 ibid.
1915 1466 1967 1473 —
2026 1456 2102 1482 eo·

1235 1529 1323 1555 rum
1346 1514 1540 1568 dogmata
1565 1515 1661 1554 400.
1693 1537 1743 1544 -
1802 1511 2012 1553 diabolum
2035 1511 2104 1551 in·-

1235 1591 1299 1623 ter
1327 1583 1528 1638 principia
1557 1598 1693 1624 rerum
1721 1591 1882 1638 ponunt
1922 1581 2022 1623 ibid.
2053 1605 2105 1613 -

1236 1666 1334 1707 quos
1373 1652 1500 1693 libros
1539 1653 1760 1694 admittant
1786 1651 1883 1693 ibid.
1917 1674 1968 1684 —-
2025 1665 2105 1692 nu-

1236 1722 1342 1777 ptias
1361 1722 1527 1763 diabolo
1549 1722 1704 1764 auctori
1727 1722 1912 1763 tribuunt
1933 1720 2033 1763 ibid.
2052 1743 2107 1751 —-

1235 1792 1287 1833 ab
1317 1792 1503 1832 animatis
1533 1791 1740 1832 abstinent
1769 1791 1866 1832 ibid.
1898 1812 1955 1823 -·
2002 1804 2107 1846 aqua

1236 1862 1324 1903 sola
1362 1861 1405 1902 in
1455 1862 1657 1917 mysteriis
1703 1870 1870 1903 utuntur
1909 1860 2009 1903 ibid.
2053 1883 2107 1893 —

1240 1932 1334 1973 vino
1374 1932 1581 1972 abstinent
1615 1931 1716 1972 ibid.
1747 1955 1798 1964 —
1856 1939 2009 1987 negant
2036 1944 2108 1971 re-

1237 2001 1532 2043 surrectionem
1554 2011 1809 2043 mortuorum
1827 2001 1927 2043 ibid.
1946 2025 2001 2033 —
2031 2014 2107 2041 eo-

1237 2086 1328 2112 rum
1368 2072 1562 2113 refutatio
1605 2071 1705 2112 ibid.
1750 2096 1801 2104 --
1877 2071 2109 2112 castitatem

1237 2142 1430 2183 simulant
1457 2146 1556 2182 401.

1185 2212 1373 2253 Euochus
1415 2212 1494 2253 deo
1539 2220 1677 2266 gratus
1693 2242 1707 2262 ,
1749 2211 1969 2253 translatus
2013 2210 2108 2260 fuit,

1240 2296 1316 2323 nec
1344 2290 1519 2323 mortem
1548 2290 1738 2336 expertus
1768 2285 1809 2322 4.

1189 2352 1327 2393 Enoch
1357 2351 1563 2406 quomodo
1591 2351 1809 2393 translatus
1841 2360 1903 2394 est
1940 2352 1982 2394 in
2013 2367 2109 2394 cor-

1242 2436 1341 2477 pore
1370 2425 1461 2463 592.

1189 2492 1374 2546 Epicurei
1403 2492 1582 2533 haeresis
1613 2496 1679 2533 14.

1187 2563 1422 2617 Epiphanes
1453 2571 1495 2603 et
1522 2562 1701 2603 Isidorus
1746 2563 1913 2604 secundi
1956 2564 2105 2605 haere-

1240 2632 1318 2673 sim
1345 2633 1523 2687 amplexi
1553 2636 1648 2674 210.
1685 2656 1734 2664 —-
1790 2633 1861 2674 ille
1895 2633 1976 2675 fuit
2007 2633 2110 2675 Car-

1243 2703 1420 2756 pocratis
1448 2703 1552 2743 filius
1580 2702 1679 2744 ibid.
1709 2726 1763 2734 —
1828 2702 1888 2744 illi
1916 2703 1959 2744 in
1989 2706 2112 2745 Samo

1243 2772 1371 2813 divini
1408 2773 1584 2814 honores
1626 2772 1877 2826 consecrati,
1920 2781 1964 2813 et
2000 2781 2114 2814 tem-

1244 2842 1355 2896 plum
1385 2851 1611 2883 extructum
1641 2841 1739 2882 ibid.
1766 2850 1807 2882 et
1831 2847 1924 2884 211.
1947 2867 2000 2876 -
2032 2843 2114 2885 Ce-

1244 2911 1438 2966 phallenii
1466 2913 1525 2953 illi
1554 2911 1783 2953 sacrificant
1810 2912 1911 2954 ibid.

1189 2981 1417 3036 Epiphania
1448 2981 1599 3022 Christi
1626 2985 1723 3023 444.
1754 2982 1989 3038 (addend.)

1191 3051 1408 3105 Epiphanii
1455 3066 1546 3092 cum
1573 3052 1700 3093 vitali
1735 3054 1979 3107 *congressio
2010 3054 2117 3096 circa

1247 3130 1430 3162 naturam
1460 3122 1675 3162 humanam
1715 3121 1757 3163 in
1802 3123 1964 3165 Christo
1995 3127 2117 3166 1016.

1247 3213 1302 3222 —-
1333 3191 1477 3231 Vitalis
1507 3205 1622 3232 error
1650 3193 1926 3246 deprehensus
1967 3194 2070 3235 ibid.

1194 3261 1445 3315 Epiphanius
1477 3261 1577 3301 dicit
1618 3261 1827 3303 diabolum
1857 3262 1923 3304 dei
1957 3264 2119 3305 miseri·

1250 3330 1427 3370 cordiam
1456 3339 1551 3370 ante
1584 3329 1735 3372 Christi
1771 3332 1991 3374 adventum
2021 3349 2120 3390 spe·-

1253 3414 1361 3439 rasse
1392 3403 1488 3440 289.

1197 3470 1411 3524 Epiphanii
1450 3471 1586 3526 lapsus
1627 3471 1678 3512 de
1724 3472 1979 3516 Elisabethae
2018 3490 2119 3517 con-

1252 3539 1345 3593 iuge
1376 3543 1499 3582 1046.

1198 3610 1414 3664 Epiphanii
1443 3619 1583 3660 aetas,
1626 3621 1668 3652 et
1702 3614 1776 3654 sub
1806 3615 1949 3669 quibus
1988 3617 2123 3672 impe-

1251 3681 1455 3721 ratoribus
1498 3682 1645 3723 vixerit
1688 3688 1726 3724 2.
1771 3709 1822 3717 -—
1895 3687 2033 3741 operis
2073 3688 2124 3728 ab

1256 3750 1484 3805 Epiphanio
1515 3752 1689 3794 instituti
1718 3755 1825 3796 ratio
1853 3756 1956 3798 ibid.

1665 3899 1791 3951 48*
