2508 4134
454 227 552 277 144
1157 236 1361 285 SANCTI
1389 238 1671 281 EPIPHANII

447 334 530 386 καὶ
572 331 810 387 οὐδέποτε
844 332 1050 386 διέλειπε
1084 339 1173 387 τοῦ
1210 331 1357 400 εἶναι,
1407 333 1507 389 ἀλλ’
1535 337 1590 390 ἐκ
1626 333 1815 406 πατρός
1844 335 1935 404 μὲν
1971 333 2125 390 αὐτόν
2151 358 2378 409 γεγεννη-

448 418 597 486 μένον
623 414 848 487 άνάρχως
872 419 956 471 καὶ
995 417 1244 489 ἇχρόνως·
1297 422 1366 484 εἰς
1389 419 1445 475 τὰ
1469 426 1662 489 πνεῦμα
1692 421 1745 474 δὲ
1778 418 1833 475 τὸ
1858 419 2000 491 ἅγιον
2026 419 2206 486 πάντες
2239 416 2381 478 οὗτοι

447 505 792 570 βλασφημοῦσι
809 545 823 567 ,
871 501 940 571 μή
967 512 1388 576 συναριθμοῦντες
1418 503 1541 560 αὐτὸ
1582 507 1732 577 πατρὶ
1759 509 1845 560 καὶ
1876 508 1969 580 υἷῷ
2001 508 2054 561 ἐν
2077 514 2138 582 τῇ
2161 507 2378 577 θεότητι.

450 586 699 650 Πολλάκις
732 587 786 641 δὲ
827 590 937 661 περὶ
966 588 1147 644 τούτου
1192 590 1347 645 πολλά
1376 593 1719 660 διελέχθημεν,
1772 593 1856 645 καὶ
1892 593 1946 646 ἐν
1981 590 2161 667 ἑκάστῃ
2199 595 2382 664 αἱρέσει

445 671 536 740 τήν
563 693 615 725 τε
650 670 896 742 ἀληθινὴν
927 676 1040 746 περὶ
1069 675 1225 731 αὐτοῦ
1259 675 1491 731 σύστασιν
1531 676 1592 730 οὐ
1631 680 1820 748 μικρῶς
1860 675 2261 749 ύφηγησάμεθα,
2312 677 2382 744 οἷς

445 756 535 811 σύν
569 760 718 829 πατρὶ
755 761 841 813 καὶ
885 762 981 834 υἱῷ
1011 768 1402 833 κυριολεκτεΐται.
1494 767 1702 830 Πνεῦμα
1738 760 1832 832 γάρ
1875 767 2053 835 κυρίου
2089 763 2381 836 πεπλήρωκε

444 841 535 912 τήν
572 846 898 914 οἰκουμένην,
952 844 1007 900 vd
1055 853 1248 915 πνεῦμα
1294 853 1384 916 τῆς
1431 844 1691 915 άληθείας,
1748 846 1802 902 τὸ
1852 855 2047 918 πνεῦμα
2097 856 2187 905 τοῦ
2233 855 2378 904 θεοῦ.

449 935 661 998 Πνεῦμα
686 928 779 1002 γάρ
817 935 997 1004 κυρίου
1025 934 1235 1003 λέγεται,
1285 934 1371 986 καὶ
1399 934 1453 986 ἐκ
1478 931 1665 1004 πατρός
1688 932 2106 1004 ἐκπορευόμενον,
2157 937 2243 990 καὶ
2278 941 2305 974 ²
2322 933 2377 990 τό

442 1018 556 1070 υῑοῦ
584 1016 857 1085 λαμβάνον,
906 1016 1222 1088 χαριζόμενόν
1263 1039 1314 1072 τε
1340 1016 1401 1072 τά
1436 1021 1708 1089 χαρίσματα
1737 1018 1995 1090 διαφόρως
2036 1017 2105 1083 οἷς
2135 1020 2379 1090 βούλεται,

445 1103 660 1172 ἐρευνῶν
687 1103 772 1156 καὶ
797 1100 858 1155 τά
882 1102 1023 1172 βάθη
1046 1109 1135 1158 τοῦ
1163 1109 1307 1168 θεοῦ,
1337 1101 1427 1156 σύν
1447 1105 1597 1173 πατρὶ
1625 1105 1708 1157 καὶ
1728 1107 1822 1178 υἱῷ
1847 1103 1925 1172 ὂν,
1949 1109 2198 1174 βαπτίζον,
2220 1125 2377 1178 σφρα·

442 1192 600 1259 γίζον,
637 1194 852 1242 τελειοῦν
878 1187 967 1243 τόν
993 1190 1397 1260 ἐσφραγισμένον.
1456 1187 1569 1242 Ἵνα
1594 1189 1648 1242 δὲ
1676 1187 1745 1257 μή
1779 1191 1998 1245 ἐνταῦθα
2018 1191 2240 1260 κάματον
2260 1190 2376 1246 άνα-

444 1276 680 1343 δέξωμαι,
733 1273 793 1327 τά
824 1272 922 1343 ἤδη
956 1297 1041 1343 μοι
1079 1275 1311 1343 εἰρημένα
1351 1275 1403 1328 ἐν
1439 1280 1509 1347 τῷ
1546 1273 1738 1347 μεγάλῳ
1764 1274 1893 1349 λόγῳ
1923 1281 1993 1349 τῷ
2018 1278 2131 1348 περὶ
2159 1281 2380 1341 Πίστεως

442 1362 680 1433 γραφέντι
715 1362 785 1423 εἰς
825 1358 886 1413 τά
929 1361 1052 1431 μέρη
1087 1366 1176 1428 τῆς
1205 1358 1501 1428 Παμφύλων
1544 1358 1929 1431 παραθήσομαι,
1966 1359 2095 1433 πρὸς
2125 1359 2380 1418 ἀντίθεσιν

442 1447 531 1515 μὲν
556 1452 655 1500 τῶν
678 1445 1102 1515 βλασφημούντων
1129 1444 1183 1499 τό
1215 1444 1359 1516 ἅγιον
1383 1451 1602 1514 πνεῦμα,
1654 1447 1724 1508 εἰς
1752 1448 2070 1502 διδασκαλίαν
2095 1448 2150 1502 δὲ
2174 1454 2275 1502 τῶν
2304 1450 2378 1504 ἐν-

441 1531 779 1603 τυγχανόντων
814 1532 899 1585 καὶ
924 1533 995 1595 εἰς
1023 1531 1300 1604 εὗφρασίαν
1329 1536 1431 1585 τῶν
1465 1530 1746 1599 πνεύματος
1782 1529 1926 1603 άγίου
1958 1535 2370 1604 καταξιουμένων.

446 1619 549 1672 Καὶ
585 1620 686 1673 ἔστι
718 1616 845 1672 τόδε.

830 1967 852 1993 *
876 1964 974 2010 ΕΚ
1019 1964 1167 2011 ΤΟΥ
1212 1963 1673 2010 ΑΓΚΥΡΩΤΟΥ
1712 1965 1983 2009 ΛΟΓΟΣ.

572 2048 832 2119 Ἐπεφάνη
861 2048 894 2119 ἦ
918 2048 1058 2122 χάρις
1087 2055 1177 2104 τοῦ
1207 2054 1384 2118 κυρίου
1417 2047 1560 2118 ἡμῶν
1592 2047 1752 2118 Ἰησοῦ
1783 2054 2004 2120 Χριστοῦ
2040 2050 2380 2106 Ιδιδάσκουσα

441 2133 598 2205 ἡμᾶς,
636 2139 720 2190 ’ἵνα
745 2134 1075 2207 ἀρνησάμενοι
1099 2134 1189 2205 τὴν
1215 2136 1446 2204 ἀσέβειαν
1470 2137 1556 2190 καὶ
1587 2132 1676 2198 τάς
1711 2133 1953 2203 κοσμικάς
1984 2137 2260 2205 ἐπιθυμίας
2283 2155 2377 2192 σω-

400 2264 409 2275 .
441 2221 642 2293 φρόνως
666 2224 750 2277 καὶ
778 2222 993 2291 εὐσεβῶς
1022 2223 1145 2275 ‘zuoni
1177 2224 1381 2284 δικαίως
1416 2220 1637 2290 ζήσωμεν
1666 2223 1719 2275 ἐν
1748 2226 1818 2294 τῶ
1843 2226 1935 2274 νῦν
1964 2224 2136 2288 αἰῶνι,
2173 2227 2378 2295 προςδε-

440 2307 637 2378 χόμενοι
668 2306 758 2377 τήν
794 2311 1041 2379 μακαρίαν
1082 2310 1253 2361 ἐλπίδα
1290 2309 1374 2361 καὶ
1423 2306 1717 2374 ἐπιφάνειαν
1757 2312 1845 2375 τῆς
1871 2306 2021 2375 δόξης
2046 2314 2135 2361 τοῦ
2163 2307 2378 2380 μεγάλου

440 2400 566 2448 θεοῦ
604 2395 687 2448 καὶ
728 2400 949 2464 σωτῆρος
983 2390 1127 2462 ἡμῶν
1162 2391 1324 2462 Ἰησοῦ
1362 2399 1610 2464 Χριστοῦ,
1669 2391 1767 2455 ³35·
1808 2395 1991 2447 ἔδωκεν
2037 2392 2216 2449 ἕαυτὸν
2249 2393 2375 2467 ύπὲρ

439 2477 603 2548 ἡμῶν,
641 2483 724 2534 ἵνα
745 2481 1048 2551 λυτρώσηται
1079 2477 1214 2548 ἡμᾶς
1241 2477 1342 2534 ἆπό
1367 2478 1529 2548 πάσης
1559 2476 1782 2548 ἀνομίας,
1820 2480 1905 2533 καὶ
1937 2484 2191 2555 καθαρίσῃ
2219 2482 2379 2555 ἑαυτῷ

440 2563 560 2619 λαόν
585 2564 902 2637 περιούσιον,
940 2564 1157 2634 ζηλωτήν
1181 2571 1344 2619 καλῶν
1371 2567 1552 2636 ἔργων,
1590 2567 1851 2633 ἐξαλείψας
1885 2563 1940 2619 τό
1969 2564 2090 2620 καθ’
2116 2563 2258 2635 ἡμῶν
2284 2587 2376 2636 χει-

441 2650 698 2723 ρόγραφον
732 2659 836 2714 τοῖς
875 2650 1139 2722 δόγμασιν,
1191 2651 1221 2705 ὃ
1259 2645 1322 2721 ἦν
1359 2648 1653 2705 ὑπεναντίον
1695 2648 1856 2720 ἡμῶν·
1911 2644 2103 2723 4ἦρκεν
2138 2654 2193 2706 ἐκ
2225 2653 2377 2721 μέσου

438 2738 757 2807 προςηλώσας
803 2734 924 2790 αύτὸ
969 2743 1039 2811 τῷ
1082 2742 1301 2812 σταυρῷ·
1366 2734 1769 2806 ἀπεκδυσάμενος
1810 2735 1898 2800 τὰς
1937 2735 2112 2808 Ἀρχάς
2155 2739 2239 2791 καὶ
2284 2737 2376 2802 τάς

437 2813 688 2887 Ἐξουσίας
713 2828 737 2859 ⁵
754 2821 1100 2893 ἐδειγμάτισεν,
1139 2825 1189 2878 ἐν
1215 2826 1465 2896 παρρησίᾳ
1488 2821 1833 2894 θριαμβεύσας
1859 2821 2075 2886 6αὐτούς
2101 2824 2153 2876 ἐν
2185 2821 2374 2898 7αὐτῷ·

446 2908 648 2980 θθύρας
670 2913 850 2978 χαλκᾶς
876 2912 1177 2980 συντρίψας,
1213 2910 1299 2962 καὶ
1325 2907 1535 2978 μοχλούς
1564 2912 1804 2980 σιδηροῦς
1831 2907 2140 2973 συνθλάσας,
2178 2907 2232 2962 τό
2263 2915 2374 2976 φῶς

440 2988 595 3058 αὖθις
631 2992 854 3058 ὑπέδειξε
891 3000 979 3063 τῆς
1015 2998 1164 3063 ζωῆς,
1220 3002 1382 3066 χεῖρας
1424 2995 1639 3066 ὀρέγων,
1693 2993 1971 3060 ὁδοποιῶν,
2030 2991 2375 3066 ς’ύποβοὶθραν

440 3079 668 3153 οὐρανῶν
695 3078 1016 3148 ύποδεικνῦς,
1058 3081 1372 3151 Παράδεισον
1397 3073 1551 3144 αὖθις
1583 3083 1737 3135 οἰκεῖν
1767 3080 1932 3143 ἀξιῶν.
2015 3082 2193 3132 Τοίνυν
2216 3078 2373 3154 κατῴ-

437 3185 587 3234 κησεν
612 3169 663 3221 ἐν
689 3165 832 3235 ἡμῖν,
883 3167 970 3219 καὶ
996 3164 1050 3220 τό
1079 3169 1324 3234 δικαίωμα
1349 3172 1441 3220 τοῦ
1479 3165 1640 3236 νόμου
1666 3163 1786 3228 δούς
1807 3162 1927 3233 ἡμῖν
1956 3170 2046 3218 τοῦ
2074 3163 2370 3233 πνεύματος,

438 3254 508 3314 εἰς
531 3251 586 3306 τὸ
610 3259 796 3323 γνῶναι
821 3250 991 3318 αὐτόν,
1038 3250 1142 3319 1οἢ
1165 3250 1226 3305 τοὶ
1251 3253 1364 3323 περὶ
1394 3251 1569 3319 αὐτοῦ,
1608 3251 1639 3306 ὅ
1663 3253 1793 3306 ἐστιν
1820 3246 1943 3320 άρχή
1965 3250 2051 3303 καὶ
2070 3250 2205 3312 τέλος
2230 3256 2370 3320 ζωῆς.

441 3338 616 3407 Νόμος
644 3339 962 3406 δικαιοσύνης
990 3338 1187 3408 γέγονεν
1219 3335 1367 3405 ἡμῖν,
1428 3343 1482 3375 ¹¹
1500 3336 1653 3405 νόμος
1677 3340 1909 3400 πίστεως,
1961 3333 2114 3403 νόμος
2154 3337 2371 3405 πνεύμα-

436 3444 543 3489 τος,
593 3423 854 3495 ἐλεύθερος
885 3425 940 3478 ἐκ
981 3421 1140 3492 νόμου
1173 3421 1431 3495 12σαρκὸς
1466 3420 1719 3493 ἁμαρτίας.
1793 3419 1887 3474 And
1921 3419 2270 3490 1ξ’·συνήδομαι
2299 3427 2369 3496 τῷ

437 3508 576 3582 νόμῳ
611 3516 700 3563 τοῦ
734 3516 860 3564 θεοῦ
895 3507 1018 3563 κατά
1061 3507 1146 3563 τὸν
1181 3510 1275 3563 ἔσω
1315 3507 1609 3581 ἄνθρωπον·
1658 3509 1753 3560 ἔσω
1792 3507 1844 3560 δὲ
1886 3503 2029 3574 ἡμῶν
2066 3503 2096 3560 ό
2137 3505 2367 3579 Χριστός,

493 3609 532 3651 2.
563 3614 741 3655 Fortasse
768 3611 840 3655 τοῦ
871 3611 974 3655 υἱοῦ.
1485 3612 1526 3654 2.
1558 3608 1631 3654 καὶ
1660 3608 1838 3658 δικαίως
1866 3621 1941 3649 om.
1972 3611 2113 3650 Ancor.

492 3666 536 3721 *)
570 3669 664 3708 Vide
701 3672 881 3710 Ancorat.
923 3682 1008 3720 cap.
1026 3668 1094 3712 65.
1111 3699 1124 3720 ,
1162 3682 1203 3721 p.
1220 3667 1275 3713 67
1291 3682 1373 3722 sqq.
1486 3668 1525 3710 3.
1556 3663 1617 3715 ὥς
1645 3668 1727 3706 cod.
1759 3667 1921 3717 Rhediy.
1942 3716 1963 3734 ν

438 3724 497 3764 ed.
526 3725 662 3764 Petav.
1487 3722 1525 3766 4.
1547 3727 1589 3766 ln
1606 3726 1745 3766 Ancor.
1773 3725 1911 3774 le9itur
1936 3736 2042 3776 αρας
2068 3721 2119 3766 ἐκ
2146 3722 2276 3778 μέσου
2293 3721 2367 3767 καὶ

498 3779 592 3819 Cn.
613 3781 661 3820 ΙΙ.
678 3803 726 3811 —-
777 3781 812 3824 1.
840 3782 914 3827 καὶ
937 3783 1133 3838 σωτῆρος
1157 3783 1271 3824 addit
1295 3786 1375 3824 An-
1430 3777 1709 3836 προςηλιόσας
1735 3779 1796 3835 τῷ
1830 3792 1890 3821 στ.

437 3848 515 3878 cor.
1487 3838 1525 3879 5.
1556 3832 1932 3890 παρεδειγμάτισεν
1963 3838 2100 3877 Ancor.
