2508 4134
1932 307 2033 357 413

140 414 261 465 alius
302 413 506 481 denique
547 414 670 465 alind
711 414 801 465 sibi
843 415 898 465 ad
944 417 1307 484 oppugnandum
1354 417 1536 484 arripit.
1630 413 1674 467 Ο
1712 415 2032 466 turbulentum

140 506 352 548 nostrum
395 498 666 548 saeculum!
718 498 766 548 in
795 516 887 565 quo
921 499 1160 549 hominum
1202 500 1298 550 vita
1327 518 1558 551 summum
1587 500 1634 550 in
1666 500 1920 551 discrimen
1953 500 2036 550 ad-

138 581 353 644 ducitur,
409 599 526 648 quae
556 582 763 650 undique
790 582 1009 648 pessimis
1040 599 1066 631 a
1096 583 1326 632 daemone
1355 584 1628 651 propagatis
1658 584 1930 650 opinionum
1959 600 2036 633 er·

136 665 356 729 roribuS,
410 682 466 715 ae
494 666 719 733 perfidiae
750 666 1032 716 commentis
1066 665 1301 716 obruitur.
1381 664 1599 732 Quanam
1631 684 1748 718 vero
1783 669 1938 717 fronte
1963 668 2036 718 in-

137 757 406 817 corruptam
435 749 559 799 illam
588 750 819 816 virgine-m
846 750 1205 817 aggrediuntur,
1247 767 1368 816 quae
1403 750 1476 799 dei
1504 751 1581 799 filii
1610 751 1896 801 domicilium
1923 767 2033 801 esse

136 831 343 883 meruit?
379 849 500 900 quae
527 850 588 883 ex
616 833 801 884 infinito
834 831 1157 884 Israelitarum
1186 833 1386 884 numero
1414 834 1470 883 ad
1503 834 1544 882 id
1578 852 1719 884 unum
1752 843 1826 884 est
1855 835 2028 897 electa,

135 924 187 965 ut
217 933 302 967 vas
330 903 562 983 quoddam
592 925 640 967 et
667 916 896 968 habitatio
926 917 1005 967 uni
1034 925 1166 967 esset
1196 916 1358 967 divino
1388 917 1542 985 partui
1572 926 1873 968 consecrata,

275 999 382 1051 Hoc
417 1001 543 1051 enim
577 1010 710 1051 certo
740 1018 801 1052 ex
838 1009 1034 1052 auctore
1068 1001 1305 1068 cognovi,
1349 1001 1605 1051 nonnullos
1634 1001 1676 1050 id
1711 1002 1769 1051 de
1796 1000 1876 1051 illa
1909 1003 2032 1052 affir-

136 1099 267 1133 mare
296 1100 440 1135 ausos
469 1101 609 1148 esse,
650 1093 896 1152 postquam
928 1086 1217 1136 salvatorem
1245 1085 1518 1153 pepererit,
1560 1103 1664 1135 cum
1696 1085 1800 1135 viro
1830 1104 2033 1138 consue-

134 1166 345 1218 tudinem
395 1168 636 1219 habuisse.
730 1167 870 1236 Quod
917 1169 1134 1237 equidem
1180 1170 1335 1220 minus
1377 1169 1605 1218 admiror.
1696 1167 1825 1219 Nam
1867 1188 2030 1221 eorum

134 1251 323 1302 inscitia
354 1252 434 1319 qui
469 1270 623 1321 neque
648 1271 814 1304 sacras
844 1254 1009 1305 literas
1034 1263 1259 1304 accurate
1295 1253 1496 1315 callent,
1551 1270 1703 1320 neque
1735 1255 1781 1303 in
1816 1263 2031 1305 veterum

134 1335 441 1386 historiarum
486 1337 691 1388 lectione
734 1337 832 1388 triti
871 1346 1011 1400 sunt,
1071 1339 1157 1389 hos
1197 1339 1328 1406 ipsos
1358 1337 1416 1387 ab
1449 1337 1555 1387 aliis
1597 1338 1653 1387 ad
1681 1338 1771 1388 alia
1805 1340 2033 1389 transfert

134 1429 184 1469 et
211 1419 412 1487 abripit,
466 1439 571 1471 cum
608 1438 670 1472 ex
699 1420 893 1489 ingenio
930 1439 1018 1472 suo
1062 1440 1117 1472 ac
1160 1429 1319 1473 mente
1362 1421 1580 1472 veritatis
1614 1422 1818 1490 vestigia
1859 1441 2032 1474 conse-

134 1511 344 1554 ctantur.
426 1502 643 1573 Inprimis
670 1505 831 1573 itaque
860 1523 965 1556 cum
1003 1506 1143 1557 beata
1172 1506 1309 1574 virgo
1340 1503 1543 1574 losepho
1573 1506 1743 1556 tradita
1782 1515 1884 1569 est,
1938 1525 2031 1574 quo

132 1587 259 1637 illam
306 1587 452 1638 sortis
499 1589 766 1640 necessitas
803 1590 1099 1654 adduxerat,
1159 1607 1456 1658 nequaquam
1498 1590 1540 1639 ei
1579 1591 1635 1640 ad
1677 1590 2028 1659 copulationem

134 1679 206 1722 est
241 1659 522 1736 concessa,
562 1672 603 1722 si
633 1674 755 1741 quod
789 1690 867 1724 res
899 1683 975 1725 est
1005 1691 1291 1725 asseverare
1325 1674 1574 1737 volumuS,
1629 1692 1732 1724 cum
1771 1675 1932 1742 utique
1960 1676 2030 1725 vi-

133 1755 253 1806 duus
285 1765 434 1806 esset.
513 1755 610 1809 Sed
653 1766 849 1826 propter
886 1758 1037 1826 legem
1070 1767 1228 1808 tamen
1264 1759 1338 1808 vir
1373 1758 1499 1808 illius
1537 1759 1830 1827 appellatur3
1886 1777 2028 1828 porro

133 1855 197 1889 ex
223 1837 416 1890 Iudaica
450 1841 706 1892 traditione
751 1851 1106 1910 consequenter
1131 1842 1255 1893 istud
1299 1843 1598 1905 ostenditur,
1654 1861 1777 1906 non,
1834 1852 1885 1893 ut
1922 1862 2027 1894 cum

129 1922 213 1973 illo
248 1923 581 1991 copularetur,
635 1925 871 1993 virginem
905 1926 945 1976 ei
984 1927 1132 1977 fuisse
1175 1926 1425 1989 traditam,
1481 1928 1563 1977 sed
1597 1936 1645 1977 ut
1672 1928 1727 1977 ad
1765 1928 2027 1978 futurorum

130 2008 455 2059 testimonium
493 2018 803 2073 servaretur,
858 2010 1103 2078 palamque
1149 2011 1286 2061 fieret
1327 2020 1599 2079 susceptam
1643 2011 1847 2062 hominis
1880 2030 1909 2062 a
1938 2014 2027 2063 deo

130 2100 346 2143 naturam
380 2110 473 2142 non
505 2093 819 2143 adulterinam
851 2112 905 2144 ac
935 2094 1145 2163 spuriam
1177 2095 1356 2156 fuisse,
1419 2096 1501 2146 sed
1536 2094 1819 2147 certissimis
1858 2097 2028 2147 suffra-

129 2176 352 2243 gantibus
376 2176 692 2241 testimoniis,
746 2177 851 2228 sine
880 2179 1005 2229 virili
1040 2188 1174 2240 satu,
1217 2179 1413 2247 spiritns
1442 2179 1594 2229 sancti
1622 2179 1668 2229 vi
1700 2188 1746 2230 et
1774 2180 2027 2232 efficientia

128 2259 452 2311 constitutam.
533 2258 787 2327 Quomodo
833 2262 958 2312 enim
999 2271 1093 2313 tam
1132 2263 1334 2314 affectae
1378 2280 1532 2314 senex
1574 2264 1746 2314 aetatis
1790 2263 2024 2330 virginem

127 2343 304 2394 hahere
341 2361 541 2395 uxorem
581 2346 760 2413 potuit,
816 2347 893 2414 qui
921 2355 992 2397 tot
1027 2347 1165 2396 annis
1194 2356 1334 2397 antea
1373 2347 1521 2416 priori
1550 2347 1755 2414 coniuge
1787 2357 1918 2398 esset
1948 2367 2025 2399 or-

128 2426 302 2485 batus?
373 2425 618 2495 Siquidem
662 2429 737 2479 hic
770 2430 871 2498 ipse
907 2428 1137 2498 Iosephus
1176 2428 1422 2499 Cleophae
1466 2433 1642 2494 frater,
1698 2429 1858 2483 lacobi
1902 2433 2024 2485 filius

129 2521 448 2578 cognomento
489 2510 776 2578 PantheriS,
834 2515 949 2579 fuit,
1009 2516 1177 2580 ambo,
1228 2515 1448 2583 inquam,
1505 2516 1571 2565 illi
1603 2515 1847 2567 Panthere
1889 2526 2023 2585 patre

128 2594 229 2645 nati
258 2604 387 2645 sunt.
465 2592 692 2647 Ceterum
723 2598 950 2666 Iosephus
990 2599 1188 2667 primam
1230 2617 1256 2650 e
1288 2599 1415 2650 tribu
1455 2598 1600 2651 Iudae
1644 2602 1894 2668 coniugem
1939 2601 2021 2652 ha-

127 2678 254 2743 huit,
297 2697 323 2730 e
354 2696 444 2748 qua
471 2696 558 2730 sex
591 2680 768 2731 liberos
796 2682 1035 2750 suscepit,
1089 2701 1245 2735 mares
1276 2692 1508 2751 quatuor,
1560 2687 1761 2737 feminas
1790 2687 1937 2750 duas3
1978 2686 2022 2736 id

515 315 737 357 PANARH
767 317 870 357 LIB.
898 318 968 357 111.
996 318 1128 359 TOM.
1158 320 1206 358 ΙΙ.
1238 319 1397 359 HAER.
1420 319 1653 359 LXXVIII.

123 2846 176 2887 tis
201 2861 321 2902 quam
350 2847 613 2901 possidebat,
646 2863 695 2889 eo
725 2849 854 2902 ipsam
881 2850 1044 2904 adegis—

125 2911 241 2952 sent,
288 2910 384 2945 recte
425 2908 572 2945 monuit
612 2907 677 2945 Th.
712 2908 926 2946 Gataherus
965 2909 1045 2947 Ad-

122 2972 238 3000 verss.
259 2963 415 3001 Miscell.
439 2974 481 3010 p.
499 2960 591 3001 813
634 2963 896 3011 Epiphaniam
921 2965 1047 3012 ipsum

123 3018 185 3056 sui
208 3019 373 3057 extitisse
413 3021 650 3083 interpretem
684 3020 876 3057 meliorem
904 3021 944 3058 in
968 3022 1045 3058 An-

123 3077 252 3112 corato
260 3085 361 3140 cap.
387 3071 455 3113 60.
493 3064 661 3122 ,,Ουτος
694 3088 713 3114 0
740 3070 934 3139 Ἰωσὴφ,
978 3073 1044 3126 γε’-

126 3141 205 3194 ρων
235 3122 291 3170 ὢν
320 3126 391 3170 καὶ
426 3128 579 3183 χῆρος,
622 3124 712 3170 κατ’
743 3124 927 3193 οἶνοὶγκην
962 3130 1043 3195 ro}v

123 3180 289 3250 κλήρων
321 3184 579 3252 βαλλομένων
617 3183 683 3226 ἐπὶ
712 3181 867 3251 χήρους
895 3184 967 3227 καὶ
996 3181 1042 3252 οἶ-

123 3236 332 3309 χάμους
329 3235 425 3282 καζῩ
467 3238 646 3293 ἑκάστην
687 3236 828 3308 φύλην
871 3240 929 3288 εἰς
969 3239 1045 3288 τὰς

124 3293 204 3337 απὸ
237 3295 332 3337 ναοῦ
356 3295 605 3349 παρὲῑένους,
633 3293 702 3339 διὰ
728 3294 774 3338 τὸ
803 3292 1044 3363 οἶφιερωῇῆ-

123 3365 189 3393 ναι
225 3349 266 3393 ἐν
287 3353 355 3418 τῷ
387 3352 473 3394 ναῶ
500 3350 597 3400 τοὺς
629 3349 916 3405 πρωτοτόκους
950 3357 1043 3393 παῖ-

124 3409 200 3453 δας
272 3402 444 3474 οἶρρένας
483 3422 528 3450 τε
564 3407 634 3450 και
673 3407 869 3461 ἐτηλείας,
922 3407 1044 3462 ἔλαβε

123 3461 231 3505 κατὰ
271 3465 419 3516 κλῆρον
457 3461 531 3516 τὴν
572 3460 691 3517 ἁγίαν
726 3464 922 3517 παρὲένον
947 3464 1040 3504 Μα-

126 3517 223 3571 ρίαν
228 3522 253 3541 “
322 3522 381 3559 Ad
417 3521 509 3560 haec
547 3522 804 3567 wicherus,
812 3523 928 3570 ,Sunt
963 3520 1041 3559 ista

123 3587 278 3627 revera,
308 3578 444 3627 inquit,
474 3590 583 3615 mera
614 3585 880 3629 nugamenta3
911 3589 1041 3630 neque

124 3629 230 3670 enim
256 3630 597 3684 primogeniturae
622 3633 779 3672 ratione
808 3632 885 3672 nisi
911 3646 1040 3671 mares

124 3684 201 3724 soli
237 3694 351 3727 erant
388 3687 466 3726 deo
509 3687 637 3736 sacri,
684 3703 816 3742 neque
855 3688 920 3742 qui
962 3688 1039 3727 deo

125 3749 239 3781 erant
285 3742 412 3790 sacri,
470 3742 510 3782 in
553 3744 707 3797 templo
751 3744 1040 3794 educabantur,

125 3796 196 3835 sed
217 3773 494 3852 redemptione
518 3812 563 3837 ex
580 3799 664 3839 iure
689 3814 837 3854 usuque
860 3809 1039 3854 permoti

1101 2851 1154 2891 ad
1189 2866 1284 2892 suos
1325 2852 1443 2892 liberi
1483 2853 1791 2902 referebantur3
1841 2868 1916 2894 nec
1953 2862 2022 2894 aut

1101 2907 1275 2961 virgines
1316 2908 1416 2948 ullas
1457 2908 1499 2948 in
1536 2910 1629 2949 loco
1670 2924 1784 2950 sacro
1826 2911 2022 2951 asservari

1100 2963 1265 3015 solitas,
1309 2972 1379 3004 aut
1409 2965 1460 3004 de
1488 2965 1814 3018 nupturientibus
1841 2967 2023 3006 sortitio·

1101 3033 1171 3058 nes
1213 3019 1442 3060 istiusmodi
1479 3020 1685 3061 institutas
1726 3022 1896 3062 historia
1940 3023 2021 3061 ulla

1100 3085 1457 3116 monumentumve
1494 3076 1573 3116 fide
1609 3077 1773 3131 dignum
1817 3078 2020 3118 denarrat.

1099 3132 1374 3171 Veruntamen
1415 3140 1529 3185 patet
1571 3133 1666 3172 hinc
1706 3149 1794 3173 eam
1823 3134 1946 3173 fuisse
1976 3135 2018 3173 in

1098 3186 1189 3226 loco
1243 3188 1373 3227 altero
1431 3188 1503 3227 illo
1559 3189 1776 3242 Epiphanii
1826 3198 2018 3239 mentem,

1100 3242 1256 3282 etiamsi
1283 3252 1366 3282 tam
1392 3259 1415 3284 a
1439 3244 1498 3283 rei
1527 3245 1697 3284 veritate
1724 3245 1897 3284 alienam
1931 3261 2019 3285 eam

1100 3311 1219 3350 quam
1256 3307 1392 3339 mente
1430 3299 1554 3352 ipsius
1587 3301 1665 3339 fuit
1692 3301 1767 3340 viri
1796 3301 2019 3341 doctissimi

1100 3355 1305 3407 utriusque
1335 3355 1530 3408 opinatio.
1591 3357 1713 3405 Quod
1743 3371 1818 3410 ego
1850 3371 1899 3397 eo
1929 3372 2020 3398 ma-

1098 3408 1158 3461 gis
1196 3409 1334 3450 monui
1364 3411 1455 3464 quia
1488 3413 1533 3450 V.
1568 3411 1625 3452 Cl
1656 3412 1785 3451 tried.
1815 3414 2018 3466 Spanhei-

1097 3465 1261 3504 minsin
1287 3465 1390 3505 Dub.
1419 3467 1609 3519 Evangel
1642 3466 1704 3516 14,
1734 3477 1833 3508 sect.
1860 3470 1898 3508 5.
1944 3470 2018 3510 Ca-

1096 3521 1319 3560 sanbonum
1355 3521 1396 3560 in
1426 3522 1501 3562 hac
1529 3522 1766 3575 opinatione
1807 3525 1907 3565 falsa
1947 3541 2018 3566 se-

1098 3586 1224 3625 cutuS,
1253 3577 1363 3617 idem
1387 3591 1435 3616 ex
1459 3578 1688 3632 Epiphanio
1711 3580 1886 3632 probare
1913 3596 2016 3623 con—

1094 3633 1273 3672 tendit.“

1151 3689 1187 3729 3.
1220 3692 1419 3740 Excerpsit
1444 3692 1543 3731 hunc
1570 3694 1693 3731 locum
1723 3695 1900 3734 Anastas.
1930 3697 2014 3735 Sin.

1099 3747 1266 3794 Quaestt.
1294 3758 1387 3797 pay.
1417 3745 1509 3787 618.
1544 3750 1663 3788 Grets.

2065 1009 2159 1064 Cap.
2176 1011 2265 1051 VII.
