2508 4134
932 320 1109 362 INDEX
1138 320 1345 361 RERUM.

190 419 339 461 Christi
367 433 462 460 crux
487 418 682 460 adversus
719 416 1017 458 haereticorum
1042 416 1108 457 vi-

242 503 309 529 rus
342 503 481 529 verum
508 487 731 528 remedium
762 489 856 526 101.

189 558 369 599 Christus
395 557 553 599 sanavit
587 556 775 598 homines
807 556 859 596 ab
889 555 1108 596 infirmita-

242 628 350 667 tibus
379 642 461 668 non
493 626 669 682 pecudes
695 627 787 666 650.

191 697 370 738 Christus
389 696 552 752 quando
565 696 606 736 in
628 696 820 736 mundum
837 693 994 736 venerit
1010 697 1104 734 663.

192 767 341 809 Christi
371 766 538 821 triginta
590 764 686 806 anni
741 764 857 806 fastis
898 764 1106 805 consulum

245 837 386 879 ordine
419 850 493 877 suo
522 835 655 876 notati
676 837 772 875 445.

192 906 372 948 Christus
411 921 482 946 cur
534 904 828 960 primogenitus
878 904 932 944 sit
974 903 1108 945 dictus

245 979 368 1018 1053.

191 1047 373 1088 Christus
401 1060 446 1086 re
475 1059 570 1086 vera
596 1044 773 1085 humana
802 1042 937 1084 omnia
964 1055 1103 1083 susce-

244 1117 309 1172 pit
337 1119 459 1157 1029.

193 1186 375 1226 Christus
411 1199 481 1226 cur
506 1184 547 1224 in
577 1198 713 1238 regem
750 1181 932 1223 noluerit
968 1180 1108 1234 inungi

247 1270 337 1297 cum
361 1255 452 1310 ipse
476 1268 499 1294 e
522 1253 632 1308 regia
658 1252 824 1293 Davidis
849 1252 975 1307 stirpe
1004 1260 1110 1291 esset

247 1325 440 1366 oriundus
481 1326 575 1365 117.
607 1346 660 1354 —
729 1336 806 1362 nec
841 1331 977 1362 tamen
1011 1334 1111 1376 pro-

246 1395 398 1450 phetae
427 1395 468 1435 in
499 1408 549 1434 eo
581 1391 683 1447 lapsi
713 1396 806 1432 118.

194 1465 343 1506 Christi
375 1464 574 1505 adventus
602 1461 758 1503 ludaeis
787 1476 858 1516 per
890 1461 1112 1516 prophetas

248 1534 504 1589 praedicatus
535 1536 598 1572 18.

195 1604 376 1645 Christus
412 1603 624 1658 prophetis
663 1601 876 1656 apparuit,
919 1614 1115 1654 suumque

247 1673 466 1714 adventum
495 1671 695 1712 nuntiavit
720 1675 812 1712 518.
851 1693 897 1701 --
954 1685 1024 1710 cur
1047 1669 1114 1709 di-

249 1751 363 1784 catur
391 1744 426 1785 A
455 1750 499 1782 et
530 1741 574 1784 Ω
604 1745 698 1784 519.

195 1812 377 1853 Christus
423 1826 494 1852 cur
529 1812 670 1852 loanni
705 1819 874 1852 matrem
903 1823 1114 1850 commen-

248 1881 408 1923 daverit
437 1884 560 1923 1042.

195 1952 377 1994 Christus
424 1951 566 1992 clausis
613 1951 770 1992 foribus
813 1951 1015 2004 ingressus
1054 1957 1116 1988 est

249 2025 371 2062 1023.
405 2044 455 2053 -
513 2021 729 2064 humanam
765 2029 947 2061 mentem
975 2018 1117 2059 habuit

250 2095 369 2133 1024,
406 2114 456 2122 -·
515 2090 567 2130 de
600 2090 748 2131 Christi
770 2098 907 2131 mente
938 2089 1116 2130 obiectio

250 2162 414 2216 eiusque
437 2161 634 2202 refutatio
661 2163 782 2202 1025.

198 2232 379 2273 Christus
408 2230 616 2286 quomodo
651 2230 704 2270 sit
741 2246 880 2286 passus
908 2234 1032 2271 1026.
1063 2252 1116 2260 -—

253 2301 483 2342 declaratur
501 2300 799 2354 proprietatum
816 2301 1023 2355 utriusque
1046 2313 1116 2340 na-

250 2379 367 2412 turae
395 2370 437 2410 in
469 2370 631 2411 Christo
662 2370 892 2412 communio
923 2373 1044 2411 1027.

199 2440 349 2483 Christi
377 2454 492 2481 mens
519 2455 621 2495 quae
650 2440 810 2481 dicatur
839 2444 963 2481 1028.

199 2511 382 2553 Christus
423 2524 493 2551 cur
531 2510 682 2565 nuptiis
710 2511 886 2552 voluerit
923 2511 1119 2551 interesse

252 2583 348 2621 452.

200 2649 610 2709 Christus‘quomodo
630 2658 673 2690 et
695 2651 859 2705 quando
885 2651 962 2692 fuit
987 2665 1011 2692 a
1026 2652 1121 2692 Ma-

253 2720 314 2774 gis
343 2719 533 2759 adoratus
563 2723 661 2760 431.

202 2788 351 2832 Christi
371 2789 598 2830 incarnatio
628 2804 748 2838 vera,
779 2799 820 2831 et
848 2789 995 2831 divinis
1025 2804 1122 2831 ora-

255 2859 352 2899 culis
380 2859 664 2913 praenuntiata
693 2863 759 2900 51.

203 2929 383 2970 Christus
426 2942 506 2982 quo
542 2937 728 2983 tempore
760 2938 802 2970 et
839 2943 948 2969 anuo
978 2928 1120 2969 aetatis

253 3014 394 3054 passus
421 3002 517 3040 446.
552 3022 597 3029 --
655 3000 713 3039 ita
752 3008 796 3038 ut
820 2999 897 3039 tria
925 2998 1121 3039 Paschata

255 3068 488 3123 impleverit
511 3067 607 3107 ibid.
637 3091 690 3098 —
733 3083 814 3123 quo
843 3083 980 3108 mense
1005 3077 1121 3108 natus

257 3149 319 3180 cst
348 3138 445 3179 ibid.
478 3161 533 3169 —
588 3137 672 3178 eius
710 3152 836 3177 annus
864 3137 1123 3192 acceptabilis

257 3214 351 3250 447.
392 3232 435 3239 *-
495 3218 655 3261 tempus
684 3207 882 3260 passionis
916 3207 1000 3246 eius
1026 3211 1120 3247 448.

203 3279 352 3320 Christi
398 3279 571 3319 infantia
622 3291 704 3318 non
754 3276 840 3317 sine
884 3276 1122 3331 quibusdam

256 3349 457 3390 miraculis
486 3357 577 3388 acta
592 3351 688 3387 442.
720 3370 771 3377 -
802 3346 982 3386 eiusdem
1010 3346 1122 3386 nati-

257 3419 395 3460 vit-ntis
425 3427 584 3473 tempus
621 3416 843 3458 accuratius
878 3415 1123 3469 expenditur

257 3493 353 3531 444.
971 3498 982 3517 ⁴

205 3558 385 3600 Christus
424 3559 576 3613 regiam
602 3557 841 3611 dignitatem
864 3555 1123 3611 pontificibus

259 3629 463 3670 concessit
494 3631 587 3669 119.

206 3697 387 3738 Christus
414 3713 492 3753 qua
518 3699 677 3739 ratione
703 3696 891 3753 pontifex
917 3704 958 3736 et
984 3710 1122 3736 sacer—

259 3768 335 3809 dos
365 3768 522 3810 dicatur
553 3772 645 3809 762.

1981 308 2075 358 751

1168 415 1315 457 Christi
1358 414 1549 456 divinitas
1594 414 1792 471 passionis
1833 422 1896 455 est
1939 427 2085 468 expers

1224 489 1315 525 748.

1169 555 1349 595 Christus
1381 570 1451 596 cur
1482 555 1605 595 fuerit
1634 553 1893 595 circumcisus
1922 555 2015 593 153.

1168 624 1351 664 Christus
1381 639 1449 665 rex
1479 634 1521 664 et
1549 624 1738 665 sacerdos.
1768 626 1862 662 119.

1169 693 1348 733 Christus
1395 694 1601 748 quomodo
1648 692 1866 735 redemerit
1914 699 1957 732 et
2007 703 2087 732 non

1221 764 1390 812 emerit,
1422 772 1462 804 et
1492 778 1572 819 quo
1602 763 1735 818 pretio
1761 765 1854 803 699.

1168 832 1348 873 Christus
1374 841 1457 873 tam
1485 847 1532 873 ex
1557 833 1683 873 verbo
1711 832 1936 879 incarnato,
1968 844 2088 886 qnam

1220 916 1269 942 ex
1299 903 1464 943 homine
1494 902 1709 943 divinitate
1733 902 1884 945 affecto
1907 903 2089 944 subsistit

1221 974 1316 1013 765.

1168 1041 1348 1082 Christus
1371 1056 1491 1096 quam
1519 1043 1572 1083 ob
1609 1056 1787 1084 caussam
1817 1043 1987 1084 iudicari
2011 1057 2089 1085 vo-

1221 1111 1341 1152 luerit
1372 1115 1465 1154 774.

1170 1180 1317 1221 Christi
1345 1181 1524 1222 adventu
1550 1181 1616 1222 lex
1650 1182 1808 1235 soluta,
1852 1197 1929 1223 nec
1956 1182 2090 1237 potuit

1223 1250 1393 1304 amplius
1421 1251 1579 1305 impleri
1612 1255 1704 1292 123.

1172 1320 1375 1360 Christum
1404 1335 1541 1360 verum
1568 1321 1774 1362 hominem
1800 1322 1949 1372 fuisse,
1982 1330 2023 1362 et
2048 1321 2090 1361 in

1225 1389 1391 1443 virginis
1435 1397 1550 1431 utero
1590 1391 1785 1431 coaluisse
1827 1400 1971 1446 postea
2009 1390 2089 1432 cir-

1227 1458 1445 1499 cumcisum
1476 1468 1556 1501 etc.
1588 1464 1679 1502 152.

1174 1531 1375 1572 Christum
1425 1530 1531 1570 diem
1584 1530 1724 1571 iudicii
1770 1545 1854 1571 non
1904 1531 2092 1585 ignorare

1231 1604 1324 1642 766.
1361 1624 1407 1631 -
1466 1609 1507 1640 et
1537 1598 1744 1654 quomodo
1776 1600 1935 1641 dicatur
1969 1600 2092 1641 etiam

1226 1671 1341 1710 illum
1367 1670 1556 1724 ignorare
1583 1673 1674 1709 767.
1709 1694 1760 1700 --
1805 1670 1986 1724 cognitio
2017 1685 2085 1709 va-

1227 1740 1295 1781 riis
1320 1739 1462 1790 modis,
1493 1748 1538 1780 ut
1564 1748 1605 1779 et
1628 1740 1856 1794 ignorantia
1881 1747 2094 1793 usurpatur

1229 1815 1323 1852 768.
1357 1835 1404 1842 --
1466 1818 1509 1850 et
1550 1823 1621 1850 cur
1657 1817 1777 1863 pater
1809 1810 1919 1851 solus
1955 1808 2096 1850 iudicii

1229 1882 1338 1921 diem
1367 1894 1489 1920 nosse
1530 1879 1688 1919 dicatur
1729 1882 1820 1919 769.
1850 1903 1906 1910 —
1961 1878 2095 1932 angeli

1228 1967 1326 1993 vero
1370 1948 1661 1991 diem.iudicii
1702 1963 1867 2002 prorsus
1906 1948 2096 2003 ignorant

1232 2025 1322 2062 770.

1177 2093 1357 2133 Christus
1399 2089 1614 2146 parabolas
1652 2103 1744 2131 suas
1793 2097 1836 2129 ut
1882 2087 2095 2143 plurimum

1228 2161 1453 2216 explicavit
1482 2163 1576 2200 206.

1178 2232 1357 2272 Christus
1389 2246 1459 2272 cur
1488 2239 1647 2285 patrem
1675 2229 1763 2284 ipse
1791 2228 1970 2269 oraverit
2005 2230 2094 2267 753.

1178 2302 1379 2342 Christum
1419 2301 1571 2341 nudum
1596 2299 1806 2340 hominem
1843 2312 1925 2339 uon
1959 2297 2095 2345 fuisse,

1231 2371 1304 2412 sed
1363 2371 1530 2412 verbum
1592 2369 1784 2410 vestitum
1846 2368 2097 2409 humanitate

1234 2444 1327 2482 763.

1181 2512 1506 2553 Christianismus
1542 2511 1717 2564 primum
1744 2507 1982 2550 Antiochiae
2020 2521 2098 2549 vo-

1234 2583 1315 2623 cari
1344 2590 1513 2636 coeptus
1543 2584 1608 2622 51.
1865 2574 1871 2579 ⁰

1182 2652 1398 2693 Christiani
1434 2644 1539 2705 post'
1573 2650 1955 2704 Hierosolymorum
1986 2648 2098 2688 exci-

1234 2723 1392 2763 sionem
1419 2721 1573 2762 Pellam
1599 2720 1840 2761 habitabant
1868 2722 1960 2759 123.

1183 2792 1503 2834 Christianorum
1527 2806 1575 2831 ac
1602 2788 1869 2844 professionis
1902 2786 2098 2828 Christia-

1236 2877 1342 2910 nae,
1383 2869 1533 2915 quanta
1574 2860 1627 2900 sit
1664 2857 1867 2914 perfectio
1909 2857 1951 2897 in
1988 2856 2099 2898 omni

1234 2933 1318 2973 vita
1347 2935 1443 2973 499.

1182 3001 1398 3043 Christiani
1430 3000 1537 3040 unde
1566 2999 1666 3039 dicti
1697 2998 1871 3038 Iessaeni
1902 3001 1996 3039 120.

1183 3071 1396 3112 Christiani
1437 3068 1639 3110 Nazaraei
1672 3067 1771 3108 dicti
1811 3071 1904 3108 117.
1935 3091 1987 3099 -
2058 3076 2101 3108 et

1237 3141 1408 3195 primum
1452 3139 1690 3180 Antiochiae
1734 3137 1835 3177 dicti
1884 3136 2100 3178 Christiani

1184 3218 1188 3222 “
1234 3210 1330 3250 ibid.
1360 3234 1411 3240 --
1472 3209 1569 3248 item
1600 3215 1642 3247 et
1672 3207 1818 3247 lessaei
1841 3206 1941 3247 ibid.

1183 3279 1504 3320 Christianorum
1536 3277 1808 3318 sacerdotium
1836 3279 1932 3316 470.

1183 3348 1396 3389 Christiani
1421 3363 1444 3388 c
1472 3347 1624 3387 Gothia
1658 3346 1760 3400 pulsi
1802 3361 1825 3385 a
1860 3360 1954 3399 rege
1992 3359 2100 3401 quo-

1234 3418 1327 3458 dam
1356 3418 1499 3472 gentili
1531 3420 1624 3457 828.

1183 3488 1500 3528 Christianorum
1554 3486 1831 3527 controversia
1880 3486 1986 3527 circa
2030 3500 2099 3527 eos

1236 3558 1304 3612 qui
1342 3557 1537 3598 sacrificia
1587 3556 1791 3596 idolorum
1832 3555 2020 3597 obierant
2059 3564 2102 3596 et

1235 3635 1380 3682 postea
1415 3627 1700 3682 poenituerant
1727 3629 1819 3665 717.
1848 3649 1905 3657 —
1959 3625 2101 3666 diver-

1235 3711 1304 3736 sae
1348 3697 1458 3738 circa.
1501 3695 1603 3736 illud
1652 3695 1818 3736 dubium
1872 3696 2099 3737 sententiae

1237 3766 1420 3816 Meletii,
1474 3765 1609 3818 Pelei,
1667 3773 1710 3806 et
1749 3766 1921 3807 aliorum
1959 3775 2102 3808 contra
