<?xml version="1.0" encoding="UTF-8"?>
<!DOCTYPE html PUBLIC "-//W3C//DTD XHTML 1.0 Transitional//EN"
    "http://www.w3.org/TR/xhtml1/DTD/xhtml1-transitional.dtd">
<html xmlns="http://www.w3.org/1999/xhtml" xml:lang="en" lang="en">
 <head>
  <title>
</title>
<meta http-equiv="Content-Type" content="text/html;charset=utf-8" />
  <meta name='ocr-system' content='tesseract 3.04.00' />
  <meta name='ocr-capabilities' content='ocr_page ocr_carea ocr_par ocr_line ocrx_word'/>
</head>
<body>
  <div class='ocr_page' id='page_1' title='image "./pt3corporishaere02epipuoft/pt3corporishaere02epipuoft_0290.png"; bbox 0 0 2508 4134; ppageno 0'>
   <div class='ocr_carea' id='block_1_1' title="bbox 224 1402 409 1448">
    <p class='ocr_par' dir='ltr' id='par_1_1' title="bbox 224 1402 409 1448">
     <span class='ocr_line' id='line_1_1' title="bbox 224 1402 409 1448; baseline -0.011 -11"><span class='ocrx_word' id='word_1_1' title='bbox 224 1411 309 1448; x_wconf 76' lang='lat' dir='ltr'><strong><em>pag.</em></strong></span> <span class='ocrx_word' id='word_1_2' title='bbox 333 1402 409 1438; x_wconf 76' lang='lat'><strong>965.</strong></span> 
     </span>
    </p>
   </div>
   <div class='ocr_carea' id='block_1_2' title="bbox 442 241 1654 293">
    <p class='ocr_par' dir='ltr' id='par_1_2' title="bbox 442 241 1654 293">
     <span class='ocr_line' id='line_1_2' title="bbox 442 241 1654 293; baseline -0.004 0"><span class='ocrx_word' id='word_1_3' title='bbox 442 241 544 293; x_wconf 83' lang='lat'><strong><em>280</em></strong></span> <span class='ocrx_word' id='word_1_4' title='bbox 884 278 899 293; x_wconf 32' lang='grc' dir='ltr'><strong><em>ε</em></strong></span> <span class='ocrx_word' id='word_1_5' title='bbox 1111 262 1114 263; x_wconf 35' lang='lat'><em>⁷</em></span> <span class='ocrx_word' id='word_1_6' title='bbox 1141 246 1344 289; x_wconf 78' lang='lat' dir='ltr'><strong>SANch</strong></span> <span class='ocrx_word' id='word_1_7' title='bbox 1372 246 1654 289; x_wconf 79' lang='lat' dir='ltr'><strong>EPIPHANH</strong></span> 
     </span>
    </p>
   </div>
   <div class='ocr_carea' id='block_1_3' title="bbox 441 337 2381 1269">
    <p class='ocr_par' dir='ltr' id='par_1_3' title="bbox 441 337 2381 1269">
     <span class='ocr_line' id='line_1_3' title="bbox 442 337 2374 420; baseline -0.001 -18"><span class='ocrx_word' id='word_1_8' title='bbox 442 350 495 402; x_wconf 83' lang='grc' dir='ltr'><strong><em>έν</em></strong></span> <span class='ocrx_word' id='word_1_9' title='bbox 532 345 739 414; x_wconf 83' lang='grc' dir='ltr'><em>δυνάμει</em></span> <span class='ocrx_word' id='word_1_10' title='bbox 780 350 933 411; x_wconf 83' lang='grc' dir='ltr'><strong><em>θεοῦ,</em></strong></span> <span class='ocrx_word' id='word_1_11' title='bbox 984 337 1017 418; x_wconf 81' lang='grc' dir='ltr'><em>ᾗ</em></span> <span class='ocrx_word' id='word_1_12' title='bbox 1057 346 1394 412; x_wconf 85' lang='grc' dir='ltr'><strong><em>κατηξίωνται.</em></strong></span> <span class='ocrx_word' id='word_1_13' title='bbox 1473 343 1549 397; x_wconf 76' lang='grc' dir='ltr'><strong><em>Οὐ</em></strong></span> <span class='ocrx_word' id='word_1_14' title='bbox 1587 342 1679 415; x_wconf 76' lang='grc' dir='ltr'><strong><em>γάρ</em></strong></span> <span class='ocrx_word' id='word_1_15' title='bbox 1721 345 1774 398; x_wconf 84' lang='grc' dir='ltr'><strong><em>έν</em></strong></span> <span class='ocrx_word' id='word_1_16' title='bbox 1808 344 1937 417; x_wconf 79' lang='grc' dir='ltr'><strong><em>λόγῳ</em></strong></span> <span class='ocrx_word' id='word_1_17' title='bbox 1968 351 2316 420; x_wconf 77' lang='grc' dir='ltr'><strong><em>συλλογιστικῷ</em></strong></span> <span class='ocrx_word' id='word_1_18' title='bbox 2338 344 2374 415; x_wconf 78' lang='grc' dir='ltr'><em>ἦ</em></span> 
     </span>
     <span class='ocr_line' id='line_1_4' title="bbox 441 426 2374 503; baseline 0.001 -19"><span class='ocrx_word' id='word_1_19' title='bbox 441 433 658 500; x_wconf 89' lang='grc' dir='ltr'><strong><em>βασιλεία</em></strong></span> <span class='ocrx_word' id='word_1_20' title='bbox 686 436 785 484; x_wconf 82' lang='grc' dir='ltr'><strong><em>τῶν</em></strong></span> <span class='ocrx_word' id='word_1_21' title='bbox 812 428 1066 501; x_wconf 76' lang='grc' dir='ltr'><strong><em>οὐρανῶν,</em></strong></span> <span class='ocrx_word' id='word_1_22' title='bbox 1105 430 1190 482; x_wconf 88' lang='grc' dir='ltr'><strong><em>καὶ</em></strong></span> <span class='ocrx_word' id='word_1_23' title='bbox 1216 432 1269 483; x_wconf 80' lang='grc' dir='ltr'><strong><em>ἐν</em></strong></span> <span class='ocrx_word' id='word_1_24' title='bbox 1296 428 1425 503; x_wconf 81' lang='grc' dir='ltr'><strong><em>λόγῳ</em></strong></span> <span class='ocrx_word' id='word_1_25' title='bbox 1449 435 1798 503; x_wconf 81' lang='grc' dir='ltr'><strong><em>κομπαστικῷ,</em></strong></span> <span class='ocrx_word' id='word_1_26' title='bbox 1850 426 1948 482; x_wconf 74' lang='grc' dir='ltr'><strong><em>ἄλλ’</em></strong></span> <span class='ocrx_word' id='word_1_27' title='bbox 1976 431 2028 483; x_wconf 82' lang='grc' dir='ltr'><strong><em>έν</em></strong></span> <span class='ocrx_word' id='word_1_28' title='bbox 2053 431 2258 500; x_wconf 88' lang='grc' dir='ltr'><strong><em>δυνάμει</em></strong></span> <span class='ocrx_word' id='word_1_29' title='bbox 2287 432 2374 486; x_wconf 80' lang='grc' dir='ltr'><strong><em>καὶ</em></strong></span> 
     </span>
     <span class='ocr_line' id='line_1_5' title="bbox 442 511 2376 589; baseline 0 -19"><span class='ocrx_word' id='word_1_30' title='bbox 442 516 664 589; x_wconf 73' lang='grc' dir='ltr'><strong><em>ἀληθείᾳ.</em></strong></span> <span class='ocrx_word' id='word_1_31' title='bbox 740 518 842 569; x_wconf 87' lang='grc' dir='ltr'><strong><em>Καὶ</em></strong></span> <span class='ocrx_word' id='word_1_32' title='bbox 865 514 958 585; x_wconf 77' lang='grc' dir='ltr'><strong><em>γάρ</em></strong></span> <span class='ocrx_word' id='word_1_33' title='bbox 984 513 1202 586; x_wconf 81' lang='grc' dir='ltr'><strong><em>άρκετῶς</em></strong></span> <span class='ocrx_word' id='word_1_34' title='bbox 1240 513 1590 584; x_wconf 70' lang='grc' dir='ltr'><strong><em>17’ἠκούσαμεν</em></strong></span> <span class='ocrx_word' id='word_1_35' title='bbox 1614 517 1663 578; x_wconf 76' lang='grc' dir='ltr'><strong><em>ἐξ</em></strong></span> <span class='ocrx_word' id='word_1_36' title='bbox 1689 511 1842 585; x_wconf 69' lang='grc' dir='ltr'><strong><em>ἀρχῆς</em></strong></span> <span class='ocrx_word' id='word_1_37' title='bbox 1868 520 1957 568; x_wconf 90' lang='grc' dir='ltr'><strong><em>τοῦ</em></strong></span> <span class='ocrx_word' id='word_1_38' title='bbox 1982 514 2134 586; x_wconf 81' lang='grc' dir='ltr'><strong><em>λόγου</em></strong></span> <span class='ocrx_word' id='word_1_39' title='bbox 2165 534 2258 570; x_wconf 91' lang='grc' dir='ltr'><strong><em>σου</em></strong></span> <span class='ocrx_word' id='word_1_40' title='bbox 2282 522 2376 571; x_wconf 89' lang='grc' dir='ltr'><strong><em>τοῦ</em></strong></span> 
     </span>
     <span class='ocr_line' id='line_1_6' title="bbox 442 598 2376 672; baseline 0.001 -17"><span class='ocrx_word' id='word_1_41' title='bbox 442 604 557 672; x_wconf 88' lang='grc' dir='ltr'><strong><em>περὶ</em></strong></span> <span class='ocrx_word' id='word_1_42' title='bbox 583 599 854 672; x_wconf 84' lang='grc' dir='ltr'><strong><em>στερήσεως</em></strong></span> <span class='ocrx_word' id='word_1_43' title='bbox 880 603 1026 664; x_wconf 87' lang='grc' dir='ltr'><strong><em>ἕξεων</em></strong></span> <span class='ocrx_word' id='word_1_44' title='bbox 1057 601 1142 653; x_wconf 85' lang='grc' dir='ltr'><strong><em>καὶ</em></strong></span> <span class='ocrx_word' id='word_1_45' title='bbox 1169 601 1384 666; x_wconf 82' lang='grc' dir='ltr'><strong>θέσεων,</strong></span> <span class='ocrx_word' id='word_1_46' title='bbox 1422 601 1507 654; x_wconf 85' lang='grc' dir='ltr'><strong><em>καὶ</em></strong></span> <span class='ocrx_word' id='word_1_47' title='bbox 1534 598 1767 670; x_wconf 77' lang='grc' dir='ltr'><strong><em>γεννητὴν</em></strong></span> <span class='ocrx_word' id='word_1_48' title='bbox 1798 598 1974 653; x_wconf 72' lang='grc' dir='ltr'><strong><em>οὐσίαν</em></strong></span> <span class='ocrx_word' id='word_1_49' title='bbox 1995 602 2082 654; x_wconf 86' lang='grc' dir='ltr'><strong><em>καὶ</em></strong></span> <span class='ocrx_word' id='word_1_50' title='bbox 2108 600 2376 672; x_wconf 71' lang='grc' dir='ltr'><strong><em>ἀγέννητον</em></strong></span> 
     </span>
     <span class='ocr_line' id='line_1_7' title="bbox 444 683 2379 756; baseline 0 -14"><span class='ocrx_word' id='word_1_51' title='bbox 444 685 617 743; x_wconf 77' lang='grc' dir='ltr'><strong><em>οὐσίαν</em></strong></span> <span class='ocrx_word' id='word_1_52' title='bbox 657 683 1153 756; x_wconf 88' lang='grc' dir='ltr'><strong><em>προςλαμβάνουσα-ν,</em></strong></span> <span class='ocrx_word' id='word_1_53' title='bbox 1204 687 1288 739; x_wconf 86' lang='grc' dir='ltr'><strong><em>καὶ</em></strong></span> <span class='ocrx_word' id='word_1_54' title='bbox 1325 685 1394 754; x_wconf 76' lang='grc' dir='ltr'><strong><em>μὴ</em></strong></span> <span class='ocrx_word' id='word_1_55' title='bbox 1423 684 1924 756; x_wconf 89' lang='grc' dir='ltr'><strong><em>προςλαμβάνουσαν,</em></strong></span> <span class='ocrx_word' id='word_1_56' title='bbox 1971 688 2057 739; x_wconf 85' lang='grc' dir='ltr'><strong><em>καὶ</em></strong></span> <span class='ocrx_word' id='word_1_57' title='bbox 2092 685 2204 754; x_wconf 87' lang='grc' dir='ltr'><strong><em>μεθ’</em></strong></span> <span class='ocrx_word' id='word_1_58' title='bbox 2233 689 2379 751; x_wconf 86' lang='grc' dir='ltr'><strong><em>ἕξεως</em></strong></span> 
     </span>
     <span class='ocr_line' id='line_1_8' title="bbox 443 768 2378 842; baseline -0.001 -15"><span class='ocrx_word' id='word_1_59' title='bbox 443 775 586 837; x_wconf 87' lang='grc' dir='ltr'><strong><em>ἕξεως</em></strong></span> <span class='ocrx_word' id='word_1_60' title='bbox 643 769 1061 840; x_wconf 63' lang='grc' dir='ltr'><strong><em>18’ὗπομένουσαν</em></strong></span> <span class='ocrx_word' id='word_1_61' title='bbox 1104 768 1390 839; x_wconf 78' lang='grc' dir='ltr'><strong><em>άποβολὴν,</em></strong></span> <span class='ocrx_word' id='word_1_62' title='bbox 1445 773 1528 824; x_wconf 83' lang='grc' dir='ltr'><strong><em>καὶ</em></strong></span> <span class='ocrx_word' id='word_1_63' title='bbox 1580 773 1692 842; x_wconf 87' lang='grc' dir='ltr'><strong><em>περὶ</em></strong></span> <span class='ocrx_word' id='word_1_64' title='bbox 1738 769 1909 833; x_wconf 79' lang='grc' dir='ltr'><strong><em>οὐσίας</em></strong></span> <span class='ocrx_word' id='word_1_65' title='bbox 1951 773 2378 841; x_wconf 79' lang='grc' dir='ltr'><strong><em>καταπλεκομένης</em></strong></span> 
     </span>
     <span class='ocr_line' id='line_1_9' title="bbox 442 854 2378 930; baseline 0 -19"><span class='ocrx_word' id='word_1_66' title='bbox 442 862 702 929; x_wconf 84' lang='grc' dir='ltr'><strong><em>γεννητῆς,</em></strong></span> <span class='ocrx_word' id='word_1_67' title='bbox 742 857 885 920; x_wconf 90' lang='grc' dir='ltr'><strong><em>ἕξεως</em></strong></span> <span class='ocrx_word' id='word_1_68' title='bbox 916 858 969 910; x_wconf 84' lang='grc' dir='ltr'><strong><em>δὲ</em></strong></span> <span class='ocrx_word' id='word_1_69' title='bbox 993 854 1287 927; x_wconf 77' lang='grc' dir='ltr'><strong><em>άγεννήτου,</em></strong></span> <span class='ocrx_word' id='word_1_70' title='bbox 1326 857 1411 909; x_wconf 85' lang='grc' dir='ltr'><strong><em>καὶ</em></strong></span> <span class='ocrx_word' id='word_1_71' title='bbox 1439 857 1653 926; x_wconf 80' lang='grc' dir='ltr'><strong><em>γέννημα</em></strong></span> <span class='ocrx_word' id='word_1_72' title='bbox 1674 855 1933 927; x_wconf 90' lang='grc' dir='ltr'><strong><em>λεγόμενον</em></strong></span> <span class='ocrx_word' id='word_1_73' title='bbox 1956 858 2010 910; x_wconf 80' lang='grc' dir='ltr'><strong><em>ἐν</em></strong></span> <span class='ocrx_word' id='word_1_74' title='bbox 2029 855 2253 930; x_wconf 79' lang='grc' dir='ltr'><strong><em>παρόδῳ,</em></strong></span> <span class='ocrx_word' id='word_1_75' title='bbox 2292 875 2378 926; x_wconf 89' lang='grc' dir='ltr'><strong><em>ση-</em></strong></span> 
     </span>
     <span class='ocr_line' id='line_1_10' title="bbox 444 940 2379 1016; baseline 0.001 -20"><span class='ocrx_word' id='word_1_76' title='bbox 444 943 745 1012; x_wconf 83' lang='grc' dir='ltr'><strong><em>μαινομένου</em></strong></span> <span class='ocrx_word' id='word_1_77' title='bbox 775 942 827 995; x_wconf 82' lang='grc' dir='ltr'><strong><em>δὲ</em></strong></span> <span class='ocrx_word' id='word_1_78' title='bbox 851 944 902 995; x_wconf 80' lang='grc' dir='ltr'><strong><em>ἐν</em></strong></span> <span class='ocrx_word' id='word_1_79' title='bbox 931 943 1027 1006; x_wconf 82' lang='grc' dir='ltr'><strong><em>ἕξει</em></strong></span> <span class='ocrx_word' id='word_1_80' title='bbox 1055 941 1211 1016; x_wconf 79' lang='grc' dir='ltr'><strong><em>μόνῃ,</em></strong></span> <span class='ocrx_word' id='word_1_81' title='bbox 1249 944 1335 995; x_wconf 86' lang='grc' dir='ltr'><strong><em>καὶ</em></strong></span> <span class='ocrx_word' id='word_1_82' title='bbox 1364 943 1508 1005; x_wconf 91' lang='grc' dir='ltr'><strong><em>ἕξεως</em></strong></span> <span class='ocrx_word' id='word_1_83' title='bbox 1533 940 1823 1009; x_wconf 73' lang='grc' dir='ltr'><strong><em>δηλωτικὸν,</em></strong></span> <span class='ocrx_word' id='word_1_84' title='bbox 1874 944 2298 1011; x_wconf 83' lang='grc' dir='ltr'><strong><em>μεταπλαζομένου</em></strong></span> <span class='ocrx_word' id='word_1_85' title='bbox 2328 945 2379 1007; x_wconf 79' lang='grc' dir='ltr'><strong><em>ἐξ</em></strong></span> 
     </span>
     <span class='ocr_line' id='line_1_11' title="bbox 445 1024 2379 1100; baseline 0 -18"><span class='ocrx_word' id='word_1_86' title='bbox 445 1027 615 1091; x_wconf 78' lang='grc' dir='ltr'><strong><em>οὐσίας</em></strong></span> <span class='ocrx_word' id='word_1_87' title='bbox 653 1025 813 1092; x_wconf 77' lang='grc' dir='ltr'><strong><em>τινός,</em></strong></span> <span class='ocrx_word' id='word_1_88' title='bbox 865 1025 962 1080; x_wconf 74' lang='grc' dir='ltr'><strong><em>κόἱν</em></strong></span> <span class='ocrx_word' id='word_1_89' title='bbox 1003 1048 1054 1080; x_wconf 90' lang='grc' dir='ltr'><strong><em>τε</em></strong></span> <span class='ocrx_word' id='word_1_90' title='bbox 1097 1029 1359 1098; x_wconf 83' lang='grc' dir='ltr'><strong><em>λεγομένου</em></strong></span> <span class='ocrx_word' id='word_1_91' title='bbox 1400 1028 1726 1096; x_wconf 85' lang='grc' dir='ltr'><strong><em>γεννήματος,</em></strong></span> <span class='ocrx_word' id='word_1_92' title='bbox 1776 1024 1844 1090; x_wconf 72' lang='grc' dir='ltr'><strong><em>οἷς</em></strong></span> <span class='ocrx_word' id='word_1_93' title='bbox 1881 1029 2020 1096; x_wconf 80' lang='grc' dir='ltr'><strong><em>ἕφης.</em></strong></span> <span class='ocrx_word' id='word_1_94' title='bbox 2093 1026 2242 1081; x_wconf 79' lang='grc' dir='ltr'><strong><em>Αὐτοὶ</em></strong></span> <span class='ocrx_word' id='word_1_95' title='bbox 2285 1026 2379 1100; x_wconf 72' lang='grc' dir='ltr'><strong><em>γὰρ</em></strong></span> 
     </span>
     <span class='ocr_line' id='line_1_12' title="bbox 445 1109 2381 1184; baseline 0 -17"><span class='ocrx_word' id='word_1_96' title='bbox 445 1115 559 1184; x_wconf 89' lang='grc' dir='ltr'><strong><em>περὶ</em></strong></span> <span class='ocrx_word' id='word_1_97' title='bbox 588 1118 687 1167; x_wconf 81' lang='grc' dir='ltr'><strong><em>τῶν</em></strong></span> <span class='ocrx_word' id='word_1_98' title='bbox 718 1109 882 1166; x_wconf 78' lang='grc' dir='ltr'><strong><em>αὐτῶν</em></strong></span> <span class='ocrx_word' id='word_1_99' title='bbox 909 1111 965 1166; x_wconf 78' lang='grc' dir='ltr'><strong><em>τό</em></strong></span> <span class='ocrx_word' id='word_1_100' title='bbox 991 1111 1237 1180; x_wconf 88' lang='grc' dir='ltr'><strong><em>διανόημά</em></strong></span> <span class='ocrx_word' id='word_1_101' title='bbox 1272 1130 1363 1166; x_wconf 92' lang='grc' dir='ltr'><strong><em>σου</em></strong></span> <span class='ocrx_word' id='word_1_102' title='bbox 1388 1118 1544 1178; x_wconf 89' lang='grc' dir='ltr'><strong><em>λαλεῖ,</em></strong></span> <span class='ocrx_word' id='word_1_103' title='bbox 1598 1113 1751 1181; x_wconf 80' lang='grc' dir='ltr'><strong><em>μηδὲν</em></strong></span> <span class='ocrx_word' id='word_1_104' title='bbox 1786 1119 1838 1150; x_wconf 82' lang='lat'><strong><em>¹⁹</em></strong></span> <span class='ocrx_word' id='word_1_105' title='bbox 1855 1118 2103 1184; x_wconf 82' lang='grc' dir='ltr'><strong><em>περατοῦν</em></strong></span> <span class='ocrx_word' id='word_1_106' title='bbox 2131 1112 2257 1167; x_wconf 75' lang='grc' dir='ltr'><strong><em>κατὰ</em></strong></span> <span class='ocrx_word' id='word_1_107' title='bbox 2283 1119 2381 1168; x_wconf 75' lang='grc' dir='ltr'><strong><em>τῶν</em></strong></span> 
     </span>
     <span class='ocr_line' id='line_1_13' title="bbox 446 1198 1286 1269; baseline -0.001 -17"><span class='ocrx_word' id='word_1_108' title='bbox 446 1199 612 1252; x_wconf 79' lang='grc' dir='ltr'><strong><em>αὐτῶν</em></strong></span> <span class='ocrx_word' id='word_1_109' title='bbox 649 1199 889 1268; x_wconf 89' lang='grc' dir='ltr'><strong><em>φέρεσθαι</em></strong></span> <span class='ocrx_word' id='word_1_110' title='bbox 929 1198 1286 1269; x_wconf 84' lang='grc' dir='ltr'><strong><em>φθεγγόμενον.</em></strong></span> 
     </span>
    </p>
   </div>
   <div class='ocr_carea' id='block_1_4' title="bbox 444 1367 2389 3412">
    <p class='ocr_par' dir='ltr' id='par_1_4' title="bbox 444 1367 2386 1954">
     <span class='ocr_line' id='line_1_14' title="bbox 592 1367 2380 1440; baseline 0.002 -19"><span class='ocrx_word' id='word_1_111' title='bbox 592 1367 780 1435; x_wconf 88' lang='grc' dir='ltr'><strong><em>Κεφάλ.</em></strong></span> <span class='ocrx_word' id='word_1_112' title='bbox 812 1369 1005 1423; x_wconf 86' lang='grc' dir='ltr'><strong><em>Ἀετίου</em></strong></span> <span class='ocrx_word' id='word_1_113' title='bbox 1034 1368 1124 1423; x_wconf 89' lang='grc' dir='ltr'><strong><em>κα’.</em></strong></span> <span class='ocrx_word' id='word_1_114' title='bbox 1178 1372 1249 1421; x_wconf 86' lang='grc' dir='ltr'><strong><em>Εἰ</em></strong></span> <span class='ocrx_word' id='word_1_115' title='bbox 1274 1368 1329 1423; x_wconf 86' lang='grc' dir='ltr'>τὸ</span> <span class='ocrx_word' id='word_1_116' title='bbox 1358 1368 1627 1440; x_wconf 75' lang='grc' dir='ltr'><strong><em>ἀγέννητον</em></strong></span> <span class='ocrx_word' id='word_1_117' title='bbox 1654 1371 1775 1434; x_wconf 88' lang='grc' dir='ltr'><strong><em>ἕξις,</em></strong></span> <span class='ocrx_word' id='word_1_118' title='bbox 1813 1370 1899 1423; x_wconf 86' lang='grc' dir='ltr'><strong><em>καὶ</em></strong></span> <span class='ocrx_word' id='word_1_119' title='bbox 1925 1367 1979 1422; x_wconf 74' lang='lat' dir='ltr'><strong><em>td</em></strong></span> <span class='ocrx_word' id='word_1_120' title='bbox 2006 1367 2239 1440; x_wconf 78' lang='grc' dir='ltr'><strong><em>γεννητόν</em></strong></span> <span class='ocrx_word' id='word_1_121' title='bbox 2267 1371 2380 1436; x_wconf 83' lang='grc' dir='ltr'><strong><em>ἕξις,</em></strong></span> 
     </span>
     <span class='ocr_line' id='line_1_15' title="bbox 444 1453 2380 1524; baseline -0.001 -15"><span class='ocrx_word' id='word_1_122' title='bbox 444 1458 501 1509; x_wconf 78' lang='grc' dir='ltr'><strong><em>αἱ</em></strong></span> <span class='ocrx_word' id='word_1_123' title='bbox 521 1455 608 1524; x_wconf 81' lang='grc' dir='ltr'><strong><em>μὲν</em></strong></span> <span class='ocrx_word' id='word_1_124' title='bbox 639 1455 805 1508; x_wconf 86' lang='grc' dir='ltr'><strong><em>οὐσίαι</em></strong></span> <span class='ocrx_word' id='word_1_125' title='bbox 831 1461 927 1508; x_wconf 81' lang='grc' dir='ltr'><strong><em>τῶν</em></strong></span> <span class='ocrx_word' id='word_1_126' title='bbox 956 1457 1101 1518; x_wconf 93' lang='grc' dir='ltr'><strong><em>ἕξεων</em></strong></span> <span class='ocrx_word' id='word_1_127' title='bbox 1125 1461 1343 1524; x_wconf 80' lang='grc' dir='ltr'><strong><em>πρῶται,</em></strong></span> <span class='ocrx_word' id='word_1_128' title='bbox 1383 1458 1438 1508; x_wconf 84' lang='grc' dir='ltr'><strong><em>αἱ</em></strong></span> <span class='ocrx_word' id='word_1_129' title='bbox 1461 1455 1515 1508; x_wconf 81' lang='grc' dir='ltr'><strong><em>δὲ</em></strong></span> <span class='ocrx_word' id='word_1_130' title='bbox 1546 1457 1667 1519; x_wconf 86' lang='grc' dir='ltr'><strong><em>ἕξεις</em></strong></span> <span class='ocrx_word' id='word_1_131' title='bbox 1699 1461 1798 1509; x_wconf 82' lang='grc' dir='ltr'><strong><em>τῶν</em></strong></span> <span class='ocrx_word' id='word_1_132' title='bbox 1826 1455 2038 1521; x_wconf 78' lang='grc' dir='ltr'><strong><em>οὐσιῶν,</em></strong></span> <span class='ocrx_word' id='word_1_133' title='bbox 2090 1458 2135 1509; x_wconf 80' lang='grc' dir='ltr'><strong><em>εἰ</em></strong></span> <span class='ocrx_word' id='word_1_134' title='bbox 2158 1456 2243 1508; x_wconf 83' lang='grc' dir='ltr'><strong><em>καὶ</em></strong></span> <span class='ocrx_word' id='word_1_135' title='bbox 2272 1453 2380 1509; x_wconf 78' lang='grc' dir='ltr'><strong><em>δεύ-</em></strong></span> 
     </span>
     <span class='ocr_line' id='line_1_16' title="bbox 444 1534 2386 1611; baseline 0 -17"><span class='ocrx_word' id='word_1_136' title='bbox 444 1562 607 1609; x_wconf 90' lang='grc' dir='ltr'><strong><em>τεραι,</em></strong></span> <span class='ocrx_word' id='word_1_137' title='bbox 662 1537 759 1593; x_wconf 76' lang='grc' dir='ltr'><strong><em>ἄλλ’</em></strong></span> <span class='ocrx_word' id='word_1_138' title='bbox 804 1534 896 1593; x_wconf 72' lang='grc' dir='ltr'><strong><em>οὖν</em></strong></span> <span class='ocrx_word' id='word_1_139' title='bbox 934 1562 987 1610; x_wconf 91' lang='grc' dir='ltr'><strong><em>γε</em></strong></span> <span class='ocrx_word' id='word_1_140' title='bbox 1016 1540 1378 1611; x_wconf 87' lang='grc' dir='ltr'><strong><em>προτιμότεραι.</em></strong></span> <span class='ocrx_word' id='word_1_141' title='bbox 1453 1543 1527 1594; x_wconf 84' lang='grc' dir='ltr'><strong><em>Εἰ</em></strong></span> <span class='ocrx_word' id='word_1_142' title='bbox 1561 1542 1613 1594; x_wconf 80' lang='grc' dir='ltr'><strong><em>δὲ</em></strong></span> <span class='ocrx_word' id='word_1_143' title='bbox 1642 1539 1696 1594; x_wconf 77' lang='grc' dir='ltr'><strong><em>τὸ</em></strong></span> <span class='ocrx_word' id='word_1_144' title='bbox 1729 1540 1996 1611; x_wconf 77' lang='grc' dir='ltr'><strong><em>ἀγέννητον</em></strong></span> <span class='ocrx_word' id='word_1_145' title='bbox 2025 1547 2118 1595; x_wconf 92' lang='grc' dir='ltr'><strong><em>τοῦ</em></strong></span> <span class='ocrx_word' id='word_1_146' title='bbox 2149 1539 2386 1611; x_wconf 81' lang='grc' dir='ltr'><strong><em>γεννητοῦ</em></strong></span> 
     </span>
     <span class='ocr_line' id='line_1_17' title="bbox 445 1622 2384 1701; baseline 0 -21"><span class='ocrx_word' id='word_1_147' title='bbox 445 1625 603 1680; x_wconf 79' lang='grc' dir='ltr'><strong><em>αἶ’τιόν</em></strong></span> <span class='ocrx_word' id='word_1_148' title='bbox 643 1627 768 1691; x_wconf 79' lang='grc' dir='ltr'><strong><em>ἐστι,</em></strong></span> <span class='ocrx_word' id='word_1_149' title='bbox 821 1631 908 1678; x_wconf 90' lang='grc' dir='ltr'><strong><em>τοῦ</em></strong></span> <span class='ocrx_word' id='word_1_150' title='bbox 939 1622 1065 1679; x_wconf 83' lang='grc' dir='ltr'><strong><em>εἶναι</em></strong></span> <span class='ocrx_word' id='word_1_151' title='bbox 1106 1627 1532 1694; x_wconf 80' lang='grc' dir='ltr'><strong><em>1σημαινομένου,</em></strong></span> <span class='ocrx_word' id='word_1_152' title='bbox 1590 1627 1806 1697; x_wconf 88' lang='grc' dir='ltr'><strong><em>γέννημα</em></strong></span> <span class='ocrx_word' id='word_1_153' title='bbox 1834 1627 2153 1698; x_wconf 87' lang='grc' dir='ltr'><strong><em>συνειςφέρον</em></strong></span> <span class='ocrx_word' id='word_1_154' title='bbox 2185 1632 2247 1701; x_wconf 79' lang='grc' dir='ltr'><strong><em>τῇ</em></strong></span> <span class='ocrx_word' id='word_1_155' title='bbox 2272 1628 2384 1681; x_wconf 81' lang='grc' dir='ltr'><strong><em>ἑαυ-</em></strong></span> 
     </span>
     <span class='ocr_line' id='line_1_18' title="bbox 444 1708 2385 1784; baseline 0.001 -19"><span class='ocrx_word' id='word_1_156' title='bbox 444 1718 532 1766; x_wconf 89' lang='grc' dir='ltr'><strong><em>τοῦ</em></strong></span> <span class='ocrx_word' id='word_1_157' title='bbox 567 1711 715 1784; x_wconf 76' lang='grc' dir='ltr'><strong><em>οὐσίᾳ</em></strong></span> <span class='ocrx_word' id='word_1_158' title='bbox 744 1708 830 1764; x_wconf 79' lang='grc' dir='ltr'><strong><em>τᾶν</em></strong></span> <span class='ocrx_word' id='word_1_159' title='bbox 873 1713 1055 1775; x_wconf 81' lang='grc' dir='ltr'><strong><em>αἴτιον,</em></strong></span> <span class='ocrx_word' id='word_1_160' title='bbox 1113 1718 1139 1747; x_wconf 78' lang='lat'>²</span> <span class='ocrx_word' id='word_1_161' title='bbox 1158 1712 1333 1774; x_wconf 81' lang='grc' dir='ltr'><strong><em>οὐσίας</em></strong></span> <span class='ocrx_word' id='word_1_162' title='bbox 1365 1713 1464 1766; x_wconf 81' lang='grc' dir='ltr'><strong><em>ἐστὶ</em></strong></span> <span class='ocrx_word' id='word_1_163' title='bbox 1498 1710 1767 1780; x_wconf 77' lang='grc' dir='ltr'><strong><em>δηλωτικόν</em></strong></span> <span class='ocrx_word' id='word_1_164' title='bbox 1795 1710 1851 1766; x_wconf 89' lang='grc' dir='ltr'>τὸ</span> <span class='ocrx_word' id='word_1_165' title='bbox 1876 1714 2115 1783; x_wconf 86' lang='grc' dir='ltr'><strong><em>γέννημα,</em></strong></span> <span class='ocrx_word' id='word_1_166' title='bbox 2171 1709 2268 1766; x_wconf 75' lang='grc' dir='ltr'><strong><em>ἄλλ’</em></strong></span> <span class='ocrx_word' id='word_1_167' title='bbox 2295 1709 2385 1782; x_wconf 71' lang='grc' dir='ltr'><strong><em>οὐχ</em></strong></span> 
     </span>
     <span class='ocr_line' id='line_1_19' title="bbox 445 1793 2385 1872; baseline 0.001 -22"><span class='ocrx_word' id='word_1_168' title='bbox 445 1799 616 1862; x_wconf 91' lang='grc' dir='ltr'><strong><em>ἕξεως,</em></strong></span> <span class='ocrx_word' id='word_1_169' title='bbox 668 1802 755 1864; x_wconf 85' lang='grc' dir='ltr'><strong><em>τῆς</em></strong></span> <span class='ocrx_word' id='word_1_170' title='bbox 793 1793 1064 1867; x_wconf 82' lang='grc' dir='ltr'><strong><em>οἷγεννήτου</em></strong></span> <span class='ocrx_word' id='word_1_171' title='bbox 1106 1795 1304 1863; x_wconf 81' lang='grc' dir='ltr'><strong><em>φύσεως</em></strong></span> <span class='ocrx_word' id='word_1_172' title='bbox 1336 1795 1482 1851; x_wconf 75' lang='grc' dir='ltr'><strong><em>οὐδὲν</em></strong></span> <span class='ocrx_word' id='word_1_173' title='bbox 1520 1799 1671 1872; x_wconf 79' lang='grc' dir='ltr'><strong><em>ἑαυτῇ</em></strong></span> <span class='ocrx_word' id='word_1_174' title='bbox 1702 1798 2104 1869; x_wconf 83' lang='grc' dir='ltr'><strong><em>συνειςαγούσης,</em></strong></span> <span class='ocrx_word' id='word_1_175' title='bbox 2154 1804 2263 1862; x_wconf 81' lang='grc' dir='ltr'><strong><em>πῶς</em></strong></span> <span class='ocrx_word' id='word_1_176' title='bbox 2288 1798 2385 1853; x_wconf 76' lang='grc' dir='ltr'><strong><em>οὐκ</em></strong></span> 
     </span>
     <span class='ocr_line' id='line_1_20' title="bbox 446 1878 1851 1954; baseline 0.001 -19"><span class='ocrx_word' id='word_1_177' title='bbox 446 1881 508 1936; x_wconf 74' lang='grc' dir='ltr'><strong><em>ἂν</em></strong></span> <span class='ocrx_word' id='word_1_178' title='bbox 546 1885 620 1950; x_wconf 80' lang='grc' dir='ltr'><strong><em>εἴη</em></strong></span> <span class='ocrx_word' id='word_1_179' title='bbox 658 1881 803 1935; x_wconf 83' lang='grc' dir='ltr'><strong><em>οὐσία</em></strong></span> <span class='ocrx_word' id='word_1_180' title='bbox 815 1925 830 1948; x_wconf 95' lang='grc'><strong><em>,</em></strong></span> <span class='ocrx_word' id='word_1_181' title='bbox 865 1878 964 1934; x_wconf 77' lang='grc' dir='ltr'><strong><em>ἀλλ’</em></strong></span> <span class='ocrx_word' id='word_1_182' title='bbox 1001 1883 1098 1946; x_wconf 87' lang='grc' dir='ltr'><strong><em>ἕξις</em></strong></span> <span class='ocrx_word' id='word_1_183' title='bbox 1141 1885 1264 1935; x_wconf 66' lang='grc' dir='ltr'><strong><em>θκαὶ</em></strong></span> <span class='ocrx_word' id='word_1_184' title='bbox 1302 1881 1336 1951; x_wconf 77' lang='grc' dir='ltr'><em>ἦ</em></span> <span class='ocrx_word' id='word_1_185' title='bbox 1371 1882 1638 1954; x_wconf 81' lang='grc' dir='ltr'><strong><em>ἆγέννητος</em></strong></span> <span class='ocrx_word' id='word_1_186' title='bbox 1675 1882 1851 1949; x_wconf 68' lang='grc' dir='ltr'><strong><em>φύσιςς</em></strong></span> 
     </span>
    </p>

    <p class='ocr_par' dir='ltr' id='par_1_5' title="bbox 445 1966 2389 3412">
     <span class='ocr_line' id='line_1_21' title="bbox 581 1966 2387 2040; baseline 0.002 -21"><span class='ocrx_word' id='word_1_187' title='bbox 581 1966 777 2038; x_wconf 87' lang='grc' dir='ltr'><strong><em>Ἀνατρ.</em></strong></span> <span class='ocrx_word' id='word_1_188' title='bbox 837 1966 1026 2031; x_wconf 77' lang='grc' dir='ltr'><strong><em>’Ἕξεων</em></strong></span> <span class='ocrx_word' id='word_1_189' title='bbox 1066 1967 1386 2036; x_wconf 83' lang='grc' dir='ltr'><strong><em>διαληπτικὸν</em></strong></span> <span class='ocrx_word' id='word_1_190' title='bbox 1421 1971 1570 2040; x_wconf 85' lang='grc' dir='ltr'><strong><em>λόγον</em></strong></span> <span class='ocrx_word' id='word_1_191' title='bbox 1598 1970 1688 2023; x_wconf 79' lang='grc' dir='ltr'><strong><em>’ἐπὶ</em></strong></span> <span class='ocrx_word' id='word_1_192' title='bbox 1727 1975 1854 2023; x_wconf 83' lang='grc' dir='ltr'><strong><em>θεοῦ</em></strong></span> <span class='ocrx_word' id='word_1_193' title='bbox 1889 1990 1939 2022; x_wconf 93' lang='grc' dir='ltr'><strong><em>τε</em></strong></span> <span class='ocrx_word' id='word_1_194' title='bbox 1975 1971 2060 2022; x_wconf 85' lang='grc' dir='ltr'><strong><em>καὶ</em></strong></span> <span class='ocrx_word' id='word_1_195' title='bbox 2099 1967 2219 2038; x_wconf 73' lang='grc' dir='ltr'><strong><em>μετά</em></strong></span> <span class='ocrx_word' id='word_1_196' title='bbox 2261 1966 2387 2023; x_wconf 78' lang='grc' dir='ltr'><strong><em>θεόν</em></strong></span> 
     </span>
     <span class='ocr_line' id='line_1_22' title="bbox 447 2051 2385 2126; baseline 0 -19"><span class='ocrx_word' id='word_1_197' title='bbox 447 2051 824 2118; x_wconf 79' lang='grc' dir='ltr'><strong><em>κατασκευάζειν</em></strong></span> <span class='ocrx_word' id='word_1_198' title='bbox 853 2052 1001 2107; x_wconf 87' lang='grc' dir='ltr'><strong><em>πάλιν</em></strong></span> <span class='ocrx_word' id='word_1_199' title='bbox 1028 2051 1148 2122; x_wconf 76' lang='grc' dir='ltr'><strong><em>ἡμῖν</em></strong></span> <span class='ocrx_word' id='word_1_200' title='bbox 1174 2060 1403 2124; x_wconf 78' lang='grc' dir='ltr'><strong><em>πειρᾶται</em></strong></span> <span class='ocrx_word' id='word_1_201' title='bbox 1434 2052 1641 2120; x_wconf 85' lang='grc' dir='ltr'><strong><em>Ἀέτιος,</em></strong></span> <span class='ocrx_word' id='word_1_202' title='bbox 1683 2052 1751 2117; x_wconf 65' lang='grc' dir='ltr'><strong><em>ω”ς</em></strong></span> <span class='ocrx_word' id='word_1_203' title='bbox 1777 2052 1948 2126; x_wconf 79' lang='grc' dir='ltr'><strong><em>ὁρᾶτε,</em></strong></span> <span class='ocrx_word' id='word_1_204' title='bbox 1986 2058 2124 2121; x_wconf 83' lang='grc' dir='ltr'><strong><em>φίλοι·</em></strong></span> <span class='ocrx_word' id='word_1_205' title='bbox 2153 2060 2244 2123; x_wconf 84' lang='grc' dir='ltr'><strong><em>τῆς</em></strong></span> <span class='ocrx_word' id='word_1_206' title='bbox 2273 2052 2385 2123; x_wconf 79' lang='grc' dir='ltr'><strong><em>άλη-</em></strong></span> 
     </span>
     <span class='ocr_line' id='line_1_23' title="bbox 445 2139 2387 2213; baseline -0.001 -20"><span class='ocrx_word' id='word_1_207' title='bbox 445 2144 607 2203; x_wconf 89' lang='grc' dir='ltr'><strong><em>θείας.</em></strong></span> <span class='ocrx_word' id='word_1_208' title='bbox 685 2141 785 2192; x_wconf 87' lang='grc' dir='ltr'><strong><em>Καὶ</em></strong></span> <span class='ocrx_word' id='word_1_209' title='bbox 812 2139 872 2192; x_wconf 76' lang='grc' dir='ltr'><strong><em>τά</em></strong></span> <span class='ocrx_word' id='word_1_210' title='bbox 897 2140 984 2207; x_wconf 81' lang='grc' dir='ltr'><strong><em>μὲν</em></strong></span> <span class='ocrx_word' id='word_1_211' title='bbox 1010 2146 1182 2210; x_wconf 80' lang='grc' dir='ltr'><strong><em>πρῶτα</em></strong></span> <span class='ocrx_word' id='word_1_212' title='bbox 1206 2143 1402 2208; x_wconf 88' lang='grc' dir='ltr'><strong><em>τίθησι,</em></strong></span> <span class='ocrx_word' id='word_1_213' title='bbox 1452 2139 1512 2193; x_wconf 75' lang='grc' dir='ltr'><strong><em>τά</em></strong></span> <span class='ocrx_word' id='word_1_214' title='bbox 1543 2141 1597 2194; x_wconf 76' lang='grc' dir='ltr'><strong><em>δὲ</em></strong></span> <span class='ocrx_word' id='word_1_215' title='bbox 1625 2139 1842 2212; x_wconf 83' lang='grc' dir='ltr'><strong><em>δεύτερα.</em></strong></span> <span class='ocrx_word' id='word_1_216' title='bbox 1908 2140 2028 2193; x_wconf 85' lang='grc' dir='ltr'><strong><em>Ἐπὶ</em></strong></span> <span class='ocrx_word' id='word_1_217' title='bbox 2055 2147 2162 2213; x_wconf 80' lang='grc' dir='ltr'><strong><em>θεῷ</em></strong></span> <span class='ocrx_word' id='word_1_218' title='bbox 2188 2141 2241 2194; x_wconf 84' lang='grc' dir='ltr'><strong><em>δὲ</em></strong></span> <span class='ocrx_word' id='word_1_219' title='bbox 2268 2147 2387 2209; x_wconf 85' lang='grc' dir='ltr'><strong><em>λαμ-</em></strong></span> 
     </span>
     <span class='ocr_line' id='line_1_24' title="bbox 447 2223 2388 2299; baseline 0 -20"><span class='ocrx_word' id='word_1_220' title='bbox 447 2224 616 2294; x_wconf 90' lang='grc' dir='ltr'><strong><em>βάνειν</em></strong></span> <span class='ocrx_word' id='word_1_221' title='bbox 652 2231 823 2296; x_wconf 85' lang='grc' dir='ltr'><strong><em>πρῶτα</em></strong></span> <span class='ocrx_word' id='word_1_222' title='bbox 867 2223 903 2293; x_wconf 76' lang='grc' dir='ltr'><em>ἢ</em></span> <span class='ocrx_word' id='word_1_223' title='bbox 944 2224 1146 2295; x_wconf 81' lang='grc' dir='ltr'><strong><em>δεύτερα</em></strong></span> <span class='ocrx_word' id='word_1_224' title='bbox 1191 2223 1303 2278; x_wconf 77' lang='grc' dir='ltr'><strong><em>οὔτε</em></strong></span> <span class='ocrx_word' id='word_1_225' title='bbox 1343 2227 1492 2292; x_wconf 84' lang='grc' dir='ltr'><strong><em>θέμις</em></strong></span> <span class='ocrx_word' id='word_1_226' title='bbox 1535 2227 1699 2297; x_wconf 91' lang='grc' dir='ltr'><strong><em>λέγειν.</em></strong></span> <span class='ocrx_word' id='word_1_227' title='bbox 1774 2225 1911 2294; x_wconf 60' lang='grc' dir='ltr'><strong><em>’Ἀμα</em></strong></span> <span class='ocrx_word' id='word_1_228' title='bbox 1954 2223 2048 2296; x_wconf 75' lang='grc' dir='ltr'><strong><em>γάρ</em></strong></span> <span class='ocrx_word' id='word_1_229' title='bbox 2089 2228 2140 2280; x_wconf 84' lang='grc' dir='ltr'><strong><em>έν</em></strong></span> <span class='ocrx_word' id='word_1_230' title='bbox 2179 2231 2287 2299; x_wconf 78' lang='grc' dir='ltr'><strong><em>θεῷ</em></strong></span> <span class='ocrx_word' id='word_1_231' title='bbox 2326 2224 2388 2279; x_wconf 76' lang='grc' dir='ltr'><strong><em>τά</em></strong></span> 
     </span>
     <span class='ocr_line' id='line_1_25' title="bbox 446 2309 2387 2382; baseline 0.001 -18"><span class='ocrx_word' id='word_1_232' title='bbox 446 2311 608 2365; x_wconf 89' lang='grc' dir='ltr'><strong><em>πάντα</em></strong></span> <span class='ocrx_word' id='word_1_233' title='bbox 638 2310 890 2382; x_wconf 89' lang='grc' dir='ltr'><strong><em>πρόςεστι,</em></strong></span> <span class='ocrx_word' id='word_1_234' title='bbox 943 2312 1027 2363; x_wconf 87' lang='grc' dir='ltr'><strong><em>καὶ</em></strong></span> <span class='ocrx_word' id='word_1_235' title='bbox 1052 2310 1344 2379; x_wconf 82' lang='grc' dir='ltr'><strong><em>προςθήκης</em></strong></span> <span class='ocrx_word' id='word_1_236' title='bbox 1374 2309 1434 2365; x_wconf 77' lang='grc' dir='ltr'><strong><em>οὔ</em></strong></span> <span class='ocrx_word' id='word_1_237' title='bbox 1468 2312 1639 2365; x_wconf 86' lang='grc' dir='ltr'><strong><em>δέεται.</em></strong></span> <span class='ocrx_word' id='word_1_238' title='bbox 1718 2310 1810 2365; x_wconf 84' lang='grc' dir='ltr'><strong><em>Διὸ</em></strong></span> <span class='ocrx_word' id='word_1_239' title='bbox 1843 2313 1928 2365; x_wconf 88' lang='grc' dir='ltr'><strong><em>καὶ</em></strong></span> <span class='ocrx_word' id='word_1_240' title='bbox 1957 2310 2012 2365; x_wconf 84' lang='grc' dir='ltr'>τὸ</span> <span class='ocrx_word' id='word_1_241' title='bbox 2042 2312 2255 2382; x_wconf 86' lang='grc' dir='ltr'><strong><em>γέννημα</em></strong></span> <span class='ocrx_word' id='word_1_242' title='bbox 2292 2311 2387 2374; x_wconf 76' lang='grc' dir='ltr'><strong><em>οὐκ</em></strong></span> 
     </span>
     <span class='ocr_line' id='line_1_26' title="bbox 447 2394 2386 2472; baseline 0 -22"><span class='ocrx_word' id='word_1_243' title='bbox 447 2395 549 2450; x_wconf 82' lang='grc' dir='ltr'><strong><em>ἆπὸ</em></strong></span> <span class='ocrx_word' id='word_1_244' title='bbox 574 2395 755 2467; x_wconf 91' lang='grc' dir='ltr'><strong><em>χρόνου</em></strong></span> <span class='ocrx_word' id='word_1_245' title='bbox 788 2403 1013 2449; x_wconf 84' lang='grc' dir='ltr'><strong><em>νοεῖσθαι</em></strong></span> <span class='ocrx_word' id='word_1_246' title='bbox 1058 2394 1265 2463; x_wconf 77' lang='grc' dir='ltr'><strong><em>εὐσεβὴς</em></strong></span> <span class='ocrx_word' id='word_1_247' title='bbox 1301 2404 1451 2467; x_wconf 89' lang='grc' dir='ltr'><strong><em>χωρεῖ</em></strong></span> <span class='ocrx_word' id='word_1_248' title='bbox 1484 2396 1644 2468; x_wconf 91' lang='grc' dir='ltr'><strong><em>λόγος.</em></strong></span> <span class='ocrx_word' id='word_1_249' title='bbox 1723 2401 1831 2470; x_wconf 81' lang='grc' dir='ltr'><strong><em>Θεῷ</em></strong></span> <span class='ocrx_word' id='word_1_250' title='bbox 1871 2394 1966 2468; x_wconf 77' lang='grc' dir='ltr'><strong><em>γάρ</em></strong></span> <span class='ocrx_word' id='word_1_251' title='bbox 1997 2398 2145 2467; x_wconf 88' lang='grc' dir='ltr'><strong><em>πατρὶ</em></strong></span> <span class='ocrx_word' id='word_1_252' title='bbox 2183 2399 2268 2452; x_wconf 87' lang='grc' dir='ltr'><strong><em>καὶ</em></strong></span> <span class='ocrx_word' id='word_1_253' title='bbox 2292 2400 2386 2472; x_wconf 77' lang='grc' dir='ltr'><strong><em>υἱῷ</em></strong></span> 
     </span>
     <span class='ocr_line' id='line_1_27' title="bbox 445 2478 2389 2557; baseline 0.002 -23"><span class='ocrx_word' id='word_1_254' title='bbox 445 2483 530 2535; x_wconf 80' lang='grc' dir='ltr'><strong><em>καὶ</em></strong></span> <span class='ocrx_word' id='word_1_255' title='bbox 560 2478 683 2553; x_wconf 79' lang='grc' dir='ltr'><strong><em>άγίῳ</em></strong></span> <span class='ocrx_word' id='word_1_256' title='bbox 706 2480 973 2548; x_wconf 82' lang='grc' dir='ltr'><strong><em>πνεύματι,</em></strong></span> <span class='ocrx_word' id='word_1_257' title='bbox 1029 2483 1245 2535; x_wconf 84' lang='grc' dir='ltr'><strong><em>τουτέστι</em></strong></span> <span class='ocrx_word' id='word_1_258' title='bbox 1277 2488 1336 2554; x_wconf 84' lang='grc' dir='ltr'><strong><em>τῇ</em></strong></span> <span class='ocrx_word' id='word_1_259' title='bbox 1365 2481 1529 2554; x_wconf 79' lang='grc' dir='ltr'><strong><em>τριάδι</em></strong></span> <span class='ocrx_word' id='word_1_260' title='bbox 1554 2489 1615 2557; x_wconf 77' lang='grc' dir='ltr'><strong><em>τῇ</em></strong></span> <span class='ocrx_word' id='word_1_261' title='bbox 1640 2481 1765 2557; x_wconf 75' lang='grc' dir='ltr'><strong><em>οὔσῃ</em></strong></span> <span class='ocrx_word' id='word_1_262' title='bbox 1794 2481 1918 2554; x_wconf 76' lang='grc' dir='ltr'><strong><em>ὅπερ</em></strong></span> <span class='ocrx_word' id='word_1_263' title='bbox 1948 2481 1978 2537; x_wconf 85' lang='lat' dir='ltr'><strong><em>o‘</em></strong></span> <span class='ocrx_word' id='word_1_264' title='bbox 2005 2481 2074 2536; x_wconf 69' lang='grc' dir='ltr'><strong><em>ὢν</em></strong></span> <span class='ocrx_word' id='word_1_265' title='bbox 2099 2481 2250 2547; x_wconf 77' lang='grc' dir='ltr'><strong><em>θεὸς,</em></strong></span> <span class='ocrx_word' id='word_1_266' title='bbox 2301 2505 2389 2537; x_wconf 87' lang='grc' dir='ltr'><strong><em>κα-</em></strong></span> 
     </span>
     <span class='ocr_line' id='line_1_28' title="bbox 448 2564 2386 2639; baseline 0.002 -20"><span class='ocrx_word' id='word_1_267' title='bbox 448 2573 601 2620; x_wconf 88' lang='grc' dir='ltr'><strong><em>λεῖται</em></strong></span> <span class='ocrx_word' id='word_1_268' title='bbox 630 2565 789 2637; x_wconf 82' lang='grc' dir='ltr'><strong><em>πατὴρ</em></strong></span> <span class='ocrx_word' id='word_1_269' title='bbox 819 2564 849 2620; x_wconf 83' lang='grc' dir='ltr'><strong><em>ό</em></strong></span> <span class='ocrx_word' id='word_1_270' title='bbox 883 2565 976 2631; x_wconf 66' lang='grc' dir='ltr'><strong><em>ὢν,</em></strong></span> <span class='ocrx_word' id='word_1_271' title='bbox 1027 2569 1110 2620; x_wconf 81' lang='grc' dir='ltr'><strong><em>καὶ</em></strong></span> <span class='ocrx_word' id='word_1_272' title='bbox 1143 2566 1255 2629; x_wconf 83' lang='grc' dir='ltr'><strong><em>υἷὸς</em></strong></span> <span class='ocrx_word' id='word_1_273' title='bbox 1286 2565 1317 2621; x_wconf 79' lang='grc' dir='ltr'><strong><em>ό</em></strong></span> <span class='ocrx_word' id='word_1_274' title='bbox 1348 2566 1418 2621; x_wconf 66' lang='grc' dir='ltr'><strong><em>ὢν</em></strong></span> <span class='ocrx_word' id='word_1_275' title='bbox 1449 2566 1575 2639; x_wconf 78' lang='grc' dir='ltr'><strong><em>πρός</em></strong></span> <span class='ocrx_word' id='word_1_276' title='bbox 1618 2567 1704 2623; x_wconf 78' lang='grc' dir='ltr'><strong><em>τόν</em></strong></span> <span class='ocrx_word' id='word_1_277' title='bbox 1733 2567 1851 2622; x_wconf 76' lang='grc' dir='ltr'><strong><em>ὄντα</em></strong></span> <span class='ocrx_word' id='word_1_278' title='bbox 1890 2567 1985 2636; x_wconf 67' lang='grc' dir='ltr'><strong><em>ὢν,</em></strong></span> <span class='ocrx_word' id='word_1_279' title='bbox 2037 2570 2386 2639; x_wconf 87' lang='grc' dir='ltr'><strong><em>γεγεννημένος</em></strong></span> 
     </span>
     <span class='ocr_line' id='line_1_29' title="bbox 450 2650 2387 2727; baseline 0.001 -23"><span class='ocrx_word' id='word_1_280' title='bbox 450 2651 679 2721; x_wconf 79' lang='grc' dir='ltr'><strong><em>ἀνάρχως</em></strong></span> <span class='ocrx_word' id='word_1_281' title='bbox 709 2654 793 2705; x_wconf 86' lang='grc' dir='ltr'><strong><em>καὶ</em></strong></span> <span class='ocrx_word' id='word_1_282' title='bbox 836 2650 1080 2722; x_wconf 80' lang='grc' dir='ltr'><strong><em>ἆχρόνως·</em></strong></span> <span class='ocrx_word' id='word_1_283' title='bbox 1128 2650 1198 2715; x_wconf 71' lang='grc' dir='ltr'><strong><em>ὥς</em></strong></span> <span class='ocrx_word' id='word_1_284' title='bbox 1224 2651 1308 2718; x_wconf 77' lang='grc' dir='ltr'><strong><em>τό,</em></strong></span> <span class='ocrx_word' id='word_1_285' title='bbox 1363 2652 1514 2722; x_wconf 74' lang='grc' dir='ltr'><strong><em>Παροῖ</em></strong></span> <span class='ocrx_word' id='word_1_286' title='bbox 1550 2655 1631 2708; x_wconf 84' lang='grc' dir='ltr'><strong><em>σοὶ</em></strong></span> <span class='ocrx_word' id='word_1_287' title='bbox 1669 2653 1804 2726; x_wconf 76' lang='grc' dir='ltr'><strong><em>πηγὴ</em></strong></span> <span class='ocrx_word' id='word_1_288' title='bbox 1838 2661 1990 2723; x_wconf 83' lang='grc' dir='ltr'><strong><em>ζωῆς,</em></strong></span> <span class='ocrx_word' id='word_1_289' title='bbox 2037 2655 2123 2707; x_wconf 89' lang='grc' dir='ltr'><strong><em>καὶ</em></strong></span> <span class='ocrx_word' id='word_1_290' title='bbox 2154 2652 2208 2707; x_wconf 80' lang='grc' dir='ltr'><strong><em>τό</em></strong></span> <span class='ocrx_word' id='word_1_291' title='bbox 2238 2655 2291 2707; x_wconf 85' lang='grc' dir='ltr'><strong><em>έν</em></strong></span> <span class='ocrx_word' id='word_1_292' title='bbox 2317 2660 2387 2727; x_wconf 65' lang='grc' dir='ltr'><strong><em>τῷ</em></strong></span> 
     </span>
     <span class='ocr_line' id='line_1_30' title="bbox 448 2735 2384 2810; baseline 0.002 -20"><span class='ocrx_word' id='word_1_293' title='bbox 448 2740 578 2805; x_wconf 89' lang='grc' dir='ltr'><strong><em>φωτί</em></strong></span> <span class='ocrx_word' id='word_1_294' title='bbox 610 2755 701 2790; x_wconf 90' lang='grc' dir='ltr'><strong><em>σου</em></strong></span> <span class='ocrx_word' id='word_1_295' title='bbox 730 2735 971 2805; x_wconf 85' lang='grc' dir='ltr'><strong><em>ὀψόμεθα</em></strong></span> <span class='ocrx_word' id='word_1_296' title='bbox 998 2743 1134 2804; x_wconf 82' lang='grc' dir='ltr'><strong><em>φῶς,</em></strong></span> <span class='ocrx_word' id='word_1_297' title='bbox 1186 2740 1272 2791; x_wconf 89' lang='grc' dir='ltr'><strong><em>καὶ</em></strong></span> <span class='ocrx_word' id='word_1_298' title='bbox 1308 2738 1395 2804; x_wconf 87' lang='grc' dir='ltr'><strong><em>τὸ,</em></strong></span> <span class='ocrx_word' id='word_1_299' title='bbox 1444 2737 1500 2792; x_wconf 85' lang='grc' dir='ltr'><strong><em>Ὁ</em></strong></span> <span class='ocrx_word' id='word_1_300' title='bbox 1531 2737 1601 2793; x_wconf 70' lang='grc' dir='ltr'><strong><em>αἲν</em></strong></span> <span class='ocrx_word' id='word_1_301' title='bbox 1629 2742 1698 2802; x_wconf 84' lang='grc' dir='ltr'><strong><em>εἰς</em></strong></span> <span class='ocrx_word' id='word_1_302' title='bbox 1722 2739 1809 2794; x_wconf 71' lang='grc' dir='ltr'><strong><em>τόν</em></strong></span> <span class='ocrx_word' id='word_1_303' title='bbox 1838 2739 2025 2794; x_wconf 84' lang='grc' dir='ltr'><strong><em>κόλπον</em></strong></span> <span class='ocrx_word' id='word_1_304' title='bbox 2058 2744 2149 2792; x_wconf 88' lang='grc' dir='ltr'><strong><em>τοῦ</em></strong></span> <span class='ocrx_word' id='word_1_305' title='bbox 2180 2737 2384 2810; x_wconf 82' lang='grc' dir='ltr'><strong><em>πατρὸς,</em></strong></span> 
     </span>
     <span class='ocr_line' id='line_1_31' title="bbox 447 2817 2387 2896; baseline 0.002 -20"><span class='ocrx_word' id='word_1_306' title='bbox 447 2825 532 2876; x_wconf 88' lang='grc' dir='ltr'><strong><em>καὶ</em></strong></span> <span class='ocrx_word' id='word_1_307' title='bbox 562 2822 646 2888; x_wconf 87' lang='grc' dir='ltr'><strong><em>τὸ,</em></strong></span> <span class='ocrx_word' id='word_1_308' title='bbox 677 2822 767 2876; x_wconf 89' lang='grc' dir='ltr'><strong><em>Ἐν</em></strong></span> <span class='ocrx_word' id='word_1_309' title='bbox 793 2819 917 2896; x_wconf 75' lang='grc' dir='ltr'><strong><em>άρχῇ</em></strong></span> <span class='ocrx_word' id='word_1_310' title='bbox 939 2817 1002 2890; x_wconf 80' lang='grc' dir='ltr'><strong><em>ἧν</em></strong></span> <span class='ocrx_word' id='word_1_311' title='bbox 1031 2821 1059 2876; x_wconf 82' lang='grc' dir='ltr'>ὁ</span> <span class='ocrx_word' id='word_1_312' title='bbox 1081 2822 1250 2894; x_wconf 90' lang='grc' dir='ltr'><strong><em>λόγος,</em></strong></span> <span class='ocrx_word' id='word_1_313' title='bbox 1289 2827 1374 2878; x_wconf 89' lang='grc' dir='ltr'><strong><em>καὶ</em></strong></span> <span class='ocrx_word' id='word_1_314' title='bbox 1403 2822 1431 2879; x_wconf 82' lang='grc' dir='ltr'><em>ὅ</em></span> <span class='ocrx_word' id='word_1_315' title='bbox 1457 2825 1603 2895; x_wconf 89' lang='grc' dir='ltr'><strong><em>λόγος</em></strong></span> <span class='ocrx_word' id='word_1_316' title='bbox 1626 2819 1690 2894; x_wconf 77' lang='grc' dir='ltr'><strong><em>ἦν</em></strong></span> <span class='ocrx_word' id='word_1_317' title='bbox 1721 2824 1848 2896; x_wconf 78' lang='grc' dir='ltr'><strong><em>πρὸς</em></strong></span> <span class='ocrx_word' id='word_1_318' title='bbox 1875 2824 1958 2879; x_wconf 75' lang='grc' dir='ltr'><strong><em>τόν</em></strong></span> <span class='ocrx_word' id='word_1_319' title='bbox 1982 2823 2124 2889; x_wconf 75' lang='grc' dir='ltr'><strong><em>θεόν,</em></strong></span> <span class='ocrx_word' id='word_1_320' title='bbox 2154 2826 2238 2877; x_wconf 85' lang='grc' dir='ltr'><strong><em>καὶ</em></strong></span> <span class='ocrx_word' id='word_1_321' title='bbox 2266 2823 2387 2889; x_wconf 76' lang='grc' dir='ltr'><strong><em>θεὸς</em></strong></span> 
     </span>
     <span class='ocr_line' id='line_1_32' title="bbox 446 2902 2384 2980; baseline 0.001 -18"><span class='ocrx_word' id='word_1_322' title='bbox 446 2902 508 2976; x_wconf 81' lang='grc' dir='ltr'><strong><em>ἧν</em></strong></span> <span class='ocrx_word' id='word_1_323' title='bbox 534 2906 561 2962; x_wconf 81' lang='grc' dir='ltr'>ὁ</span> <span class='ocrx_word' id='word_1_324' title='bbox 587 2907 752 2979; x_wconf 87' lang='grc' dir='ltr'><strong><em>λόγος·</em></strong></span> <span class='ocrx_word' id='word_1_325' title='bbox 790 2910 874 2961; x_wconf 85' lang='grc' dir='ltr'><strong><em>καὶ</em></strong></span> <span class='ocrx_word' id='word_1_326' title='bbox 904 2910 1015 2978; x_wconf 87' lang='grc' dir='ltr'><strong><em>περὶ</em></strong></span> <span class='ocrx_word' id='word_1_327' title='bbox 1048 2915 1136 2962; x_wconf 89' lang='grc' dir='ltr'><strong><em>τοῦ</em></strong></span> <span class='ocrx_word' id='word_1_328' title='bbox 1161 2907 1304 2980; x_wconf 82' lang='grc' dir='ltr'><strong><em>άγίου</em></strong></span> <span class='ocrx_word' id='word_1_329' title='bbox 1336 2909 1615 2978; x_wconf 80' lang='grc' dir='ltr'><strong><em>πνεύματος</em></strong></span> <span class='ocrx_word' id='word_1_330' title='bbox 1646 2908 1903 2977; x_wconf 73' lang='grc' dir='ltr'><strong><em>ὦςαύτως,</em></strong></span> <span class='ocrx_word' id='word_1_331' title='bbox 1968 2909 2033 2964; x_wconf 87' lang='grc' dir='ltr'>Τὸ</span> <span class='ocrx_word' id='word_1_332' title='bbox 2059 2911 2257 2977; x_wconf 84' lang='grc' dir='ltr'><strong><em>πνεῦμά</em></strong></span> <span class='ocrx_word' id='word_1_333' title='bbox 2288 2932 2384 2978; x_wconf 90' lang='grc' dir='ltr'><strong><em>μου</em></strong></span> 
     </span>
     <span class='ocr_line' id='line_1_33' title="bbox 448 2992 2386 3069; baseline 0.001 -22"><span class='ocrx_word' id='word_1_334' title='bbox 448 2995 712 3062; x_wconf 79' lang='grc' dir='ltr'><strong><em>ἐφέστηκεν</em></strong></span> <span class='ocrx_word' id='word_1_335' title='bbox 764 2996 816 3048; x_wconf 84' lang='grc' dir='ltr'><strong><em>έν</em></strong></span> <span class='ocrx_word' id='word_1_336' title='bbox 857 2996 988 3067; x_wconf 77' lang='grc' dir='ltr'><strong><em>μέσῳ</em></strong></span> <span class='ocrx_word' id='word_1_337' title='bbox 1037 2992 1189 3061; x_wconf 67' lang='grc' dir='ltr'><strong><em>ὑμῶν.</em></strong></span> <span class='ocrx_word' id='word_1_338' title='bbox 1283 2998 1380 3049; x_wconf 80' lang='grc' dir='ltr'><strong><em>Καὶ</em></strong></span> <span class='ocrx_word' id='word_1_339' title='bbox 1421 2994 1546 3069; x_wconf 77' lang='grc' dir='ltr'><strong><em>ὁρᾷς</em></strong></span> <span class='ocrx_word' id='word_1_340' title='bbox 1588 2996 1663 3050; x_wconf 80' lang='grc' dir='ltr'><strong><em>ὅτι</em></strong></span> <span class='ocrx_word' id='word_1_341' title='bbox 1700 2997 1849 3051; x_wconf 81' lang='grc' dir='ltr'><strong><em>οὐδὲν</em></strong></span> <span class='ocrx_word' id='word_1_342' title='bbox 1897 2994 2188 3066; x_wconf 88' lang='grc' dir='ltr'><strong><em>πρόσφατον</em></strong></span> <span class='ocrx_word' id='word_1_343' title='bbox 2231 2997 2283 3048; x_wconf 83' lang='grc' dir='ltr'><strong><em>ἔν</em></strong></span> <span class='ocrx_word' id='word_1_344' title='bbox 2324 3001 2386 3069; x_wconf 83' lang='grc' dir='ltr'><strong><em>τῇ</em></strong></span> 
     </span>
     <span class='ocr_line' id='line_1_34' title="bbox 446 3078 2384 3152; baseline 0.001 -20"><span class='ocrx_word' id='word_1_345' title='bbox 446 3079 623 3150; x_wconf 88' lang='grc' dir='ltr'><strong><em>τριάδι.</em></strong></span> <span class='ocrx_word' id='word_1_346' title='bbox 701 3078 797 3133; x_wconf 87' lang='grc' dir='ltr'><strong><em>Λιὸ</em></strong></span> <span class='ocrx_word' id='word_1_347' title='bbox 829 3078 942 3134; x_wconf 76' lang='grc' dir='ltr'><strong><em>οὔτε</em></strong></span> <span class='ocrx_word' id='word_1_348' title='bbox 971 3079 1161 3133; x_wconf 80' lang='grc' dir='ltr'><strong><em>4οὐσία</em></strong></span> <span class='ocrx_word' id='word_1_349' title='bbox 1206 3080 1302 3151; x_wconf 78' lang='grc' dir='ltr'><strong><em>πρὸ</em></strong></span> <span class='ocrx_word' id='word_1_350' title='bbox 1344 3083 1512 3147; x_wconf 90' lang='grc' dir='ltr'><strong><em>ἕξεως,</em></strong></span> <span class='ocrx_word' id='word_1_351' title='bbox 1567 3080 1679 3135; x_wconf 75' lang='grc' dir='ltr'><strong><em>οὔτε</em></strong></span> <span class='ocrx_word' id='word_1_352' title='bbox 1720 3084 1816 3145; x_wconf 87' lang='grc' dir='ltr'><strong><em>ἕξις</em></strong></span> <span class='ocrx_word' id='word_1_353' title='bbox 1858 3079 1954 3152; x_wconf 78' lang='grc' dir='ltr'><strong><em>πρὸ</em></strong></span> <span class='ocrx_word' id='word_1_354' title='bbox 1998 3078 2181 3142; x_wconf 80' lang='grc' dir='ltr'><strong><em>οὐσίας.</em></strong></span> <span class='ocrx_word' id='word_1_355' title='bbox 2239 3079 2384 3144; x_wconf 70' lang='grc' dir='ltr'><strong><em>ΓΈξιν</em></strong></span> 
     </span>
     <span class='ocr_line' id='line_1_35' title="bbox 447 3161 2380 3239; baseline 0.001 -22"><span class='ocrx_word' id='word_1_356' title='bbox 447 3166 499 3218; x_wconf 80' lang='grc' dir='ltr'><strong><em>δὲ</em></strong></span> <span class='ocrx_word' id='word_1_357' title='bbox 532 3161 592 3218; x_wconf 79' lang='grc' dir='ltr'><strong><em>οῦ</em></strong></span> <span class='ocrx_word' id='word_1_358' title='bbox 625 3164 750 3219; x_wconf 78' lang='grc' dir='ltr'><strong><em>κατά</em></strong></span> <span class='ocrx_word' id='word_1_359' title='bbox 777 3164 863 3228; x_wconf 75' lang='grc' dir='ltr'><strong><em>τοὶς</em></strong></span> <span class='ocrx_word' id='word_1_360' title='bbox 894 3164 1140 3235; x_wconf 77' lang='grc' dir='ltr'><strong><em>σφαλεράς</em></strong></span> <span class='ocrx_word' id='word_1_361' title='bbox 1165 3169 1431 3236; x_wconf 87' lang='grc' dir='ltr'><strong><em>λεγομένας</em></strong></span> <span class='ocrx_word' id='word_1_362' title='bbox 1458 3169 1606 3233; x_wconf 87' lang='grc' dir='ltr'><strong><em>ἕξεις,</em></strong></span> <span class='ocrx_word' id='word_1_363' title='bbox 1662 3167 1848 3239; x_wconf 83' lang='grc' dir='ltr'><strong><em>τροπὴν</em></strong></span> <span class='ocrx_word' id='word_1_364' title='bbox 1880 3164 2085 3234; x_wconf 80' lang='grc' dir='ltr'><strong><em>ἐχούσας</em></strong></span> <span class='ocrx_word' id='word_1_365' title='bbox 2112 3167 2162 3219; x_wconf 82' lang='grc' dir='ltr'><strong><em>έν</em></strong></span> <span class='ocrx_word' id='word_1_366' title='bbox 2190 3165 2380 3239; x_wconf 75' lang='grc' dir='ltr'><strong><em>ἑκάστῳ</em></strong></span> 
     </span>
     <span class='ocr_line' id='line_1_36' title="bbox 447 3248 2379 3322; baseline 0.002 -19"><span class='ocrx_word' id='word_1_367' title='bbox 447 3257 546 3303; x_wconf 82' lang='grc' dir='ltr'><strong><em>τῶν</em></strong></span> <span class='ocrx_word' id='word_1_368' title='bbox 571 3249 658 3313; x_wconf 78' lang='grc' dir='ltr'><strong><em>τάς</em></strong></span> <span class='ocrx_word' id='word_1_369' title='bbox 685 3257 709 3287; x_wconf 86' lang='lat'>⁵</span> <span class='ocrx_word' id='word_1_370' title='bbox 729 3250 932 3312; x_wconf 79' lang='grc' dir='ltr'><strong><em>θετικάς</em></strong></span> <span class='ocrx_word' id='word_1_371' title='bbox 963 3253 1082 3314; x_wconf 86' lang='grc' dir='ltr'><strong><em>ἕξεις</em></strong></span> <span class='ocrx_word' id='word_1_372' title='bbox 1112 3251 1318 3319; x_wconf 82' lang='grc' dir='ltr'><strong><em>ἑχόντων</em></strong></span> <span class='ocrx_word' id='word_1_373' title='bbox 1333 3295 1347 3318; x_wconf 92' lang='grc'><strong><em>,</em></strong></span> <span class='ocrx_word' id='word_1_374' title='bbox 1401 3255 1444 3305; x_wconf 87' lang='grc' dir='ltr'><strong><em>εἰ</em></strong></span> <span class='ocrx_word' id='word_1_375' title='bbox 1467 3255 1552 3306; x_wconf 88' lang='grc' dir='ltr'><strong><em>καὶ</em></strong></span> <span class='ocrx_word' id='word_1_376' title='bbox 1578 3255 1677 3317; x_wconf 88' lang='grc' dir='ltr'><strong><em>ἕξιν</em></strong></span> <span class='ocrx_word' id='word_1_377' title='bbox 1701 3255 1812 3321; x_wconf 88' lang='grc' dir='ltr'><strong><em>περὶ</em></strong></span> <span class='ocrx_word' id='word_1_378' title='bbox 1836 3257 1964 3305; x_wconf 84' lang='grc' dir='ltr'><strong><em>θεοῦ</em></strong></span> <span class='ocrx_word' id='word_1_379' title='bbox 1986 3252 2137 3321; x_wconf 90' lang='grc' dir='ltr'><strong><em>λέγειν</em></strong></span> <span class='ocrx_word' id='word_1_380' title='bbox 2164 3248 2379 3322; x_wconf 78' lang='grc' dir='ltr'><strong><em>α’ναγκά-</em></strong></span> 
     </span>
     <span class='ocr_line' id='line_1_37' title="bbox 447 3330 2382 3412; baseline 0.001 -23"><span class='ocrx_word' id='word_1_381' title='bbox 447 3353 545 3398; x_wconf 87' lang='grc' dir='ltr'><strong><em>σεις</em></strong></span> <span class='ocrx_word' id='word_1_382' title='bbox 574 3334 728 3405; x_wconf 77' lang='grc' dir='ltr'><strong><em>ἡμᾶς,</em></strong></span> <span class='ocrx_word' id='word_1_383' title='bbox 781 3330 819 3389; x_wconf 78' lang='grc' dir='ltr'><em>ὦ</em></span> <span class='ocrx_word' id='word_1_384' title='bbox 847 3335 1008 3390; x_wconf 84' lang='grc' dir='ltr'><strong><em>Ἀέτιε.</em></strong></span> <span class='ocrx_word' id='word_1_385' title='bbox 1085 3339 1183 3388; x_wconf 78' lang='grc' dir='ltr'><strong><em>Καὶ</em></strong></span> <span class='ocrx_word' id='word_1_386' title='bbox 1216 3335 1332 3390; x_wconf 75' lang='grc' dir='ltr'><strong><em>οὔτε</em></strong></span> <span class='ocrx_word' id='word_1_387' title='bbox 1360 3361 1406 3391; x_wconf 93' lang='grc' dir='ltr'><strong><em>τι</em></strong></span> <span class='ocrx_word' id='word_1_388' title='bbox 1438 3341 1490 3392; x_wconf 81' lang='grc' dir='ltr'><strong><em>ἐν</em></strong></span> <span class='ocrx_word' id='word_1_389' title='bbox 1515 3345 1622 3412; x_wconf 77' lang='grc' dir='ltr'><strong><em>θεῷ</em></strong></span> <span class='ocrx_word' id='word_1_390' title='bbox 1661 3336 2041 3408; x_wconf 87' lang='grc' dir='ltr'><strong><em>προτιμότερον,</em></strong></span> <span class='ocrx_word' id='word_1_391' title='bbox 2090 3335 2203 3390; x_wconf 74' lang='grc' dir='ltr'><strong><em>οὔτε</em></strong></span> <span class='ocrx_word' id='word_1_392' title='bbox 2240 3358 2382 3405; x_wconf 83' lang='grc' dir='ltr'><strong><em>μετα·</em></strong></span> 
     </span>
    </p>
   </div>
   <div class='ocr_carea' id='block_1_5' title="bbox 446 3447 2381 3674">
    <p class='ocr_par' dir='ltr' id='par_1_6' title="bbox 506 3447 2085 3507">
     <span class='ocr_line' id='line_1_38' title="bbox 506 3447 2085 3507; baseline 0.001 -15"><span class='ocrx_word' id='word_1_393' title='bbox 506 3451 567 3494; x_wconf 83' lang='grc'><strong><em>17.</em></strong></span> <span class='ocrx_word' id='word_1_394' title='bbox 597 3447 842 3506; x_wconf 78' lang='grc' dir='ltr'><strong><em>η’κούσαμεν</em></strong></span> <span class='ocrx_word' id='word_1_395' title='bbox 881 3455 1096 3494; x_wconf 80' lang='lat' dir='ltr'><strong><em>emendatio</em></strong></span> <span class='ocrx_word' id='word_1_396' title='bbox 1135 3455 1291 3495; x_wconf 79' lang='lat' dir='ltr'><strong><em>Petavii</em></strong></span> <span class='ocrx_word' id='word_1_397' title='bbox 1317 3459 1382 3495; x_wconf 74' lang='lat' dir='ltr'><strong><em>esi.</em></strong></span> <span class='ocrx_word' id='word_1_398' title='bbox 1500 3457 1533 3495; x_wconf 90' lang='lat'><strong><em>1.</em></strong></span> <span class='ocrx_word' id='word_1_399' title='bbox 1566 3457 1669 3494; x_wconf 88' lang='lat' dir='ltr'><strong><em>Male</em></strong></span> <span class='ocrx_word' id='word_1_400' title='bbox 1698 3466 1821 3503; x_wconf 79' lang='lat' dir='ltr'><strong><em>supra</em></strong></span> <span class='ocrx_word' id='word_1_401' title='bbox 1857 3451 2085 3507; x_wconf 75' lang='grc' dir='ltr'><strong><em>σημαίνων.</em></strong></span> 
     </span>
    </p>

    <p class='ocr_par' dir='ltr' id='par_1_7' title="bbox 446 3506 2381 3620">
     <span class='ocr_line' id='line_1_39' title="bbox 446 3506 2381 3564; baseline 0.003 -17"><span class='ocrx_word' id='word_1_402' title='bbox 446 3509 555 3548; x_wconf 85' lang='lat' dir='ltr'><strong><em>Libri</em></strong></span> <span class='ocrx_word' id='word_1_403' title='bbox 581 3512 699 3560; x_wconf 73' lang='lat' dir='ltr'><em>vulyo</em></span> <span class='ocrx_word' id='word_1_404' title='bbox 728 3506 972 3564; x_wconf 76' lang='grc' dir='ltr'><strong><em>εἰκάσαμεν.</em></strong></span> <span class='ocrx_word' id='word_1_405' title='bbox 1496 3511 1536 3553; x_wconf 80' lang='lat'><strong><em>2.</em></strong></span> <span class='ocrx_word' id='word_1_406' title='bbox 1566 3506 1641 3553; x_wconf 74' lang='grc' dir='ltr'><strong><em>οὐκ</em></strong></span> <span class='ocrx_word' id='word_1_407' title='bbox 1667 3507 1813 3558; x_wconf 65' lang='grc' dir='ltr'><strong><em>οὐσίας</em></strong></span> <span class='ocrx_word' id='word_1_408' title='bbox 1837 3513 1920 3551; x_wconf 84' lang='lat' dir='ltr'><em>cod.</em></span> <span class='ocrx_word' id='word_1_409' title='bbox 1950 3512 2112 3561; x_wconf 73' lang='lat' dir='ltr'><strong><em>Rhediy.</em></strong></span> <span class='ocrx_word' id='word_1_410' title='bbox 2164 3512 2257 3552; x_wconf 84' lang='lat' dir='ltr'><strong><em>Vide</em></strong></span> <span class='ocrx_word' id='word_1_411' title='bbox 2279 3523 2381 3563; x_wconf 80' lang='lat' dir='ltr'><strong><em>quae</em></strong></span> 
     </span>
     <span class='ocr_line' id='line_1_40' title="bbox 507 3561 2190 3620; baseline 0.001 -16"><span class='ocrx_word' id='word_1_412' title='bbox 507 3564 569 3606; x_wconf 67' lang='lat'><strong><em>18.</em></strong></span> <span class='ocrx_word' id='word_1_413' title='bbox 599 3561 885 3619; x_wconf 80' lang='grc' dir='ltr'><strong><em>οἷπομένουσαν</em></strong></span> <span class='ocrx_word' id='word_1_414' title='bbox 925 3570 1062 3608; x_wconf 81' lang='lat' dir='ltr'><strong><em>vitium</em></strong></span> <span class='ocrx_word' id='word_1_415' title='bbox 1098 3572 1151 3609; x_wconf 75' lang='lat' dir='ltr'><strong><em>est</em></strong></span> <span class='ocrx_word' id='word_1_416' title='bbox 1181 3569 1271 3608; x_wconf 81' lang='lat' dir='ltr'><strong><em>edit.</em></strong></span> <span class='ocrx_word' id='word_1_417' title='bbox 1302 3570 1382 3609; x_wconf 89' lang='lat' dir='ltr'><strong><em>Pe-</em></strong></span> <span class='ocrx_word' id='word_1_418' title='bbox 1438 3581 1560 3620; x_wconf 83' lang='lat' dir='ltr'><strong><em>supra</em></strong></span> <span class='ocrx_word' id='word_1_419' title='bbox 1590 3569 1637 3608; x_wconf 87' lang='lat' dir='ltr'><strong><em>de</em></strong></span> <span class='ocrx_word' id='word_1_420' title='bbox 1665 3569 1738 3607; x_wconf 82' lang='lat' dir='ltr'><strong><em>hac</em></strong></span> <span class='ocrx_word' id='word_1_421' title='bbox 1766 3569 1962 3618; x_wconf 83' lang='lat' dir='ltr'><strong><em>scriptura</em></strong></span> <span class='ocrx_word' id='word_1_422' title='bbox 1992 3570 2190 3608; x_wconf 81' lang='lat' dir='ltr'><strong><em>annotavi.</em></strong></span> 
     </span>
    </p>

    <p class='ocr_par' dir='ltr' id='par_1_8' title="bbox 448 3623 1935 3674">
     <span class='ocr_line' id='line_1_41' title="bbox 448 3623 1935 3674; baseline 0.003 -15"><span class='ocrx_word' id='word_1_423' title='bbox 448 3623 527 3659; x_wconf 80' lang='grc' dir='ltr'><strong><em>ἰαυ.</em></strong></span> <span class='ocrx_word' id='word_1_424' title='bbox 564 3623 696 3662; x_wconf 87' lang='lat' dir='ltr'><strong><em>Colon.</em></strong></span> <span class='ocrx_word' id='word_1_425' title='bbox 725 3628 841 3672; x_wconf 84' lang='lat' dir='ltr'><strong><em>repet.</em></strong></span> <span class='ocrx_word' id='word_1_426' title='bbox 1495 3624 1536 3666; x_wconf 82' lang='lat'><strong><em>3.</em></strong></span> <span class='ocrx_word' id='word_1_427' title='bbox 1566 3623 1639 3667; x_wconf 79' lang='grc' dir='ltr'><strong><em>καὶ</em></strong></span> <span class='ocrx_word' id='word_1_428' title='bbox 1667 3627 1773 3664; x_wconf 78' lang='lat' dir='ltr'><strong><em>abest</em></strong></span> <span class='ocrx_word' id='word_1_429' title='bbox 1800 3636 1935 3674; x_wconf 79' lang='lat' dir='ltr'><strong><em>supra.</em></strong></span> 
     </span>
    </p>
   </div>
   <div class='ocr_carea' id='block_1_6' title="bbox 444 3674 2377 3847">
    <p class='ocr_par' dir='ltr' id='par_1_9' title="bbox 444 3674 2377 3847">
     <span class='ocr_line' id='line_1_42' title="bbox 508 3674 2377 3734; baseline 0.002 -19"><span class='ocrx_word' id='word_1_430' title='bbox 508 3674 571 3716; x_wconf 87' lang='grc'><strong><em>19.</em></strong></span> <span class='ocrx_word' id='word_1_431' title='bbox 600 3679 802 3730; x_wconf 79' lang='grc' dir='ltr'><strong><em>περατοῦν</em></strong></span> <span class='ocrx_word' id='word_1_432' title='bbox 834 3683 989 3730; x_wconf 80' lang='lat' dir='ltr'><strong><em>reposui</em></strong></span> <span class='ocrx_word' id='word_1_433' title='bbox 1018 3692 1067 3721; x_wconf 79' lang='lat' dir='ltr'><strong><em>ex</em></strong></span> <span class='ocrx_word' id='word_1_434' title='bbox 1090 3683 1203 3722; x_wconf 84' lang='lat' dir='ltr'><em>codd.</em></span> <span class='ocrx_word' id='word_1_435' title='bbox 1231 3693 1322 3723; x_wconf 78' lang='lat' dir='ltr'><strong><em>mss.</em></strong></span> <span class='ocrx_word' id='word_1_436' title='bbox 1349 3686 1384 3722; x_wconf 80' lang='lat' dir='ltr'><strong><em>et</em></strong></span> <span class='ocrx_word' id='word_1_437' title='bbox 1496 3678 1536 3721; x_wconf 75' lang='lat'><strong><em>4.</em></strong></span> <span class='ocrx_word' id='word_1_438' title='bbox 1582 3678 1666 3730; x_wconf 76' lang='grc' dir='ltr'><strong><em>ἕξις</em></strong></span> <span class='ocrx_word' id='word_1_439' title='bbox 1707 3680 1799 3734; x_wconf 83' lang='lat' dir='ltr'><em>(pro</em></span> <span class='ocrx_word' id='word_1_440' title='bbox 1836 3675 1978 3732; x_wconf 69' lang='grc' dir='ltr'><strong><em>οὐσία)</em></strong></span> <span class='ocrx_word' id='word_1_441' title='bbox 2016 3683 2157 3725; x_wconf 77' lang='lat' dir='ltr'><strong><em>vicium</em></strong></span> <span class='ocrx_word' id='word_1_442' title='bbox 2197 3684 2254 3727; x_wconf 78' lang='lat' dir='ltr'><strong><em>est</em></strong></span> <span class='ocrx_word' id='word_1_443' title='bbox 2287 3682 2377 3723; x_wconf 80' lang='lat' dir='ltr'><strong><em>edit.</em></strong></span> 
     </span>
     <span class='ocr_line' id='line_1_43' title="bbox 448 3734 1897 3792; baseline 0.003 -19"><span class='ocrx_word' id='word_1_444' title='bbox 448 3734 506 3773; x_wconf 85' lang='lat' dir='ltr'><strong><em>ed.</em></strong></span> <span class='ocrx_word' id='word_1_445' title='bbox 532 3735 657 3782; x_wconf 82' lang='lat' dir='ltr'><strong><em>princ.</em></strong></span> <span class='ocrx_word' id='word_1_446' title='bbox 704 3738 927 3787; x_wconf 80' lang='grc' dir='ltr'><strong><em>παραιτοῢν</em></strong></span> <span class='ocrx_word' id='word_1_447' title='bbox 952 3742 1057 3777; x_wconf 71' lang='lat' dir='ltr'><strong><em>extat</em></strong></span> <span class='ocrx_word' id='word_1_448' title='bbox 1080 3740 1121 3779; x_wconf 84' lang='lat' dir='ltr'><strong><em>in</em></strong></span> <span class='ocrx_word' id='word_1_449' title='bbox 1147 3740 1205 3779; x_wconf 87' lang='lat' dir='ltr'><strong><em>ed.</em></strong></span> <span class='ocrx_word' id='word_1_450' title='bbox 1229 3740 1382 3792; x_wconf 58' lang='lat' dir='ltr'><strong><em>Petav„</em></strong></span> <span class='ocrx_word' id='word_1_451' title='bbox 1439 3740 1575 3781; x_wconf 81' lang='lat' dir='ltr'><strong><em>Petav.</em></strong></span> <span class='ocrx_word' id='word_1_452' title='bbox 1608 3739 1741 3779; x_wconf 87' lang='lat' dir='ltr'><strong><em>Colon.</em></strong></span> <span class='ocrx_word' id='word_1_453' title='bbox 1778 3741 1897 3788; x_wconf 77' lang='lat' dir='ltr'><strong><em>repet.</em></strong></span> 
     </span>
     <span class='ocr_line' id='line_1_44' title="bbox 444 3790 1829 3847; baseline 0.013 -18"><span class='ocrx_word' id='word_1_454' title='bbox 444 3790 514 3846; x_wconf 72' lang='lat' dir='ltr'><strong><em>qui</em></strong></span> <span class='ocrx_word' id='word_1_455' title='bbox 543 3791 733 3831; x_wconf 78' lang='lat' dir='ltr'><strong><em>ariolatus</em></strong></span> <span class='ocrx_word' id='word_1_456' title='bbox 759 3797 812 3833; x_wconf 77' lang='lat' dir='ltr'><strong><em>est</em></strong></span> <span class='ocrx_word' id='word_1_457' title='bbox 838 3792 944 3847; x_wconf 83' lang='grc' dir='ltr'><strong><em>πέρα</em></strong></span> <span class='ocrx_word' id='word_1_458' title='bbox 970 3793 1057 3837; x_wconf 77' lang='grc' dir='ltr'><strong><em>τοῦ.</em></strong></span> <span class='ocrx_word' id='word_1_459' title='bbox 1079 3812 1083 3815; x_wconf 93' lang='grc'><em>·</em></span> <span class='ocrx_word' id='word_1_460' title='bbox 1551 3791 1555 3795; x_wconf 48' lang='grc'>’</span> <span class='ocrx_word' id='word_1_461' title='bbox 1826 3790 1829 3793; x_wconf 64' lang='lat'>‚</span> 
     </span>
    </p>
   </div>
  </div>
 </body>
</html>
