2508 4134
547 304 772 345 PANARII
799 304 904 344 Lm.
923 305 995 344 111.
1026 304 1158 345 TOM.
1181 306 1212 345 1.
1243 305 1406 346 ΗΛΕΒ.
1429 306 1605 346 LXXII.
1963 298 2020 345 51

290 500 604 540 EXEMPLUM
634 499 930 541 EPISTOLAE
961 499 1268 549 MARCELLI,
1300 503 1460 550 QUEM
1489 503 1556 542 OB
1586 501 1863 542 HAERESIM

793 569 1052 609 SYNODUS
1083 570 1368 610 DEPOSUIT.

264 665 553 719 Beatissimo
591 667 806 735 collegae
844 667 977 739 lulio⁴
1000 665 1266 718 Marcellus
1303 667 1353 716 in
1392 664 1591 718 Christo
1629 668 1855 719 salutem.

264 748 386 803 Cum
413 752 624 803 nonnulli
658 768 721 802 ex
747 751 806 802 iis
834 751 943 820 qui,
985 752 1109 818 quod
1145 769 1307 819 parum
1335 750 1523 818 integre
1559 752 1615 802 de
1642 753 1732 802 fide
1762 752 2020 815 sentirent,

123 844 263 886 antea
305 836 607 887 condemnati
651 844 790 898 sunt,
845 835 1019 903 quique
1063 852 1092 884 a
1129 852 1205 884 me
1243 835 1289 884 in
1322 833 1546 885 Nicaena
1583 836 1770 902 synodo
1810 834 2022 886 convicti

122 928 252 983 sunt,
294 928 462 970 contra
489 937 564 971 me
587 921 643 971 ad
673 920 895 988 pietatem
924 928 1049 969 tuam
1081 918 1298 970 scribere
1329 937 1422 969 non
1452 918 1794 982 dubitaverint,
1836 936 1911 970 me
1939 936 2028 969 1166

122 1013 281 1067 recte,
322 1021 412 1054 1166
441 1021 546 1054 cum
579 1004 813 1054 ecclesiae
848 1003 1066 1054 doctrina
1093 1011 1422 1053 consentanee
1451 1002 1509 1052 de
1537 1002 1628 1052 fide
1655 1011 1870 1052 statuere
1889 1041 1901 1065 ,
1959 1002 2027 1053 uti

122 1086 301 1138 crimen
330 1105 466 1138 suum
496 1086 544 1138 in
573 1105 648 1139 1116
677 1089 1027 1150 transferrent,
1085 1095 1340 1156 propterea
1369 1086 1650 1136 necessario
1678 1084 1881 1136 Romam
1916 1086 2026 1136 mihi

122 1171 437 1237 veniendum,
479 1182 525 1222 et
559 1182 603 1222 te
633 1171 1030 1222 commonendum
1065 1170 1258 1239 putavi,
1300 1179 1352 1220 ut
1381 1187 1466 1220 eos
1497 1169 1574 1237 qui
1605 1178 1775 1220 contra
1804 1186 1877 1219 me
1908 1169 2027 1219 seri-

121 1264 319 1323 pserunt
355 1273 661 1320 arcesseres3
719 1264 768 1306 ut
795 1274 900 1306 cum
940 1255 1283 1316 advenissent,
1340 1255 1396 1304 de
1425 1253 1610 1304 duobus
1635 1254 1728 1303 11115
1754 1271 1781 1303 6
1806 1269 1881 1303 me
1912 1270 2025 1303 con-

121 1341 459 1403 vincerentur,
514 1359 622 1391 cum
659 1341 740 1391 illa
784 1340 884 1409 ipsa
916 1340 1034 1390 falsa
1068 1355 1177 1389 esse
1208 1355 1330 1406 quae
1362 1339 1409 1388 111
1442 1355 1516 1388 me
1544 1338 1873 1406 scripserunt,
1930 1345 2027 1387 tum

120 1441 205 1475 cos
237 1425 391 1476 adhuc
416 1425 464 1475 in
496 1425 698 1493 pristino
738 1442 906 1475 errore
946 1440 1264 1492 perseverare
1296 1432 1344 1473 et
1369 1422 1564 1490 indigna
1594 1423 1823 1490 quaedam
1853 1422 2026 1471 adver-

119 1525 202 1558 sus
240 1509 471 1559 ecclesias
511 1510 585 1559 dei
625 1527 679 1559 ac
719 1526 807 1559 nos
845 1508 977 1577 ipsos
1019 1508 1207 1558 illarum
1258 1506 1506 1575 praesides
1550 1523 1660 1557 esse
1702 1505 2021 1556 machinatos.

121 1589 218 1643 Sed
249 1611 355 1643 cum
387 1593 454 1643 1111
482 1594 650 1644 ν61111·6
677 1593 948 1655 noluerint,
1008 1594 1195 1642 tametsi
1225 1592 1539 1660 presbyteros
1569 1591 1627 1641 ad
1654 1590 1785 1659 ipsos
1813 1590 2023 1654 miseris,

118 1693 208 1744 ego
240 1694 357 1727 vero
386 1695 513 1728 anno
550 1677 740 1745 integro
783 1695 839 1728 ac
873 1676 1024 1727 tribus
1063 1676 1308 1727 mensibus
1339 1674 1526 1726 Romae
1569 1683 1891 1725 commoratus
1924 1675 2027 1725 fue-

116 1761 205 1810 rim
224 1800 237 1824 ,
296 1761 563 1812 faciendum
593 1761 707 1811 mihi
735 1765 929 1811 omnino
958 1761 1153 1824 censui,
1214 1769 1264 1810 ut
1295 1769 1408 1811 ante
1437 1778 1578 1827 quam
1611 1760 1719 1809 hinc
1749 1759 2025 1827 proficisce-

116 1862 226 1908 rer,
265 1862 399 1896 meae
433 1845 537 1896 fidei
577 1846 931 1914 professionem
963 1845 1045 1895 tibi
1081 1845 1271 1896 sincere
1303 1853 1444 1911 atque
1478 1861 1555 1910 ex,
1578 1843 1768 1902 auimo,
1822 1859 2024 1910 meaque

117 1947 259 1980 manu
302 1930 613 1998 perscriptam
655 1930 907 1994 offerrem,
966 1930 1151 1997 qualem
1194 1928 1335 1979 didici
1375 1937 1517 1996 atque
1555 1945 1619 1978 ex
1659 1927 1832 1978 divinis
1871 1927 2025 1976 literis

117 2031 223 2064 sum
250 2014 475 2077 edoctuS,
532 2023 579 2064 et
611 2023 664 2064 ut
693 2015 740 2064 in
777 2014 1055 2064 memoriam
1093 2012 1177 2063 tibi
1215 2029 1500 2063 revocarem
1533 2028 1654 2079 quae
1684 2028 1933 2079 perperam
1965 2010 2023 2062 ab

115 2096 212 2148 illis
241 2106 550 2162 asseruntur,
607 2116 670 2149 ex
703 2098 873 2166 quibus
916 2096 1216 2165 intelligeres
1257 2097 1538 2164 quibusnam
1579 2096 1637 2146 ad
1669 2096 1912 2146 auditores
1943 2096 2024 2145 de-

115 2181 361 2250 cipiendos
402 2182 626 2234 adhibitis
671 2181 976 2234 sermonibus
1016 2181 1270 2232 veritatem
1312 2180 1553 2231 occultare
1597 2188 1850 2230 conantur.
1926 2177 2024 2229 ‘ln-

115 2266 279 2335 primis
307 2268 433 2317 euim
466 2276 646 2335 negant
676 2267 916 2318 dominum
957 2274 1174 2316 nostrum
1219 2263 1379 2315 Iesum
1413 2261 1662 2315 Christum
1695 2263 1938 2332 proprium
1967 2282 2024 2314 ac

113 2370 280 2404 verum
304 2352 379 2403 dei
405 2352 743 2420 omnipotentis
770 2369 877 2403 6556
906 2351 1124 2404 verbum.
1202 2347 1302 2400 Sed
1328 2348 1455 2399 aliud
1482 2348 1631 2417 ipsius
1661 2365 1771 2399 esse
1799 2348 2020 2411 verbum,

114 2437 257 2487 aliam
285 2436 571 2506 sapientiam
597 2445 645 2487 et
666 2437 891 2488 virtutem
923 2452 1032 2486 esse
1059 2434 1352 2504 praedicant.
1432 2431 1567 2483 11111111
1594 2450 1730 2495 vero,
1773 2440 2021 2500 postquam

115 2521 163 2571 in
191 2521 344 2572 lucem
384 2520 447 2572 sit
478 2521 662 2584 editus,
720 2521 778 2571 ab
817 2521 921 2589 ipso
959 2520 1190 2582 verbum,
1251 2528 1297 2569 et
1326 2518 1641 2586 sapientiam,
1699 2517 2021 2583 virtutemque

114 2606 431 2656 nominatum.
510 2603 651 2671 Quod
680 2623 786 2656 cum
823 2605 1058 2667 sentiant,
1114 2604 1255 2654 aliam
1285 2621 1312 2653 a
1342 2611 1475 2671 patre
1515 2603 1754 2653 diversam
1796 2602 2023 2670 hyposta-

114 2689 203 2740 sim
235 2707 345 2741 esse
375 2690 505 2740 11111111
537 2690 837 2740 existimant.
911 2687 1179 2739 Praeterea
1222 2697 1403 2754 patrem
1445 2696 1555 2737 ante
1596 2687 1741 2736 filium
1783 2687 2018 2749 existere,

114 2791 180 2824 ex
207 2774 279 2825 his
309 2791 431 2842 quae
463 2774 679 2825 scribunt
716 2774 970 2825 manifeste
1013 2773 1287 2836 declarant,
1345 2789 1433 2822 1166
1466 2772 1619 2840 ipsum
1659 2787 1775 2823 vere
1817 2787 1926 2820 esse
1970 2770 2021 2820 fi-

113 2858 228 2909 lium
264 2876 289 2909 a
324 2868 456 2926 patre
494 2860 853 2927 procedentem.
931 2856 1027 2909 Sed
1060 2858 1149 2908 etsi
1189 2876 1213 2908 a
1247 2858 1336 2907 deo
1372 2874 1481 2907 esse
1510 2857 1690 2920 dicant,
1733 2855 1931 2923 perinde
1965 2854 2020 2904 il-

113 2943 207 2993 lum
233 2944 530 2994 arbitrantur
556 2962 613 2995 66
643 2953 807 2994 cetera
834 2944 993 2993 omnia
1019 2952 1182 2993 creata
1215 2942 1471 3011 proficisci.
1548 2942 1624 2992 Ad
1662 2941 1780 2991 11666
1799 2978 1812 3002 ,
1869 2939 2017 2989 fuisse

113 3027 365 3095 aliquando
396 3045 501 3079 611111
544 3029 752 3078 nondum
781 3036 912 3078 esset
949 3029 1184 3078 affirmare
1216 3045 1311 3077 non
1342 3027 1586 3089 dubitant,
1642 3027 1856 3089 adeoque
1885 3039 2019 3072 crea-

2068 683 2169 739 Cap.
2200 685 2248 724 11.

114 3120 267 3162 turam
306 3120 354 3162 et
379 3113 617 3181 opificium
644 3129 785 3175 esse3
844 3129 981 3179 quem
1012 3113 1152 3162 etiam
1183 3129 1210 3162 a
1238 3120 1373 3179 patre
1407 3111 1685 3177 seiungunt.
1764 3111 1866 3179 Ego
1899 3128 2017 3161 vero
2082 3169 2084 3172 ,

114 3196 192 3263 qui
222 3195 340 3246 haec
367 3206 591 3247 asserunt
615 3196 672 3247 ab
699 3197 906 3247 66616516
931 3195 1162 3246 catholica
1190 3195 1372 3246 alienos
1400 3212 1508 3245 esse
1532 3212 1810 3262 persuasum
1843 3195 2012 3245 haben.

115 3279 242 3330 Tum
274 3280 428 3331 sacris
466 3281 619 3331 literis
658 3281 914 3331 inhaerens
954 3280 1097 3329 credo
1130 3297 1271 3330 unum
1309 3296 1418 3329 esse
1457 3280 1595 3328 deum
1635 3286 1682 3327 et
1720 3279 2015 3345 unigenitum

114 3363 217 3414 eius
247 3363 391 3414 filium
436 3365 665 3428 verbum,
719 3366 797 3433 qui
840 3382 944 3415 cum
979 3372 1110 3432 patre
1151 3380 1342 3431 semper
1384 3362 1580 3425 existit,
1638 3379 1727 3412 1166
1771 3362 2017 3413 existendi

112 3447 299 3499 initium
327 3448 473 3500 ulium
515 3467 721 3518 unquam
761 3449 939 3500 habuit.
1015 3447 1148 3497 Idem
1188 3464 1360 3498 revera
1393 3447 1537 3496 adeo
1572 3446 1865 3514 procedens,
1921 3465 2017 3497 non

116 3576 323 3615 Carnarius
348 3579 459 3616 vertit
482 3583 524 3615 et
546 3589 628 3615 non
656 3589 743 3615 esse
770 3576 901 3629 ipsum
940 3588 1033 3614 vere
1090 3576 1226 3622 edim,
1253 3585 1291 3622 p.
1318 3573 1408 3613 107.
1469 3574 1589 3621 Vu190
1615 3576 1719 3611 extat
1745 3570 1853 3614 κατὰ
1875 3570 2018 3615 πάντα.

114 3630 238 3670 filium
269 3645 319 3671 ex
349 3631 440 3673 deo.
1149 3631 1185 3668 5.
1219 3623 1290 3670 ὅτε
1327 3630 1436 3667 codd.
1479 3640 1567 3669 mss.
1598 3632 1763 3679 uterque.
1822 3623 1888 3671 ’ὅτι
1928 3630 2021 3669 editi

169 3684 207 3726 4·
259 3685 331 3729 καὶ
370 3684 422 3729 τὰ
463 3684 596 3729 πάντα.
635 3691 796 3728 correxit
840 3690 880 3728 C.
914 3690 960 3727 H.
995 3690 1037 3726 G.
1096 3687 1194 3724 libri.

113 3744 285 3793 Rectber9
325 3746 364 3784 in
393 3745 652 3784 Marcellianis
681 3746 893 3795 Gottinyiae
926 3740 1042 3785 1794.

1579 3798 1659 3848 4*
