2508 4134
768 300 1301 343 ANAGEPHALAEOSIS.
1888 290 1987 338 545

95 418 182 452 nes
221 408 270 451 ct
297 398 474 451 No'emi
515 407 730 467 tempora
773 399 1123 467 perseveravit.
1214 396 1310 465 Qui
1354 396 1693 449 Barbarismus
1736 405 1989 466 propterea

96 484 268 535 dicitur
296 483 418 550 quod
450 482 762 534 vetustissimi
789 482 856 532 illi
885 482 1151 533 mortalium
1185 500 1340 550 neque
1374 491 1555 533 certum
1589 483 1793 550 aliquem
1824 490 1990 532 aucto-

93 585 195 619 rem
227 566 492 630 habcbant,
533 583 624 617 nee
651 565 778 617 inter
810 583 864 616 se
897 566 1281 628 consentiebant,
1323 567 1405 616 scd
1435 567 1761 633 unusquisque
1792 583 1878 635 pro
1905 582 1991 615 sua

95 652 342 703 voluntate
383 650 528 701 vitam
563 650 869 713 instituebat,
926 667 982 700 ac
1008 667 1094 719 pro
1121 650 1227 717 lege
1256 667 1391 700 suum
1427 652 1625 718 quisque
1655 658 1819 700 nutum
1848 658 1989 716 atque

95 735 342 787 arbitrium
380 733 470 784 sibi
509 733 824 803 proponebat.

232 817 537 884 Scythismus
564 835 591 868 a
623 816 800 870 Noe’mi
848 817 1140 886 temporibus
1173 818 1228 867 ad
1277 835 1425 884 usque
1467 817 1612 868 turris
1651 826 1697 867 et
1727 815 1992 885 Babylonis

97 903 574 965 exaedificationem,
626 919 681 952 ac
716 910 822 971 post
860 902 1025 953 turrim
1070 902 1234 970 paucis
1261 902 1411 952 adhuc
1440 902 1579 952 annis
1611 901 1845 963 obtinuit,
1902 900 1991 950 hoc

95 997 170 1038 est
201 1004 351 1055 usque
378 988 434 1036 ad
464 984 643 1037 Phalec
667 995 717 1037 et
739 985 960 1054 Rhagau‚
1003 986 1079 1054 qui
1108 986 1166 1036 ad
1194 984 1435 1052 Europam
1466 978 1770 1036 transeuntes
1794 985 1841 1034 in
1869 982 1994 1052 Scy-

93 1071 240 1122 thiam
282 1088 337 1122 ac
371 1071 590 1122 nationes
621 1071 853 1121 eiusmodi
886 1078 1199 1139 penetrarunt
1229 1070 1287 1120 ab
1318 1069 1484 1121 Thare
1517 1069 1811 1138 temporibus
1843 1078 1891 1119 ct
1923 1068 1993 1118 ul-

96 1165 198 1220 tra,
240 1173 266 1206 a
306 1173 399 1223 quo
435 1153 655 1206 Thraces
694 1154 880 1206 oriundi
920 1163 1048 1206 sunt.

236 1322 564 1374 Hellenismus
596 1324 754 1393 coepit
780 1342 806 1374 a
836 1321 1042 1375 Seruchi
1070 1323 1382 1392 temporibus.
1459 1321 1599 1374 Unde
1632 1321 1867 1372 idolorum
1898 1320 1997 1371 cul-

98 1418 175 1459 tus
216 1408 400 1458 initium
444 1407 624 1458 habuit.
702 1405 918 1475 Cumque
962 1416 1073 1458 tunc
1114 1408 1343 1477 temporis
1377 1407 1493 1458 falsa
1528 1406 1727 1475 quisque
1765 1405 1997 1473 supersti-

98 1493 229 1543 tione
257 1493 539 1555 duceretur,
595 1492 820 1560 deinceps
867 1492 1133 1543 civiliorem
1173 1494 1228 1542 ad
1273 1511 1439 1556 usum,
1492 1501 1539 1542 et
1578 1492 1635 1542 ad
1670 1500 1828 1541 certas
1864 1491 1996 1557 leges

97 1577 557 1644 simulacrorumque
606 1577 726 1627 ritus
778 1577 994 1627 homines
1045 1594 1155 1628 sese
1210 1577 1578 1628 transtulerunt.
1665 1573 1883 1642 Quorum
1934 1591 1999 1624 ex

99 1661 395 1732 praescripto
436 1660 527 1710 sibi
570 1661 686 1711 deos
727 1661 989 1712 finxerunt.
1078 1661 1152 1712 Ac
1195 1662 1394 1730 primum
1439 1678 1523 1711 eos
1567 1678 1685 1728 quos
1728 1659 1776 1710 in
1814 1659 1997 1709 honore

28 1793 35 1801 ,
99 1745 335 1814 quondam
366 1745 672 1808 habuissent,
713 1746 816 1796 sive
850 1755 1102 1814 tyrannos,
1145 1756 1226 1797 aut
1254 1746 1664 1815 praestigiatores,
1707 1745 1784 1813 qui
1820 1760 1999 1794 memo-

99 1830 247 1880 rabile
279 1829 496 1897 quiddam
522 1830 571 1880 in
598 1829 696 1879 vita
726 1831 941 1880 fecerant
972 1848 1025 1880 ac
1059 1831 1349 1881 fortitudinis
1379 1840 1427 1881 et
1453 1830 1642 1881 roboris
1675 1830 1861 1879 illustre
1891 1844 2000 1895 spe-

101 1914 254 1965 cimen
279 1913 544 1977 ediderant,
587 1914 845 1982 depingere
872 1914 1113 1965 coloribus
1135 1924 1183 1965 et
1211 1915 1479 1966 assimilare
1507 1914 1746 1965 solebant.
1821 1910 2002 1963 Postea

100 2015 218 2049 vero
248 1998 305 2047 ab
336 1996 498 2047 Thare
528 1998 677 2066 patris
706 1998 936 2049 Abraami
969 2008 1181 2068 tempore
1210 2000 1480 2050 simulacris
1510 2017 1566 2050 ac
1597 1998 1767 2050 statuis
1798 1997 2000 2048 eundem

101 2099 317 2132 errorem
358 2081 659 2132 idololatriae
700 2092 1043 2151 propagarunt.
1122 2083 1311 2152 Quippe
1350 2083 1557 2135 maiores
1587 2101 1700 2134 suos
1731 2081 2001 2134 simulacris

99 2166 419 2217 honestantcs-
440 2183 495 2216 ac
520 2175 738 2218 mortuos
762 2167 962 2236 primum
994 2177 1097 2219 arte
1133 2169 1293 2236 figlina
1324 2178 1508 2219 statuas
1541 2169 1861 2230 effinxerunt,
1902 2175 2001 2216 tum

102 2251 159 2302 ad
187 2268 354 2302 omnes
378 2259 507 2301 artes
533 2250 748 2301 imitandi
772 2253 994 2320 pervenit
1021 2253 1275 2304 industria.
1352 2252 1479 2304 Nam
1502 2262 1550 2304 et
1577 2252 1825 2303 architecti
1855 2248 2002 2302 sectis

100 2335 366 2405 lapidibus,
421 2335 685 2402 argentarii
726 2344 776 2386 et
813 2337 1033 2388 aurifices
1062 2355 1151 2388 nec
1181 2356 1276 2388 non
1305 2346 1352 2388 et
1380 2337 1503 2388 fabri
1530 2356 1617 2389 sua
1644 2337 1817 2405 quique
1852 2343 2003 2386 mate-

101 2421 202 2483 ria,
236 2437 292 2470 ac
317 2418 489 2486 reliqui
514 2420 737 2487 dein-ceps
766 2422 944 2488 effigies
969 2422 1117 2472 moliti
1146 2432 1275 2473 sunt.
1354 2421 1502 2473 Primi
1533 2423 1742 2473 omnium
1771 2418 2005 2488 Aegyptii

103 2522 159 2555 ac
186 2502 472 2572 Babylonii,
525 2520 613 2554 nec
644 2522 739 2554 nou
780 2514 828 2555 et
854 2503 1076 2575 Phryges
1111 2525 1166 2558 ac
1195 2506 1464 2558 Phoenices
1495 2505 1818 2576 superstitiosi
1849 2504 2004 2555 cultus

105 2599 155 2640 et
181 2588 546 2639 simulacrorum
575 2605 632 2638 ac
661 2589 998 2657 mysteriorum
1029 2600 1253 2642 auctores
1285 2593 1570 2643 extiterunt.
1634 2592 1679 2642 A
1708 2589 1877 2659 quihus
1906 2588 2005 2657 ple-

104 2690 252 2741 raque
286 2680 399 2723 sunt
435 2672 492 2722 ad
520 2669 737 2723 Graecos
774 2675 1031 2739 translata,
1085 2677 1179 2726 iam
1223 2685 1319 2727 tum
1352 2676 1410 2726 ab
1449 2685 1608 2727 aetate
1638 2673 1904 2743 CecropiS,
1958 2681 2006 2723 et

108 2758 353 2825 deinceps.
428 2753 608 2806 Postea
638 2773 757 2807 vero
790 2758 932 2826 longe
964 2759 1151 2810 demum
1183 2761 1440 2812 intervallo
1469 2759 1753 2826 Saturnum,
1794 2759 2002 2822 Rheam‚

110 2840 309 2906 lovem,
351 2839 623 2909 Apollinem
652 2858 708 2891 ac
738 2841 949 2910 reliquos
978 2844 1094 2895 deos
1123 2845 1368 2896 celebrare
1397 2854 1679 2915 coeperunt.

251 2995 426 3048 Graeci
469 3012 643 3045 nomen
674 2996 731 3046 ab
762 2995 965 3047 Hellene
1000 2999 1201 3065 quodam
1233 2999 1389 3050 sortiti
1418 3009 1559 3063 sunt,
1615 2999 1692 3067 qui
1721 2998 1770 3048 iu
1797 2996 2007 3049 Graecia

112 3081 292 3147 degens
321 3080 363 3131 ei
388 3079 574 3148 regioni
608 3081 971 3147 appellationem
995 3082 1178 3132 indidit.
1260 3081 1385 3135 Sunt
1413 3083 1491 3151 qui
1526 3084 1583 3133 ab
1613 3083 1775 3144 elaea,
1816 3082 1907 3133 hoc
1934 3090 2009 3131 est

113 3165 264 3227 oliva,
307 3181 427 3232 quae
453 3165 660 3217 Athenis
692 3175 864 3216 exorta
892 3175 991 3229 est,
1033 3176 1329 3235 nuncupatos
1356 3169 1471 3218 esse
1496 3168 1664 3219 velint.
1741 3165 1896 3216 Huius
1924 3182 2008 3231 ge-

113 3250 245 3299 neris
285 3258 509 3300 auctores
549 3266 603 3299 ac
642 3250 915 3300 conditores
939 3237 1097 3300 ‘Iones
1139 3252 1355 3314 fuerunt,
1414 3261 1466 3302 ut
1505 3269 1567 3301 ex
1606 3250 1906 3302 accuratiore
1938 3249 2009 3298 hi-

69 3336 87 3345 *
113 3333 265 3384 storia
290 3342 506 3398 constat,
561 3334 637 3401 qui
671 3334 729 3384 ab
761 3332 880 3384 Ione
909 3335 1109 3401 quodam
1146 3335 1364 3403 appellati
1398 3346 1510 3385 sunt
1539 3334 1680 3385 unius
1713 3351 1877 3385 eorum
1912 3332 2009 3383 filio

120 3418 198 3485 qui
228 3419 396 3469 turrim
428 3427 795 3469 exstruxerunt.
874 3415 1028 3484 Quam
1054 3418 1112 3468 ob
1139 3436 1356 3469 caussam
1388 3416 1618 3487 Meropes
1653 3417 1871 3487 appellati
1900 3426 2011 3467 suut

116 3518 156 3554 in
186 3528 258 3566 quo
292 3528 316 3555 α
341 3528 392 3556 m.
421 3529 479 3566 pr.
516 3518 668 3556 videtur
699 3518 814 3567 fuisse
853 3512 1034 3568 οἷμυντη-
1089 3515 1377 3569 παρελομένου.

119 3570 228 3624 ρίων,
259 3584 375 3622 quam
405 3574 636 3622 scripturam
662 3577 786 3612 tuetur
810 3575 924 3612 etiam
954 3574 1036 3612 cod.
1149 3572 1214 3612 42.
1257 3572 1344 3613 υἱοῦ
1385 3575 1472 3612 edit.
1501 3575 1633 3613 Petav.
1693 3574 1771 3613 Sed
1806 3576 1895 3613 latet
1932 3574 2012 3623 for-

117 3629 259 3677 Paris„
286 3632 374 3667 teste
400 3630 570 3668 Petavio.
1091 3634 1188 3668 tasse
1220 3640 1357 3668 nomen
1392 3624 1574 3670 Ἰωῦνᾶν.
1639 3631 1694 3679 Cf.
1730 3631 1850 3678 Epist.
1881 3631 1934 3668 ad
1960 3632 2011 3668 A-

173 3682 238 3724 39.
269 3677 299 3733 ἦ
326 3678 406 3725 ἀπὸ
433 3686 541 3724 codd.
569 3697 657 3724 mss.
687 3689 721 3724 et
744 3686 832 3724 edit.
858 3687 978 3735 princ.
1090 3697 1170 3724 cac.
1196 3698 1237 3734 p.
1258 3685 1318 3725 18.
1344 3696 1451 3724 meae
1475 3686 1562 3724 edit.
1596 3686 1803 3725 Cornarius
1823 3689 1934 3726 vertit
1961 3685 2010 3724 ab

175 3735 242 3779 40.
275 3737 441 3791 ἑλλήνου
468 3742 578 3780 codd.
601 3753 689 3781 mss.
717 3744 751 3778 et
775 3743 833 3780 ed.
860 3743 982 3790 princ.
1098 3742 1208 3789 Ione,
1241 3754 1321 3779 uno
1350 3740 1529 3794 quodam
1554 3741 1642 3780 viro
1669 3755 1718 3780 ex
1742 3741 1802 3781 his
1830 3741 1897 3795 qui
1925 3750 2010 3780 tur-

177 3791 246 3834 41.
274 3796 382 3834 Libri
407 3800 486 3834 tam
514 3799 646 3845 scripti
669 3808 787 3846 quam
816 3799 907 3837 edici
932 3799 1045 3847 vulyo
1101 3797 1176 3836 rim
1207 3796 1538 3837 aedificaverunt.

207 3863 351 3907 corpus
391 3862 611 3898 Haereseol.
632 3863 677 3898 11.
694 3865 726 3899 3.
1612 3871 1676 3922 35
