2508 4134
567 299 793 346 PANARH
821 298 925 344 12113.
945 300 1015 344 111.
1046 300 1181 344 ToM.
1204 305 1233 344 1.
1259 303 1424 344 HAER.
1454 297 1647 342 mcxvi.
1956 283 2052 337 301

159 405 371 473 ingenita
408 402 684 472 hypostasis
721 402 1019 465 declaratur,
1075 419 1194 468 quae
1237 419 1350 469 prae
1388 401 1516 452 omni
1558 414 1836 450 caussarum
1879 411 2060 462 genere

161 487 540 540 immutabilitate
582 487 645 536 sit
685 486 928 554 praedita,
988 485 1153 536 eadem
1193 503 1278 553 per
1317 502 1426 535 sese
1456 482 1720 535 substantia
1759 482 2062 547 incompara-

158 573 268 623 bilis
299 581 400 635 est,
451 589 546 622 non
589 571 722 622 velut
763 570 1070 621 extrinsecus
1111 569 1339 619 adscitam
1385 568 1661 636 qualitatem
1693 565 1819 615 illam
1860 580 1974 633 prae
2011 579 2065 613 se

161 658 356 719 ferenS,
411 655 527 706 nihil
565 664 617 706 ut
657 656 714 704 ad
743 655 892 722 ipsam
934 653 1086 722 possit
1113 653 1373 711 accedere,
1429 652 1513 702 sed
1553 651 1598 700 id
1632 668 1695 700 ex
1723 666 1833 699 sese
1860 648 2059 709 bahem,

84 746 86 748 ’
160 741 229 791 uti
259 740 374 791 nihil
403 757 508 790 cum
549 739 653 809 ipsa
690 737 929 802 conferri,
985 746 1064 788 aut
1101 737 1157 787 ad
1187 754 1289 787 eam
1335 737 1569 785 accedere
1604 734 1772 802 possit.
1849 731 1988 784 Unde
2020 740 2069 783 et

161 841 246 894 per
283 833 438 876 semet
475 832 550 875 est
585 823 815 892 ingenita.

301 906 500 961 Confut.
532 904 740 958 XXIX.
817 904 947 957 Idem
976 923 1146 957 saxum
1175 912 1407 972 perpetuo
1434 903 1586 954 voluit
1613 903 1816 965 A‘e'tius,
1857 911 1909 952 ut
1935 920 1962 952 a
1991 917 2064 952 me

145 992 353 1075 ‘saepius
384 1000 459 1042 est
487 991 692 1055 dictum,
749 1007 902 1058 neque
940 990 1191 1058 quicquam
1225 988 1350 1038 aliud
1381 987 1472 1038 nisi
1502 987 1715 1037 laborem
1757 987 1894 1038 nobis
1929 986 2069 1036 affert

162 1095 217 1129 ac
248 1077 474 1128 taedium.
553 1073 878 1142 Quamobrem
921 1074 1064 1124 etiam
1108 1073 1334 1123 hocloco
1376 1089 1554 1122 novum
1593 1071 1825 1138 quendam
1855 1071 2067 1121 laborem

161 1161 371 1212 adiicere
400 1159 645 1228 cogimur,
688 1160 950 1226 eademque
981 1167 1222 1226 repetere,
1264 1156 1647 1224 quandoquidem
1671 1155 1737 1205 ita
1766 1156 1833 1205 illi
1858 1156 2065 1205 videtur.

163 1243 316 1313 Igitur
344 1245 458 1295 licet
498 1243 700 1311 ingeniti
739 1243 1002 1294 substantia
1043 1241 1284 1309 ingenita,
1340 1241 1465 1291 unde
1499 1241 1729 1308 producta
1757 1248 1860 1304 est,
1903 1248 2071 1289 natura

163 1329 495 1397 significetur,
555 1327 670 1378 nibil
711 1337 870 1378 tamen
907 1327 1086 1377 idcirco
1123 1324 1367 1393 dignitatis
1410 1323 1662 1387 intererit,
1717 1325 1838 1391 quod
1881 1324 2072 1390 genitor

164 1414 374 1481 genitum
405 1412 693 1481 produxisse
722 1413 923 1463 dicatur.
979 1410 1166 1479 Quippe
1198 1427 1222 1460 e
1250 1427 1303 1460 se
1331 1410 1436 1477 ipso
1461 1410 1723 1460 secundum
1753 1408 2071 1459 substantiam

164 1496 381 1566 spiritum
410 1514 438 1547 e
466 1496 636 1565 spiritu
672 1496 867 1564 genuit,
927 1513 1023 1545 non
1065 1512 1238 1564 corpus
1281 1511 1307 1544 e
1346 1511 1569 1562 corpore.
1648 1491 1786 1545 Unde
1832 1493 1936 1543 sine
1979 1491 2073 1541 ulla

165 1580 523 1648 comparatione
551 1581 744 1648 genitor
771 1580 819 1630 in
849 1579 999 1648 geniti
1033 1580 1248 1639 notione,
1293 1587 1341 1628 et
1370 1578 1561 1646 genitus
1588 1580 1634 1628 in
1662 1586 1928 1646 generante
1958 1594 2073 1628 con-

163 1673 396 1734 gruenter
428 1665 730 1733 intelligitur.
806 1663 983 1732 Neque
1029 1663 1155 1714 enim
1190 1662 1474 1714 accessione
1512 1663 1604 1713 ulla
1644 1663 1857 1713 divinum
1898 1678 2073 1711 numen

164 1767 283 1819 opus
314 1749 503 1813 habet,
536 1758 587 1799 ut
618 1758 753 1818 pater
790 1749 909 1799 alias
943 1758 1176 1811 vocetur,
1232 1747 1352 1798 alias
1393 1746 1587 1797 minime
1632 1756 1863 1810 vocetur,
1917 1762 2074 1813 neque

164 1834 293 1885 filius
334 1850 400 1884 ex
431 1834 723 1902 sempiterna
763 1834 1102 1884 coniunctione
1144 1833 1429 1900 quandoque
1463 1849 1603 1895 esse,
1658 1832 1943 1900 quandoque
1978 1848 2071 1880 non

165 1934 274 1969 esse
299 1917 589 1986 reperietur.
666 1916 830 1985 Quare
863 1918 1030 1968 eadem
1064 1935 1149 1985 per
1177 1934 1230 1967 se
1257 1917 1526 1967 substantia
1554 1917 1671 1967 deus
1705 1925 1809 1980 est,
1870 1924 2005 1983 pater
2029 1925 2076 1964 et

165 2002 294 2053 filius
322 2011 371 2053 et
397 2002 594 2071 spiritus
620 2010 846 2066 sanctuS,
900 2020 995 2052 non
1029 2002 1238 2053 diversa.
1314 2000 1429 2052 Non
1471 2001 1596 2051 enim
1628 2001 1763 2052 velut
1795 2002 1946 2051 frater
1971 1999 2074 2067 qui-

167 2087 274 2138 dam
314 2095 389 2137 est
423 2086 571 2155 patris
602 2086 758 2150 filius,
811 2096 894 2137 aut
922 2085 1192 2154 posteriore
1216 2087 1324 2137 loco
1351 2085 1571 2154 genituS,
1628 2086 1713 2137 sed
1744 2083 2074 2153 inexplicabili

166 2171 368 2239 quadam
415 2172 604 2222 ratione
642 2172 699 2222 fit
730 2179 782 2221 ut
817 2180 862 2221 et
903 2172 1051 2240 patris
1087 2170 1342 2239 appellatio
1383 2189 1488 2221 cum
1530 2169 1632 2220 filio
1675 2168 2076 2221 consubstantiali

167 2264 421 2324 congruat,
463 2264 511 2306 et
540 2273 645 2306 cum
675 2264 809 2324 patre
836 2265 883 2306 et
914 2255 1016 2306 sntio
1049 2255 1126 2324 qui
1157 2272 1222 2306 ex
1251 2255 1356 2323 ipso
1389 2263 1436 2305 et
1465 2271 1551 2322 per
1573 2254 1727 2323 ipsum
1756 2263 1806 2305 et
1836 2253 2075 2322 exipsius

169 2332 374 2408 propriis
415 2340 568 2391 oritur
608 2339 804 2408 spiritus
838 2348 1034 2391 sanctus
1068 2339 1343 2391 conveniat.
1422 2336 1541 2389 Inde
1572 2338 1627 2388 fit
1652 2347 1704 2389 ut
1731 2347 1896 2407 pater,
1949 2339 2075 2389 filius

169 2433 219 2474 et
242 2423 438 2491 spiritus
470 2432 666 2474 sanctus
704 2424 983 2476 inaccessus
1015 2424 1226 2488 dicatur,
1281 2424 1369 2474 hoc
1409 2431 1484 2474 est
1511 2423 1625 2473 nihil
1658 2440 1826 2473 eorum
1855 2441 1975 2491 quae
2004 2424 2077 2474 in-

170 2507 362 2559 ferioris
394 2507 571 2574 gradus
600 2517 738 2572 sunt,
780 2517 826 2559 et
855 2509 913 2559 ab
941 2509 1042 2577 ipsa
1074 2508 1287 2559 trinitate
1317 2516 1511 2571 creata,
1569 2509 1625 2558 ad
1656 2525 1763 2558 eam
1792 2508 1944 2576 possit
1969 2525 2077 2577 per-

170 2592 378 2661 tingere.
438 2589 652 2641 Trinitas
682 2609 824 2659 porro
851 2593 953 2661 ipsa
979 2593 1070 2644 sibi
1096 2593 1187 2661 ipsi
1219 2609 1516 2660 nequaquam
1545 2601 1620 2642 est
1650 2592 1920 2644 inaccessa.
1986 2591 2079 2643 Est

171 2677 296 2728 enim
324 2675 567 2737 increata,
623 2692 719 2725 non
747 2677 897 2740 facta,
951 2686 998 2727 et
1026 2677 1431 2746 incomparabilis.
1507 2675 1643 2744 Ergo
1675 2677 1791 2728 nibil
1816 2678 2076 2745 adaequari

172 2779 277 2812 cum
306 2769 441 2830 patre
472 2767 648 2828 potest,
689 2777 843 2827 neque
876 2778 980 2811 cum
1010 2761 1114 2829 ipso
1146 2761 1396 2829 quicquam
1431 2778 1595 2811 earum
1622 2778 1781 2812 rerum
1814 2763 2078 2813 communi-

172 2855 248 2896 ter
272 2846 501 2896 adoratur
531 2861 653 2911 quae
684 2861 747 2894 ex
776 2844 920 2894 nihilo
949 2846 1124 2907 factae,
1166 2845 1360 2895 minime
1388 2863 1507 2896 vero
1533 2846 1726 2913 genitae
1752 2856 1881 2897 sunt.
1939 2845 2077 2897 Nulli

173 2930 342 2999 quippe
390 2936 659 2980 creatarum
702 2946 863 2978 rerum
901 2927 1023 2978 dixit
1050 2946 1287 2996 unquam,
1340 2933 1459 2978 Sede
1490 2947 1518 2978 a
1552 2933 1733 2978 deoetrz's
1768 2934 1894 2979 meis.
1977 2928 2076 2981 Sed

172 3032 263 3065 nec
292 3013 460 3065 unicus
505 3012 580 3063 dei
609 3012 733 3063 fitius
764 3014 821 3063 de
854 3029 1090 3079 quoquam
1117 3013 1242 3063 istud
1272 3013 1523 3081 usurpavit
1551 3014 1833 3081 aliquando:
1891 3018 1984 3078 Qui
2009 3019 2075 3064 υἱ·
2128 3017 2267 3054 Psalm-

2138 3063 2213 3107 109,
2236 3065 2266 3098 1.

173 3102 252 3148 det
272 3117 367 3161 me,
409 3101 534 3147 videt
558 3107 606 3146 et
621 3107 832 3162 patrem3
874 3105 949 3147 et:
990 3100 1094 3160 Ego
1120 3101 1166 3145 z'n
1188 3107 1343 3161 patre,
1386 3107 1434 3146 et
1451 3107 1591 3161 pater
1616 3102 1662 3147 in
1691 3116 1759 3146 me
1788 3108 1883 3159 θεῖς
1925 3099 2070 3149 item:
2094 3116 2332 3166 Ioann.14‚9.

174 3185 318 3232 Nemo
344 3186 471 3231 novit
490 3192 668 3247 patrem
698 3183 971 3246 m'se'filz'uS,
1028 3190 1075 3228 et
1082 3183 1244 3244 filium
1270 3185 1367 3230 nisi
1382 3191 1545 3245 pater,
1600 3191 1648 3229 et
1674 3186 1755 3230 cui
1777 3186 2067 3233 revelaverit.
2125 3189 2265 3225 Matth.

174 3264 272 3317 Per
311 3265 525 3335 spiritum
569 3284 687 3317 vero
728 3275 944 3316 sanctum
987 3265 1198 3327 revelat,
1256 3265 1332 3331 qui
1374 3282 1495 3331 quae
1538 3265 1595 3314 ad
1640 3265 1790 3315 filium
1834 3268 2077 3333 pertinent

177 3350 453 3418 cognoscit,
495 3351 691 3412 edocet,
747 3351 867 3400 etin
903 3349 1124 3398 mundum
1164 3348 1437 3415 praedicat,
1492 3349 1586 3397 imo
1629 3366 1748 3399 vcro
1783 3351 1858 3399 dei
1892 3352 1987 3403 alta
2019 3372 2075 3406 ac

2138 3232 2191 3278 ιι,
2215 3233 2268 3271 27.

169 3436 406 3500 profunda
427 3444 684 3483 scrutatur.
761 3432 1025 3501 Propterea
1052 3449 1239 3498 quoque
1267 3431 1408 3493 dixit,
1451 3435 1544 3493 Qui
1561 3451 1649 3481 non
1672 3435 1874 3483 honorat
1886 3439 2067 3501 filium,
2092 3457 2327 3503 1.00r.2,1⁰.

178 3522 301 3568 sieut
338 3521 538 3567 honorat
564 3529 774 3583 patrem,
829 3522 901 3566 ἱνα
937 3520 1014 3565 clei
1036 3525 1187 3564 manet
1223 3518 1269 3563 in
1307 3519 1421 3579 zpso.
1499 3513 1613 3566 Non
1647 3516 1797 3580 dixit,
1852 3517 1947 3586 Qui
1978 3541 2075 3575 non

178 3602 383 3654 honorat
417 3603 644 3670 angelos,
686 3602 809 3652 sicut
838 3602 1047 3670 ¹honorat
1076 3608 1284 3667 patrem,
1343 3615 1430 3649 nec
1461 3598 1527 3649 ita
1562 3601 1809 3669 concepit:
1854 3601 1947 3671 Qui
1981 3625 2079 3659 non

180 3741 307 3792 filius,
352 3750 394 3782 et
432 3741 705 3782 condecenter
731 3741 837 3794 patri
869 3749 910 3781 et
936 3739 1018 3781 filio
1051 3754 1098 3779 ex
1211 3739 1250 3782 7.
1283 3736 1364 3792 μὴν
1394 3740 1503 3779 codd.
1527 3752 1616 3781 mss.
1674 3738 1746 3794 μὲν
1776 3744 1879 3785 editi.

179 3798 271 3851 ipso
299 3805 460 3839 sanctus
489 3797 612 3851 ipsius
643 3798 818 3851 spiritus.
