2508 4134
532 284 759 327 PANARH
787 286 983 327 mam.
1008 285 1145 328 ΤοΜ.
1165 290 1196 329 ι.
1225 288 1609 331 HAER.LXX1V.
1930 274 2026 326 153

127 384 214 435 sed
239 400 334 435 una
360 381 501 434 trium
534 383 820 446 consensio,
861 382 1121 450 singularis
1144 385 1395 451 divinitas,
1438 387 1650 438 eiusdem
1678 385 1872 438 virtutis
1901 384 2030 436 eius-

126 468 326 535 demque
366 466 690 529 substantiae,
746 466 914 517 similis
945 485 971 518 e
1002 468 1175 532 simili,
1231 487 1321 536 qua
1352 471 1597 539 aequalem
1624 471 1826 540 gratiam
1856 487 1921 521 ex
1949 485 2031 520 ea-

126 551 230 602 dem
273 551 414 602 efficit
454 550 638 618 gratia,
693 550 840 619 patris
879 559 928 601 et
965 550 1047 602 filii
1076 568 1132 602 ae
1172 551 1369 620 spiritus
1408 555 1580 605 saneti.
1659 552 1865 621 Quinam
1910 570 2030 605 vero

124 635 277 704 possit
304 635 431 687 istud
458 636 581 698 fleri,
622 634 841 703 ipsismet
862 634 955 685 illis
985 635 1251 686 docendum
1280 636 1583 705 relinquitur.
1658 642 1821 699 Nemo,
1853 638 2023 707 inquit,
2058 652 2199 689 Matth.

123 724 254 770 novit
278 730 462 786 patrem
489 721 761 784 m‘sifilzus,
803 721 1117 784 nequefilium
1145 724 1243 769 uisi
1257 730 1421 786 pater,
1464 732 1513 770 et
1538 726 1619 771 eui
1623 725 1765 787 filius
1791 726 2027 773 revelarit.
2076 696 2129 741 11,
2151 696 2204 730 27.

126 801 267 870 Quod
305 805 346 854 is
381 821 467 873 per
501 803 718 872 spiritum
762 811 978 854 sanetum
1021 804 1222 855 revelat.
1297 802 1416 855 Tria
1454 805 1600 873 igitur
1634 807 1726 857 ista
1756 816 1895 870 sunt,
1951 814 2032 858 aut

123 905 189 939 ex
216 887 353 956 ipso,
409 896 491 938 aut
520 887 578 938 ab
608 887 742 956 ipso,
800 895 881 937 aut
920 888 978 938 ad
1016 887 1200 956 ipsum,
1257 907 1379 957 quae
1417 888 1464 939 in
1495 907 1813 957 unoquoque,
1868 900 1919 941 ut
1949 908 2035 959 par

124 980 228 1035 est,
279 971 644 1039 intelliguntur,
700 980 842 1040 prout
878 971 1063 1040 seipsas
1102 990 1341 1041 personae
1377 973 1487 1024 illae
1528 973 1792 1024 declarant.
1868 971 1938 1024 lta
1985 984 2033 1026 et

121 1055 235 1120 lux,
275 1055 430 1124 iguis,
484 1055 709 1124 spiritus,
764 1064 1035 1106 ceterarum
1065 1073 1226 1108 rerum
1257 1057 1618 1126 aspectabilium
1649 1058 1921 1109 nominibus
1949 1075 2032 1127 ap-

121 1139 386 1208 pellantur,
443 1157 528 1209 pro
556 1157 615 1191 eo
645 1156 700 1190 ae
729 1139 929 1208 quilibet
955 1140 1198 1192 hominum
1239 1142 1416 1210 dignus*
1441 1151 1515 1192 est
1546 1142 1623 1193 eui
1656 1142 1745 1192 hoc
1774 1143 1912 1192 officii
1948 1159 2032 1210 ge-

123 1240 210 1274 nus
237 1223 544 1292 impenditur.
621 1222 755 1275 Deus
791 1223 937 1291 igitur
970 1225 1078 1289 ille,
1120 1225 1201 1294 qui
1227 1226 1364 1277 initio
1394 1226 1542 1290 dixit,
1581 1231 1692 1276 Fiat
1715 1229 1826 1287 lux,
1883 1229 2027 1294 etsa-
2050 1245 2143 1280 Gen.
2167 1245 2199 1280 1.

61 1304 64 1308 ’
123 1317 199 1358 eta
224 1318 297 1357 est
320 1308 625 1377 aspectabilis
653 1308 735 1359 illa
764 1309 876 1371 lux,
930 1309 1033 1377 ipse
1063 1318 1137 1360 est
1162 1311 1239 1379 qui
1269 1312 1325 1362 ad
1362 1328 1528 1363 verum
1561 1312 1722 1362 lumen
1754 1311 2032 1362 intuendum

121 1391 259 1443 nobis
299 1391 486 1456 illuxit,
545 1396 669 1459 quod
697 1396 933 1443 z'lbummat
966 1413 1137 1444 omnem
1170 1398 1394 1445 hominem
1425 1400 1674 1446 venientem
1701 1400 1748 1445 in
1788 1399 2020 1445 mundum.
2058 1414 2234 1459 loann.1,
2253 1415 2284 1450 9.

119 1480 292 1526 Emitte
321 1481 464 1527 lucem
503 1487 655 1538 tuam,
714 1478 782 1528 ait
805 1476 994 1541 David,
1048 1489 1095 1528 et
1123 1483 1358 1529 veritatem
1398 1490 1538 1529 tuam.
1618 1478 1706 1531 Ille
1739 1480 1843 1549 ipse
1876 1481 2027 1531 domi·
2058 1499 2199 1534 Psalm.

123 1579 214 1613 nus
246 1570 321 1612 est
368 1562 446 1630 qui
491 1562 639 1626 dixit,
692 1566 748 1612 In
797 1567 1056 1613 novz'ssime's
1095 1565 1254 1613 diebus
1290 1567 1525 1633 effundam
1565 1568 1621 1614 de
1647 1569 1818 1631 spiritu
1856 1583 1952 1614 meo
1985 1569 2033 1614 in
2085 1542 2147 1587 θ’
2169 1542 2199 1576 3'

122 1665 294 1696 omnem
324 1665 508 1696 carnem
523 1685 537 1707 ,
579 1656 627 1696 et
644 1649 990 1712 prophetabunt
1000 1650 1143 1713 filiae
1165 1652 1378 1710 illorum,
1422 1659 1471 1699 et
1491 1653 1802 1699 adolescentes
1831 1653 2034 1714 ipsorum

121 1734 318 1781 visiones
345 1732 573 1781 videbunt.
649 1731 725 1781 Ae
756 1740 855 1782 tres
886 1732 1147 1784 functionis
1176 1750 1343 1784 sacrae
1369 1751 1603 1802 personas
1632 1732 1770 1785 nobis
1802 1733 2030 1799 ostendit,

123 1832 229 1866 cum
269 1815 411 1867 tertia
447 1832 512 1866 ex
550 1815 798 1884 hypostasi
836 1818 1066 1884 procedat
1103 1817 1396 1887 hypostasis,

261 1904 378 1951 Dico
408 1904 558 1965 igitur
592 1903 826 1950 Christum
859 1905 1118 1951 ministrum
1147 1905 1309 1970 suz'sse
1336 1906 1700 1952 ezffcumcztsz'omze
1726 1921 1817 1968 pro
1842 1907 2035 1953 veritate
2076 1912 2173 1964 Cap.
2193 1912 2242 1953 V.

120 1989 220 2045 a'ez,
263 1994 315 2034 ut
331 1989 564 2050 promissa
602 1988 864 2050 compleret.
942 1984 1098 2036 Porro
1131 1987 1347 2055 spiritum
1382 1996 1598 2038 sanetum
1637 2004 1729 2037 una
1756 1987 2031 2039 ministrare
2064 1966 2171 2001 Rom.
2185 1965 2239 2009 15,
2253 1965 2286 2000 δ’

64 2129 72 2137 ι
121 2087 148 2120 e
176 2087 424 2121 sacrorum
468 2069 696 2121 librorum
743 2070 1030 2121 auctoritate
1066 2071 1132 2122 ita
1165 2071 1395 2123 dicimus:
1457 2068 1680 2123 Christus
1709 2088 1733 2121 a
1759 2079 1894 2140 patre
1924 2071 2032 2122 mit-

120 2154 266 2217 titur,
306 2153 509 2204 mittitur
533 2162 583 2204 et
611 2154 808 2223 spiritus
836 2163 1062 2206 sanctus:
1121 2152 1345 2207 Christus
1383 2156 1430 2205 in
1461 2156 1641 2206 sanet-is
1670 2156 1908 2223 loquitur,
1960 2156 2031 2206 lo-

119 2238 279 2306 quitur
316 2247 362 2289 et
389 2237 584 2304 spiritus
612 2246 837 2289 sanetusz
876 2249 1017 2291 sanat
1044 2235 1290 2303 Christus,
1331 2248 1472 2291 sanat
1503 2249 1550 2291 et
1576 2240 1772 2310 spiritus
1801 2248 2024 2291 sanetus:

118 2322 384 2373 sanctificat
422 2319 676 2386 Christus,
730 2323 994 2374 sanctificat
1033 2333 1081 2374 et
1109 2324 1306 2393 spiritus
1342 2333 1566 2375 sanctus:
1621 2324 1835 2394 baptizat
1863 2324 1911 2375 in
1939 2341 2029 2375 suo

118 2406 311 2457 nomine
340 2403 584 2470 ChristuS,
624 2406 833 2475 baptizat
863 2416 910 2458 et
936 2407 1132 2476 spiritus
1157 2418 1373 2460 sanctus.
1450 2408 1527 2459 Ad
1555 2426 1661 2459 eum
1691 2409 1880 2460 modum
1908 2409 2029 2459 sori-

118 2498 257 2559 ptura
297 2490 534 2559 loquitur:
587 2494 784 2540 Emittes
813 2495 1026 2557 spiritum
1067 2502 1220 2553 tuum,
1276 2503 1323 2543 et
1356 2495 1599 2543 renovabis
1632 2496 1804 2559 factem
1850 2504 2019 2543 terrae.
2079 2510 2217 2544 Psalm.

122 2571 262 2640 Quod
301 2574 426 2625 idem
459 2583 533 2625 est
557 2583 699 2642 atque
732 2575 885 2626 istud:
940 2580 1135 2626 Emz'ttes
1162 2580 1347 2628 verbum
1385 2571 1540 2639 tuum,
1591 2587 1641 2627 et
1663 2580 1930 2645 liquefaciet
1952 2596 2023 2629 ea.
2063 2553 2222 2630 1¹›2232'11111⁰

117 2660 498 2709 Mim'strantibus
512 2696 526 2718 ,
586 2658 599 2708 i
607 2659 740 2726 nquit
757 2698 770 2723 ,
828 2663 925 2710 illis
961 2665 1168 2724 domino,
1227 2681 1283 2712 ae
1325 2665 1636 2713 ieiumntibus
1672 2666 1800 2712 deluit
1829 2667 2025 2728 spiritus
2048 2638 2257 2723 Alit-suffia.

119 2752 333 2804 sanetus,
391 2747 661 2808 Segv’egate*
685 2746 801 2792 milii
826 2747 1114 2806 Barnabam‚
1171 2757 1216 2796 et
1248 2750 1442 2797 Saulum
1481 2751 1545 2797 ad
1578 2766 1692 2813 opus
1719 2751 1782 2796 ad
1808 2751 1932 2814 quod
1954 2766 2029 2796 eos

120 2831 292 2876 vocavi.
373 2825 504 2878 ldem
541 2827 631 2877 hoo
660 2836 733 2878 est
761 2845 865 2877 cum
896 2828 1019 2879 isto:
1073 2835 1297 2881 Dominus
1336 2842 1486 2881 autem
1527 2836 1669 2893 debit,
1722 2835 2034 2896 Ingredimim‘
2072 2838 2149 2871 Act·
2173 2837 2205 2879 ⁹·
2230 2837 2262 2871 ⁷·

120 2912 304 2972 urbem,
363 2922 413 2961 et
437 2914 506 2961 ibi
529 2915 709 2961 debetur
744 2913 869 2960 vobis
909 2916 1022 2978 quid
1058 2926 1268 2979 oporteat
1289 2919 1487 2983 faeere:
1545 2920 1631 2966 Illi
1663 2920 1813 2981 igitur
1840 2919 1974 2964 missi
1996 2933 2024 2964 a
2046 2930 2124 2963 Act.
2140 2928 2193 2972 13,
2216 2928 2247 2962 4.

116 2999 287 3060 spirim
322 3006 482 3046 sancto
520 2998 735 3045 abierunt
764 2998 1038 3046 Seleuciam.
1119 2996 1530 3065 Quemadmodum
1567 2998 1792 3052 Christus
1825 3000 1928 3067 ipse
1958 2999 2027 3049 di-

120 3088 282 3144 ceret,
322 3084 446 3131 Ecce
474 3085 604 3130 mitto
629 3099 733 3140 vos,
776 3085 902 3129 sicut
924 3100 1028 3130 oves
1057 3086 1103 3131 in
1133 3087 1277 3133 medio
1308 3087 1545 3150 luporum:
1602 3089 1759 3134 Visum
1787 3096 1856 3134 est
1882 3089 2022 3150 spiri-
2068 3096 2205 3131 Matth.

118 3167 192 3213 tui
213 3175 375 3214 saneto
403 3168 526 3215 nillil
556 3168 688 3214 aliud
715 3169 944 3230 imponere
984 3168 1110 3215 vobis
1146 3173 1324 3228 onerz's,
1375 3180 1567 3234 praeter
1593 3172 1706 3218 haec
1740 3173 2018 3219 necessaria.
2049 3140 2133 3216 Αέῗῖ
2150 3139 2208 3227 1156,
2226 3181 2279 3217 ²8.

172 3275 239 3318 29.
271 3275 380 3330 φησὶ
410 3273 433 3320 ὁ
464 3275 596 3333 Δαβίδ
623 3280 759 3318 Αηοον.
1151 3275 1191 3319 4.
1222 3277 1244 3323 ὁ
1274 3278 1461 3333 Χριστὸς
1490 3285 1626 3321 Αηοον.

170 3331 238 3374 30.
263 3331 370 3387 ἐχεῶ
402 3335 512 3373 codd.
544 3346 632 3373 mss.
664 3337 831 3383 uterque.
1152 3337 1189 3375 5.
1220 3339 1280 3377 Ita
1309 3340 1446 3377 Ancor.
1477 3339 1584 3376 Libri
1609 3339 1725 3387 vulyo
1754 3333 1814 3379 τὸ.

172 3387 239 3428 31.
271 3388 309 3430 οἱ
338 3387 419 3431 υἱοὶ
448 3383 586 3431 αὐτῶν
617 3387 690 3431 καὶ
720 3389 762 3431 αἱ
791 3392 927 3429 Αηοον.
1153 3389 1192 3431 6.
1223 3388 1337 3446 αὐτῷ
1369 3393 1431 3446 τῷ
1462 3391 1593 3444 κυρίῳ
1623 3394 1758 3432 Ancor.

170 3443 237 3484 32.
285 3441 315 3497 ἦ
354 3449 386 3486 ἵν
431 3447 567 3485 Αποον.
648 3449 727 3486 Vox
772 3441 1043 3493 ὑποστάσεως
1155 3445 1191 3488 7.
1224 3444 1277 3500 δὴ
1309 3460 1384 3488 non
1413 3450 1525 3488 habet
1553 3451 1689 3489 Ancor.

117 3504 203 3540 ante
232 3498 277 3549 ἐξ
307 3498 578 3548 υποστοίσεως
612 3514 686 3541 om.
715 3504 755 3541 in
780 3508 914 3542 Ancor.
1155 3515 1193 3558 8,
1226 3516 1351 3559 εἰπεῖν
1385 3520 1510 3558 Anco,-

173 3555 268 3594 Cn.
291 3557 339 3596 V.
373 3579 419 3587 -
481 3557 515 3597 1.
546 3553 593 3600 τὸ
634 3570 707 3597 om.
748 3560 788 3598 in
816 3560 874 3597 ed.
907 3559 1041 3599 Petav.
1155 3584 1182 3627 9
1227 3582 1336 3627 εἶπεν
1394 3587 1435 3628 εἰ,
1457 3549 1552 3628 ελέςε
1580 3589 1705 3628 Amor

120 3612 247 3652 Coton.
277 3617 390 3662 repet.
1184 3615 1192 3624 ”
1352 3617 1360 3634 ’
1434 3601 1454 3634 ς
1707 3618 1716 3629 ·

170 3666 211 3707 2,
241 3666 639 3722 συμπαρειλῆφαμεν
670 3673 807 3709 Ληουῖ,
1157 3656 1219 3696 10.
1254 3669 1317 3697 σοι
1342 3654 1381 3697 τί
1405 3669 1453 3698 σε
1479 3659 1550 3699 δεῖ
1567 3662 1707 3700 ποιεῖν.
1752 3651 1862 3703 οὗτοι
1886 3665 2022 3702 Ancor.

120 3779 150 3818 Α
173 3721 211 3763 3.
243 3723 425 3766 λαλεῖται
453 3723 494 3766 ἐν
524 3721 657 3779 οἱγίοις
688 3722 709 3767 ὁ
740 3725 834 3783 Χρ.,
865 3727 1046 3772 λαλεῖται
1159 3725 1218 3768 11.
1249 3721 1369 3783 ἁγίου
1396 3722 1627 3783 πνεύματος
1654 3729 1861 3785 κατῆλθον
1886 3733 2020 3775 Ancor.

154 3790 254 3820 ncor.
