2508 4134
278 1591 363 1628 pag.
382 1580 458 1617 932.

483 259 586 311 224
1190 269 1397 312 SANCTI
1421 270 1712 312 EPIPHANII
1770 276 1774 280 '

484 364 766 419 ἀκόλουθον
795 362 1094 432 ἀμείψαντες
1118 361 1342 436 ἀγωγὴν,
1391 360 1515 434 ἦλθε
1541 368 1592 421 δὲ
1617 365 1736 436 μετά
1765 373 1917 420 ταῦτα
1952 372 2135 421 Ξ’τοῦτο
2161 369 2230 430 εἰς
2257 364 2404 436 ἡμᾶς,

480 449 614 512 τινὸς
657 455 756 502 τῶν
795 452 1082 503 σπουδαίων
1117 447 1235 519 ἡμῖν
1271 450 1393 505 αὖτό
1436 452 1908 523 προςκεκομικότος,
1961 450 2286 524 ἠναγκάσθην
2326 450 2408 507 οἷα

480 535 640 604 πατὴρ
682 528 834 597 αὖθις
877 534 1196 606 διακαθάρας
1238 538 1491 605 ἐκπέμψαι
1532 536 1650 605 ύμῖν
1687 536 1741 591 τὸ
1782 536 2105 608 σύγγραμμα,
2161 531 2202 591 οἶ
2231 536 2409 599 πάντες

481 619 770 689 4εῦσεβείας
810 619 1022 688 ἀθληταί
1063 642 1114 674 τε
1147 623 1233 674 καὶ
1270 619 1562 695 ἀθλήθριαι,
1614 622 1751 685 ὅπως
1794 620 1858 677 ἂν
1897 624 2077 676 εἰδέναι
2114 625 2266 692 ἔχοιτε
2302 619 2413 677 κατ’-

480 709 673 760 ἔννοιαν
696 710 792 759 τῶν
819 703 972 775 άγίων
991 713 1198 777 γραφῶν
1225 709 1455 778 εἰρῆσθαι
1482 707 1623 777 ἡμῶν
1653 708 1706 762 τὸ
1746 712 2024 779 ὄλογίδιον,
2063 705 2130 762 δι’
2158 702 2220 762 οὗ
2247 707 2408 762 πάντα

479 789 753 862 ἄνθρωπον
789 791 1051 862 ἀντιλέγειν
1081 790 1199 860 ύμῖν
1237 795 1570 863 ἐπιχειροῦντα
1599 795 1708 863 περὶ
1741 792 2007 864 ἀγεννήτου
2035 796 2277 848 θεοῦκαὶ
2305 815 2410 865 γενε-

478 883 630 945 νητοῦ
662 875 840 930 παύειν
868 876 1205 946 ἀναισχυντεῖν
1247 879 1512 946 συντόμοις
1543 885 1900 950 6περιτροπαῖς
1936 878 2233 948 δυνήσεσθε,
2286 877 2405 933 πάν-

479 986 577 1016 των
609 963 662 1016 δὲ
693 968 719 999 7
738 968 916 1030 μᾶλλον
957 962 1074 1026 τούς
1103 965 1491 1035 προειρημένους
1524 968 1769 1034 χρονίτας·
1820 968 1872 1018 ἐν
1902 968 2017 1019 εἴδει
2046 971 2147 1018 τῶν
2173 970 2410 1036 στιχηρῶν

486 1055 509 1086 ⁸
527 1047 838 1120 έπαπόρησιν
863 1047 1154 1119 ἀπορήσεως
1182 1049 1477 1118 διαστήσας,
1511 1051 1592 1103 καὶ
1619 1049 1757 1103 λύσιν
1781 1049 1987 1116 λύσεως,
2027 1049 2110 1104 διά
2136 1050 2188 1104 τό
2219 1050 2411 1122 εὐπερί-

481 1138 694 1205 δρακτον
728 1136 810 1188 καὶ
855 1135 1010 1200 σαφὲς
1042 1140 1142 1188 τῶν
1182 1133 1594 1207 ἐπιχειρημάτων,
1644 1134 1976 1204 ποιησάμενος
2002 1135 2089 1205 τὴν
2117 1135 2270 1207 ἀρχὴν
2298 1137 2410 1208 περὶ

481 1219 751 1292 ἀγεννήτου
787 1225 928 1273 θεοῦ.

616 1474 913 1548 Ἀνατροπή.
978 1476 1120 1530 Κατὰ
1143 1477 1269 1540 λέξιν
1298 1483 1385 1545 τῆς
1412 1480 1717 1546 διαλεκτικῆς
1745 1494 1836 1531 σου
1861 1481 2091 1546 κομπίας,
2133 1478 2218 1531 καὶ
2246 1483 2412 1531 συλλο-

481 1570 700 1635 γιστικῆς
730 1566 1085 1632 ματαιοπονίας
1110 1561 1198 1630 τὴν
1222 1561 1509 1634 ἀνατροπὴν
1537 1562 1822 1632 ποιήσομαι,
1845 1561 1912 1631 μὴ
1937 1561 2266 1635 ῦπερβαίνων,
2290 1563 2412 1632 μηδὲ

485 1652 537 1704 ἐν
561 1651 772 1722 δευτέρῳ
797 1650 1055 1716 τιθέμενος
1077 1654 1175 1701 τῶν
1196 1652 1453 1703 δοκουσῶν
1479 1666 1558 1702 σοι
1581 1648 1813 1717 μειζόνων
1837 1647 1871 1717 ἢ
1895 1650 1979 1702 καὶ
2000 1650 2219 1720 βραχέων
2238 1650 2410 1712 λέξεων

484 1734 541 1790 τό
562 1734 837 1804 ἀμύθητον.
896 1737 996 1786 Καὶ
1024 1740 1220 1804 πρῶτον
1245 1735 1333 1803 μὲν
1359 1736 1461 1788 ἐπεὶ
1491 1732 1594 1789 ἅνω
1626 1733 1834 1806 γράφων
1859 1742 1965 1798 τοῖς
1990 1739 2080 1788 τοῦ
2101 1740 2195 1788 σοῦ
2219 1732 2411 1805 πληρώ-

484 1844 635 1891 ματος
659 1818 897 1888 ἀθληταῖς
919 1821 1004 1873 καὶ
1028 1817 1316 1890 ἀθλητρίαις
1338 1822 1543 1889 ἔφησθα
1564 1824 1788 1892 χρονίτας
1809 1818 1948 1883 τινάς
1973 1821 2412 1891 σφετερισαμένους

484 1906 611 1978 ἅπερ
651 1904 769 1975 μετά
804 1913 967 1977 χεῖρας
1006 1903 1126 1974 εἶχες
1155 1912 1244 1960 τοῦ
1273 1910 1608 1976 πονηματίου,
1650 1913 1672 1943 ⁹
1691 1908 2020 1977 ἑρωτηθείσης
2046 1913 2134 1975 τῆς
2166 1904 2303 1977 παρὰ
2333 1906 2412 1960 σοὶ

484 1996 654 2058 λέξεως
679 1993 731 2046 σὲ
759 1998 936 2061 μᾶλλον
961 1997 1106 2045 τοῦτο
1140 1990 1194 2045 τὸ
1224 1990 1382 2060 ὄνομα
1405 1993 1716 2060 κεκτημένον,
1755 1993 1839 2045 καὶ
1861 1990 1980 2054 τούς
2006 1989 2107 2046 ἀπὸ
2139 1997 2233 2045 σοῦ
2259 2012 2407 2059 μεμα·

482 2080 843 2149 θητευμένους,
897 2080 980 2131 ἵνα
1022 2075 1090 2146 μὴ
1127 2080 1250 2131 ε’ίπω
1281 2079 1712 2146 πεπλανημένους,
1761 2079 2051 2148 διελέγξειεν.
2118 2074 2290 2145 Ἦμὲν
2318 2073 2411 2148 γάρ

485 2170 611 2220 θεοῦ
639 2162 762 2235 ἆγία·
781 2167 938 2226 πίστις
959 2160 1182 2235 ἀπαρχῆς
1206 2157 1355 2229 οὖσα,
1394 2165 1479 2217 καὶ
1507 2161 1607 2230 ἀεὶ,
1659 2161 1981 2234 ἀρχαῖζουσα,
2033 2164 2116 2216 καὶ
2145 2161 2212 2231 μὴ
2240 2168 2413 2215 παλαι·-

487 2252 700 2320 ουμένη,
749 2252 878 2304 ἔστιν
920 2247 1019 2316 ἀεὶ,
1068 2250 1153 2302 καὶ
1192 2246 1464 2318 ἦδραίωται
1501 2247 1680 2317 ταύτης
1713 2246 1742 2302 ὅ
1769 2250 2025 2317 θεμέλιος,
2076 2249 2161 2302 καὶ
2190 2244 2413 2318 ὖπάρχει,

487 2341 665 2406 ἔχουσα
690 2335 777 2390 τὸν
801 2333 955 2404 αὐτῆς
979 2333 1222 2402 δεσπότην
1248 2330 1470 2405 ἄχρονον.
1550 2332 1643 2387 Aa&
1674 2332 1789 2388 οὐδὲ
1817 2332 1940 2403 αὐτὴ
1963 2331 2163 2406 χρονικὴ
2190 2330 2414 2404 ὖπάρχει,

488 2421 583 2476 ἀλλ’
608 2420 684 2476 ἀεί
714 2424 814 2476 ἐστι
841 2419 937 2490 μετ’
968 2418 1181 2491 ἀγγέλων
1212 2421 1619 2488 έμπολιτευομένη
1635 2462 1647 2486 ,
1685 2422 1767 2474 καὶ
1794 2417 1964 2491 άγίους
1989 2417 2114 2474 κατά
2138 2416 2308 2490 γενεάν
2330 2418 2414 2472 καὶ

489 2510 655 2580 γενεάν
677 2513 946 2576 κοσμοῦσα.
1020 2504 1099 2558 Συ
1127 2505 1181 2558 δὲ
1212 2511 1391 2574 μᾶλλον
1419 2503 1645 2575 χρονικὸς
1668 2503 1920 2577 ὑπάρχεις,
1958 2506 2288 2575 βουκοληθεὶς
2313 2500 2415 2557 ind

487 2601 574 2663 τῆς
603 2593 815 2662 πλάνης,
864 2593 950 2646 καὶ
992 2592 1231 2662 ἐπαρθεὶς
1268 2589 1394 2644 κατά
1431 2588 1521 2659 τὴν
1559 2589 1810 2659 διάνοιαν,
1862 2593 1946 2645 καὶ
1978 2590 2033 2646 vd
2071 2591 2159 2645 σὸν
2188 2588 2417 2659 βόσκημα

489 2686 577 2748 τῆς
612 2678 789 2751 ἀγέλης
825 2681 1037 2748 χυδαίως
1075 2679 1142 2740 εἰς
1172 2674 1330 2746 νομὴν
1365 2675 1640 2746 ἀκανθώδη
1674 2679 2027 2749 παρεμπλέξας.
2107 2675 2288 2739 Οὐδεὶς
2322 2672 2415 2746 γάρ

491 2764 616 2819 κατά
640 2765 692 2818 σὲ
720 2771 819 2820 τῶν
843 2769 1066 2818 παλαιῶν
1103 2761 1374 2833 ἐφρόνησεν
1383 2805 1395 2830 ,
1435 2755 1474 2815 ὦ
1495 2761 1675 2829 Ἀέτιε,
1726 2761 1757 2818 ὅ
1781 2761 1906 2818 κατά
1925 2767 2166 2834 χρονικῶν
2190 2759 2415 2832 γράφων,

493 2850 645 2914 αὐτὸς
679 2849 905 2923 χρονικὸς
947 2847 1208 2920 ὑπάρχων,
1260 2850 1346 2903 καὶ
1379 2845 1473 2901 οῦκ
1503 2847 1762 2919 ἀρχαΐζων.
1837 2846 2022 2910 Εὐθῦς
2058 2848 2111 2900 δὲ
2141 2849 2195 2901 ἐκ
2219 2844 2418 2918 πρώτης

495 2941 747 3007 ἐπιβολῆς,
801 2935 867 3000 ὥς
912 2938 1036 3003 ἔφης
1081 2933 1386 3002 πονημάτιον
1431 2935 1751 3004 γεγραφέναι,
1804 2931 1955 2988 εἰπών
1993 2934 2105 3003 περὶ
2154 2930 2418 3002 ἀγεννήτου

494 3031 621 3077 θεοῦ
659 3025 743 3077 καὶ
775 3027 1037 3094 γεννητοῦ,
1089 3021 1350 3088 ἐξέπληξας
1390 3017 1476 3073 τὸν
1503 3023 1617 3087 βίον
1657 3022 1709 3073 ἐν
1734 3025 1795 3093 τῇ
1822 3017 2031 3092 τοσαύτῃ
2075 3035 2165 3071 σου
2203 3022 2417 3091 φωτεινῇ

497 3113 700 3183 ἐπιβολῇ
724 3115 813 3162 τοῦ
841 3107 1019 3179 λόγου,
1069 3108 1149 3159 ἰ’να
1175 3104 1332 3168 οὕτως
1360 3103 1717 3183 περιγέλαστόνι
1734 3123 1824 3159 σου
1852 3102 2136 3172 ποιήσωμαι
2159 3101 2245 3156 τὸν
2273 3101 2418 3173 λόγον

496 3202 583 3264 τῆς
619 3196 870 3260 διαλέξεως
904 3200 992 3262 τῆς
1026 3191 1268 3259 τοσαύτης
1303 3209 1394 3245 σου
1432 3191 1879 3259 καινοτομουμένης
1915 3187 2315 3257 ὄνοματοποιΐας.

648 3371 733 3430 Τίς
772 3364 864 3437 γάρ
903 3370 999 3418 τῶν
1034 3362 1088 3417 τὰ
1127 3361 1369 3433 σωτήριον
1405 3367 1496 3415 τοῦ
1533 3366 1661 3415 θεοῦ
1695 3360 1926 3430 κήρυγμα
1962 3359 2267 3427 κεκτημένων
2301 3363 2421 3430 Χρι-

497 3458 703 3508 στιανῶν
741 3455 935 3505 παίδων
979 3455 1226 3503 10τοῦτον
1261 3450 1566 3512 καταλείποι,
1618 3445 1915 3516 προτραπεὶς
1942 3441 2040 3498 »bad
2083 3449 2173 3498 σοῦ
2213 3441 2295 3497 διά
2334 3448 2422 3511 τῆς

555 3556 594 3598 3.
624 3551 728 3598 αυτό
758 3567 891 3606 supra.
1542 3546 1583 3590 6.
1614 3561 1709 3602 ,,.γρ
1743 3548 2018 3599 περιτομαῖς“
2046 3547 2186 3597 le9itur
2222 3547 2263 3585 in
2291 3556 2421 3595 mara.

556 3610 596 3654 4
628 3610 819 3680 ευσεβεῖς
846 3622 980 3662 supra.
1489 3607 1579 3646 edit.
1607 3605 1770 3645 Petavii.
1813 3603 1946 3652 Supra
1967 3604 2162 3653 le9ebatur
2189 3599 2420 3655 ἐπιφοραῖς.

556 3668 596 3709 5.
626 3665 760 3721 λόγιον
785 3680 919 3718 supra.
962 3668 1040 3708 Pro
1067 3661 1192 3719 ἡμῶν
1216 3665 1327 3706 codd.
1342 3675 1432 3704 mss.
1546 3660 1585 3703 7.
1607 3662 1739 3710 Supra
1766 3654 1961 3727 μάλιστα
1966 3655 2063 3707 τούς
2086 3655 2418 3724 προειρημένους.

499 3728 634 3766 vitiose
662 3727 799 3765 habent
824 3740 869 3791 η
881 3721 980 3778 μὲν,
1011 3727 1053 3763 ut
1078 3724 1198 3763 iidem
1222 3723 1344 3772 paulo
1367 3732 1433 3760 su·
1545 3715 1585 3757 8.
1616 3712 1679 3759 ἐπ’
1699 3711 1908 3769 ἀπόρησιν
1934 3709 2210 3770 ἀπορήσεως,
2253 3712 2372 3756 καὶ).
2349 3709 2420 3755 λύ-

498 3794 576 3835 pra
590 3778 940 3835 προκεκομικότος
956 3791 1030 3831 pro
1044 3773 1432 3834 προςκεκομικότος.
1491 3787 1552 3817 σιν
1580 3783 1714 3823 supra.

1544 3829 1583 3873 9
1614 3831 1785 3871 Distinxi
1811 3832 1899 3880 post
1921 3827 2201 3884 πονηματίου,
2234 3830 2420 3869 commate
