2508 4134
958 889 1181 940 sANeT1

652 1015 1493 1089 EPIPHANII

520 1163 1623 1250 ANAcEPHALAEosls

318 1328 440 1370 SIVE
470 1327 666 1368 EORUM
697 1328 845 1378 QUAE
877 1326 936 1366 IN
969 1325 1210 1366 PANARIO
1239 1324 1406 1366 DICTA
1436 1323 1586 1364 SUNT
1617 1322 1815 1362 SUMMA

848 1396 1286 1437 COMPREHENSIO.

266 1508 505 1577 Quoniam
549 1511 815 1562 haereseon
859 1509 1066 1561 omnium
1110 1507 1301 1559 nomina
1338 1507 1624 1558 declaranda
1667 1505 1805 1556 vobis
1841 1504 1931 1555 hoc
1973 1504 2021 1555 in

123 1595 246 1646 libro
278 1596 606 1664 suscepimus,
662 1612 751 1645 nec
786 1613 878 1645 non
910 1594 1184 1645 execranda
1224 1611 1280 1643 ac
1311 1591 1494 1643 nefaria
1526 1592 1711 1642 illarum
1743 1589 1922 1659 flagitia
1953 1589 2022 1640 sic

122 1689 346 1747 tanquam
377 1679 769 1749 praesentissima
802 1679 1032 1746 quaedam
1062 1694 1249 1729 venena
1283 1678 1555 1745 patefacere
1586 1676 1837 1737 volumus,
1880 1682 2023 1741 atque

124 1765 197 1815 his
247 1764 380 1815 velut
431 1764 642 1814 antidota
688 1763 918 1831 quaedam
980 1780 1253 1831 opponere,
1322 1779 1442 1830 quae
1493 1760 1571 1812 vel
1621 1759 1679 1810 iis
1728 1761 1805 1828 qui
1859 1777 2024 1810 morsu

124 1849 256 1918 petiti
283 1857 395 1899 sunt
430 1848 643 1898 remedio
678 1865 786 1898 esse
826 1847 1038 1915 possint,
1093 1848 1170 1898 vel
1203 1864 1287 1897 eos
1315 1846 1487 1914 quibus
1515 1862 1574 1896 ne
1600 1845 1810 1895 incidant
1836 1844 2024 1913 pericu-

121 1934 218 1984 lum
249 1942 324 1983 est
365 1932 698 2000 praemuniant
723 1949 778 1982 ac
808 1939 1130 1994 conservent,
1187 1929 1474 1994 Panarium,
1530 1930 1632 1981 sive
1661 1929 1891 1980 Arculam
1925 1945 2026 1979 me-

123 2018 303 2081 dicam,
357 2018 413 2068 ad
450 2034 616 2066 eorum
654 2015 732 2084 qui
770 2033 796 2065 a
836 2016 1139 2084 serpentibus
1181 2015 1263 2066 icti
1304 2025 1415 2066 sunt
1455 2014 1715 2066 remedium
1759 2014 1863 2065 iure
1907 2029 2025 2081 opus

121 2102 232 2152 illud
259 2119 315 2152 ac
347 2101 516 2151 librum
555 2100 1008 2169 interpretabimur,
1064 2100 1141 2167 qui
1171 2100 1218 2150 in
1250 2108 1349 2151 tres
1380 2109 1541 2168 partes
1577 2100 1760 2150 divisus
1795 2099 2025 2149 haereses

124 2185 369 2253 octoginta
412 2184 773 2254 complectitur,
829 2202 950 2252 quae
989 2193 1263 2253 serpentum
1308 2202 1363 2234 ac
1407 2184 1644 2253 reptilium
1681 2183 1861 2234 similes
1894 2191 2023 2234 sunt.

127 2269 401 2322 Secundum
431 2287 548 2337 quas
577 2268 796 2319 veritatis
823 2269 1198 2333 firmamentum,
1241 2278 1288 2319 et
1315 2269 1541 2319 salutaris
1575 2269 1792 2319 doctrina
1824 2267 2028 2335 fideique

125 2354 329 2405 formula
356 2354 572 2405 subiecta
603 2362 695 2418 est,
737 2371 792 2404 ac
821 2350 1003 2404 Christi
1033 2371 1227 2421 sponsa,
1268 2362 1436 2404 sancta
1460 2353 1686 2404 videlicet
1712 2352 1914 2403 ecclesia
1946 2352 2028 2401 de-

125 2439 320 2489 clarata.
399 2435 539 2504 Quae
580 2455 683 2488 cum
720 2437 814 2487 iam
844 2446 943 2488 tum
978 2438 1035 2488 ab
1067 2437 1183 2488 orbe
1213 2438 1405 2488 condito
1438 2454 1547 2488 esse
1576 2437 1818 2505 coeperit,
1861 2444 2027 2505 postea

123 2532 282 2573 tamen
309 2539 394 2590 per
421 2519 603 2573 Christi
639 2522 814 2572 domini
857 2522 1238 2573 incarnationem
1271 2531 1534 2591 temporum
1569 2521 1879 2572 successione
1918 2529 2028 2570 ante

124 2615 520 2657 commemoratas
562 2623 730 2658 omnes
776 2606 1006 2658 haereses
1049 2607 1239 2674 vulgata
1272 2616 1412 2675 atque
1443 2608 1712 2675 patefacta,
1766 2607 2028 2673 eademque

123 2709 152 2742 a
178 2691 316 2742 nobis
345 2691 393 2741 in
425 2691 795 2741 commentarios
829 2708 893 2740 ex
921 2688 1103 2741 Christi
1138 2691 1494 2759 praedicatione
1528 2692 1707 2755 relata,
1749 2707 1804 2740 ac
1835 2707 2023 2740 rursum

123 2784 227 2846 post
252 2775 539 2844 explicatam
569 2792 756 2824 omnem
784 2775 981 2826 istarum
1013 2775 1281 2826 haereseon
1309 2775 1658 2844 improbitatem
1690 2793 1755 2826 ex
1784 2773 2027 2842 apostolo-

123 2878 226 2910 rum
269 2858 515 2928 disciplina
550 2867 773 2909 accurate
814 2876 870 2908 ac
912 2860 1160 2928 perspicue
1207 2860 1341 2911 brevi
1384 2861 1585 2928 quodam
1633 2870 1705 2910 est
1745 2856 2026 2926 compendio

123 2944 364 3007 subiecta,
421 2943 489 2994 uti
523 2960 579 2992 ea
607 2960 660 2992 re
690 2942 878 2992 illorum
912 2953 1196 2995 recreentur
1228 2962 1283 2994 ae
1315 2945 1595 2995 reficiantur
1624 2944 1766 2994 animi
1798 2943 1875 3010 qui
1904 2942 2028 2992 hunc

125 3028 391 3079 haereseon
437 3027 869 3096 percurrendarum
913 3027 1125 3078 laborem
1172 3029 1504 3097 susceperint,
1559 3046 1702 3097 porro
1741 3045 1828 3079 vos
1861 3043 2027 3077 omnes

124 3112 431 3163 honestarum
458 3129 620 3162 rerum
644 3110 849 3161 studiosi
878 3111 1085 3162 lectores
1111 3122 1306 3180 rogatos
1333 3113 1552 3164 volumus
1582 3122 1630 3163 ut
1657 3123 1704 3162 et
1732 3111 2028 3179 prooemium

122 3197 275 3265 ipsum
304 3206 352 3246 et
376 3195 731 3263 insequentium
758 3195 1024 3246 haereseon
1052 3197 1402 3265 expositionem
1436 3215 1491 3248 ac
1516 3196 1734 3247 veritatis
1765 3194 2027 3264 professio-

126 3298 233 3331 nem
280 3290 328 3331 et
354 3281 649 3344 doctrinam,
705 3297 759 3329 ac
794 3288 992 3330 sanctae
1021 3288 1069 3329 et
1103 3281 1364 3332 catholicae
1392 3282 1628 3332 ecclesiae
1666 3281 1802 3331 fidem
1834 3297 1859 3329 a
1891 3278 2028 3329 nobis

126 3381 407 3434 expressam
448 3381 735 3434 percurrere
772 3363 949 3414 velitis.

265 3447 404 3516 Quae
435 3450 623 3517 quidem
652 3448 810 3499 omnia
839 3447 928 3497 hoc
960 3448 1007 3498 in
1041 3464 1185 3516 opere
1217 3449 1562 3517 comprehensa
1593 3447 1741 3499 tribus
1772 3447 1905 3498 libris
1939 3464 2026 3499 ex-

181 3589 220 3629 4.
253 3583 372 3642 ὑμῶν
401 3592 487 3630 edit.
519 3592 653 3631 Petav.
1108 3591 1190 3629 rius
1222 3592 1332 3629 vertit
1368 3602 1556 3641 rogamus
1596 3596 1640 3627 ut
1679 3602 1818 3629 omnes
1849 3588 2031 3629 studiose

182 3647 221 3685 5.
251 3647 358 3685 Libri
387 3649 501 3696 vulyo
537 3642 882 3699 ἅπαγγελὲεῖσαν.
1107 3645 1276 3684 versetis
1308 3653 1349 3683 et
1380 3644 1677 3697 praefationem
1707 3652 1748 3684 et
1777 3649 1858 3685 cett.

179 3699 218 3742 6.
267 3703 518 3742 Scribendum
562 3704 722 3752 fortasse
759 3714 844 3741 cum
886 3704 1045 3741 Petavio
1157 3701 1195 3743 7.
1225 3697 1470 3754 φιλοκάλους
1508 3703 1565 3741 ed.
1599 3704 1723 3751 princ.
1792 3699 2028 3756 φιλοκάλοις

126 3757 445 3808 παρακαλεῖσῖῐε.
491 3759 548 3807 Cf.
568 3761 689 3807 Epist.
709 3760 761 3797 ad
781 3760 910 3807 Aeac„
939 3761 1047 3797 cuius
1105 3759 1163 3797 ed.
1195 3761 1325 3798 Petav.

125 3823 212 3853 vero
239 3815 388 3865 yemelli
416 3815 487 3857 loci
523 3816 606 3854 alia
640 3816 740 3853 ratio
776 3818 841 3853 est.
902 3815 1048 3853 Corna-
1159 3814 1198 3855 ὃ.
1228 3816 1404 3855 Fortasse
1432 3808 1523 3858 τάδ’
1551 3811 1593 3857 ἐν
1621 3816 1690 3870 τῇ.
