2508 4134
560 272 786 312 PANAan
818 272 921 312 Lm.
946 272 1019 312 111.
1047 272 1183 313 ToM.
1209 273 1257 314 n.
1286 273 1449 314 HAER.
1472 273 1692 314 Lxxvn.
1970 261 2065 312 391

171 370 357 439 quidem
393 387 519 433 vox,
572 373 774 428 Misisti,
831 387 935 420 cum
967 369 1024 419 de
1052 370 1250 420 coelesti
1293 371 1372 421 illa
1402 371 1631 431 missione
1672 369 1948 439 accipienda
1986 369 2067 432 sit,

170 454 228 504 ab
258 471 314 503 eo
342 462 501 504 tamen
520 492 532 516 ‚
586 453 708 520 quod
745 451 916 503 l‘etrus
946 452 1094 515 dixit,
1148 455 1360 521 separari
1391 473 1483 505 non
1512 455 1678 506 debet:
1730 459 1879 504 Iesum
1907 457 2069 504 Naza-
2092 466 2172 500 Act·
2193 464 2229 508 2,
2249 464 2302 498 ²²·

167 556 355 587 raenum
382 541 530 587 virum
557 539 801 603 probatum
831 540 878 586 in
909 538 1034 586 vobis
1054 540 1288 602 prodigiis
1318 556 1374 586 ae
1407 542 1586 602 segnis,-
1640 557 1768 604 quem
1799 542 1940 588 unxit
1958 541 2070 588 deus

165 626 334 687 spir-im
369 631 557 681 saneto,
600 639 654 671 ac
692 621 875 688 reliqua
913 620 958 670 id
997 638 1168 688 genus

307 703 403 756 Sed
437 722 526 755 nec
553 705 625 756 his
657 704 844 772 quidem
875 712 1098 754 contenta
1132 703 1407 755 suavissimi
1435 705 1499 755 illi
1531 706 1706 756 fratres
1735 705 1917 768 nostri,
1959 723 2066 756 cum
2147 702 2244 756 cap.

164 791 277 841 illud
316 789 404 840 sibi
445 789 593 839 semel
629 788 998 858 proposuerint,
1054 797 1106 838 ut
1141 788 1189 838 in
1230 787 1449 838 omnibus
1495 788 1899 855 opiniosissimam
1933 807 2065 840 suam
2088 761 2295 803 XXXHI'

166 874 302 924 nobis
328 867 646 942 pervicaciam
683 881 949 942 opponant,
1006 871 1148 923 etiam
1183 871 1482 922 divinitatem
1516 869 1698 923 Christi
1733 890 1922 940 passam
1958 890 2066 925 esse

163 976 345 1008 summa
369 975 473 1008 cum
505 957 704 1008 audacia
746 956 1042 1025 praedicant.
1118 954 1194 1006 Ad
1223 956 1344 1023 quod
1391 956 1485 1006 illis
1525 957 1727 1024 apostoli
1760 958 1920 1008 verbis
1950 950 2097 1008 abu-‘

164 1051 354 1093 tuntur':
407 1045 468 1091 Se·
486 1046 603 1091 enim
640 1044 988 1106 cognovissent,
1044 1057 1276 1105 nunquam
1314 1044 1543 1090 domz‘mcm
1569 1043 1755 1105 gloriae
1795 1044 2062 1107 crucifixis·
2086 1054 2303 1101 1.Cor.2‚8.

160 1136 277 1175 sent.
356 1126 430 1176 Ac
458 1143 560 1175 mea
591 1126 778 1194 quidem
814 1124 1053 1175 sententia
1083 1124 1227 1191 aliqui
1255 1124 1552 1192 Apollinaris
1580 1125 1827 1193 discipuli,
1870 1126 1947 1192 qui
1979 1126 2066 1176 mi-

161 1227 249 1260 nus
276 1210 400 1261 istud
431 1209 785 1277 intelligerent,
828 1226 932 1258 cum
968 1208 1074 1258 aliis
1105 1208 1352 1259 erroribus
1384 1208 1508 1259 hunc
1538 1209 1690 1277 ipsum
1717 1217 2060 1277 proponenteS,

160 1293 364 1363 argutuli
395 1294 564 1344 volunt
591 1292 764 1345 videri.
841 1290 999 1343 Miror
1025 1292 1148 1342 enim
1181 1293 1220 1343 si
1251 1292 1483 1343 eiusmodi
1518 1292 1750 1361 quicpiam
1787 1293 1844 1343 ab
1871 1310 1929 1343 eo
1961 1295 2063 1344 sue-

161 1378 222 1428 rit
265 1386 521 1428 assertum.
611 1376 786 1446 Neque
830 1394 946 1427 vero
989 1375 1315 1426 admirandum
1360 1386 1436 1427 est
1477 1378 1601 1444 quod
1645 1376 1882 1444 scriptura
1923 1394 2063 1428 sacra

160 1461 398 1512 dominnm
441 1462 626 1530 gloriae
669 1461 951 1512 crucifixum
991 1477 1099 1510 esse
1140 1460 1335 1511 dixerit.
1415 1459 1661 1528 Siquidem
1692 1470 1741 1511 et
1769 1470 2062 1529 assumptam

159 1545 364 1596 hominis
401 1555 617 1596 naturam
655 1546 839 1613 gloriae
873 1544 1112 1594 dominum
1147 1545 1473 1613 appellamus;
1531 1545 1702 1613 quippe
1743 1562 1865 1613 quae
1903 1546 1961 1596 ab
1993 1546 2062 1596 di-

157 1630 357 1682 vinitate
393 1630 586 1680 minime
626 1638 846 1697 separata
873 1628 954 1678 sit.
1029 1627 1139 1679 Nec
1171 1630 1314 1679 ullum
1344 1628 1391 1679 in
1425 1647 1481 1679 eo
1510 1647 1692 1697 genere
1724 1648 1843 1698 opus
1872 1638 1955 1680 aut
1984 1648 2062 1681 ar·-

156 1722 431 1782 gumentum
463 1722 537 1764 est
564 1715 687 1781 quod
720 1731 812 1763 non
843 1713 1090 1763 commode
1117 1713 1270 1781 possit
1294 1712 1526 1780 intelligi,
1569 1714 1785 1782 adeoque
1814 1722 1963 1765 totum
1989 1714 2062 1764 in-

156 1797 450 1849 carnationis
493 1799 732 1864 negotium
775 1797 830 1847 ad
873 1815 1013 1847 unam
1060 1797 1355 1865 eandemque
1395 1797 1857 1849 administrationem
1902 1799 2061 1867 perfe-

155 1884 459 1950 ctionemque
501 1881 765 1950 conspirat.
845 1879 1010 1948 ltaque
1040 1881 1280 1949 patibilem
1323 1900 1410 1932 nos
1446 1879 1693 1933 Christum
1727 1882 2057 1951 praedicamus

153 1985 208 2019 ac
238 1967 505 2029 credimus3
562 1983 657 2015 non
691 1965 814 2032 quod
845 1982 930 2031 per
965 1982 1075 2016 sese
1107 1966 1169 2015 sit
1198 1983 1394 2034 passus:
1449 1984 1604 2034 neque
1634 1968 1758 2034 quod
1791 1967 1912 2016 alius
1939 1967 2001 2016 sit
2029 1985 2057 2018 a

154 2051 364 2120 patiente
393 2050 643 2112 dominus,
699 2066 855 2117 neque
895 2050 1018 2116 quod
1055 2049 1217 2099 divina
1254 2059 1424 2100 natura
1469 2069 1608 2119 passa
1645 2051 1735 2101 sit:
1790 2068 1959 2102 verum
1989 2051 2056 2101 ita

154 2136 372 2187 dominus
403 2143 570 2185 noster
601 2131 739 2183 lesus
771 2130 996 2184 Christus
1036 2151 1206 2202 passus
1250 2143 1324 2184 est
1367 2144 1417 2184 ut
1448 2135 1599 2203 ipsius
1639 2135 1863 2185 divinitas
1904 2144 2056 2186 muta-

153 2220 295 2270 tionis
326 2218 480 2269 omnis
511 2226 559 2268 et
590 2217 828 2286 passionis
863 2235 1042 2284 expers
1084 2218 1390 2269 nihilominus
1421 2218 1468 2268 in
1504 2237 1646 2269 cruce
1680 2228 1950 2286 pateretur,
2007 2228 2056 2270 et

150 2304 251 2372 ipsa
297 2303 471 2353 nullam
515 2303 562 2352 in
603 2319 713 2353 sese
754 2302 1025 2368 passionem
1071 2302 1397 2370 experiretur.
1477 2302 1618 2371 Quod
1660 2304 1786 2354 enim
1824 2300 2050 2354 Christus

151 2396 318 2437 nostra
356 2403 529 2436 caussa
571 2395 786 2457 mortuus
831 2395 930 2449 est,
986 2403 1198 2454 vereque
1233 2396 1481 2452 mortuus,
1536 2406 1630 2438 non
1664 2388 1711 2438 in
1754 2388 2052 2439 divinitatem

152 2488 281 2520 mors
313 2470 394 2520 illa
423 2469 622 2532 cecidit,
678 2472 761 2520 sed
803 2471 848 2520 in
894 2488 1040 2521 carne
1081 2480 1296 2521 mortuus
1338 2480 1439 2533 est3
1494 2473 1891 2540 quemadmodum
1933 2473 2053 2522 scri-

151 2563 279 2624 ptum
312 2562 414 2615 est‚
457 2556 772 2618 Mortffieatus
805 2573 972 2616 ear-ne,
1014 2558 1274 2621 vivificatus
1303 2567 1452 2606 autem
1485 2561 1685 2622 spiritu:
1728 2556 1871 2619 item,
1917 2560 2052 2606 Chri-
2068 2561 2301 2641 ἰξὲξῇᾒῐῗ·

148 2649 220 2687 sto
243 2655 381 2703 passo
403 2656 491 2702 pro
523 2639 654 2686 nobis
689 2643 735 2687 in
770 2657 926 2688 carne.
1008 2636 1333 2704 Quamobrem
1375 2641 1606 2708 singulari
1644 2641 1844 2708 quadam
1893 2642 2052 2691 etad·
2091 2631 2098 2639 ⁸
2196 2629 2203 2637 ⁰
2244 2631 2255 2649 '
2295 2630 2303 2639 ⁸

150 2722 352 2772 mirabili
386 2721 571 2771 ratione
615 2739 729 2771 vere
762 2740 953 2789 passum
985 2723 1115 2773 illum
1155 2741 1264 2774 esse
1298 2725 1610 2787 confitemur,
1669 2734 1717 2775 et
1749 2725 1951 2775 eundem
1982 2734 2053 2775 ta-

150 2822 257 2855 men
298 2822 415 2855 vere
459 2806 698 2873 passionis
743 2816 1020 2873 expertem,
1080 2809 1202 2874 quod
1250 2808 1365 2858 nihil
1408 2809 1634 2860 divinitas
1677 2809 1779 2877 ipsa
1823 2809 2046 2876 patiatur,

149 2890 372 2957 quoniam
401 2889 459 2940 ab
491 2890 618 2939 omni
651 2890 980 2940 vicissitudine
1009 2899 1057 2941 et
1083 2891 1307 2959 passione
1337 2892 1562 2943 immunis
1595 2902 1697 2957 est,
1740 2893 2049 2959 eiusdemque

149 2991 254 3024 cum
284 2982 417 3041 patre
447 2973 764 3024 substantiae.
844 2971 913 3023 lta
947 2992 1091 3042 porro
1122 2993 1308 3042 passam
1340 2993 1450 3027 esse
1481 2995 1674 3027 carnem
1705 2977 1969 3027 asserimus
2000 2985 2050 3026 ut

147 3057 195 3107 in
229 3057 327 3125 ipsa
361 3059 673 3125 perpessione
699 3057 924 3107 divinitas
956 3076 1254 3127 nequaquam
1284 3060 1340 3110 ab
1367 3071 1608 3130 assumpta
1641 3061 1845 3111 hominis
1877 3068 2047 3110 natura

146 3141 363 3191 seiuncta
407 3142 487 3191 sit.
567 3140 706 3191 'Tum
748 3141 872 3190 enim
914 3142 1138 3192 divinitas
1185 3161 1289 3193 cum
1330 3145 1535 3195 humana
1578 3154 1747 3195 natura
1791 3144 2046 3194 coniuncta

148 3224 265 3286 fuit,
307 3226 495 3292 quando
526 3222 750 3276 Christus
780 3225 825 3274 in
860 3242 1002 3275 cruce
1031 3228 1230 3277 suffixus
1269 3246 1415 3278 carne
1445 3246 1612 3297 passus
1642 3238 1743 3289 est,
1796 3227 1911 3277 nihil
1943 3228 2046 3296 ipsa

147 3308 396 3359 divinitate
426 3309 665 3376 patiente3
708 3327 800 3375 quo
826 3309 1098 3359 iustificatio
1123 3320 1287 3361 nostra
1313 3330 1406 3362 non
1439 3313 1640 3379 amplius
1674 3312 1721 3361 in
1748 3312 1848 3362 sola
1875 3329 2041 3376 carne,

146 3393 228 3442 sed
261 3393 402 3442 etiam
437 3394 483 3442 in
513 3392 762 3442 divinitate
805 3394 1123 3456 consisteret,
1178 3404 1319 3461 atque
1348 3405 1400 3446 ut
1427 3414 1453 3446 a
1482 3396 1729 3445 divinitate
1771 3396 1941 3460 simul,
1997 3405 2045 3446 et

147 3492 292 3525 carne
341 3476 471 3526 salus
510 3486 675 3527 nostra
720 3477 1127 3545 proficisceretur.
1204 3477 1394 3528 Etenim
1440 3477 1662 3530 Christus
1704 3497 1798 3529 non
1838 3480 2045 3549 simplex

146 3576 202 3609 ac
233 3559 384 3609 nudus
415 3560 555 3609 homo
588 3560 702 3623 fuit,
756 3562 839 3611 sed
868 3561 1065 3610 verbnm
1104 3561 1400 3626 subsistens,
1454 3563 1784 3625 incarnatum,
1838 3582 1893 3614 ac
1925 3566 2043 3616 deus

146 3642 286 3693 homo
315 3659 484 3693 revera
525 3645 707 3707 factus,
762 3654 811 3694 ut
845 3662 975 3712 spem
1010 3654 1220 3695 nostram
1253 3664 1346 3696 non
1380 3647 1579 3715 amplius
1606 3647 1652 3697 in
1683 3647 1901 3713 homine,
1955 3650 2041 3700 sed

147 3725 191 3775 in
224 3725 472 3777 divinitate
501 3728 820 3793 collocemuS,
861 3746 1016 3797 neque
1054 3730 1309 3798 patientem
1342 3731 1511 3795 deum,
1554 3731 1638 3781 sed
1667 3750 1694 3783 a
1727 3734 2039 3802 perpessione
