2508 4134
554 249 779 291 umen
808 250 913 290 Lm.
932 251 1006 290 ιιι.
1034 251 1169 292 τοινι.
1189 252 1222 292 1.
1253 251 1417 293 mea.
1438 252 1634 293 Lxxvi.
1941 243 2042 295 279

139 348 346 399 luntates
364 383 379 409 ‚
419 355 469 399 et
491 346 809 414 cogitationes
835 347 1068 409 lubricae,
1111 357 1160 398 et
1187 349 1234 398 in
1262 365 1477 400 errorem
1504 368 1682 418 pronae
1712 359 1851 415 sunt3
1892 368 2042 418 quan-

140 430 390 499 doquidem
425 448 480 482 ea
522 438 723 482 naturae
764 429 1040 481 conditione
1078 448 1262 482 sumus.
1337 432 1525 484 Natura
1568 453 1710 503 porro
1749 435 1823 484 dei
1855 442 1902 484 ct
1929 434 2041 485 sub-

139 515 313 571 stantia
353 515 542 566 dicitur.
619 511 761 580 Quod
805 522 962 565 autem
1006 523 1223 564 naturam
1260 533 1316 565 ac
1350 525 1600 581 naturam,
1652 526 1700 568 et
1728 518 2040 569 substantiam

137 607 280 666 atque
306 598 622 650 substantiam
659 597 909 661 audimuS,
951 616 1044 649 non
1080 597 1190 648 ideo
1222 597 1640 667 incomparabilem
1681 610 1871 670 oportet
1900 602 2037 653 deum

137 699 243 732 cuin
276 690 445 734 natura
481 690 644 732 nostra
685 682 929 732 conferre.
1007 680 1188 732 Eadem
1220 690 1268 731 et
1302 682 1475 749 ubique
1506 684 1628 734 ratio
1659 694 1761 746 est,
1816 685 2037 754 quicquid

137 766 195 815 de
229 766 318 815 deo
363 766 598 816 affirmare
643 766 875 815 volueris.
953 764 1047 815 Est
1084 765 1210 815 enim
1254 765 1486 815 eiusmodi
1534 777 1583 818 nt
1624 785 1728 817 cum
1770 770 1899 819 nullo
1942 770 2037 821 alio

136 848 438 900 commisceri
466 858 547 900 aut
579 849 844 917 comparari
876 849 1058 917 possit,
1100 850 1365 917 perlectum
1399 850 1445 899 in
1477 867 1618 914 sese,
1672 868 1727 902 ac
1761 853 1829 902 rei
1864 854 2039 904 nullius

134 932 378 999 indigenS.
455 931 543 984 Est
589 933 714 983 enim
748 950 833 1001 per
865 950 918 983 sc
952 933 1055 1001 ipsc
1089 950 1261 983 sensus
1293 941 1341 982 et
1368 950 1451 1001 per
1487 951 1540 984 se
1582 935 1822 987 voluntaS.
1903 933 2039 988 Unde

133 1016 555 1084 incomparabilem
604 1017 889 1084 unicumque
934 1017 1078 1067 lilium
1126 1016 1230 1067 sine
1288 1017 1381 1067 ulla
1423 1020 1783 1086 comparatione
1831 1020 2036 1087 gignens

133 1117 222 1150 nec
252 1100 519 1151 substantia
548 1101 651 1170 ipse
674 1118 762 1151 sua
792 1100 1006 1170 privatus
1030 1110 1124 1164 est,
1167 1118 1255 1151 nec
1284 1100 1363 1150 ille
1397 1118 1536 1169 quem
1565 1118 1630 1152 ex
1657 1119 1767 1153 sese
1792 1104 1944 1154 solum
1970 1122 2034 1156 cx

133 1184 237 1234 solo
269 1187 464 1251 genuit,
521 1201 676 1252 neque
708 1186 903 1253 spiritus
931 1194 1146 1235 sanctus.
1225 1181 1319 1251 Qui
1354 1185 1493 1235 ambo
1525 1185 1699 1235 nnllam
1728 1205 1832 1236 cnm
1861 1189 2037 1238 ceteris

132 1268 276 1318 rebus
302 1267 546 1335 dignitatis
573 1277 792 1331 naturae,
835 1268 912 1318 vel
943 1268 1140 1319 alterius
1171 1267 1260 1331 rei,
1301 1268 1636 1336 aequalitatem
1665 1270 1858 1321 babent.
1935 1270 2038 1322 Ne-

134 1369 224 1419 que
260 1368 378 1402 vero
405 1353 714 1420 semetipsum
744 1352 979 1420 privavit,
1032 1352 1136 1403 sive
1168 1352 1501 1414 affectionem,
1554 1353 1658 1404 sive
1689 1354 2037 1423 incomparabi-

135 1435 191 1485 lis
220 1435 370 1504 ipsius
398 1435 662 1487 divinitatis
693 1437 1007 1488 substantiam
1035 1445 1257 1504 spectes,
1300 1454 1389 1487 nec
1422 1437 1578 1501 illius,
1622 1437 1689 1488 uti
1719 1438 1851 1502 dixi,
1893 1439 2037 1489 sobo-

132 1519 223 1570 lem
266 1528 466 1569 aeterno
511 1521 765 1589 splendore
808 1530 884 1572 est
925 1529 973 1571 et
1006 1520 1293 1588 aequalitate
1327 1521 1542 1589 privata,
1598 1538 1718 1590 quac
1754 1522 1951 1590 perinde
1982 1540 2038 1572 ac

131 1603 326 1670 spiritus
365 1612 561 1655 sanctus
613 1622 717 1655 cum
768 1605 898 1655 nullo
951 1605 1045 1655 alio
1087 1605 1134 1655 in
1182 1605 1588 1674 comparationem
1640 1606 1807 1657 deduci
1856 1616 2032 1675 potest,

129 1704 250 1754 quae
281 1688 592 1755 estperfecta
623 1688 841 1752 trinitas,
884 1690 1156 1757 perfectus,
1212 1689 1434 1756 inquam,
1491 1699 1653 1758 pater,
1710 1692 1952 1758 perfectus
1985 1692 2036 1741 fi-

129 1771 251 1833 lius,
308 1772 552 1839 perfectus
594 1772 790 1840 spiritus
834 1780 1050 1823 sanctus.
1129 1770 1268 1839 Quae
1315 1774 1503 1840 quidem
1543 1773 1730 1824 trinitas
1768 1774 1814 1824 in
1846 1792 1900 1825 se
1940 1793 2036 1826 non

128 1856 346 1905 confusio
375 1855 530 1923 aliqua
565 1864 668 1918 est,
710 1865 791 1907 aut
819 1857 864 1906 in
895 1874 948 1907 se
982 1857 1083 1925 ipsa
1117 1856 1527 1925 perturbationem
1556 1858 1697 1908 ullam
1730 1857 1900 1922 babet,
1952 1869 2035 1910 aut

130 1939 366 2007 quicpiam
411 1940 533 2006 quod
571 1939 819 1991 inferioris
859 1940 1148 1991 conditionis
1178 1939 1271 2004 sit,
1329 1958 1389 1992 nc
1423 1942 1462 1991 si
1493 1941 1795 1992 discernatur
1835 1942 2031 2010 aliquid,

128 2023 499 2091 incomparabile
526 2023 681 2092 ipsum
712 2024 844 2075 tollat
880 2042 906 2074 e
935 2024 1123 2086 medio,
1179 2034 1260 2075 aut
1287 2025 1327 2075 si
1357 2025 1465 2092 quid
1497 2034 1836 2076 commutatum
1868 2027 2030 2088 suerit,

128 2124 236 2159 esse
276 2107 463 2158 desinat
500 2107 770 2176 privatione
813 2107 1083 2171 sublatum,
1137 2125 1192 2158 ac
1232 2109 1334 2159 sola
1376 2108 1678 2172 habitudine,
1733 2127 1828 2160 non
1867 2127 1931 2161 ex
1961 2110 2034 2161 rei

128 2190 360 2251 veritate,
400 2200 482 2242 aut
507 2208 628 2242 voce
655 2200 795 2242 tenus
824 2191 917 2254 sit,
959 2191 1211 2260 obiterque
1240 2193 1562 2254 nominatum,
1605 2210 1660 2243 ac
1687 2193 1891 2262 denique
1921 2211 2034 2245 nus-

128 2292 267 2342 quam
298 2283 463 2338 extet,
525 2276 647 2343 quod
677 2293 823 2343 prava
854 2275 938 2326 tibi
966 2276 1192 2343 opinione
1225 2277 1490 2344 conlingiS,
1543 2294 1606 2328 ex
1642 2295 1733 2345 qua
1767 2278 2033 2347 scripturae

130 2358 250 2409 banc
290 2360 574 2409 senteutiam
604 2377 631 2410 a
660 2360 765 2410 fidei
798 2360 1103 2429 professione
1145 2361 1406 2411 excludere
1440 2369 1489 2411 ct
1520 2361 1795 2413 abiudicare
1834 2371 2035 2412 conten-

127 2442 229 2504 dis,
273 2445 472 2492 Credere
496 2453 677 2507 oportet
706 2447 991 2494 accedentem
1019 2448 1082 2494 ad
1109 2449 1265 2505 deum,
1316 2449 1527 2510 quoniam
1560 2456 1653 2506 est,
1696 2456 1742 2496 et
1770 2452 2033 2512 quaerenti·
2046 2473 2284 2519 Hem-‚1142

128 2527 212 2576 bus
239 2530 384 2591 ipsum
425 2538 746 2577 remunerator·
777 2538 862 2578 est.
946 2527 1049 2579 Hoc
1091 2538 1248 2579 autem
1288 2530 1392 2579 solo
1433 2530 1480 2579 in
1520 2539 1653 2597 patre
1691 2530 1894 2598 intelligi
1937 2549 2032 2582 non

127 2618 305 2678 potest.
381 2608 509 2660 Nam
552 2610 628 2677 qui
674 2610 815 2662 lilium
861 2629 955 2662 non
993 2612 1162 2675 babet,
1220 2622 1353 2682 patre
1394 2631 1582 2681 quoque
1623 2632 1790 2666 carcre
1830 2632 2034 2666 necesse

127 2702 228 2757 est,
269 2702 319 2744 et
351 2693 428 2761 qui
458 2694 600 2743 filium
642 2694 881 2758 nominat,
922 2696 1028 2746 sine
1065 2696 1235 2761 spiritu
1273 2708 1443 2749 sancto
1482 2699 1645 2748 facere
1683 2699 1806 2749 istud
1847 2698 2029 2766 nequit.

267 2775 359 2828 ΙΙΙ.
436 2775 528 2827 Est
554 2778 678 2827 enim
713 2795 766 2828 re
801 2779 902 2846 ipsa
931 2788 1067 2846 pater
1094 2797 1240 2830 verus
1269 2782 1414 2843 deus,
1458 2791 1507 2831 ut
1536 2791 1739 2833 testatur
1770 2783 1912 2845 filius,
1954 2782 2033 2848 qui

129 2861 265 2912 novit
290 2870 502 2930 patrem,
545 2871 591 2911 et
618 2879 732 2911 vera
764 2861 851 2912 lux
879 2871 954 2912 est
983 2863 1135 2924 filius,
1177 2865 1253 2931 qui
1285 2865 1594 2933 cognoscitur
1618 2865 1924 2932 eiusdemque
1963 2873 2032 2915 te-

129 2946 356 2996 stimonio
400 2946 700 3007 declaratur,
758 2954 805 2995 et
830 2945 1026 3012 spiritus
1057 2948 1276 2998 veritatis
1307 2958 1380 2998 est
1412 2950 1637 3017 spiritus,
1680 2948 1757 3016 qni
1788 2966 1881 2999 non
1915 2948 2030 2998 alic-

131 3046 220 3080 nus
263 3038 365 3093 est,
416 3034 499 3080 sed
539 3049 567 3079 α
600 3040 737 3096 patre
765 3032 1108 3095 proficiscitur,
1166 3042 1215 3081 et
1242 3050 1271 3081 a
1289 3035 1403 3097 fillo
1443 3038 1629 3098 accipit.
1710 3034 1869 3099 Atque
1912 3032 2029 3082 baec
2081 3047 2207 3086 loann.

131 3112 289 3163 omnia
334 3121 460 3165 tuam
504 3115 630 3164 illam
675 3121 1066 3180 argumentorum
1108 3115 1309 3166 fabulam
1351 3116 1769 3167 circumscribunt.
1856 3114 2031 3183 Neque
2084 3094 2210 3137 1215.

130 3202 175 3252 id
207 3202 479 3253 hortatione
509 3199 602 3249 ulla
630 3198 861 3266 perlicere
889 3205 1025 3264 potes
1054 3207 1104 3247 ut
1129 3199 1408 3250 Aristotelis
1437 3199 1763 3268 praeceptoris
1794 3199 1858 3250 tui
1890 3199 2030 3250 disci-

131 3285 224 3354 puli
272 3303 381 3336 esse
410 3284 643 3344 velimuS,
702 3290 783 3332 aut
815 3282 1134 3349 piscatorum,
1189 3283 1267 3349 qui
1297 3283 1370 3332 dei
1404 3283 1571 3350 spiritu
1602 3282 1865 3333 collustrati
1896 3293 2027 3347 sunt,

131 3369 394 3420 doctrinam
427 3367 727 3434 relinquere,
768 3365 1101 3415 illiteratorum
1134 3365 1320 3432 quidem
1358 3376 1404 3415 et
1432 3366 1648 3428 rudium,
1690 3367 1773 3416 sed
1809 3366 2028 3418 veritatis

131 3452 440 3503 nibilominus
470 3468 780 3520 praeconum,
812 3467 903 3516 quo
933 3466 1129 3499 munere
1154 3449 1227 3498 dei
1251 3450 1426 3499 virtute
1455 3467 1509 3498 ac
1532 3448 1764 3499 beneficio
1793 3452 2028 3518 perfuncti

131 3618 252 3681 λοιφή
284 3622 370 3660 edit.
401 3622 536 3662 Petav.
1104 3617 1264 3677 Rhectiy.
1443 3666 1453 3681 1

193 3679 254 3716 14.
286 3670 308 3717 ὃ
338 3677 418 3715 cod.
453 3677 608 3726 Rhedi9.
1167 3672 1229 3712 lb.
1278 3685 1534 3725 γραμματων
1589 3675 1699 3714 codd.
1747 3686 1837 3715 mss.
1885 3679 1919 3716 et
1967 3676 2026 3717 ed.

191 3733 252 3774 15.
299 3731 380 3774 τῶν
422 3729 554 3783 λόγων
596 3733 836 3771 desideratur
877 3732 918 3769 in
967 3729 1048 3768 cod.
1103 3730 1226 3777 prino.
