2508 4134
272 890 355 926 pag.
380 879 473 915 1095.

271 3006 382 3062 Κεφ.
409 3002 475 3049 ιδ’.

499 246 602 297 512
1208 254 1414 297 SANGTI
1441 256 1731 297 ΕΡΙΡΗΑΝΠ

497 362 645 406 θειαν
690 352 1086 419 νεανιευομένων.
1157 348 1243 413 Ὡς
1288 358 1535 420 Ζακχαῖος
1581 354 1694 420 μὲν,
1753 351 1847 424 πρὸ
1889 357 2108 424 βραχέως
2143 354 2426 424 τελευτήσας

499 440 550 491 ἐν
575 444 636 512 τῇ
663 437 829 510 ὀρεινῇ
857 443 918 510 τῇ
945 438 1055 506 περὶ
1081 434 1141 489 τά
1170 434 1507 507 Ἱεροσόλυμα,
1547 436 1714 491 οὐδενὶ
1745 437 1869 500 ὅλως
1901 439 2253 508 συνευχόμενος
2280 442 2427 494 διετέ-

495 530 653 590 λεσεν,
707 520 824 575 ἄλλά
853 524 936 574 καὶ
969 519 1052 574 διά
1078 520 1169 589 τήν
1200 521 1353 591 αὐτὴν
1390 521 1637 577 ὑπόθεσιν
1673 530 1927 593 τολμηρῶς
1966 523 2119 594 άγίων
2151 529 2427 596 μυστηρίων

496 609 680 675 ψαύειν
715 610 800 661 καὶ
843 610 1121 677 ἱερουργίαν
1161 608 1331 671 λαϊκός
1372 607 1441 662 ὢν
1482 606 1700 675 οἷφειδῶς
1743 612 1994 679 ἐπεχείρει·
2044 612 2208 680 ἕτερος
2242 613 2298 664 δέ
2337 633 2425 676 τις,

497 694 631 757 ὅστις
675 714 794 747 ποτε
836 686 899 762 ἧν
939 691 1064 763 ἀνὴρ
1101 695 1313 759 ἐκεῖνος,
1365 696 1449 746 καὶ
1490 700 1588 747 τῶν
1632 693 1916 746 δοκούντων
1957 697 2009 748 ἐν
2042 693 2273 766 άκρότητι
2310 699 2426 764 βίου

501 779 976 846 5πεπολιτευμένος,
1028 777 1155 849 πρὸς
1183 777 1270 846 τὴν
1298 783 1559 849 Αἴγυπτον
1597 780 1678 831 ἐπὶ
1706 777 1764 831 τά
1799 778 2007 847 ἐρημικά
2043 781 2342 850 κατοικήσας
2375 783 2428 835 ἐν

498 867 835 937 μοναστηρίῳ,
874 865 959 917 καὶ
985 862 1126 926 ἄλλος
1155 863 1282 934 πρὸς
1308 871 1376 937 τῷ
1402 868 1617 936 Σιναίῳ,
1661 862 1727 926 ὥς
1757 862 1858 917 ἆπὸ
1895 863 2159 936 ὀνειράτων
2187 865 2424 920 ἐνεανιεύ-

495 968 669 1015 σαντο,
727 952 999 1017 ἐπισκοπῆς
1046 948 1341 1017 6δεξάμενοι
1382 953 1688 1017 χειροθεσίαν
1728 951 1810 1002 καὶ
1851 954 2114 1018 καθῆσθαί
2154 972 2205 1005 τε
2239 955 2325 1006 καὶ
2365 951 2426 1005 τοὶ

496 1035 777 1089 ἐπισκόπων
807 1035 1038 1106 πράττειν
1074 1038 1158 1089 καὶ
1192 1035 1333 1087 αὐτοὶ
1375 1037 1668 1103 ἐπεχείρουν.
1726 1034 1921 1106 ““Ἐτεροι
1952 1037 2004 1089 δὲ
2032 1038 2115 1090 καὶ
2150 1037 2245 1090 οὐκ
2271 1037 2428 1108 ὀλίγοι

495 1120 784 1190 εὐνουχίζειν
826 1120 1033 1183 ἕαυτοῦς
1067 1120 1201 1191 παρά
1239 1119 1298 1172 τά
1328 1122 1719 1190 προςτεταγμένα
1749 1124 1910 1188 δῆθεν
1939 1121 2249 1190 νεανιότητος
2286 1121 2428 1192 χάριν

499 1206 779 1275 ἐτόλμησαν.
837 1207 1034 1277 ’Ἐτεροι
1079 1208 1131 1259 δὲ
1164 1211 1424 1268 δοκοῦντες
1466 1206 1808 1259 νεανιεύεσθαι
1849 1213 2083 1274 τολμῶσι,
2135 1207 2271 1278 παρά
2313 1207 2430 1270 τούς

501 1292 690 1355 7ὄντας
738 1290 838 1345 ἀπὸ
881 1290 1172 1362 όρθοδόξων
1222 1290 1528 1363 ὁρμώμενοι,
1585 1291 1818 1362 σύλλογον
1868 1294 2062 1356 ἑαυτοῖς
2110 1295 2427 1359 ἐπισπῶντες,

500 1378 622 1433 ἄλλά
665 1381 749 1432 καὶ
795 1375 911 1431 ἄνευ
957 1380 1244 1448 ἐπικρίσεως
1283 1377 1499 1431 συνόδου
1541 1380 1885 1446 οἰκουμενικῆς
1927 1376 2269 1447 άναβαπτίζειν
2311 1378 2428 1442 τούς

497 1467 787 1537 ἐρχομένους
828 1462 953 1533 πρὸς
982 1462 1165 1525 αὐτούς
1200 1466 1357 1531 δῆθεν
1383 1461 1483 1516 άπὸ
1508 1460 1795 1532 Ἀρειανῶν,
1849 1465 2054 1532 μηδέπω
2081 1471 2171 1518 τοῦ
2205 1464 2428 1536 πράγμα-

495 1575 579 1614 τος
619 1554 667 1615 ἐξ
700 1553 1010 1619 ἐπικρίσεως,
1067 1546 1134 1610 ὥς
1173 1550 1325 1616 ἔφην,
1381 1547 1598 1602 συνόδου
1645 1551 1980 1617 8τμηθέντος,
2031 1548 2113 1603 διά
2152 1548 2206 1603 τὸ
2250 1548 2428 1619 άναμὶξ

497 1636 614 1699 τούς
652 1635 800 1697 λαούς
842 1632 1077 1704 ὖπάρχειν
1113 1637 1181 1687 ἔτι
1209 1637 1381 1705 δεῦρο,
1435 1637 1519 1687 καὶ
1559 1633 1769 1697 πολλοὺς
1809 1636 1896 1703 μὲν
1937 1633 2060 1688 εἶναι
2098 1635 2426 1706 ὄρθοδόξους,

497 1720 623 1776 κατὰ
651 1722 703 1774 δὲ
730 1719 993 1790 ὑπόκρισιν
1021 1718 1146 1791 πρός
1172 1719 1289 1782 τούς
1321 1719 1658 1790 ἷερατεύοντας
1686 1722 2057 1789 συνημμένους,
2095 1723 2188 1784 ἕως
2213 1720 2273 1776 ι’)’ἶν
2303 1720 2428 1789 ἄφο-

496 1806 671 1879 ρισμὸς
709 1808 904 1877 γένηται
934 1812 1023 1873 τῆς
1068 1805 1296 1874 τοιαύτης
1333 1806 1633 1874 βλασφήμου
1674 1808 1930 1877 αἱρέσεως,
1980 1809 2064 1860 καὶ
2102 1807 2211 1861 τότε
2237 1807 2296 1861 τά
2321 1805 2425 1861 κατ’

549 1893 561 1912 ²
601 1900 624 1910 ω

499 1916 652 1962 αυτης
686 1899 708 1930 ⁹
727 1890 1059 1962 ὁρισθήσεται.
1128 1892 1217 1945 Ἐκ
1245 1891 1434 1946 τούτων
1461 1893 1514 1945 δὲ
1540 1898 1638 1946 τῶν
1667 1892 1824 1955 οὕτως
1855 1892 2302 1960 ἀναβαπτιζόντων,
2341 1891 2426 1947 ἀπ’

500 1982 630 2033 ἰδίου
660 1977 985 2046 κελεύσματος
1027 1980 1095 2040 εἰς
1133 1976 1370 2049 ἡμετέρας
1409 1977 1566 2040 ἆκοοὶς
1608 1979 1889 2045 10οἰφῖκται
1923 1977 1993 2042 εἷς
2022 1978 2254 2049 ὑπάρχων
2285 1982 2337 2032 ἐν
2365 1985 2424 2053 τῇ

498 2071 596 2118 τῶν
636 2068 842 2117 Λυκίων
884 2063 1017 2135 χώρᾳ
1061 2064 1405 2135 πρεσβύτερος.
1480 2065 1596 2116 Εἰσὶ
1640 2064 1692 2116 δὲ
1735 2066 1821 2116 καὶ
1867 2062 2065 2129 ἄλλοθι,
2124 2064 2191 2128 οἷς
2226 2067 2426 2126 ἕκαστος

497 2149 614 2204 καθ’
657 2150 831 2204 ἑαυτὸν
878 2148 1087 2218 εὔχεται,
1137 2152 1222 2203 καὶ
1268 2147 1328 2203 οὐ
1368 2148 1488 2217 μετά
1528 2171 1660 2211 τινος
1699 2149 1751 2202 to*
1790 2150 2050 2219 παράπαν,
2105 2153 2260 2222 ἕτεροι
2292 2151 2344 2204 δὲ
2376 2152 2426 2204 ἐν

498 2244 683 2299 κλοιοῖς
708 2234 844 2305 παρά
867 2234 955 2288 τόν
979 2234 1170 2303 θεσμόν
1194 2242 1281 2303 τῆς
1311 2238 1576 2302 ἐκκλησίας.
1652 2234 1840 2306 Διόπερ
1874 2237 1955 2289 ἐπὶ
1981 2237 2100 2290 τέλει
2125 2235 2312 2298 παντός
2338 2242 2427 2290 τοῦ

498 2322 667 2393 λόγου,
710 2320 981 2383 Νεάνιδας,
1022 2323 1176 2389 ἔφην,
1217 2319 1283 2388 μὴ
1313 2319 1518 2388 ἐχούσας
1544 2319 1792 2390 ἀριθμὸν,
1842 2320 1931 2383 τάς
1957 2342 2006 2374 τε
2031 2321 2156 2375 κατά
2183 2321 2272 2390 τὴν
2299 2324 2429 2375 ἰδίαν

500 2411 697 2461 ἔννοιαν
736 2406 911 2468 αὐταῖς
952 2406 1292 2471 νεανιζούσας,
1347 2407 1409 2458 οὗ
1445 2404 1544 2473 μὴν
1574 2408 1641 2468 εἰς
1671 2405 1725 2459 τό
1759 2404 1982 2477 οἷγαθόν,
2037 2410 2106 2470 εἰς
2135 2406 2189 2461 τὸ
2216 2413 2429 2461 ’τελειοῦν

498 2500 584 2561 τῆς
618 2496 798 2559 σοφίας
824 2490 882 2544 τά
908 2495 1038 2558 εἴδη,
1093 2491 1382 2561 φρονήσεώς
1418 2513 1467 2544 τε
1496 2493 1582 2544 καὶ
1614 2489 1842 2563 ἇνδρείας
1875 2495 1958 2546 καὶ
1990 2492 2316 2564 σωφροσύνης
2343 2494 2430 2547 καὶ

501 2577 841 2645 δικαιοσύνης·
896 2579 944 2639 ἐξ
975 2571 1045 2630 ὧν
1075 2575 1211 2630 ἄλλαι
1241 2581 1536 2641 νεανίζουσαι
1571 2583 1623 2614 ¹1
1645 2579 1727 2630 ἐπὶ
1759 2584 1825 2651 τῷ
1857 2581 2288 2652 τυραννικωτέρῳ,
2342 2580 2430 2632 καὶ

499 2662 602 2717 ἀπό
631 2668 719 2731 τῆς
747 2660 979 2730 άληθείας
1005 2661 1182 2725 ἑαυτάς
1204 2665 1546 2733 ἐκτρέπουσιν,
1588 2662 1706 2725 ὤςτε
1732 2662 1800 2731 μὴ
1828 2661 1953 2718 εἶναι
1977 2662 2196 2736 άριθμδν
2225 2662 2427 2718 τούτων.

649 2991 792 3060 Αὕτη
823 2992 876 3045 δὲ
901 2989 934 3060 ἦ
957 2995 1042 3060 μία
1073 2991 1330 3062 περιστερά
1374 2995 1457 3046 καὶ
1495 2991 1607 3063 άγία
1639 2994 1895 3064 παρθένος
1930 2990 2052 3045 θεὸν
2083 2989 2313 3062 ὁμολογεῖ
2337 3015 2427 3046 πα-

502 3079 614 3149 τέρα
640 3080 724 3132 καὶ
748 3076 861 3131 υἷὸν
884 3079 969 3130 καὶ
995 3077 1137 3148 ἅγιον
1162 3084 1373 3145 πνεῦμα,
1412 3081 1598 3149 πατέρα
1625 3082 1820 3144 τέλειον,
1858 3078 1969 3134 υίὸν,
1993 3079 2200 3142 τέλειον,
2238 3085 2430 3147 πνεῦμα

505 3163 647 3233 ἅγιον
684 3165 889 3229 τέλειον,
947 3161 1216 3231 ὁμοούσιον
1259 3163 1349 3231 τὴν
1389 3164 1587 3234 τριάδα,
1644 3165 1704 3218 οὗ
1754 3162 2067 3231 1συναλιφήν
2106 3161 2196 3230 τὴν
2238 3163 2428 3234 τριάδα,

504 3248 624 3302 ἀλλά
671 3248 757 3302 τόν
804 3248 917 3303 υἷὸν
965 3251 1018 3302 ἐκ
1062 3247 1247 3320 πατρὸς
1295 3247 1589 3318 2άληθινῶς
1632 3250 2012 3320 γεγεννημένον,
2068 3250 2152 3300 καὶ
2191 3248 2244 3302 τὸ
2287 3248 2430 3321 ἅγιον

557 3381 597 3420 5.
633 3381 819 3430 Suspicor
843 3378 1213 3434 πεπολιτευμένῳν.
1499 3379 1668 3421 fortiter
1703 3366 1935 3433 sibi'agere
1975 3378 2193 3427 videntur,
2237 3379 2305 3434 qni
2345 3394 2429 3421 non

558 3435 596 3477 6.
623 3433 670 3478 οὔ
689 3434 1273 3490 δεξάμενοιρῑαοαὶιΡείαυὶο;
1301 3445 1345 3476 ut
1362 3437 1437 3476 im·
1497 3436 1693 3477 consultis
1724 3435 1836 3484 aliis,
1870 3443 1912 3475 et
1941 3443 2106 3489 praeter
2133 3435 2306 3476 aliorum
2335 3449 2431 3478 mo·-

503 3492 751 3547 positionem
804 3508 996 3533 manuum
1054 3493 1106 3533 ad
1154 3493 1437 3547 episcopatum
1493 3508 1606 3542 rem,
1659 3492 1772 3532 velut
1822 3491 1872 3532 ab
1921 3492 2163 3532 orthodoxis
2207 3493 2427 3547 progressi,

504 3549 760 3604 susceperint
793 3553 977 3591 convertit
1002 3553 1227 3591 cornarius.
1286 3553 1439 3591 Rescri-
1497 3543 1712 3604 cbllegium
1741 3548 1819 3588 sibi
1848 3553 1928 3588 cett.

505 3609 670 3647 bendum
697 3609 850 3647 videtur
880 3605 1113 3660 ἐπισκοπῆς
1140 3604 1187 3650 δὲ
1220 3604 1439 3661 δεξάμενοι
1552 3607 1590 3647 8.
1620 3604 1852 3660 τμηῖτέντος
1874 3607 1958 3645 cod.
1984 3608 2061 3646 len.
2086 3611 2119 3646 et
2144 3610 2248 3647 editi.
2306 3621 2431 3662 τιμη-

504 3662 764 3716 χειροῇεσίαν
795 3663 1019 3716 καθῆσὲῖαί
1046 3677 1094 3705 τε
1123 3662 1195 3705 καὶ
1225 3666 1310 3705 κτλ.
1498 3661 1639 3710 ἳιέντος
1667 3663 1750 3702 cod.
1782 3663 1942 3712 Rhediy.
1974 3664 2083 3703 Recte
2113 3665 2284 3714 fortasse.

560 3717 596 3758 7.
641 3717 815 3767 κάνονας
853 3732 926 3769 pro
964 3715 1088 3767 ὄντας
1128 3723 1346 3770 suspicatus
1388 3724 1442 3759 est
1552 3719 1593 3760 9.
1627 3713 1858 3771 ἆρὲςῆσεται
1887 3721 1970 3758 cod.
2006 3721 2163 3771 Rhediy.

505 3774 704 3815 Petamus.
762 3778 920 3816 Mallem
947 3776 1134 3829 τολμῶσι
1160 3777 1439 3829 παρανομοῦν·
1559 3775 1618 3816 10.
1672 3769 1862 3828 οἶφῆκται
1895 3778 2019 3822 codd.
2065 3789 2154 3817 mss.
2196 3781 2351 3828 uterque
2397 3782 2431 3818 et

506 3842 589 3879 τες,
620 3825 701 3872 ἀπὸ
731 3832 817 3873 κτλ.
871 3834 1082 3874 Cornarius
1103 3836 1214 3873 vertit
1236 3831 1316 3872 Alii
1343 3845 1441 3873 vero
1499 3833 1586 3871 edit.
1615 3833 1738 3881 princ.
1797 3825 1973 3885 οἷφίκται
2003 3834 2061 3873 ed.
2095 3835 2231 3874 Petav.
