2508 4134
462 284 565 336 486
1167 293 1375 337 SANc'm
1401 296 1689 338 EPIPHANII

461 393 645 455 θένου,
683 391 768 443 καὶ
798 387 937 459 ἆγίας
969 397 1278 460 περιστερᾶς,
1316 393 1401 444 καὶ
1429 393 1644 446 ἀκάκου·
1683 395 1795 463 περὶ
1820 387 1880 460 ἧς
1904 392 1933 448 ὁ
1959 394 2134 465 κύριος
2164 397 2216 448 ἐν
2240 379 2386 448 πνεύ-

463 498 577 544 ματι
610 481 678 547 τῷ
706 481 997 542 Σαλομῶντι
1034 472 1373 529 α’πεκάλυπτεν
1401 479 1453 530 ἐν
1477 476 1707 545 ’Ἀισματι
1736 485 1833 531 τῶν
1871 478 2128 550 ᾀσμάτων,
2182 481 2268 533 καὶ
2296 481 2392 532 ἕλε·

461 580 566 630 γεν,
603 557 870 627 Ἐξήκοντά
894 562 983 612 εἶσι
1010 563 1297 627 βασίλισσαι,
1335 563 1418 614 καὶ
1449 560 1753 631 ὀγδοήκοντα
1776 565 2020 616 παλλακαὶ
2046 565 2131 617 καὶ
2156 563 2392 629 νεάνιδες,

464 638 535 698 ὧν
574 642 667 698 οὐκ
706 646 833 697 ἔστιν
874 644 1117 714 ἀριθμόςο
1174 650 1261 714 μία
1298 648 1398 700 ἐστὶ
1437 647 1695 717 περιστερά
1737 670 1856 715 μου,
1910 651 2061 701 τελεία
2098 671 2222 716 μου,
2275 647 2395 717 μετά

463 729 757 799 προςθήκης
792 728 886 783 3τὸ
915 736 1066 795 Mos),
1115 733 1199 784 καὶ
1227 738 1366 784 Μοῦ.
1441 732 1614 785 Αὐτοῦ
1650 731 1744 801 γάρ
1781 731 2061 803 περιστερά,
2113 736 2197 787 καὶ
2237 734 2395 788 αὐτοῦ

463 818 642 867 τελεία·
683 813 750 877 ὥς
774 821 873 868 τῶν
901 814 1058 868 ὄίλλων
1087 818 1374 886 λεγομένων,
1412 818 1496 868 καὶ
1524 815 1590 884 μη
1616 814 1795 881 οὐσῶν,
1835 816 1986 885 αὐτῆς
2016 818 2069 871 δὲ
2094 822 2259 887 διττῆς
2282 818 2396 872 ὀνο-

464 901 751 969 μαζομένης.
816 901 934 953 Ἐπὶ
959 899 1049 970 γάρ
1080 908 1185 962 ταῖς
1211 899 1375 962 ὄίλλαις
1408 901 1502 954 οὐκ
1530 900 1690 965 εἶπεν,
1743 900 2051 972 ὀγδοήκοντά
2089 906 2179 957 εἰσι
2216 910 2395 957 παλλα-

463 989 548 1039 καί
579 1007 705 1053 μου,
760 983 879 1038 ἆλλοὶ
919 993 1024 1047 ταῖς
1065 987 1153 1052 μὲν
1191 990 1490 1053 βασιλίσσαις
1530 985 1612 1039 δια
1650 992 1737 1054 τῆς
1768 986 1972 1051 ἐνδόξου
2003 988 2274 1056 ὀνομασίας
2308 987 2397 1057 τὴν

465 1069 740 1137 συνάφειαν
764 1077 850 1138 τῆς
875 1062 1019 1138 τιμῆς
1041 1071 1322 1138 ἀπένειμεν·
1363 1072 1444 1124 ἐπὶ
1467 1071 1519 1123 δὲ
1540 1079 1649 1133 ταῖς
1672 1078 1941 1135 παλλακαῖς
1965 1071 2019 1126 τὸ
2046 1072 2298 1145 ἀλλότριον
2322 1075 2393 1128 τέ-

463 1162 574 1210 λεον
617 1154 918 1224 ἀπεφήνατο.
982 1150 1077 1208 {ssav
1112 1155 1229 1217 τούς
1271 1155 1523 1225 ἀριθμούς
1562 1159 1630 1219 εἰς
1670 1155 1826 1224 ὄνομα
1865 1158 2222 1226 λαμβάνοντες,
2272 1158 2397 1212 κατὰ

464 1240 553 1309 τὴν
584 1240 846 1311 ἀναγωγὴν
889 1248 976 1308 τῆς
1013 1244 1230 1310 θεωρίας
1260 1239 1626 1311 ἐπεργάσασθαι
1654 1244 1704 1295 ἐν
1734 1248 1800 1314 τῷ
1829 1243 1966 1317 τόπῳ
1997 1244 2395 1314 ἀναγκαζόμεθα,

467 1325 551 1379 διά
573 1324 722 1394 τὸμὴ
759 1324 1098 1396 ὑπερβαίνειν,
1150 1325 1226 1379 ὅτι
1255 1333 1700 1396 ψυχρολογοῦντες,
1753 1326 1851 1380 ἄλλ’
1888 1331 1940 1382 έν
1977 1326 2187 1402 ἀληθείᾳ
2220 1328 2399 1400 λόγους

466 1410 549 1464 διά
592 1418 692 1464 τῶν
735 1412 994 1479 ἀληθινῶν
1030 1417 1237 1482 γραφῶν
1281 1419 1390 1473 ταῖς
1428 1410 1690 1479 ἀληθιναῖς
1722 1419 1961 1481 θεωρίαις
1998 1413 2396 1478 ἀντεξετάζοντες.

448 1495 567 1550 ’Ότι
605 1498 693 1564 μὲν
727 1496 819 1567 γοὶρ
858 1499 943 1549 καὶ
982 1494 1011 1550 ὅ
1039 1495 1258 1566 ἀριθμὸς
1300 1499 1630 1567 γεγραμμένος
1667 1496 1992 1569 άπαράβατός
2032 1502 2160 1553 ἐστιν
2192 1499 2398 1568 ἑκάστης

246 2029 333 2065 pag.
354 2018 450 2056 1081.

236 2362 346 2417 Κεφ.
372 2362 424 2407 δ’.

463 1580 778 1646 ὑποθέσεως,
827 1583 910 1635 καὶ
948 1580 1059 1635 οὔτε
1087 1581 1292 1634 δύναται
1325 1581 1380 1635 τὸ
1412 1585 1463 1636 ἒν
1490 1582 1694 1656 ἀριθμῷ
1727 1586 2146 1655 κατατεταγμένον
2171 1584 2328 1639 ἕωλόν
2352 1607 2399 1640 τι

464 1665 613 1732 εἷναι,
668 1666 779 1720 οὔτε
809 1670 878 1728 εἰς
906 1665 1150 1737 άργότητα
1178 1670 1228 1720 ε’ν
1254 1673 1312 1740 τῇ
1352 1675 1520 1742 γραφῇ
1562 1671 1942 1739 ἐπιμετρεῖσθαι.
2018 1674 2302 1724 Βασίλισσαι
2341 1672 2396 1724 δέ

465 1755 586 1805 εἰσιν
627 1755 683 1804 αἱ
719 1750 816 1820 ἤδη
846 1752 1085 1822 πρότερον
1126 1755 1195 1815 εἰς
1221 1757 1534 1824 γενεαλογίαν
1574 1754 1919 1823 ὠνομασμέναι
1951 1758 2120 1823 ψυχαί.
2189 1753 2278 1818 Ὡς
2304 1754 2396 1826 γάρ

467 1842 661 1906 βασιλεῖ
699 1840 991 1891 συνέπονται
1034 1837 1206 1906 πλήθη
1248 1837 1426 1904 πολλοὶ,
1475 1846 1566 1893 τοῦ
1609 1841 1663 1893 δὲ
1702 1842 1939 1908 βασιλέως
1977 1846 2194 1908 κεφαλῆς
2229 1839 2396 1909 οὔσης,

468 1923 627 1995 ὥςπερ
657 1925 738 1977 ἐπὶ
766 1922 993 1991 σώματος
1029 1929 1221 1977 πολλῶν
1251 1930 1404 1990 μελῶν
1437 1923 1619 1990 ὅντων,
1672 1924 1772 1979 ἀπὸ
1802 1931 1891 1993 τῆς
1920 1931 2139 1993 κεφαλῆς
2166 1922 2196 1978 ὅ
2222 1923 2292 1988 εἷς
2316 1925 2397 1978 ὁίν-

474 2018 684 2080 θρωπος
714 2009 1143 2079 ἄριθμηθήσεται,
1198 2008 1356 2071 οὕτως
1387 2008 1485 2064 dud
1516 2016 1605 2064 τοῦ
1641 2009 1753 2072 ἕνὸς
1782 2013 2020 2077 βασιλέως
2055 2009 2109 2065 τὸ
2145 2017 2246 2064 πᾶν
2281 2017 2401 2079 πλῆ-

469 2103 596 2162 θος,
634 2093 688 2149 τὸ
726 2092 826 2147 ind
866 2094 951 2148 τὸν
988 2096 1215 2162 βασιλέα,
1255 2097 1323 2157 εἰς
1359 2097 1447 2148 ἕνα
1484 2094 1933 2167 ἄναλογισθῆσεται.

614 2354 877 2403 Βασίλισσα
909 2354 1077 2404 τοίνυν
1105 2349 1140 2418 ἦ
1163 2350 1302 2421 γενεά
1330 2353 1382 2404 ἐν
1417 2357 1612 2424 Χριστῷ
1639 2353 1886 2419 κέκληται·
1927 2352 1988 2405 οὗ
2017 2358 2106 2420 τῆς
2131 2351 2295 2420 πάσης
2323 2373 2400 2422 γε·

466 2440 583 2497 νεᾶς
614 2435 995 2503 βασιλευσάσης,
1035 2435 1155 2488 ἄλλα
1188 2442 1274 2503 τῆς
1300 2443 1415 2503 μιᾶς
1447 2443 1535 2505 τῆς
1560 2436 1856 2507 ἐπιγνούσης
1878 2436 1967 2491 τόν
1993 2437 2168 2507 κύριον
2198 2435 2260 2491 δι’
2290 2435 2400 2491 ὄνο-

468 2523 647 2586 μασίας
669 2527 760 2573 τοῦ
786 2520 974 2590 ἀνδρὸς
1009 2528 1023 2557 ¹
1042 2523 1172 2573 αἰτία
1199 2520 1253 2574 τό
1286 2521 1539 2588 βασιλικὸν
1565 2522 1758 2589 ἀξίωμα
1789 2525 1872 2576 καὶ
1903 2524 2037 2587 τάξιν
2063 2529 2090 2560 2
2108 2524 2399 2593 φερομένης,

469 2602 537 2666 οἷς
563 2603 671 2658 οἷον
700 2607 875 2671 εἰπεῖν,
907 2604 1070 2672 Ἀδάμ
1096 2608 1180 2658 καὶ
1210 2612 1342 2659 πᾶσα
1371 2607 1528 2660 αὐτοῦ
1556 2606 1712 2677 γενεά,
1751 2612 2006 2677 βασίλισσα
2034 2607 2157 2675 αὕτη
2187 2608 2402 2678 ἀριθμη-

466 2689 701 2757 θήσεται,
756 2689 792 2757 ἤ
833 2711 883 2742 τε
921 2689 1075 2744 αὐτοῦ
1119 2690 1245 2761 ἀρχὴ
1282 2694 1365 2744 καὶ
1398 2690 1432 2760 ἡ
1465 2698 1758 2764 πατριαρχία
1785 2692 2128 2762 βασιλεύσασαι
2158 2691 2276 2760 μετά
2302 2698 2401 2746 τῶν

468 2773 565 2842 μετ’
613 2773 771 2829 αὐτοῦ
811 2774 893 2828 διοὶ
929 2775 1018 2844 τῆν
1049 2776 1174 2846 πρὸς
1198 2776 1284 2829 τὸν
1314 2776 1434 2830 θεὸν
1469 2784 1648 2848 γνῶσιν
1674 2781 1760 2832 καὶ
1793 2778 1857 2846 ἣν
1881 2782 2174 2847 κατηξίωται
2198 2776 2400 2847 πρώτην

466 2858 643 2913 πλάσιν
674 2867 986 2929 πλασθῆναι,
1038 2864 1121 2915 καὶ
1167 2860 1235 2924 ὥς
1262 2862 1524 2930 μετάνοιαν
1565 2869 1763 2933 πρῶτος
1804 2866 2092 2928 ἐνεδείξατο,
2148 2860 2214 2925 ὥς
2244 2865 2338 2930 ἔχει
2367 2860 2402 2931 ἦ

467 2943 757 2999 ἀκολουθία.
832 2944 961 2999 Εἶτα
989 2946 1107 3015 μετά
1142 2953 1319 3000 τοῦτον
1346 2947 1491 3016 Σὴθ,
1541 2950 1625 3001 καὶ
1654 2947 1688 3016 ’ἦ
1713 2954 1846 3001 πᾶσα
1882 2947 1980 3016 μετ’
2016 2949 2172 3001 αὐτοῦ
2198 2947 2396 3016 ἄνθρω-

466 3030 650 3098 πότης,
688 3033 775 3084 καὶ
794 3031 981 3097 Ἐνώς,
1019 3035 1102 3086 καὶ
1129 3039 1343 3097 Καϊνᾶν,
1380 3035 1461 3086 καὶ
1495 3032 1767 3101 Μαλελεήλ,
1805 3035 1889 3087 καὶ
1910 3020 2078 3102 Ἰάρεδ,
2115 3034 2200 3085 καὶ
2225 3030 2397 3101 Ἑνώχ,

466 3118 552 3169 καὶ
581 3117 931 3182 Μαθουσάλα,
971 3120 1053 3171 καὶ
1082 3120 1270 3186 Λαμὲχ,
1310 3120 1395 3171 καὶ
1426 3125 1564 3172 Νῶε·
1601 3118 1788 3172 τούτων
1819 3125 1917 3171 τῶν
1945 3115 2101 3188 άγίων
2127 3123 2226 3170 τῶν
2253 3139 2394 3170 κατα-

466 3200 682 3271 λογάδην
720 3205 772 3256 ἒν
819 3201 1021 3275 άριθμῷ
1063 3202 1188 3256 κατοὶ
1231 3202 1402 3274 γενεάν
1446 3205 1951 3274 καταριθμηθέντων,
2003 3196 2074 3255 οἷν
2113 3200 2142 3255 ὅ
2180 3201 2399 3272 ἆριθμὸς

467 3285 603 3357 παρα
627 3292 884 3361 Ματθαίῳ
913 3291 1171 3342 δείκνυται.
1211 3282 1506 3356 (Ἐξήκοντα
1529 3289 1621 3360 γάρ
1641 3292 1721 3343 καὶ
1749 3288 1840 3341 δύο
1868 3291 2027 3358 γενεαί
2046 3308 2094 3340 τε
2115 3289 2200 3340 καὶ
2226 3309 2397 3358 πατρι·

469 3375 628 3441 αρχίαι
654 3371 767 3443 παρ’
797 3371 930 3446 αὐτῷ
961 3375 1257 3443 ἐμφέρονται
1284 3372 1366 3426 διοὶ
1407 3381 1507 3427 τῶν
1544 3373 1800 3442 ὀνομάτων
1830 3378 1926 3425 τῶν
1953 3374 2285 3442 ἐντελεστέρων
2314 3371 2399 3425 άν-

468 3460 616 3525 δρῶν,
648 3456 773 3525 πρὸς
799 3458 885 3511 τόν
911 3458 1028 3511 θεὸν
1048 3458 1137 3527 τὴν
1163 3465 1343 3528 γνῶσιν
1367 3459 1656 3526 ἐσχηκότων,
1683 3457 1718 3526 ’ἢ
1743 3455 1804 3510 δι’
1828 3458 1996 3525 ἑτέραν
2018 3456 2126 3510 τινα
2148 3455 2397 3527 α’ριστείαν

467 3541 558 3610 τήν
593 3543 849 3611 βασιλικήν
892 3566 942 3596 τε
973 3543 1122 3607 δόξαν
1150 3546 1234 3597 καὶ
1276 3547 1567 3612 ἕμβρίθειαν
1599 3540 1975 3611 μετεσχηκότων·
2037 3540 2105 3595 3ό
2130 3542 2398 3613 κατάλογος

522 3657 561 3698 3.
593 3660 848 3700 scribendum
877 3660 974 3712 τοῦ,
1005 3664 1081 3701 nisi
1110 3663 1241 3712 fallor.
1460 3662 1520 3700 vel
1555 3656 1705 3711 αὐτῆς.

527 3714 623 3753 CAP.
643 3716 711 3753 IV.
743 3739 799 3745 --
860 3719 892 3756 l.
927 3716 1040 3758 αἰτία
1061 3722 1159 3757 recte
1184 3721 1403 3767 suspectum
1516 3716 1554 3755 2.
1585 3713 1822 3769 φερομένης
1848 3716 2067 3755 emendavit
2089 3718 2285 3757 Petavius.
2318 3730 2394 3770 φε-

466 3771 599 3808 habuit
628 3772 838 3821 Petamus,
866 3776 932 3822 qui
964 3776 1007 3813 id
1036 3776 1265 3813 vocabulum
1294 3776 1403 3812 unci-
1460 3770 1629 3824 ρομένου
1660 3773 1753 3810 editi
1793 3783 1879 3811 cum
1912 3773 1994 3810 cod.
2024 3774 2101 3812 Ιειι.
2161 3771 2394 3825 φερομένην

466 3828 527 3865 nis
557 3827 772 3866 damnavit.
822 3831 1102 3880 Corriyendum
1128 3832 1279 3870 videtur
1295 3825 1398 3872 αὐτὸ
1458 3830 1541 3870 cod.
1567 3829 1709 3878 Paris„
1737 3831 1824 3867 teste
1850 3830 2019 3868 Petavio.
2052 3828 2309 3885 φερουμένην
2339 3842 2392 3871 an
