2508 4134
497 258 563 310 82
1212 268 1416 310 SANCTI
1446 270 1731 312 EPIPHANII

497 368 619 431 φίαν
658 369 756 416 τῶν
795 369 1009 416 συνετῶν
1050 361 1210 425 (καθα
1245 365 1533 435 γέγραπται,
1587 372 1704 420 Ποῦ
1734 366 1918 433 σοφὸς,
1970 374 2072 421 ποῦ
2098 369 2424 438 γραμματεύς,

495 455 597 503 ποῦ
625 446 890 515 συζητητής
917 454 1005 502 τοῦ
1031 451 1214 512 αἰῶνος
1238 449 1460 519 τούτους)
1499 453 1717 521 ἐλέγχων,
1757 453 1851 505 οὐκ
1878 455 1933 506 ἐν
1960 457 2113 525 σοφία
2137 453 2305 525 λόγου,
2341 459 2427 509 ἵνα

493 533 559 602 μὴ
593 532 676 586 διὰ
699 532 759 585 τοὶ
788 535 842 586 ἐκ
871 539 1116 604 λογισμῶν
1156 532 1534 609 ὑποπτευόμενα
1562 543 1791 610 κενωθῇ,
1843 540 1994 605 φημὶ,
2034 536 2237 607 εὐσεβὴς
2262 542 2427 595 ἔννοια

490 617 524 686 ἦ
549 620 660 688 περὶ
696 617 883 688 πατρὸς
924 621 1006 672 καὶ
1046 622 1181 673 υἱοῦ·
1233 618 1329 673 ἀλλ’
1356 618 1570 684 ἀπαθῶς
1602 624 1786 692 πατέρα
1823 624 1907 675 καὶ
1934 621 2072 689 υἷὸν,
2125 626 2313 692 πατέρα
2340 626 2447 692 μὲν·

493 706 541 767 ἐξ
570 706 749 757 ἑαυτοῦ
785 704 1107 775 γεγεννηκότα
1145 702 1265 759 ἄνευ
1294 704 1572 776 ἆποῤῥοίας
1595 709 1676 760 καὶ
1712 705 1917 769 πάθους
1944 707 2030 761 τὸν
2055 707 2194 775 υἷὸν,
2231 708 2345 764 υἷὸν
2372 710 2426 764 δὲ

491 788 668 857 ὅμοιον
705 791 790 843 καὶ
817 788 921 843 κατ’
958 789 1131 844 ούσίαν
1158 793 1211 844 έκ
1237 798 1326 845 τοῦ
1357 791 1567 862 πατρὸς,
1616 794 1795 845 τέλειον
1829 794 1884 846 ἐκ
1919 796 2129 860 τελείου,
2180 807 2429 866 μονογενῆ

487 871 797 941 ύποστᾶντα,
859 883 962 937 τοῖς
1009 884 1203 939 πιστοῖς
1253 875 1289 944 ἢ
1339 883 1362 913 ⁶
1383 874 1760 945 ’ὑποπτευόμενα
1808 875 2161 948 ἀσυλλογίστως
2211 880 2422 950 κηρύξει.

495 966 602 1013 Τῶν
627 960 718 1031 γοὶρ
756 960 957 1014 ἀτόπων
994 963 1124 1015 ἐστὶν
1153 964 1207 1015 ἐκ
1239 968 1403 1028 σοφοῦ
1432 969 1558 1016 θεοῦ
1582 967 1768 1029 σοφίαν
1796 961 2129 1031 ύφισταμένην
2159 962 2423 1032 ἀκούοντα,

489 1043 558 1108 οἷς
584 1052 758 1113 σοφῶς
785 1044 887 1100 οἶδε
921 1053 1008 1115 τῆς
1047 1048 1096 1110 ἐξ
1129 1048 1351 1100 7ἑαυτοῦ
1385 1051 1705 1118 γεννηθείσης
1742 1052 1921 1114 σοφίας
1966 1051 2196 1119 γενέσθαι
2241 1050 2421 1120 πατὴρ,

486 1130 657 1194 πάθος
693 1134 879 1185 ἐννοεῖν
904 1134 1018 1202 περὶ
1047 1131 1136 1200 τὴν
1170 1136 1354 1199 σοφίαν
1389 1130 1719 1199 ὑφίστασθαι,
1776 1136 1822 1187 εἰ
1848 1135 2011 1201 μέλλοι
2045 1136 2094 1198 ἐξ
2134 1132 2291 1189 αὐτοῦ
2318 1133 2422 1189 κατ’

487 1217 661 1272 οὐσίαν
699 1214 847 1285 ὁμοία
891 1223 958 1290 τῷ
998 1223 1141 1290 σοφῷ
1178 1215 1212 1285 ἦ
1242 1221 1394 1284 σοφία
1435 1216 1754 1284 ὑφίστασθαι.
1831 1221 1902 1270 Εἰ
1938 1217 2030 1289 γάρ
2061 1219 2181 1287 μήτε
2210 1218 2239 1274 ὁ
2265 1219 2424 1287 σοφός

483 1302 605 1366 θεὸς
653 1305 885 1371 8μεθέξει
919 1308 1124 1369 σοφίας,
1175 1304 1430 1365 συνθέτως
1460 1302 1619 1370 σοφός
1655 1301 1774 1371 ἡμῖν
1811 1311 2016 1356 νοεῖται·
2070 1303 2169 1356 ἀλλ’
2212 1303 2420 1360 ἀσυνθέ-

483 1410 578 1451 τως
604 1386 754 1451 αὐτός
780 1391 878 1442 ἐστι
908 1389 1094 1455 σοφός,
1138 1394 1159 1425 9
1178 1386 1351 1450 οὐσίας
1379 1389 1501 1453 ἐστὶ,
1544 1387 1665 1456 μήτε
1692 1385 1726 1455 ἦ
1751 1392 1905 1455 σοφία
1931 1389 2060 1442 ἐστὶν
2088 1386 2118 1449 ὁ
2137 1388 2274 1455 υἱὸς,
2312 1392 2424 1460 ἑξῆς

482 1482 679 1529 νοεῖται.
746 1472 895 1527 Ἀλλοὶ
920 1471 953 1542 ἡ
986 1477 1138 1539 σοφία
1171 1474 1420 1536 1θούσίας
1448 1474 1577 1526 ἐστὶν
1608 1471 1707 1526 ἀπὸ
1741 1479 1904 1539 σοφοῦ
1934 1472 2120 1539 οὐσίας,
2159 1474 2313 1528 ὅέστι
2340 1495 2422 1529 σο-

483 1565 600 1628 φία,
639 1557 781 1614 ούσία
806 1557 835 1613 ὁ
861 1558 970 1621 υἵὸς
997 1557 1214 1622 ύποστοὶς
1238 1557 1384 1626 ὁμοία
1410 1560 1544 1612 ἔσται
1572 1560 1656 1612 καὶ
1683 1556 1787 1611 κατ’
1824 1558 1998 1612 οὐσίαν
2021 1565 2111 1613 τοῦ
2133 1566 2299 1627 σοφοῦ
2326 1583 2421 1614 πα-

480 1645 616 1719 τρὸς,
657 1643 748 1714 ἀφ’
783 1638 936 1716 οὗπερ
974 1642 1159 1713 ύπέστη
1196 1648 1347 1711 σοφία
1385 1642 1414 1698 ὁ
1451 1642 1577 1707 υἱός.

262 2089 374 2147 Κεφ,
403 2087 450 2142 ζ,
622 2069 716 2125 Au}
755 2074 839 2125 καὶ
883 2070 1079 2134 εἰωθώς
1109 2069 1138 2124 ό
1165 2070 1407 2141 μακάριος
1439 2076 1640 2134 Παῦλος
1678 2077 1840 2133 καλῶς
1874 2069 1935 2124 τοὶ
1961 2069 2206 2142 Ἑβραίων
2244 2094 2417 2128 πεπαι-

477 2158 710 2225 δευμένος
741 2156 842 2211 ἆπὸ
876 2164 967 2211 τοῦ
996 2157 1151 2209 αὐτοῦ
1183 2156 1459 2224 πνεύματος
1483 2163 1573 2210 τοῦ
1603 2159 1655 2210 ἐν
1683 2160 1868 2229 παλαιᾷ
1893 2159 1975 2210 καὶ
2004 2165 2151 2232 καινῇ
2188 2158 2412 2233 διαθήκῃ

473 2242 770 2310 λαλήσαντος
802 2241 888 2305 τοὶς
923 2240 1073 2304 αύτοὶς
1114 2243 1268 2295 ἕλκειν
1305 2244 1518 2307 ἐννοίας,
1572 2242 1730 2312 ῶςπερ
1773 2241 1874 2295 ἀπὸ
1912 2249 2010 2296 τῶν
2051 2242 2143 2297 δύο
2184 2250 2412 2312 ψαλμῶν,

475 2327 577 2381 ἆπὸ
602 2335 691 2381 τοῦ
715 2349 764 2381 τε
792 2330 1042 2398 λέγοντος,
1105 2326 1174 2379 To}
1202 2327 1412 2397 κρίματα
1440 2345 1532 2381 σου
1563 2326 1780 2395 ἄβυσσος
1811 2326 1989 2396 πολλὴ,
2042 2330 2127 2381 καὶ
2166 2328 2267 2382 ἀπό
2304 2336 2411 2395 τοῦ,
2480 2323 2482 2325 ‚

474 2416 550 2467 Ac
568 2417 727 2485 τρίβοι
754 2431 845 2467 σου
883 2415 933 2467 έν
958 2412 1104 2466 ὕδασι
1131 2419 1355 2477 πολλοῖς,
1405 2415 1518 2478 καὶ,
1577 2411 1648 2466 To}
1677 2416 1784 2482 ἴχνη
1812 2433 1904 2467 σου
1932 2411 1994 2466 ού
2021 2413 2412 2483 γνωσθήσονται,

473 2498 561 2553 τόν
591 2501 704 2570 περὶ
735 2498 986 2568 κριματων
1009 2505 1098 2552 τοῦ
1122 2504 1251 2551 θεοῦ
1271 2498 1416 2568 λόγον
1443 2500 1681 2566 μετέβαλε.
1752 2497 1883 2552 Ἀντὶ
1909 2499 1996 2566 μὲν
2021 2505 2139 2564 τοῦ,
2163 2497 2414 2567 ’Ἁβυσσος

475 2583 654 2652 πολλὴ,
693 2583 747 2638 τὸ
764 2628 777 2651 ,
806 2578 873 2636 Ὦ,
900 2584 1064 2652 βάθος
1090 2584 1305 2637 πλούτου
1323 2627 1335 2649 ,
1390 2580 1500 2636 οἷντὶ
1529 2585 1581 2636 δὲ
1609 2590 1725 2650 τοῦ,
1777 2587 1851 2637 Αἵ
1872 2587 2028 2654 τρίβοι
2063 2603 2153 2637 σου
2186 2586 2239 2638 ἐν
2263 2584 2412 2638 ὕδασι

474 2677 697 2735 πολλοῖς,
748 2672 828 2723 καὶ
857 2669 916 2723 τα
945 2673 1051 2738 ἴχνη
1081 2688 1171 2723 σου
1198 2669 1258 2723 οὗ
1288 2668 1691 2739 γνωσθήσονται,
1743 2668 1826 2735 τό,
1857 2668 2267 2737 Ἀνεξιχνίαστον,
2301 2668 2410 2723 ἆντὶ

270 2787 357 2826 pag.
381 2777 457 2814 853.
480 2757 532 2809 δὲ
563 2762 677 2820 τοῦ,
736 2753 807 2809 To}
846 2755 1058 2823 κρίματα
1100 2775 1190 2808 σου
1230 2753 1447 2822 ἄβυσσος
1478 2753 1652 2823 πολλή,
1704 2754 1784 2821 vd,
1830 2753 2199 2823 Ἀνεξερεύνητα
2224 2752 2284 2807 τοὶ
2307 2759 2410 2826 κρί-

473 2840 600 2911 ματα
630 2859 735 2895 σου.
816 2840 960 2894 Οὕτω
988 2843 1070 2894 καὶ
1098 2838 1211 2909 παρ’
1237 2838 1391 2908 αὐτῆς
1431 2846 1519 2907 τῆς
1544 2844 1724 2907 σοφίας
1748 2838 1836 2908 τὴν
1865 2842 1977 2909 περὶ
2007 2841 2184 2907 ἑαυτῆς
2207 2842 2292 2894 καὶ
2319 2847 2408 2894 τοῦ

472 2926 661 2996 πατρὸς
692 2929 777 2981 καὶ
803 2926 892 2995 τὴν
920 2925 1045 2997 πρὸς
1072 2925 1189 2980 τάδε
1218 2925 1454 2996 γενόμενα
1483 2927 1644 2994 σχέσιν
1668 2924 1848 2993 μαθων
1875 2927 1927 2979 έν
1954 2932 2057 2987 τοῖς
2083 2926 2262 2978 ἑαυτοῦ
2289 2923 2408 2994 ἡμῖν

471 3012 561 3081 τὴν
601 3015 715 3083 περὶ
758 3011 986 3082 1πατρὸς
1026 3014 1110 3064 καὶ
1140 3014 1279 3076 υἷοῦ,
1331 3014 1416 3064 καὶ
1457 3017 1552 3064 τῶν
1586 3014 1639 3065 ἐκ
1671 3010 1856 3082 πατρός
1897 3007 1959 3062 δι’
1990 3012 2107 3063 υἷοῦ
2137 3010 2407 3080 γεγονότων

469 3102 758 3169 παρίστησιν
787 3100 991 3151 ἔννοιαν.
1075 3104 1171 3165 Τῆς
1211 3095 1303 3167 γαρ
1333 3101 1529 3163 Σοφίας
1565 3096 1822 3163 εἰπούσης,
1869 3093 1999 3164 Ἐγώ
2034 3092 2064 3162 ἧ
2094 3099 2245 3161 σοφία
2267 3116 2404 3150 κατε-

471 3183 703 3252 σκήνωσα
744 3182 955 3253 βουλὴν,
1007 3185 1091 3236 καὶ
1129 3181 1188 3235 τοὶ
1228 3185 1362 3250 ἑξῆς,
1418 3184 1501 3236 καὶ
1545 3181 1820 3249 μεταβάσης
1860 3183 1929 3242 εἷς
1959 3179 2045 3234 τόν
2075 3179 2137 3234 δι’
2164 3176 2228 3235 οῦ
2257 3182 2406 3253 λόγον

473 3273 653 3339 (εἴρηκε
677 3269 798 3341 γάρ,
852 3268 930 3323 Δι’
956 3271 1078 3337 ἐμοῦ
1116 3271 1351 3336 βασιλεῖς,
1405 3269 1489 3320 καὶ
1518 3266 1600 3332 τό,
1647 3264 1763 3319 Ἐάν
1799 3265 2065 3335 ἆναγγείλω
2102 3264 2221 3336 ύμῖν
2249 3266 2310 3322 τοὶ
2341 3266 2403 3323 δι’

472 3356 593 3422 ἐμοῦ
605 3398 619 3421 ,
658 3355 978 3424 μνημονεύσω
1012 3352 1071 3407 τοὶ
1105 3352 1188 3406 ἀπ’
1219 3355 1399 3415 αἰῶνος
1428 3352 1750 3422 ἀριθμῆσαι),
1787 3353 1870 3403 καὶ
1902 3350 2160 3420 εἰπούσης,
2214 3352 2402 3423 Κύριος

470 3440 626 3493 ἔκτισέ
650 3462 707 3509 με
740 3439 894 3511 ἀρχὴν
919 3438 1051 3495 ὁδῶν
1090 3437 1244 3493 αὐτοῦ
1285 3442 1354 3500 εἷς
1394 3440 1511 3509 ἔργα
1541 3436 1721 3502 αὐτοῦ,
1777 3434 1873 3505 πρό
1904 3442 1994 3490 τοῦ
2021 3439 2202 3500 αἰῶνος
2230 3440 2397 3507 ἐθεμε-

526 3586 565 3629 6.
603 3585 667 3624 Sic
694 3589 853 3627 correxi.
912 3587 1020 3625 Libri
1046 3587 1185 3625 habent
1212 3583 1407 3627 ἐποπτευ-
1519 3581 1557 3624 9.
1591 3583 1776 3631 Suspicor
1811 3576 1934 3623 οὐσία
1962 3579 2074 3631 ἐστι,
2122 3579 2232 3636 μήτε
2258 3580 2295 3625 εἰ
2323 3596 2399 3627 σο-

469 3637 612 3691 ὀμενα.
674 3643 845 3682 Ceterum
886 3654 933 3683 ne
963 3644 1124 3683 haereas
1162 3644 1201 3682 in
1233 3643 1292 3681 his
1322 3653 1409 3682 ver·
1464 3638 1542 3694 φία
1569 3635 1679 3679 ἐστὶν
1709 3633 1731 3679 ὁ
1756 3634 1871 3690 υἱός,
1906 3626 1989 3688 ξ’ξις
2013 3642 2177 3681 νοεῖται.
2235 3640 2398 3681 Ρείαυίο

470 3697 553 3746 bis,
597 3697 753 3737 adverte
777 3701 928 3748 ellipsin
954 3700 1211 3749 comparativi
1241 3699 1406 3752 μᾶλλον.
1460 3696 1611 3747 placuit
1637 3689 1775 3749 οὐσίᾳ,
1807 3690 1918 3736 οὕτω
1939 3690 2051 3748 μήτε
2074 3691 2107 3749 ἦ
2133 3694 2259 3750 σοφία
2284 3693 2396 3739 ἐστὶν

525 3752 563 3795 7.
595 3747 721 3795 αὐτοῦ
752 3751 836 3793 οόἀ.
869 3757 1027 3805 Rhediy.
1466 3748 1489 3796 ὁ
1529 3748 1643 3804 υἱός,
1689 3748 1773 3800 ἕξις
1812 3754 1977 3794 νοεῖται.
2035 3747 2165 3795 Ἀλλὰ
2201 3750 2240 3798 εἰ
2269 3750 2397 3807 σοφία

523 3807 562 3851 8.
595 3806 679 3860 ἔξει
705 3812 978 3861 suspicabatur
1003 3814 1198 3853 Petavius.
1465 3814 1548 3852 cett.
