2508 4134
541 283 764 324 PANARII
794 283 984 323 L13.111.
1016 283 1153 325 ΤΟΜ.
1171 284 1201 323 1.
1229 283 1393 323 HAER.
1419 283 1612 323 LXXVI.
1921 270 2016 321 321

133 381 455 450 Quamobrem
492 389 544 432 ut
576 381 703 431 illius
744 380 928 430 animus
972 379 1225 448 opinioque
1271 381 1389 444 fert,
1443 389 1523 430 aut
1560 379 1703 429 filium
1745 379 1883 429 deum
1914 395 2023 429 esse

132 475 304 535 negat,
358 474 406 516 et
433 464 612 516 nomini
654 463 743 532 ipsi
787 463 1068 514 calumniam
1109 463 1249 525 facit,
1306 464 1413 512 dum
1450 460 1753 515 Christianus
1796 461 2025 531 appellari

130 551 287 619 cupit,
337 557 419 600 aut
451 550 588 600 deum
631 565 740 599 esse
769 548 956 616 quidem
986 547 1128 597 lilium
1174 554 1331 613 putat,
1386 547 1469 596 sed
1499 546 1691 597 minime
1725 564 1924 612 verum,
1975 554 2026 597 ut

130 651 195 685 ex
231 633 333 684 eius
363 632 604 684 sententia
643 632 760 682 deus
802 632 920 682 alius
952 631 1014 682 sit
1047 647 1220 692 veruS,
1279 629 1400 679 alius
1436 648 1529 680 nou
1559 647 1722 680 verus.
1802 628 2024 698 Quapro-

129 726 235 787 pter
258 735 365 770 cum
391 716 594 767 alterum
622 715 758 766 alteri
783 715 1032 777 subiiciat,
1084 723 1132 764 et
1160 712 1376 782 spiritum
1406 722 1622 763 sanctum
1654 715 1701 763 in
1744 714 1916 764 minori
1955 722 2025 763 at-

130 818 220 869 que
251 799 471 851 inferiori
500 800 614 850 sede
641 799 873 863 collocet,
927 815 1127 849 necesse
1160 806 1235 848 est
1263 806 1314 848 ut
1340 804 1423 846 aut
1450 797 1683 846 minorem
1713 796 1855 847 alium
1886 798 2025 847 deum

131 893 423 952 cognoscat,
485 892 595 949 aut,
653 884 693 934 si
732 882 930 934 trinitati
958 899 1255 951 nequaquam
1300 882 1714 932 annumerandum
1755 881 2021 946 existimet,

130 985 328 1037 prorsus
359 985 384 1018 a
413 964 800 1019 Christianorum
848 984 1048 1017 numero
1087 966 1417 1033 segregandus
1450 965 1511 1016 sit
1539 965 1709 1016 infelix
1750 964 2024 1030 homuncio,

130 1061 272 1120 atque
297 1051 354 1102 ad
385 1051 632 1119 gentilium
678 1051 964 1114 factionem,
1022 1050 1098 1102 vel
1129 1047 1517 1100 Sadducaeorum
1563 1066 1759 1117 prorsus
1802 1049 2027 1116 ablegan-

132 1138 238 1188 dus.
317 1134 407 1187 Est
437 1135 563 1186 enim
595 1153 622 1185 a
655 1135 823 1204 spiritu
865 1143 1033 1186 sancto
1081 1133 1248 1184 horum
1289 1133 1444 1184 instar
1483 1133 1687 1184 alienus.
1762 1131 1841 1183 Ab
1874 1133 2028 1200 genti-

130 1220 242 1271 lium
279 1236 397 1271 vero
437 1219 651 1288 partibus
695 1228 895 1271 eatenus
935 1227 1058 1281 stat,
1111 1218 1219 1268 dum
1261 1236 1405 1269 unum
1449 1235 1558 1268 esse
1591 1225 1759 1268 censet
1790 1234 2025 1268 summum

133 1305 303 1368 deum,
361 1304 560 1355 alterum
601 1303 865 1368 minorem,
918 1321 1084 1355 verum
1129 1320 1302 1365 unum,
1358 1302 1560 1373 alterum
1601 1319 1696 1352 non
1729 1318 1927 1367 verum,
1981 1301 2029 1351 id

138 1389 263 1456 quod
295 1386 472 1440 Graeci
501 1389 816 1452 confitentur,
871 1387 949 1456 qui
978 1405 1122 1438 unum
1152 1387 1384 1437 maiorem
1418 1386 1586 1450 deum,
1647 1385 1882 1436 minorum
1912 1402 2029 1452 gen-

132 1473 248 1523 tium
279 1481 470 1524 ceteros
501 1473 758 1542 appellant.
836 1469 935 1523 Sed
965 1460 1185 1522 nimirum
1216 1470 1464 1540 perspicue
1493 1469 1626 1520 illum
1651 1487 1898 1521 sacrarum
1924 1469 2031 1519 lite-

131 1573 292 1607 rarum
332 1556 576 1608 convincit
614 1557 907 1621 auctoritas,
960 1573 1079 1624 quae
1126 1573 1230 1606 cum
1268 1555 1325 1605 de
1362 1563 1496 1623 patre
1540 1554 1828 1622 loquuntur,
1883 1558 2023 1614 Deua,
2058 1570 2238 1648 1.51055m.

130 1641 382 1710 inquiunt,
419 1659 555 1690 verus
581 1652 681 1702 θεῖς
722 1641 866 1691 filium
898 1657 1085 1708 quoque
1111 1639 1272 1690 itidem
1306 1655 1415 1690 esse
1446 1640 1583 1689 deum
1611 1647 1855 1690 asserunt.
1931 1635 2026 1688 Po·
2048 1657 2141 1691 Ihm.
2165 1659 2197 1699 1,
2220 1657 2251 1690 5.

132 1733 312 1776 stremo
340 1743 445 1776 cum
473 1726 531 1776 de
560 1726 731 1794 spiritu
755 1734 921 1776 sancto
953 1724 1240 1792 loquuntur,
1293 1728 1507 1789 spei-itum
1534 1727 1742 1772 veritatis
1767 1722 2026 1791 appellant.
2052 1699 2265 1776 I‘iffl'in'ni’9‘

131 1806 298 1877 Itaque
342 1809 531 1860 trinitas
574 1827 690 1861 vere
731 1808 870 1860 nobis
907 1809 956 1859 in
992 1812 1219 1874 sapientia
1256 1818 1305 1857 et
1335 1812 1602 1857 divitiarum
1630 1810 1877 1857 altitudine
1908 1826 2027 1857 mm-
2043 1784 2281 1871 Riissi'i‘ssa.

134 1897 299 1943 tz'atur.

275 1974 342 2028 ΙΙ.
416 1975 585 2046 Pergit
611 1976 815 2028 Aetius:
869 1981 938 2026 Et
961 1994 990 2026 a
1014 1980 1120 2026 Iesu
1149 1979 1356 2037 Christo,
1412 1976 1592 2045 inquit,
1644 1981 1729 2043 qui
1749 1980 1915 2025 missus
1941 1985 2026 2025 est.

131 2059 241 2112 Nec
282 2061 446 2130 puduit
485 2062 637 2130 ipsum
677 2060 926 2128 unigenito
966 2061 1041 2111 dei
1084 2077 1257 2111 nomen
1300 2060 1584 2123 detrahere,
1639 2077 1778 2128 quem
1820 2061 1946 2110 nudo
1976 2076 2032 2110 ac

135 2145 335 2214 simplici
365 2145 601 2197 vocabulo
642 2146 934 2210 declaravit3
985 2145 1031 2195 id
1061 2145 1183 2213 qnod
1216 2145 1263 2195 in
1299 2143 1629 2213 superioribus
1660 2143 1892 2212 capitibus
1924 2161 2034 2212 pro—

133 2230 290 2281 fessus
317 2238 422 2293 est,
475 2248 582 2280 cum
612 2230 739 2280 illius
776 2231 922 2281 decus
951 2247 1006 2280 ac
1037 2230 1313 2297 dignitatem
1351 2229 1556 2279 nominis
1589 2229 1685 2279 filio
1715 2228 2033 2297 appellatione

138 2314 239 2364 sola
268 2314 527 2365 concessit.
606 2312 825 2364 Eundem
859 2323 1017 2364 tamen
1061 2322 1171 2364 ante
1204 2313 1397 2365 saecula
1428 2313 1768 2364 subsistentem
1799 2312 1949 2363 fuisse
1978 2329 2033 2363 ac

136 2397 326 2465 genitae
357 2415 530 2450 revera
555 2398 854 2449 substantiae
885 2398 1110 2449 extitisse
1145 2406 1328 2449 narrat.
1405 2398 1554 2449 Addit
1583 2398 1784 2462 deinde,
1842 2401 2035 2446 Conser-

135 2483 261 2531 vabz‘t
298 2500 376 2531 vos
407 2483 465 2531 ab
494 2486 738 2546 impietate.
818 2480 953 2534 Solet
1003 2483 1128 2533 enim
1164 2482 1407 2550 flagitiosa
1450 2500 1664 2550 quaeque
1703 2482 1876 2533 mulier
1921 2499 2034 2532 eon-

139 2565 316 2619 vicium
345 2573 656 2617 antevertens
688 2583 848 2617 mores
877 2584 992 2618 suos
1021 2567 1125 2618 aliis
1155 2567 1472 2637 exprobrare.
1549 2565 1633 2619 Sic
1667 2566 1840 2618 Ae'tius
1867 2565 2034 2634 impie-

140 2648 253 2700 tatis
293 2666 409 2700 suae
450 2649 823 2717 magnitudinem
869 2669 964 2701 non
1007 2651 1222 2702 sentiens
1262 2652 1389 2720 pium
1436 2668 1545 2702 esse
1588 2668 1640 2702 se
1670 2668 1727 2702 ac
1756 2650 2033 2719 religiosum

141 2734 435 2798 arbitratur3
488 2742 540 2784 ut
570 2733 647 2801 qui
676 2734 821 2784 animi
853 2734 1020 2785 delirio
1046 2735 1266 2786 laborant
1291 2735 1366 2786 sui
1394 2753 1446 2787 se
1474 2744 1716 2803 compotes
1747 2752 1802 2786 ac
1832 2735 2036 2803 pruden—

142 2827 244 2882 teS‚
286 2827 478 2869 ceteros
503 2827 664 2869 mente
689 2826 851 2886 captos
886 2816 1224 2870 existimant.‘
1260 2817 1390 2870 Idem
1417 2837 1563 2888 porro
1590 2838 1725 2884 cum,
1764 2823 1820 2868 In
1852 2821 2035 2867 Chr-isto

137 2906 270 2963 Iesu,
325 2901 558 2966 dixisset,
611 2905 839 2951 dominum
878 2912 1083 2952 nostrum
1131 2902 1339 2954 adiicere
1371 2921 1467 2954 non
1506 2913 1785 2967 estausuS,
1839 2902 1921 2952 sed
1958 2917 2036 2950 ca-

139 2988 377 3050 villando,
433 2990 678 3036 Salvatore
704 2996 863 3035 nostro
890 2986 1029 3036 dixit.
1104 2990 1194 3036 Per
1236 3006 1365 3053 quem
1402 2991 1562 3052 gloria
1606 2991 1751 3037 omnis
1781 2989 1937 3051 patri,
1991 2993 2038 3033 et

145 3090 295 3132 nune,
350 3081 400 3120 et
422 3089 626 3136 semper,
669 3074 715 3120 in
747 3073 933 3119 saecula
961 3074 1277 3130 saeculorum,
1318 3076 1486 3121 Amen.
1563 3070 1657 3123 Ubi
1688 3071 1842 3138 quod,
1884 3072 2038 3118 Omnis

138 3159 328 3221 gloria,
383 3155 602 3223 scripsit,
654 3155 700 3205 id
730 3171 787 3205 eo
818 3153 1019 3205 consilio
1048 3154 1189 3217 fecit,
1246 3163 1295 3205 ut
1327 3155 1385 3205 ab
1416 3172 1474 3206 eo
1507 3156 1690 3206 honore
1720 3172 1776 3205 ac
1805 3152 1958 3221 gloria
1985 3152 2036 3202 fi-

146 3240 258 3292 lium
303 3240 605 3291 excluderet.
682 3236 823 3305 Quod
862 3238 1047 3306 quidem
1088 3254 1228 3288 nemo
1274 3238 1381 3307 pius
1415 3257 1470 3290 ac
1503 3256 1668 3291 veram
1704 3239 1841 3289 fidem
1885 3236 2036 3288 sancti

148 3324 346 3394 spiritus
382 3324 616 3376 beneficio
655 3331 943 3373 consecutus
981 3322 1214 3373 admittet.

286 3410 365 3459 111.
443 3407 574 3459 Haec
598 3407 829 3459 adversus
859 3405 991 3457 Aetii
1020 3406 1239 3473 dogmata
1269 3406 1551 3474 disputanda
1582 3405 1872 3474 putavimuS‚
1916 3421 2037 3473 quae

146 3493 226 3543 ille
256 3492 505 3543 dialectica
544 3492 766 3543 facultate
798 3499 847 3540 et
873 3489 1237 3557 argumentandi
1265 3489 1527 3539 subtilitate
1558 3489 1871 3557 humanisque
1903 3506 2039 3558 prae-

110 3592 112 3594 ·
148 3576 305 3645 stigiis
344 3577 496 3628 fretus
539 3576 771 3645 capitibus
811 3583 994 3643 septem
1030 3590 1087 3624 ac
1125 3573 1322 3641 triginta
1360 3572 1604 3624 disseruit.
1681 3571 1756 3624 Ea
1785 3590 1903 3625 vero
1933 3590 2039 3623 cum

211 3714 273 3758 13.
308 3712 376 3759 niet
398 3714 470 3758 καὶ
500 3714 559 3763 εἰς
584 3717 696 3756 codd.
722 3727 811 3755 mss.
825 3745 838 3766 ,
869 3717 925 3755 uti
948 3725 1068 3764 supra
1183 3709 1245 3753 14.
1277 3714 1383 3753 Libri
1409 3715 1523 3764 vulgo
1551 3710 1747 3767 περιάροι.

149 3784 241 3823 pay.
261 3771 354 3813 930.
415 3766 485 3813 ἀεὶ
514 3770 574 3818 εἰς
602 3774 707 3811 editi.

237 3840 381 3884 corpus
402 3838 620 3873 Haereseol.
638 3835 685 3872 11.
704 3838 738 3872 3.
1643 3842 1704 3892 21
