2508 4134
558 280 782 322 PANAnn
812 281 917 321 Lm.
936 281 1009 320 ιιι.
1038 281 1226 322 ToM.1.
1259 281 1423 322 ΗΑΕΒ.
1444 282 1639 322 Lxxm.
1951 268 2048 319 133

149 380 358 451 pientiae
395 396 568 431 nomen
600 378 754 448 ipsum
793 378 850 429 ad
889 394 1078 428 omnem
1116 377 1353 446 passionis
1392 379 1736 430 excludendam
1776 377 2049 447 opinionem

148 465 336 517 sufficss.

288 546 469 599 Verum
503 565 596 616 quo
623 545 814 598 tandem
850 545 1063 614 rapimur
1091 543 1195 594 eius
1228 544 1306 612 qui
1339 545 1401 594 ita
1433 545 1624 613 scripsit
1658 546 1823 609 obliti,
1877 548 1915 594 0
1940 547 2050 594 alti·
2133 544 2230 596 cap,

148 637 255 683 tudo
292 636 581 692 divitiarum,
635 633 888 696 sapientiae
926 639 973 678 et
998 631 1219 678 scientiae
1243 631 1345 676 dei.-
1401 647 1534 694 quam
1573 601 2159 695 incomprehensibiliastffffi
2168 602 2301 699 ξιὶῐέῃ,

145 727 256 767 sunt
293 720 464 766 iudicia
502 719 625 776 eius,
680 724 730 764 et
769 714 1111 777 investigabiles
1149 715 1251 760 viae
1291 715 1389 760 eius
1406 717 1430 760 ?
1500 710 1608 762 Nos
1641 713 1763 762 enini
1805 713 2049 762 doctorem

147 800 375 851 habemus
429 799 645 850 veritatis
697 797 942 867 spiritum3
1009 812 1147 864 quem
1204 795 1342 845 nobis
1397 803 1706 863 posteaquam
1762 796 1809 845 in
1862 785 2046 847 coelum

146 884 363 935 ascendit
401 883 601 950 largitus
646 891 722 933 est
761 881 1008 931 dominus:
1068 883 1125 930 Ut
1165 882 1397 928 videamus
1424 896 1541 944 quae
1568 896 1597 927 a
1626 882 1709 927 deo
1739 883 1908 928 donata
1938 889 2051 930 sunt
2064 894 2094 929 1.
2107 894 2236 939 eone,
2249 893 2300 929 12.

143 970 302 1018 nobis.-
355 971 402 1016 in
432 985 520 1032 quo
549 976 596 1016 et
620 969 875 1032 loquimur,
929 983 1020 1014 non
1058 968 1105 1013 in
1144 966 1316 1012 edoctis
1347 965 1573 1012 humanae
1598 966 1850 1027 sapientiae
1879 965 2046 1024 verbis,

142 1055 225 1102 sed
246 1069 275 1101 a
304 1053 549 1116 disciplina
591 1054 786 1116 spiritus
817 1053 1044 1115 acceptis,
1097 1048 1389 1113 spiritalibus
1431 1049 1667 1112 spiritalia
1708 1057 2045 1111 comparantes,

143 1139 190 1186 in
233 1154 322 1201 quo
366 1137 558 1184 colimus
597 1144 646 1184 et
670 1137 946 1195 adoramus5
1001 1132 1136 1183 cuius
1168 1131 1321 1198 gratia
1350 1130 1619 1198 ignominia
1652 1130 1909 1193 afficimur,
1968 1147 2051 1197 per

143 1237 282 1288 quen]
327 1218 587 1288 prophetae
625 1217 869 1270 vathfinafi
909 1225 1049 1280 sunt,
1108 1233 1135 1266 a
1176 1232 1270 1283 quo
1304 1214 1415 1266 iusfi
1448 1213 1665 1264 honunes
1695 1230 1780 1282 per
1813 1213 1935 1264 vhnn
1970 1214 2052 1264 de-

143 1304 268 1354 ducti
294 1312 434 1368 sunt,
489 1319 574 1371 per
611 1320 749 1371 quem
781 1302 1094 1352 conciliamur
1125 1299 1240 1350 lilio.
1319 1297 1444 1366 Quid
1472 1298 1644 1349 attinet
1672 1297 1819 1365 igitur
1846 1296 1895 1347 in
1925 1297 2051 1348 illius

143 1396 360 1438 naturam
389 1387 667 1455 inquirere?
740 1384 920 1436 Nonne
950 1385 1071 1454 apud
1101 1400 1190 1435 vos
1219 1383 1290 1434 sic
1335 1392 1561 1450 tanquam
1593 1382 1835 1451 spiritales
1867 1399 2051 1451 serma-

142 1489 252 1523 nem
286 1471 612 1522 instituimus?
682 1469 809 1521 Nam
840 1470 897 1520 ad
925 1470 1046 1520 alios
1072 1469 1163 1519 ista
1192 1467 1465 1536 pertinent:
1522 1470 1744 1530 Quoniam
1768 1485 1859 1516 non
1882 1485 2048 1532 possa·
2068 1474 2190 1511 1.cor.
2212 1475 2247 1520 3,
2270 1475 2302 1512 1.

142 1574 241 1606 mus
278 1557 404 1604 vobis
445 1558 575 1621 loqui
601 1565 817 1620 tanquam
854 1554 1173 1619 spiritalibus,
1232 1555 1314 1602 sed
1349 1562 1564 1618 tanquam
1595 1553 1881 1600 carnalibus.
1959 1549 2053 1601 Est

139 1640 253 1691 illud
296 1656 415 1690 vero
456 1640 792 1702 metuendum,
851 1655 909 1688 ne
951 1655 1017 1688 ex
1049 1654 1213 1688 earum
1252 1653 1414 1687 rerum
1441 1653 1563 1704 quae
1594 1634 1935 1704 comprehendi
1967 1652 2050 1685 ne-

141 1732 320 1792 queunt
347 1722 601 1773 ambitioso
631 1722 789 1774 studio
808 1761 822 1786 ,
877 1731 925 1773 et
952 1739 1117 1772 eorum
1150 1737 1272 1788 quae
1303 1719 1589 1787 investigari
1621 1737 1714 1770 non
1742 1728 1947 1788 possunt
1977 1719 2048 1769 in-

140 1806 398 1876 quisitione
437 1807 485 1857 in
526 1806 806 1857 altissimam
843 1805 1100 1874 impietatis
1143 1804 1423 1871 voraginem
1467 1803 1755 1856 incidamus,
1829 1807 1896 1854 Et
1922 1807 2040 1864 delmi,
2070 1812 2279 1859 Eccl.⁷‚²4.

139 1895 335 1957 Sapiens
359 1909 438 1941 ero
453 1929 467 1952 ‚
522 1901 571 1941 et
609 1895 709 1957 ipsa
750 1893 935 1955 longius
967 1908 995 1939 a
1024 1908 1094 1939 me
1129 1893 1322 1939 recessit
1350 1906 1484 1954 quam
1513 1898 1643 1949 erat,·
1700 1898 1749 1938 ct
1775 1891 2049 1938 altissimum

139 1985 209 2026 est
230 1977 544 2042 profundum.-
584 1979 687 2042 quis
711 1978 911 2025 inveniet
936 1977 1070 2023 illud.
1148 1971 1517 2024 Meminerimus
1553 1972 1676 2023 enim
1710 1971 1814 2024 eius
1844 1973 1922 2040 qui
1957 1973 2048 2023 ista

141 2060 290 2112 dixit:
342 2064 422 2111 Ex
444 2070 582 2125 parte
606 2063 948 2125 cognoscimus,
1004 2068 1052 2107 et
1074 2077 1134 2107 ea·
1157 2067 1296 2123 parte
1331 2061 1676 2123 prophetamus.
1758 2060 1870 2107 Cum
1896 2067 2047 2106 autem
2061 2066 2182 2101 inor.
2199 2067 2253 2110 13,
2266 2069 2301 2125 9.

140 2148 319 2195 venerit
346 2148 472 2211 quod
497 2140 755 2210 perfectum
786 2154 880 2204 est,
921 2144 1221 2192 evacuabitur
1244 2145 1368 2208 quod
1395 2161 1455 2191 ca·
1471 2152 1611 2207 parte
1637 2151 1735 2190 est:
1785 2145 1832 2191 si
1853 2146 1956 2207 quis
1980 2145 2047 2191 vi-
2063 2111 2093 2146 1.
2107 2110 2191 2146 ευτ’
2211 2111 2244 2155 δ’
2267 2111 2298 2146 ι’

140 2234 276 2280 detur
298 2233 447 2289 scire,
488 2232 688 2279 nondum
711 2232 838 2278 novit
860 2230 1233 2294 quemadmodum
1263 2236 1476 2292 oporteat
1498 2229 1637 2275 scire.
1718 2223 2047 2293 Quamobrem

140 2314 405 2366 verendum
444 2312 583 2364 nobis
627 2321 702 2364 est
744 2330 833 2376 ne,
889 2313 998 2363 dum
1043 2313 1100 2362 de
1146 2312 1219 2388 bis
1262 2328 1384 2379 quae
1413 2312 1605 2379 assequi
1639 2330 1734 2362 non
1770 2327 2044 2378 possumuS,

142 2416 234 2467 quo
272 2397 378 2448 iure
418 2414 604 2465 quaque
647 2397 822 2448 iniuria
848 2397 1091 2465 disputare
1122 2396 1373 2457 volutum,
1427 2412 1488 2445 ne
1517 2396 1574 2446 de
1606 2395 1677 2446 his
1711 2395 1898 2463 quidem
1927 2411 2048 2462 quae

141 2481 381 2550 attingere
423 2498 677 2549 possumus
731 2481 998 2550 disputandi
1042 2480 1243 2531 facultas
1287 2480 1604 2547 relinquatur.
1689 2478 1817 2530 Nam
1861 2495 1926 2528 ex
1958 2478 2048 2528 fide

140 2566 301 2634 loqui,
343 2583 438 2616 non
472 2582 536 2616 ex
572 2564 644 2616 bis
676 2582 798 2632 quae
832 2565 1062 2634 quispiam
1111 2563 1350 2632 loquitur,
1408 2565 1546 2614 fldem
1592 2563 1819 2614 adhibere
1871 2579 2050 2614 conve-

142 2651 242 2702 nit:
286 2653 477 2700 Credidi
506 2653 650 2709 enim,
693 2649 874 2716 inquit,
924 2659 1117 2714 propter
1145 2652 1268 2714 quod
1295 2658 1340 2697 et
1371 2651 1551 2697 locutus
1576 2667 1693 2697 sum.
1774 2645 1939 2714 Quare
1965 2646 2043 2715 qui
2089 2658 2236 2735 lligalffi·

142 2736 200 2786 de
226 2734 417 2804 propria
451 2732 765 2801 generatione
800 2731 919 2782 certi
946 2733 1061 2783 nihil
1089 2733 1324 2783 affirmare
1354 2750 1629 2801 possumuS,
1654 2750 1757 2783 cum
1792 2731 1867 2782 dei
1898 2747 2045 2798 gene-
2152 2727 2163 2745 ’
2230 2726 2239 2735 ’

139 2818 374 2870 rationem
400 2817 591 2868 curiose
632 2824 1015 2884 perscrutamur,
1071 2825 1119 2867 et
1150 2816 1403 2867 ambitiose
1435 2817 1680 2885 explicare
1711 2816 1789 2866 illa
1824 2815 2046 2884 aggredi-

141 2921 266 2968 mur,
307 2919 469 2953 nonne
498 2901 758 2951 timendum
790 2909 864 2950 est
890 2917 948 2950 ne
975 2900 1068 2964 his,
1110 2899 1189 2968 qui
1215 2919 1310 2951 non
1335 2901 1614 2969 disciplinae
1647 2902 1787 2951 modo
1811 2899 2042 2966 linguam,

142 2987 227 3039 sed
254 2995 301 3037 et
330 2984 699 3055 opportunitatis
727 2984 784 3035 ad
831 2984 1080 3034 dicendum
1122 2984 1373 3035 scientiam
1414 2986 1632 3048 confert,
1671 2993 1882 3035 nostram
1919 2983 2045 3033 illam

143 3072 201 3122 ad
243 3070 491 3122 dicendum
535 3069 841 3139 praecipitem
885 3067 1131 3119 audaciam
1171 3069 1363 3119 silentio
1406 3069 1629 3119 damnet?
1713 3066 1854 3134 Quod
1897 3066 2037 3116 beato
2082 3078 2171 3114 Luc.
2194 3080 2225 3114 1.

142 3156 209 3206 illi
252 3153 517 3205 Zachariae
560 3153 780 3221 contigit.
856 3150 952 3219 Qui
989 3152 1177 3219 quidem
1220 3152 1302 3203 filii
1343 3153 1642 3203 nativitatem
1680 3150 1915 3201 nuntianti
1953 3150 2045 3201 sibi

144 3239 316 3307 angelo
346 3238 539 3289 minime
571 3239 795 3301 credenS,
836 3254 891 3287 ac
920 3236 995 3286 dei
1024 3236 1224 3303 gratiam
1253 3245 1302 3287 et
1327 3237 1551 3287 virtutem
1579 3236 1813 3287 humanae
1842 3234 2044 3285 rationis

144 3322 399 3374 momentis
430 3339 485 3373 ac
513 3322 803 3391 ponderibus
831 3320 1122 3382 aestimans,
1163 3337 1421 3388 secumque
1451 3321 1552 3388 ipse
1583 3319 1833 3383 dubitanS,
1875 3320 2044 3387 ecquid

144 3416 314 3458 natura
343 3414 606 3475 pateretur,
647 3415 698 3457 ut
727 3406 864 3456 senio
898 3405 1147 3454 confectus
1177 3421 1240 3455 ex
1271 3422 1366 3455 anu
1397 3404 1576 3454 liberos
1605 3403 1891 3470 susciperet,
1933 3403 2043 3471 quid

146 3491 332 3542 demum
362 3489 633 3557 eloquitur?
707 3493 955 3553 Quomodo,
996 3488 1178 3555 inquit,
1204 3490 1320 3554 sore
1347 3492 1436 3537 ista
1466 3493 1775 3551 cognoscam?
1810 3506 1895 3552 ego
1924 3492 2042 3537 enim

144 3593 244 3624 sum
269 3593 427 3634 senex,
469 3584 518 3623 ct
540 3593 660 3624 uxor
685 3592 783 3623 mea
803 3576 1036 3638 processit
1059 3576 1106 3620 in
1135 3573 1295 3621 diebus
1321 3576 1435 3620 suis.
1513 3570 1650 3623 Unde
1679 3571 1838 3622 statim
1872 3572 2038 3637 audiit,

145 3663 267 3708 Ecce
293 3663 385 3708 eris
413 3668 568 3708 tacens
595 3669 641 3707 et
668 3677 758 3707 non
778 3661 956 3722 poteris
985 3660 1125 3721 loqui.
1203 3653 1269 3705 Et
1308 3673 1402 3705 non
1443 3663 1630 3724 poterat
1670 3656 1798 3725 loqui
1832 3674 1938 3707 cum
1965 3674 2041 3711 cs-

148 3750 221 3793 set
260 3759 504 3808 egressus.
