2508 4134
434 240 536 293 382
1146 249 1348 292 εΑΝοΤι
1378 250 1660 292 EPJPHANH

432 369 529 412 νει,
579 345 761 417 λάρυγξ
789 347 841 399 δὲ
870 353 981 399 σῖτα
1011 344 1226 416 γεύεται,
1277 346 1659 417 καὶ,ὄφθαλμός
1684 355 1937 413 κατανοεῖ,
1986 347 2069 400 καὶ
2099 351 2218 409 νοῦς
2242 343 2354 419 ἆρᾷ.

415 431 626 498 ’Όρασις
663 435 832 485 τοίνυν
863 433 947 484 καὶ
976 438 1139 501 γεῦσις
1168 434 1249 485 καὶ
1279 431 1522 505 διάκρισις
1565 431 1594 487 ὅ
1622 439 1744 495 νοῦς
1782 436 1834 487 ἐν
1857 431 1977 502 ἡμῖν
2018 430 2250 502 ὑπάρχει,
2303 433 2359 485 ἐκ

433 522 561 570 θεοῦ
587 514 707 584 ἦμῖν
730 519 1099 585 κεχαρισμένος,
1138 516 1278 570 οὔπω
1314 519 1366 571 δὲ
1393 518 1810 588 συγκαταθετικὸς
1837 525 1936 572 τῶν
1961 517 2040 571 ἀεὶ
2069 518 2358 588 γινομένων,

434 601 522 656 ἐάν
551 601 619 670 μή
646 604 771 676 θέλῃ
802 600 831 656 ὁ
858 601 1144 672 ἅνθρωπος.
1214 601 1278 655 Ἠ
1298 604 1351 657 δὲ
1384 603 1502 673 σάρξ
1529 603 1607 656 ἀεὶ
1639 606 1690 657 ἐν
1717 603 1852 678 πάσῃ
1879 610 2049 677 γραφῇ
2079 599 2358 672 ἀποκηρύτ-

430 709 559 741 τεται
595 686 678 741 διά
716 686 806 755 τὴν
846 689 897 741 ἐν
939 686 1063 762 αὐτῇ
1101 690 1365 758 γινομένην
1405 692 1691 757 ἐπιθυμίαν.
1771 688 1845 742 Οὐ
1884 688 2081 751 πάντως
2117 688 2171 740 δὲ
2207 685 2363 754 αὐτὴν

369 827 375 831 ⁴
430 771 519 840 τὴν
549 772 706 841 σάρκα
737 771 1091 844 ἀποκηρύττει,
1145 772 1262 827 ἀλλά
1289 773 1348 827 τά
1378 777 1427 838 ἐξ
1457 773 1611 841 αὐτῆς
1637 773 1868 843 γινόμενα
1897 772 2201 844 ἀπεκήρυξεν
2228 769 2257 825 δ
2283 770 2360 824 λό-

432 880 545 929 γος,
585 857 652 921 ῶς
682 861 780 926 ἔφη
810 857 839 913 ὁ
868 858 1167 927 ἀπόστολος,
1213 857 1340 913 Οἶδα
1368 858 1461 930 γάρ
1492 858 1569 913 ὅτι
1594 857 1687 912 οὐκ
1714 862 1843 912 οἰκεῖ
1865 862 1916 913 ἐν
1946 861 2080 927 ἐμοὶ,
2117 859 2363 913 τουτέστιν

433 945 486 996 ἐν
518 950 578 1017 τῇ
610 948 754 1015 σαρκί
781 967 903 1012 μου,
956 944 1177 1015 ἀγαθὸν,
1233 944 1315 998 διά
1350 943 1411 997 vc}
1453 947 1506 998 ἐκ
1534 951 1620 1013 τῆς
1646 943 1831 1016 σαρκός
1873 943 2194 1013 ἐπιφυόμενα.
2251 941 2364 995 Ἵνα

434 1030 486 1082 δὲ
516 1029 889 1100 ἀποκρούσηται
929 1036 1030 1083 τῶν
1073 1031 1307 1100 αἱρέσεων
1345 1027 1436 1097 τήν
1474 1030 1724 1095 διάνοιαν,
1779 1028 1847 1098 μή
1879 1051 1987 1092 πως
2012 1032 2249 1097 νομίσωσι
2274 1026 2364 1096 τὴν

432 1113 591 1184 σάρκα
619 1112 717 1170 ἀπὸ
744 1122 833 1184 τῆς
861 1121 959 1169 τῶν
989 1122 1179 1187 νεκρῶν
1204 1115 1519 1178 ἀναστάσεως
1552 1122 1579 1153 4
1597 1115 1936 1183 ἀπηλπίσθαι,
1987 1116 2136 1185 λέγει,
2189 1120 2285 1168 Δεῖ
2306 1111 2361 1166 τὸ

434 1199 669 1271 φθαρτόν
695 1208 841 1255 τοῦτο
871 1200 1175 1254 ἐνδύσασθαι
1205 1199 1522 1271 ἀφθαρσίαν,
1561 1202 1645 1254 καὶ
1680 1199 1734 1254 vd
1762 1198 1954 1268 θνητὸν
1982 1206 2127 1254 τοῦτο
2163 1197 2365 1253 ἐνδύσα-

434 1295 556 1340 σθαι
585 1286 890 1352 ἀθανασίαν,
939 1289 1023 1339 ἵνα
1062 1285 1131 1355 μὴ
1162 1287 1511 1357 παρεκβάλλων
1537 1285 1596 1339 τά
1622 1288 1738 1357 ἔργα
1770 1292 1860 1354 τῆς
1888 1283 2096 1357 σαρκός,
2148 1284 2181 1338 ἃ
2207 1282 2367 1355 σάρκα

436 1375 615 1426 εἴωθεν
641 1370 676 1440 ἦ
703 1371 873 1443 γραφη
912 1378 1105 1438 καλεῖν,
1157 1375 1416 1439 νομισθείη
1458 1371 1547 1440 τήν
1590 1374 1760 1425 ἐλπίδα
1800 1377 1888 1440 τῆς
1922 1368 2233 1432 ἀναστάσεως
2277 1375 2366 1437 τῆς

436 1455 618 1528 σαρκός
654 1457 1021 1528 παρεκβάλλειν.
1105 1455 1176 1511 Τά
1210 1455 1300 1527 γάρ
1340 1459 1457 1528 ἔργα
1484 1455 1543 1510 τά
1576 1460 1629 1511 ἐν
1659 1454 1785 1531 αὐτῇ
1820 1455 2051 1527 γινόμενα
2080 1462 2246 1524 φαῦλα
2282 1472 2363 1508 σα·

436 1550 547 1609 φῶς
573 1543 906 1614 ἀπεκήρυξεν,
961 1542 1117 1611 αὐτὴν
1158 1541 1327 1611 δὲτὴν
1367 1542 1525 1614 σάρκα
1566 1543 1709 1614 ἅγιον
1736 1541 1859 1597 ναὸν
1899 1544 2163 1609 ἐπέδειξεν,
2218 1542 2270 1594 ἐν
2299 1544 2366 1612 τῷ

436 1626 688 1699 ἆγιάσαντι
715 1628 874 1683 αὐτοῦ
912 1628 1000 1697 τὴν
1037 1627 1222 1700 σάρκα,
1275 1627 1399 1682 κατά
1427 1628 1481 1683 τὸ
1513 1630 1847 1700 γεγραμμένον
1880 1627 1983 1694 ὅτι,
2039 1629 2286 1698 Θρησκεία
2315 1625 2368 1678 δὲ

434 1713 637 1785 καθαρά
663 1721 731 1788 τῷ
755 1720 859 1786 θεῷ
895 1717 980 1768 καὶ
1017 1717 1163 1786 πατρὶ
1201 1714 1325 1783 αῦτη
1358 1716 1516 1780 ἐστὶν,
1567 1716 1950 1769 ἐπισκέπτεσθαι
1992 1711 2245 1786 ὄρφανοῦς
2283 1712 2371 1766 καὶ

435 1802 587 1871 χήρας
618 1802 670 1853 ἐν
699 1805 758 1873 τῇ
793 1803 966 1868 θλίψει
999 1798 1181 1865 αὐτῶν,
1239 1799 1444 1854 ἄσπιλον
1488 1799 1664 1854 ἔαυτόν
1693 1808 1859 1871 τηρεῖν
1897 1799 1998 1854 ἀπὸ
2043 1805 2132 1853 τοῦ
2160 1797 2367 1866 κόσμου.

439 1888 539 1939 Καὶ
570 1884 713 1958 ἄλλῳ,
755 1884 1053 1957 ὅΜακάριοι
1084 1889 1135 1940 οἱ
1159 1884 1317 1956 άγνήν
1346 1884 1435 1954 τὴν
1463 1884 1623 1957 σάρκα
1648 1886 1956 1957 τηρήσαντες.
2034 1882 2281 1945 Πολλάκις
2316 1882 2370 1936 δὲ

436 1970 541 2026 κατ’
568 1972 724 2040 αὐτῆς
751 1972 956 2041 λέγουσα
982 1969 1014 2040 ἦ
1039 1969 1210 2043 γραφὴ
1242 1974 1461 2035 ἐδίδαξεν
1494 1969 1627 2040 ἡμᾶς
1661 1971 1748 2034 τάς
1778 1974 2050 2039 ἐπιθυμίας
2073 1971 2159 2024 καὶ
2186 1965 2370 2037 ἡδονάς

440 2061 488 2122 ἐξ
520 2056 672 2126 αὐτῆς
700 2055 997 2125 βλαστάνειν.
1076 2055 1216 2110 Κατά
1244 2057 1297 2110 δὲ
1324 2063 1412 2110 τοῦ
1437 2062 1529 2111 νοῦ
1554 2056 1701 2110 οὐδὲν
1728 2059 1964 2127 ἐξηγεῖται
1994 2054 2028 2124 ἡ
2055 2053 2251 2126 γραφὴ,
2289 2050 2368 2105 ἀλ-

436 2143 520 2211 λά,
580 2150 730 2197 Ψαλῶ
767 2149 837 2216 τῷ
876 2147 983 2209 νοῒ,
1035 2149 1179 2211 ψαλῶ
1212 2148 1280 2215 τῷ
1308 2140 1578 2210 πνεύματι,
1626 2144 1736 2208 καὶ,
1787 2141 1902 2195 Ἐἀν
1944 2146 2092 2209 ψαλῶ
2127 2138 2272 2192 πάλιν
2303 2142 2371 2211 τῷ

441 2229 704 2298 πνεύματι,
759 2227 790 2283 ὅ
820 2229 872 2282 δὲ
901 2234 1018 2290 νοῦς
1048 2250 1147 2297 μου
1175 2226 1399 2297 ἄκαρπός
1435 2229 1548 2282 ἐστι.
1623 2229 1723 2280 Καὶ
1755 2225 1875 2301 ὁρᾷς
1909 2227 1983 2282 ὅτι
2012 2229 2067 2280 ἐν
2095 2225 2229 2297 αὐτῷ
2255 2245 2371 2294 καρ-

440 2315 564 2381 πὸς,
605 2318 656 2369 ἐν
680 2321 746 2388 τῷ
771 2321 856 2388 νῷ.
933 2312 1043 2366 Κάν
1069 2335 1118 2366 τε
1146 2312 1212 2381 μή
1240 2307 1274 2386 ᾖ
1303 2310 1519 2383 καρπός,
1575 2313 1634 2367 οὐ
1662 2311 1862 2376 πάντως
1899 2311 1987 2367 τὸν
2023 2317 2146 2366 νοῦν
2185 2309 2370 2363 κατέλε·

441 2404 520 2465 ξεν
557 2403 609 2455 ἐν
646 2398 927 2472 ἁμαρτίαις,
966 2397 1084 2451 ἀλλά
1122 2396 1183 2452 δι’
1222 2396 1376 2452 αὐτοῦ
1414 2404 1594 2467 μᾶλλον
1630 2396 1716 2453 τὸν
1752 2397 1948 2471 καρπὸν
1984 2394 2292 2465 ἀπεφήνατο.

209 2751 415 2841 {ig-1⁰²2
603 2746 659 2796 Τί
685 2742 738 2796 δὲ
770 2749 787 2781 ¹
809 2748 951 2796 τοῦτο
987 2739 1114 2810 πρὸς
1146 2741 1235 2810 τήν
1263 2747 1352 2795 τοῦ
1386 2745 1562 2812 κυρίου
1602 2740 1742 2810 ἦμῶν
1779 2740 1990 2808 δύναμιν
2018 2746 2105 2808 τῆς
2136 2736 2376 2805 θεότητος

257 2812 324 2853 αρ’
348 2799 430 2840 κδ’
452 2827 712 2897 ἐνσκήψεις
763 2833 809 2882 τί
835 2829 888 2882 δὲ
911 2826 1174 2898 η’μαύρωσε
1203 2826 1293 2896 τήν
1321 2825 1474 2881 αὐτοῦ
1503 2827 1715 2896 δύναμιν
1741 2834 1830 2895 τῆς
1862 2823 2003 2896 ἀγίας
2031 2821 2264 2896 γυναικός
2292 2843 2376 2893 γα-

445 2913 593 2986 στὴρ,
633 2913 791 2984 μήτρα
824 2915 1104 2982 παρθένου,
1147 2918 1404 2966 2τοκετῶν
1438 2912 1614 2984 πόροι,
1653 2911 1862 2983 ἀγκάλαι
1889 2917 2186 2979 Συμεῶνος,
2231 2906 2375 2960 ³''Av-

446 3023 533 3067 νης
561 2998 808 3068 ὖποδοχή,
849 3003 1053 3069 Μαρίας
1085 2997 1391 3069 βασταγμὸς,
1429 3005 1515 3067 τῆς
1543 2997 1734 3069 πόρνης
1766 2995 1920 3063 ἀφαὶ,
1957 3001 2111 3066 τρίχες
2139 2990 2377 3065 γυναικός

448 3090 619 3139 ποδῶν
649 3084 920 3153 ἀπτόμεναι
931 3108 946 3149 3
984 3083 1102 3136 ἀλλά
1137 3083 1195 3136 τά
1224 3083 1445 3155 δάκρυα,
1486 3082 1604 3137 ἀλλά
1633 3085 1885 3152 μνήματος
1918 3085 1972 3134 αἱ
1994 3083 2185 3144 θέσεις,
2261 3084 2376 3132 Σιν-

446 3170 549 3224 δῶν
574 3170 665 3243 γάρ
691 3171 884 3239 είλήσας
905 3168 959 3224 τὸ
983 3177 1122 3238 σῶμα
1148 3167 1302 3223 αὐτοῦ
1329 3169 1389 3224 οὗ
1415 3171 1712 3240 περιεγένετο
1742 3171 1928 3222 ἐκείνου
1957 3173 2046 3220 τοῦ
2071 3165 2378 3237 ἀκραιφνοῦς

447 3259 530 3311 καὶ
557 3263 644 3325 τῆς
674 3257 827 3310 αὐτοῦ
856 3260 1080 3326 μεγίστης
1118 3256 1386 3324 δυνάμεως.
1465 3257 1563 3308 Καὶ
1602 3253 1693 3325 γάρ
1737 3256 1807 3307 ἔτι
1843 3255 1893 3306 ἐν
1928 3255 2087 3324 κοιλίᾳ
2125 3252 2377 3322 τυγχάνων

445 3341 678 3411 Ἰωάννης
707 3345 928 3412 ἐσκίρτα,
978 3345 1158 3411 χαίρων
1190 3342 1270 3394 ἐπὶ
1294 3347 1355 3414 τῇ
1380 3347 1467 3393 τοῦ
1491 3339 1733 3394 δεσπότου
1765 3338 1921 3391 αὐτοῦ
1948 3336 2074 3407 πρός
2103 3335 2254 3390 αὐτόν
2284 3337 2373 3398 εἰς·

450 3428 578 3499 όδῳ,
628 3425 710 3481 διά
739 3434 826 3495 τῆς
860 3426 1233 3497 ἐγκυμονήσεως
1265 3432 1352 3494 τῆς
1379 3423 1520 3496 ἀγίας
1547 3426 1825 3495 παρθένου·
1877 3424 2135 3492 γεννηθεὶς
2165 3422 2244 3487 δὲ,
2291 3421 2376 3475 καὶ

504 3570 543 3614 4.
577 3574 685 3612 Libri
712 3575 830 3623 vulyo
861 3566 1142 3625 ἀφηλπίσῇαι.
1497 3570 1538 3611 2.
1570 3572 1743 3610 Fortasse
1771 3566 2009 3610 τοκετικῶν.
2072 3568 2128 3619 Cf.
2157 3568 2263 3618 infra
2288 3577 2376 3617 cap.

504 3631 543 3670 5.
573 3632 684 3669 Hunc
710 3631 850 3679 locum,
880 3631 946 3668 ubi
974 3633 1086 3680 extet,
1115 3630 1282 3679 reperire
1307 3640 1385 3668 non
1441 3626 1510 3670 36.

445 3688 569 3736 potui.
1498 3683 1537 3725 3.
1558 3676 1715 3735 ’Ἄννης
1747 3683 1898 3722 restitui
1927 3693 1975 3721 ex
2005 3683 2231 3721 auctoritate
2265 3679 2378 3719 codi-

512 3741 607 3783 CAP.
625 3741 795 3781 XXIX.
827 3764 878 3774 —
942 3741 976 3783 1.
1006 3742 1128 3784 τοῦτο
1154 3742 1263 3783 codd.
1293 3752 1382 3781 mss.
1443 3743 1497 3780 cis
1526 3741 1719 3788 Parisini‚
1767 3750 1884 3787 quam
1913 3740 2092 3787 probavit
2120 3739 2235 3776 eriam
2264 3738 2377 3775 Peta-

450 3802 619 3847 uterque.
649 3796 793 3840 τούτου
824 3801 916 3839 editi
945 3801 1046 3839 libri.
1441 3799 1540 3836 vius.
1597 3797 1642 3835 In
1666 3796 1748 3835 cod.
1777 3796 1854 3836 len.
1882 3796 2022 3845 leyz'tur
2047 3788 2201 3847 αὕῖῆξ,
2228 3795 2270 3833 in
2293 3792 2375 3832 cod.
