2508 4134
713 318 852 360 ΤοΜι
883 317 1088 358 Pmoms
1120 318 1250 359 PARS
1282 319 1454 360 Pmon.
1920 306 2020 357 617

132 417 348 461 ,λαιστινῶν
379 417 466 457 Bas.
498 440 552 448 -—
596 417 635 457 ·1.
660 416 701 459 9.
743 415 1030 458 Παλαιστινῶν
1058 417 1144 455 Bas.
1177 441 1231 447 —
1289 417 1314 456 l.
1339 416 1403 459 13.
1449 418 1618 471 Repone
1654 412 1735 459 ἀπὸ
1773 411 1947 463 ἀσπίδος
1974 428 2021 454 ex

128 488 247 529 .Ven·'
275 511 328 519 --
385 487 412 526 l·
443 487 506 527 15·
536 482 843 543 Καφαρβαριχοὶ
871 482 948 527 την
978 482 1125 539 κώμην
1161 487 1263 526 Ven.

247 558 383 614 Paga*
406 558 531 603 536.
586 557 612 599 l.
637 556 675 598 2.
720 554 888 609 Cori-ige
918 551 1182 608 ἀπεκόμισεν.
1215 579 1262 585 -
1322 556 1348 596 l.
1368 553 1405 596 4.
1440 557 1607 611 Repone
1635 556 1731 610 γοῦν
1763 563 1856 610 post
1882 551 2021 598 Ἐπα-

137 624 314 677 νελῇὠν,
339 642 441 681 quae
466 626 663 682 particula
688 625 838 666 excidit
868 624 990 665 etiam
1015 624 1056 664 in
1081 624 1143 664 ed.
1174 626 1313 665 Petav.
1348 626 1492 666 Colon.
1525 649 1577 657 --
1633 626 1660 666 l.
1683 626 1746 668 11.
1776 624 1823 670 τὸ
1848 623 1903 680 δὴ
1936 628 2022 666 Bas.
2108 636 2110 638 ·

136 720 187 727 -
217 696 245 737 1.
271 695 330 738 19.
362 697 531 750 Repone
559 695 901 751 praepositionem
931 694 992 743 εἰς
1015 703 1110 735 ante
1136 692 1233 743 τοὺς
1257 693 1359 739 ἑπτὰ
1383 691 1484 749 ούρ.,
1515 710 1616 750 quae
1642 695 1788 736 omissa
1814 703 1878 737 est
1901 696 2024 736 etiam

136 766 175 806 in
203 766 267 806 ed.
295 767 434 807 Petav.
466 767 608 808 Colon.
642 787 691 798 -—-
748 765 774 806 l.
796 764 862 806 22.
892 763 1169 820 κεχραμμένοι
1197 764 1334 804 t‘uetur
1358 767 1460 806 Ven.
1491 779 1651 820 quoque
1682 766 1796 807 liber.
1828 789 1882 798 —-·
1938 766 1964 807 l.
1982 765 2021 808 7.

136 837 187 877 ab
214 836 287 876 inf.
319 831 354 878 τ’
385 833 508 879 αύτόν
537 834 616 891 γὰρ
646 837 746 877 Ven.
779 859 826 866 --—
887 835 914 875 l.
941 832 980 875 4.
1013 834 1063 874 ab
1094 833 1166 874 inf.
1199 829 1294 877 ἄνευ
1325 833 1373 878 δὲ
1402 831 1534 888 αύτῆς
1561 837 1661 876 ven.
1696 837 1816 875 Bene.

246 907 377 962 Pag.
407 907 532 951 538.
598 906 624 946 l.
651 903 690 947 4.
736 904 903 959 Corrige
940 905 1198 956 σαπριοῢσαι.
1228 928 1278 935 --
1338 905 1364 944 l.
1390 904 1430 946 6.
1473 905 1607 945 Verba
1645 906 1718 948 καὶ
1757 905 2024 959 σαπρίζουσαι

136 976 286 1017 absunt'
309 990 332 1016 a
361 977 463 1016 Ven.
505 999 543 1007 -
603 976 631 1016 l.
660 974 725 1017 26.
770 971 1066 1030 οἷποβαλσάμου
1096 975 1199 1015 Ven.
1232 997 1281 1005 —-
1342 974 1369 1014 l.
1392 973 1429 1016 6.
1460 975 1510 1015 ab
1539 975 1660 1015 infer.
1702 971 1916 1025 Ἐξουσίαι
1944 973 2025 1018 εἰσὶ

138 1048 229 1088 καλ.
260 1047 360 1086 Ven.
392 1031 397 1037 ⁹

245 1115 375 1172 Pag.
405 1116 528 1159 540.
583 1115 612 1155 1.
633 1114 699 1157 24.
733 1114 807 1158 καὶ
831 1110 1117 1168 ἀκατάληπτον
1150 1114 1222 1158 καὶ
1257 1113 1481 1169 ἔκπληκτον
1516 1123 1657 1156 tuetur
1691 1115 1813 1156 etiam
1841 1117 1939 1156 Ven.
1973 1139 2023 1147 —

135 1184 160 1225 l.
193 1185 229 1227 7.
262 1185 313 1225 ab
342 1185 464 1225 infer.
511 1182 606 1228 θεὸν
652 1185 735 1228 τῶν
778 1181 990 1229 Ἰουδαίων
1031 1192 1151 1239 auget
1191 1186 1291 1226 Ven.
1324 1209 1373 1216 —-
1443 1185 1470 1226 l.
1496 1186 1534 1228 6.
1566 1186 1615 1226 ab
1644 1185 1719 1226 inf.
1765 1185 1848 1240 γῆς
1889 1192 2024 1226 tuetur

135 1254 257 1295 etiam
287 1256 388 1294 Ven.
668 1292 673 1294 .
1338 1303 1350 1317 ,

243 1322 374 1382 rag.
396 1325 521 1370 542.
576 1325 603 1366 ι.
623 1324 685 1367 16.
716 1325 835 1368 τοῦτο
858 1310 936 1380 γ’ῑῑῑ
952 1324 1055 1366 ven.
1078 1349 1129 1356 -
1175 1324 1289 1367 1.18.
1328 1327 1419 1368 ῖαυε
1446 1324 1518 1379 σω
1545 1325 1667 1366 etiam
1690 1325 1818 1379 infra)
1845 1326 1945 1366 ven.
1973 1347 2023 1355 -

133 1395 160 1435 l.
184 1395 245 1437 13.
275 1410 298 1435 a
327 1395 392 1435 fin.
426 1399 534 1435 Acue
564 1394 713 1437 Παντὶ.
749 1418 800 1427 --
858 1394 882 1434 1.
902 1392 940 1436 4.
971 1395 1022 1434 ab
1052 1395 1126 1435 inf.
1159 1396 1271 1436 Muta
1301 1395 1486 1449 spiritum
1515 1395 1556 1435 in
1588 1408 1690 1435 voce
1719 1391 1924 1450 Ἃβραὰμ.

246 1465 377 1522 rag.
400 1465 524 1509 544.
579 1464 606 1504 1.
626 1466 663 1506 5.
721 1466 926 1519 γλωσσοκ.
949 1461 1074 1508 αὐτοῦ
1098 1467 1199 1507 ven.
1227 1489 1276 1496 -—-
1332 1465 1360 1505 1.
1381 1464 1443 1507 15.
1475 1461 1599 1508 αὐτοῦ
1627 1461 1817 1519 ψεύστης
1843 1455 1896 1517 τῖν
1923 1466 2022 1504 Ven.

141 1559 184 1565 —-
216 1535 332 1576 124.
373 1532 530 1583 τούτοις
566 1533 718 1585 ἔδειξεν
750 1536 850 1576 Ven.
885 1559 933 1565 --
993 1535 1019 1574 l.
1047 1535 1109 1576 12.
1139 1539 1249 1576 Acue
1275 1531 1425 1590 Ἀδὰμ.
1462 1560 1509 1567 «-
1567 1535 1594 1575 1.
1610 1535 1649 1578 7.
1695 1535 1864 1589 Repone
1904 1531 2023 1576 πάλιν

131 1613 228 1659 post
256 1602 405 1653 πολύν,
436 1618 538 1659 quae
566 1604 710 1645 vocula
739 1604 889 1645 excidit
917 1605 1039 1645 etiam
1067 1605 1117 1645 ab
1148 1605 1245 1645 edit.
1275 1606 1412 1651 Petav.
1443 1605 1586 1646 Colon.

242 1676 373 1731 Pag.
398 1675 522 1720 546.
580 1675 613 1716 l.
635 1676 670 1716 5.
699 1683 740 1715 et
763 1674 803 1716 6.
850 1675 903 1714 Hi
936 1675 1164 1729 prophetae
1191 1675 1300 1729 apud
1329 1675 1513 1715 Nicetam
1542 1675 1670 1716 Chon.
1699 1674 1823 1716 Thes.
1852 1673 2023 1715 Orthod.

131 1743 219 1784 Fid.
243 1744 354 1785 l.1V.
387 1758 474 1798 cap.
493 1744 553 1786 13.
579 1744 837 1799 appellantur
858 1742 1112 1799 Μαρσιοὶδης
1137 1744 1209 1788 καὶ
1231 1743 1488 1799 Μαρσιανός.
1513 1769 1561 1776 -
1603 1746 1628 1785 l.
1650 1745 1711 1787 13.
1741 1741 1931 1799 ἁρπαγὰς
1952 1744 2025 1784 ha-

130 1814 202 1854 bet
232 1815 334 1862 Bas.‚
366 1813 474 1868 quod
500 1813 640 1854 vitium
663 1814 853 1854 petavius
879 1828 958 1869 ope
984 1814 1071 1855 cod.
1100 1815 1284 1856 Vaticani
1311 1815 1497 1856 correxit.
1528 1838 1582 1846 —-
1637 1815 1664 1855 l.
1692 1814 1749 1856 18.
1780 1815 1915 1855 Verba
1937 1809 2024 1868 Ἰη-

134 1883 232 1932 σοῦς
256 1882 465 1937 Χριστὸς,
505 1898 607 1937 quae
642 1884 768 1932 eieci,
811 1886 910 1924 Ven.
941 1884 1045 1925 liber
1070 1885 1179 1925 haud
1205 1885 1332 1939 magis
1359 1886 1544 1939 agnoscit
1572 1900 1691 1940 quam
1716 1885 1838 1926 verba
1858 1884 1930 1927 καὶ
1951 1883 2024 1926 κύυ

131 1968 227 2008 ριος.
256 1976 311 1983 -
366 1954 393 1993 l.
415 1954 480 1995 20.
511 1954 619 2003 Πῶς
642 1949 768 2003 αύτὸς
796 1956 895 1995 Ven.
926 1979 978 1985 --
1034 1955 1062 1995 1.
1082 1957 1120 1998 ὅ.
1150 1955 1201 1995 ab
1227 1955 1346 1995 infer.
1378 1948 1514 2005 οὗτοι,
1546 1964 1640 2010 post
1662 1954 1904 1998 πλάττονται
1928 1952 2020 2009 γὰρ,

129 2037 206 2066 non
236 2023 420 2077 agnoscit
451 2025 551 2064 Ven.
582 2048 634 2054 -
692 2023 718 2063 l.
739 2026 778 2065 ὅ.
809 2024 859 2064 ab
888 2024 963 2064 inf.
993 2021 1097 2068 οἷλλοὶ
1125 2025 1206 2079 τῆς
1232 2027 1303 2068 τοῦ
1334 2025 1474 2079 κυρίου
1504 2027 1604 2066 Ven.
1635 2026 1773 2066 Recte.

240 2095 373 2151 Pag.
398 2094 522 2138 548.
580 2093 606 2133 l.
628 2094 662 2134 1.
708 2089 825 2136 αὐτοὶ
859 2092 991 2149 ταύτῃ
1030 2095 1084 2150 τῇ
1116 2096 1217 2134 Ven.
1248 2118 1303 2125 —
1357 2095 1385 2135 l.
1406 2097 1468 2137 10.
1510 2095 1651 2149 πορίαν
1683 2097 1771 2138 Bas.
1805 2119 1851 2126 —
1912 2095 1935 2135 l.
1961 2096 2021 2138 12.

128 2161 308 2217 ἑρπετῶν
335 2163 568 2220 κακοηῇείᾳ
592 2165 692 2204 Ven.
719 2187 770 2194 -—
827 2164 852 2203 l.
875 2165 935 2204 15.
962 2164 1013 2204 ab
1037 2164 1111 2205 inf.
1141 2161 1299 2214 τούτοις
1323 2164 1395 2207 καὶ
1417 2163 1486 2208 τὸν
1512 2167 1611 2205 Ven·
1634 2190 1683 2196 -
1742 2165 1846 2206 Ibid·
1877 2165 1926 2208 ἐκ
1946 2166 2025 2220 τῆς

130 2229 268 2287 αὐτῆς
289 2227 345 2275 ὧν
374 2233 530 2288 σχολῆς
554 2234 655 2273 ven.
689 2257 740 2264 ——
799 2234 824 2274 l.
855 2234 913 2275 10.
947 2234 997 2274 ab
1026 2234 1102 2274 inf.
1131 2233 1202 2276 καὶ
1229 2230 1454 2288 ἀπόλωλεν,
1484 2233 1565 2279 ἀπὸ
1592 2236 1671 2290 τῆς
1693 2235 1765 2278 τοῦ
1795 2236 1892 2279 ἓεοῦ
1922 2238 2022 2277 Ven.

238 2304 368 2359 Pag.
396 2303 521 2347 550.
574 2303 602 2342 l.
634 2303 673 2346 6.
705 2308 791 2352 τοῖς
819 2298 971 2347 ἅπασιν
998 2306 1104 2344 ven.

240 2373 372 2429 Pag.
397 2372 518 2416 552.
576 2372 603 2413 l.
621 2373 660 2413 2.
709 2373 876 2428 corrige
905 2371 981 2427 την
1012 2372 1170 2428 ταύτης
1197 2388 1247 2415 ex
1278 2377 1390 2424 Bas.‚
1435 2375 1499 2415 vel
1541 2373 1617 2429 τήν
1659 2370 1793 2430 αὐτῆς
1832 2390 1883 2416 ex
1922 2378 2022 2418 Ven.

127 2440 204 2496 τήν
231 2439 385 2495 ταύτην
424 2443 672 2497 typographi
706 2458 819 2483 error
857 2451 918 2483 est
957 2444 1098 2484 obvius
1139 2445 1260 2484 etiam
1290 2445 1328 2484 in
1360 2445 1421 2485 ed.
1452 2447 1588 2486 PetaV.
1619 2445 1763 2486 Colon.
1793 2469 1847 2476 -—
1903 2446 1930 2486 l.
1958 2448 2021 2488 11.

127 2512 298 2567 Μωΰσῇ
322 2514 419 2551 Ven.
445 2537 490 2543 —
550 2512 578 2552 l.
601 2514 663 2554 15.
695 2510 848 2567 ταύτην
869 2513 965 2554 ferri
994 2522 1143 2568 potest.
1180 2514 1377 2571 βέμβικος
1402 2515 1535 2555 firmat
1558 2515 1777 2556 auctoritas
1793 2516 1952 2557 Veneti.
1970 2541 2023 2548 —

126 2581 154 2621 l.
174 2581 236 2623 16.
269 2582 584 2622 Rescribendum
622 2589 685 2622 est
714 2580 791 2625 ύπὸ
825 2583 920 2637 μίαν
951 2581 1067 2634 ὃίξιν.
1102 2608 1155 2614 —-
1212 2583 1301 2625 1.4.
1332 2585 1381 2625 ab
1409 2585 1483 2625 inf.
1527 2586 1701 2639 Repono
1735 2585 1775 2628 ἐν
1803 2582 1917 2644 αύτῷ
1947 2601 2022 2641 pro

127 2651 168 2694 ἐν
197 2647 344 2699 αύταῖς
373 2666 421 2692 ex
450 2651 540 2692 fide·
560 2652 651 2694 cod.
680 2647 840 2693 Vene'ti.

237 2751 368 2807 Pag.
398 2750 521 2794 554.
577 2750 604 2792 l.
622 2749 661 2792 6.
694 2747 860 2805 σφόδρα
884 2738 1016 2805 τ(χτῆς
1043 2752 1270 2807 ἐκκλησίας
1297 2755 1399 2794 Ven.
1432 2778 1480 2784 —
1541 2755 1567 2794 l.
1591 2755 1628 2798 7.
1663 2756 1830 2808 Repone
1853 2753 1900 2799 δὲ
1924 2770 2020 2810 par-

125 2819 292 2860 ticulam
322 2828 420 2860 ante
451 2819 606 2873 δῆθεν,
650 2835 752 2875 quae
794 2821 1048 2861 desideratur
1089 2823 1210 2863 etiam
1247 2823 1288 2863 in
1319 2823 1418 2864 edit.
1448 2826 1589 2865 Petav.
1621 2825 1763 2865 Colon.
1800 2850 1843 2855 —-
1905 2825 1930 2864 l.
1962 2826 2023 2866 12.

124 2889 311 2929 Restitue
339 2904 388 2929 ex
415 2891 516 2929 Ven.
543 2892 624 2943 τῆς
649 2887 789 2933 αὐτοῦ.
821 2915 872 2922 —-—
931 2890 959 2932 l.
978 2891 1039 2933 15.
1069 2892 1209 2932 Scribe
1237 2892 1483 2949 συμβαλών,
1516 2903 1561 2934 ut
1585 2904 1645 2935 est
1670 2895 1710 2935 in
1739 2897 1827 2935 Bas.
1862 2891 2022 2951 συμβά-

125 2962 205 3002 λων
233 2959 358 2999 habet
387 2960 509 2999 etiam
546 2960 608 2999 ed.
638 2961 777 3000 Petav.

235 3030 366 3087 Pag.
391 3030 516 3074 556.
571 3029 598 3070 1.
621 3031 657 3069 5.
693 3030 829 3069 Abest‘
859 3045 881 3070 a
911 3032 1011 3071 Ven.
1052 3033 1195 3073 vocula
1239 3028 1304 3076 ὅτι
1342 3037 1437 3074 ahte
1480 3033 1614 3077 εἰπών.
1650 3058 1695 3065 --—
1755 3034 1781 3075 1.
1804 3034 1841 3076 8.
1884 3033 2018 3092 ἑαυτῷ

123 3097 316 3148 καὶτοὺς
345 3102 431 3139 ssas.
462 3122 508 3129 -—
569 3099 650 3141 1.9.
680 3097 790 3152 παρὰ
814 3100 883 3142 τοῦ
909 3115 1058 3153 προειρ.
1087 3103 1190 3143 ven.
1219 3127 1265 3133 —-
1327 3103 1351 3143 l.
1375 3103 1435 3145 16.
1466 3108 1577 3144 Acue
1603 3104 1784 3158 κτίστην,
1815 3105 1873 3145 uti
1900 3105 2022 3146 etiam

123 3184 243 3224 supra
271 3170 298 3209 l.
326 3167 385 3211 14.
408 3193 463 3200 —
519 3169 622 3209 Ibid.
651 3168 723 3212 καὶ
746 3165 919 3223 ἀόρατον
947 3171 1047 3211 Ven.
1067 3195 1121 3201 -—
1179 3172 1204 3211 1.
1233 3173 1294 3213 12.
1323 3173 1372 3213 ab
1400 3173 1476 3213 inf.
1505 3174 1598 3227 τρία
1619 3169 1649 3227 η’
1677 3173 1748 3216 καὶ
1772 3174 1899 3217 πλείω
1931 3177 2020 3218 λου-

122 3237 200 3293 τροὶ
229 3240 332 3280 Ven.

235 3310 365 3366 Pag.
393 3311 518 3354 558.
573 3310 598 3349 l.
619 3311 657 3351 3.
690 3310 827 3350 Verba
854 3309 926 3352 καὶ
947 3306 1065 3352 πάλιν
1090 3334 1115 3339 -
1135 3332 1159 3338 -
1183 3313 1247 3353 πλ.
1273 3308 1402 3363 αύτο’;
1432 3328 1515 3354 non
1540 3314 1666 3354 habet
1693 3316 1790 3355 Ven.
1816 3340 1866 3346 —
1912 3316 2017 3358 1.10.

124 3377 191 3420 ἐπὶ
223 3378 391 3435 ἐλέγχου
420 3381 523 3420 ven.
551 3388 592 3420 et
622 3380 716 3421 Bas.
748 3403 800 3410 --
859 3380 884 3419 l.
912 3380 972 3421 16.
1005 3384 1112 3419 Acue
1139 3380 1320 3434 κτίστην.
1353 3407 1403 3412 -
1461 3383 1488 3424 l.
1521 3385 1578 3424 12.
1610 3393 1705 3424 ante.
1733 3385 1761 3425 f.
1794 3385 1932 3426 Scribe
1955 3391 2019 3428 πῖ-

86 3449 95 3456 ’
122 3462 230 3491 πτον.
266 3473 308 3479 —-—
368 3449 394 3488 l.
416 3449 454 3490 3.
486 3450 536 3489 ab
566 3449 684 3489 infer.
718 3451 885 3502 Repone
917 3464 965 3488 ex
994 3451 1154 3489 Veneto
1185 3464 1291 3503 φησι
1320 3447 1470 3505 ἄφρον,
1502 3448 1685 3508 ἅφροντα
1713 3452 1791 3508 γὰρ
1821 3457 1908 3497 κτλ.

235 3519 364 3575 Pag.
395 3520 520 3564 560,
577 3519 603 3558 l.
630 3519 687 3560 19.
718 3515 818 3561 Ἀπὸ
848 3518 926 3573 γὰρ
953 3519 1024 3561 τοῦ
1054 3517 1215 3573 οἶγαὲοὖ
1245 3522 1344 3561 Ven.
1376 3546 1419 3551 ——
1482 3523 1507 3563 1.
1527 3524 1591 3564 21.
1623 3523 1799 3573 ἐναντίος
1826 3526 1886 3582 τῷ
1912 3528 2014 3567 Ven.

122 3611 177 3617 -—
206 3588 233 3627 l.
254 3588 293 3630 6.
323 3588 374 3628 ab
399 3588 472 3628 inf.
525 3590 687 3643 Corrige
731 3587 1002 3644 ἰσχυρότερος.
1044 3613 1092 3619 ——
1152 3589 1178 3629 l.
1199 3592 1235 3630 ὁ.
1265 3590 1314 3629 ab
1343 3591 1417 3631 ius.
1466 3594 1648 3634 Restitue
1687 3597 1767 3636 τῶν
1804 3596 2017 3637 articulum

122 3665 217 3711 post
247 3649 388 3706 οὗτος,
419 3651 485 3713 qui
515 3659 768 3699 desideratur
798 3659 917 3698 etiam
947 3658 988 3698 in
1020 3659 1119 3699 edit.
1150 3661 1287 3700 Petav.
1323 3660 1465 3702 Colon.

234 3727 364 3783 Peg.
387 3728 510 3771 562.
566 3729 592 3768 l.
617 3729 655 3770 3.
697 3726 924 3776 Ἰουδαίους
949 3727 995 3771 δὲ
1025 3726 1100 3785 ούχ
1124 3726 1217 3782 οἷρπ.
1244 3732 1345 3771 Ven.
1380 3756 1426 3761 -
1487 3731 1570 3773 14.
1615 3735 1748 3776 Verba
1777 3732 1914 3779 οὐκέτι
1937 3753 2015 3781 πο-

123 3794 246 3851 νηρός
272 3797 418 3836 absunt
452 3812 475 3837 a
501 3799 603 3840 ven.
639 3823 686 3830 -—-
746 3800 773 3839 l.
794 3801 830 3841 5.
864 3799 1029 3852 Corrige
1058 3800 1254 3855 τιμωρίαν
1279 3816 1325 3844 τε
1355 3800 1462 3851 τούς.
1523 3803 1655 3847 Etiam
1679 3805 1721 3847 in
1748 3805 1845 3847 edit.
1873 3809 2011 3850 Petav.
