2508 4134
573 261 797 303 PANARII
826 261 927 302 LIB.
950 262 1022 302 III.
1052 262 1185 304 TOM.
1215 263 1247 302 I.
1279 262 1443 304 HAER.
1474 262 1674 303 LXXIII.
1970 252 2063 300 141

311 357 541 412 Ceterum
575 377 682 410 cum
708 359 828 410 haee
857 358 954 410 sint
978 375 1005 410 a
1032 375 1108 408 me
1138 368 1337 410 tractata
1377 361 1597 430 saepius,
1656 376 1778 429 quae
1808 358 1866 410 ad
1896 358 2068 427 impiae

170 443 309 496 huius
337 444 554 494 haeresis
588 442 799 494 radicem
840 460 896 494 ae
930 443 1127 511 stirpem
1157 444 1465 494 evertendam
1501 453 1642 495 antea
1676 443 1912 507 diximuS,
1949 450 2068 494 satis

168 545 279 580 esse
311 527 402 579 hoc
432 528 537 578 loeo
565 535 812 596 putamus3
865 544 971 578 cum
1011 527 1207 577 eaedem
1253 526 1361 577 illae
1392 528 1605 579 rationes
1644 529 1700 578 ad
1737 525 2070 579 Semiarianos

167 612 289 663 istos
317 613 633 663 confutandos
662 609 1012 662 accommodari
1043 610 1255 679 possint,
1299 627 1388 660 nec
1414 629 1508 661 nou
1542 620 1590 662 et
1615 612 1670 661 ad
1705 612 1811 662 illos
1845 612 2070 663 refellen-

168 696 254 747 dos
297 696 376 764 qui
414 713 468 747 se
509 696 567 746 ab
606 696 806 747 istorum
853 695 1100 746 consortio
1141 704 1489 762 segregarunt,
1533 695 1803 746 Aeaeianos
1830 695 2066 763 intelligo,

167 796 225 830 ac
253 788 445 830 ceteros
473 779 549 848 qui
581 777 834 831 Seleuciae
868 779 916 829 in
950 776 1135 829 Isauria
1169 778 1365 829 alteram
1400 779 1637 846 quandam
1677 780 1782 830 fidei
1820 780 2068 831 formulam

167 871 219 915 et
252 863 589 914 abhorrentem
631 880 660 913 a
697 862 903 913 veritate
949 862 1283 913 condiderunt.
1361 860 1517 929 Quam
1557 880 1646 913 nos
1678 863 1727 913 in
1759 872 1972 932 apertum
2001 864 2071 915 lu-

168 963 366 1015 cemque
393 947 612 1016 proferre
639 947 889 1008 volentes,
944 955 992 996 ut
1022 956 1127 997 erat
1156 946 1213 996 ab
1242 946 1336 996 illis
1368 963 1433 996 ex
1466 946 1674 997 omnium
1708 965 1912 1015 persona
1957 967 2072 1000 con-

168 1032 375 1098 scripta,
425 1040 532 1099 post
572 1029 739 1082 Basilii
780 1030 1032 1100 Aneyrani
1068 1039 1117 1081 et
1145 1027 1345 1098 Georgii
1389 1028 1655 1081 Laodiceni
1685 1031 2067 1097 confessionem,

166 1116 405 1184 integram
442 1132 586 1184 supra
632 1115 986 1184 proposuimus.
1073 1112 1231 1165 Porro
1260 1131 1320 1164 ne
1349 1114 1488 1165 istam
1518 1115 1898 1182 professionem,
1951 1135 2070 1185 quae

167 1201 432 1252 clanculum
476 1200 663 1268 quidem
706 1217 810 1250 cum
852 1199 1036 1267 ingenti
1075 1200 1247 1249 damno
1291 1216 1347 1249 ac
1381 1198 1595 1267 pernicie
1636 1209 1916 1267 grassatur,
1966 1202 2071 1266 sed,

167 1294 220 1335 ut
248 1284 450 1353 tempori
481 1283 690 1347 serviat,
745 1300 830 1351 per
858 1282 1210 1334 simulationem
1241 1301 1298 1334 ae
1327 1283 1569 1347 fraudem,
1621 1283 1799 1334 iniecto
1833 1285 1881 1336 in
1911 1302 1965 1336 os
1993 1303 2072 1336 ca-

167 1369 349 1437 pistr0,
390 1386 447 1419 ae
473 1368 607 1419 velut
635 1368 836 1436 quodam
879 1368 1016 1418 freno
1045 1373 1329 1431 eoe‘rcetur,
1386 1385 1445 1418 ne
1481 1367 1622 1432 haue,
1663 1368 1876 1436 inquam,
1920 1370 2072 1437 negli-

167 1469 288 1522 gens
332 1451 575 1503 oblivione
615 1452 907 1520 praeterisse
953 1453 1146 1514 videar,
1203 1469 1355 1520 pauca
1401 1453 1632 1520 quaedam
1666 1455 1901 1506 adversus
1941 1453 2071 1505 illam

168 1545 217 1588 et
241 1545 466 1588 auctores
492 1537 629 1599 eiuS‚
671 1536 904 1587 Acacium
934 1535 1188 1600 videlieet,
1229 1535 1500 1599 Euzoium,
1542 1535 1864 1607 Eutychium,
1906 1555 1962 1589 ac
1994 1554 2073 1589 ce-

167 1629 300 1672 teros
329 1621 496 1670 horum
523 1621 736 1671 asseclas
763 1619 1007 1689 disputare
1034 1621 1167 1672 libet.
1223 1618 1523 1689 Quamquam
1558 1621 1681 1672 haud
1714 1622 1970 1674 obscurum
1998 1630 2072 1674 est

167 1713 394 1773 quantum
423 1704 514 1755 ista
547 1703 654 1754 fidei
695 1705 895 1755 formula
926 1704 1148 1756 veritatis
1187 1705 1250 1756 sit
1277 1705 1524 1756 immutata
1553 1706 1812 1774 professi0.
1887 1705 2069 1759 Verum

167 1806 227 1841 ne
265 1805 352 1857 per
391 1788 678 1839 calumniam
716 1787 834 1839 haec
872 1806 898 1839 a
940 1788 1077 1839 nobis
1119 1790 1353 1841 adversus
1394 1790 1501 1840 illos
1529 1807 1638 1841 esse
1673 1791 1796 1842 dieta
1836 1791 2072 1861 quispiam

166 1873 456 1936 contendat,
512 1890 744 1940 quaenam
793 1872 890 1924 sint
940 1891 1201 1941 progressu
1241 1874 1472 1943 temporis
1512 1874 1560 1925 in
1609 1874 1698 1925 hoe
1739 1877 1843 1944 ipso
1882 1876 2072 1927 illorum

169 1957 374 2008 concilio
401 1957 700 2026 deprehensa
726 1975 781 2008 ae
806 1959 1042 2026 patefacta
1073 1958 1467 2009 monstrabimus.
1545 1957 1626 2010 Ex
1653 1959 1742 2009 hoc
1768 1960 1894 2010 enim
1923 1951 2073 2029 grege

170 2038 509 2093 Caesariensis
554 2040 768 2092 Euzoius
812 2041 988 2111 prodiit
1027 2042 1216 2093 illorum
1245 2043 1533 2111 discipuluS,
1587 2043 1665 2111 qui
1696 2053 1803 2112 post
1842 2044 2072 2095 Acacium

170 2126 213 2177 ei
240 2126 342 2178 sedi
369 2126 602 2195 praefuit,
645 2143 751 2177 cum
780 2135 890 2176 ante
919 2124 1231 2177 Philumenus
1269 2143 1296 2176 a
1330 2124 1518 2196 Cyrillo
1553 2127 1996 2198 Hierosolymitano
2025 2129 2074 2179 in

167 2209 246 2261 illa
288 2212 574 2262 constitutus
610 2212 807 2273 fuisset,
860 2228 915 2261 ae
955 2211 1126 2261 deinde
1157 2207 1371 2280 Cyrillus
1416 2212 1582 2262 senior
1611 2212 1785 2263 ibidem
1829 2213 1887 2264 ab
1921 2212 2073 2283 Euty-

167 2295 276 2346 chio
316 2296 606 2347 collocatus:
666 2313 723 2346 ac
767 2296 954 2345 demum
996 2294 1224 2346 Gelasius
1269 2296 1327 2346 ab
1368 2293 1554 2365 Cyrillo
1601 2295 2069 2366 HierosolymitanO,

167 2379 302 2430 cuius
328 2381 513 2431 sororis
541 2388 648 2431 erat
676 2379 830 2443 filius,
884 2397 1052 2430 rursus
1083 2388 1214 2430 esset
1242 2380 1512 2449 impositus.
1592 2379 1714 2432 Cum
1744 2382 1868 2432 euim
1899 2382 1945 2432 hi
1974 2391 2073 2433 tres

167 2463 265 2514 illic
301 2463 506 2514 ordinati
546 2465 731 2528 forent,
789 2473 837 2514 et
877 2464 937 2514 ob
978 2474 1167 2515 mutuas
1210 2464 1477 2516 simultates
1514 2466 1744 2533 dignitate
1788 2467 2071 2531 cessissent,

169 2548 468 2617 postmodum
503 2546 720 2599 Euzoius
762 2549 925 2600 sedem
963 2549 1088 2599 illam
1124 2548 1347 2600 obtinuit.
1424 2547 1507 2600 Ex
1545 2549 1727 2601 eisdem
1763 2559 1809 2602 et
1849 2551 1944 2602 illis
1974 2550 2074 2603 Ge-

167 2632 391 2684 mellinus
421 2632 598 2683 extitit.
676 2630 891 2683 Indidem
932 2641 980 2684 et
1008 2631 1253 2702 Philippus
1279 2632 1738 2703 scythopolitanus,
1780 2653 1869 2686 nec
1898 2653 1994 2687 non
2025 2645 2073 2687 et

168 2717 466 2769 Athanasius
505 2714 950 2785 scythopolitanuS.
1027 2715 1122 2784 Qui
1164 2719 1353 2786 quidem
1397 2736 1492 2769 non
1528 2719 1745 2784 occulte,
1797 2721 1881 2772 sed
1918 2720 2071 2789 palam

169 2811 219 2853 et
247 2802 494 2865 audacter,
535 2802 667 2852 velut
690 2800 918 2851 bonitatis
949 2802 1103 2853 omnis
1133 2811 1390 2871 experteS,
1431 2820 1528 2853 non
1555 2803 1663 2854 Arii
1697 2804 1849 2854 solum
1878 2805 2071 2855 decreta

171 2886 374 2951 docent,
416 2886 499 2938 sed
531 2894 579 2936 et
607 2902 741 2936 suam
771 2885 982 2953 ipsorum
1013 2896 1314 2955 propugnant
1342 2887 1595 2951 haeresin,
1636 2905 1691 2939 ac
1715 2888 1934 2940 veritatis
1962 2906 2071 2957 pro-

172 2971 387 3022 fessores
415 2970 751 3038 insequuntur.
816 2966 953 3035 Quos
982 2987 1077 3020 non
1104 2971 1266 3022 verbis
1292 2972 1433 3022 modo
1460 2972 1676 3022 nituntur
1700 2980 1943 3035 evertere,
1986 2972 2069 3022 sed

170 3063 220 3105 et
253 3054 503 3106 hostilibus
539 3053 802 3104 inimicitiis
847 3070 902 3103 ac
927 3053 1063 3105 bellis
1101 3054 1375 3119 lacessunt,
1430 3065 1478 3107 et
1503 3056 1551 3106 in
1580 3064 1744 3106 rectae
1774 3055 1883 3106 fidei
1915 3065 2071 3107 secta-

172 3146 302 3190 tores
331 3138 502 3207 gladiis
535 3138 676 3189 etiam
709 3138 1115 3188 animadvertunt.
1191 3138 1301 3190 Nec
1331 3140 1455 3190 enim
1490 3140 1538 3190 in
1568 3158 1661 3191 una
1695 3141 1928 3190 duntaxat
1953 3139 2070 3191 civi-

170 3230 269 3274 tate
306 3223 385 3275 vel
426 3222 702 3291 provincia,
744 3223 828 3273 sed
867 3222 915 3271 in
954 3221 1194 3289 plerisque
1234 3224 1417 3274 nefarie
1457 3223 1674 3274 bacchati
1711 3232 1840 3274 sunt.

312 3304 592 3358 Cuiusmodi
620 3304 804 3357 Lucius
839 3306 917 3356 ille
948 3306 1035 3355 fuit
1063 3306 1142 3373 qui
1168 3306 1499 3359 Alexandriae
1529 3309 1762 3359 adversus
1795 3325 1879 3358 eos
1905 3308 1982 3376 qui
2010 3308 2067 3359 de

172 3390 247 3441 dei
286 3390 380 3441 filio
413 3408 532 3442 vera
571 3409 627 3442 ac
666 3390 855 3442 sincera
894 3389 1237 3459 profitebantur
1262 3400 1357 3441 tam
1388 3392 1623 3442 horrenda
1663 3401 1711 3442 et
1749 3391 1932 3443 atrocia
1968 3411 2069 3444 mo-

172 3474 283 3525 litus
314 3484 405 3526 est.
484 3474 633 3542 Igitur
659 3475 763 3544 quis
805 3474 1002 3526 istorem
1034 3474 1302 3524 sodalitium
1336 3493 1390 3525 ae
1424 3476 1678 3526 factionem
1699 3516 1711 3537 ‚
1766 3475 1844 3544 qui
1878 3476 2066 3545 quidem

173 3558 332 3610 divina
359 3559 594 3627 sapientia
620 3560 683 3612 sit
707 3560 968 3629 praeditus,
1010 3575 1103 3608 non
1132 3557 1181 3607 in
1209 3558 1311 3609 dies
1334 3560 1585 3626 agnoscit?
1656 3558 2067 3628 Quemadmodum

172 3700 244 3738 lem
270 3697 447 3747 Λουκιος
473 3713 532 3748 ως
561 3691 702 3748 οὗτος,
732 3704 792 3740 vel
818 3693 994 3746 Λούκιος
1020 3692 1094 3740 ou'-
1144 3712 1231 3746 κιος
1258 3712 1399 3747 ουτος,
1439 3712 1526 3740 cum
1551 3703 1861 3751 interpretaretur
1884 3701 1982 3742 Ex
1969 3701 2068 3756 ipsis

171 3764 265 3802 τως.
296 3758 510 3796 Coi-narius
533 3759 684 3797 videtur
704 3759 867 3797 voluisse
888 3748 970 3798 Ων
986 3752 1094 3796 Ami-
1146 3762 1207 3794 est
1235 3762 1277 3795 et
1305 3754 1454 3796 Lucius
1484 3755 1562 3808 hie,
1595 3756 1663 3811 qui
1691 3761 1772 3798 cett.

2153 358 2249 410 Cap.

2029 441 2040 452 .
2099 414 2285 455 XXXVI
2294 416 2319 454 I.

2155 3311 2251 3366 Cap.

2073 3364 2321 3411 XXXVIII.
