2508 4134
645 262 786 308 ΤοΜῐ
815 260 1027 305 pmoms
1058 259 1192 305 PARS
1222 258 1536 305 Pos‘rmnoss.
1942 248 2042 302 625

139 378 227 407 rem
249 364 416 420 irrepsit
453 364 577 404 etiam
613 363 656 403 in
694 361 761 403 ed.
786 363 926 403 Petav.
957 361 1102 402 colon.
1131 386 1185 392 —
1228 361 1269 403 ,1.
1284 362 1323 402 2.
1355 360 1558 418 ἐπιβαλών
1583 362 1685 401 Ven.
1719 384 1766 390 —
1826 359 1850 398 1.
1874 357 1912 401 3.
1957 359 2045 398 Re-

137 448 247 489 pone
278 434 333 475 Οἱ
354 435 559 485 διψῶντες
581 446 657 488 pro
684 431 910 484 Διψῶντες.
970 430 1172 471 Articulus
1200 430 1455 472 desideratur
1482 430 1606 471 etiam
1630 430 1671 469 in
1695 429 1762 470 ed.
1789 430 1931 470 Petav.
1960 428 2044 468 Co-

138 506 222 548 lon.
252 530 303 537 -—
361 500 444 545 l.4.
477 503 555 543 Pro
580 501 701 546 τοῦτο
727 496 828 544 αύτό
855 499 1026 541 restitue
1050 498 1097 542 τό
1129 495 1246 543 αύτό.
1305 500 1463 540 Eodem
1493 499 1594 539 vitio
1622 499 1783 539 laborat
1811 498 1876 539 ed.
1905 499 2045 538 PetaV.

142 575 286 615 Colon.
309 598 360 605 -
418 573 447 614 l.
466 573 503 614 5.
537 571 678 614 θέλετε
699 570 772 614 καὶ
797 568 1059 619 εἰςακούσετε
1078 570 1178 609 Ven.
1210 593 1262 599 —-
1319 570 1346 610 l.
1370 569 1429 610 11.
1463 565 1674 622 ψεύσηται
1688 570 1792 608 Ven.
1823 591 1877 599 —
1933 567 1959 607 l.
1981 566 2042 609 18.

138 644 327 684 Restitue
350 637 488 685 ’Ὀξτεν
516 641 609 685 ἐκεῖ
629 636 916 696 ἀπερχόμενοι.
974 640 1078 678 Voc.
1107 636 1200 680 ἐκεῖ
1234 638 1368 679 omiss.
1398 647 1461 679 est
1486 640 1609 679 etiam
1632 638 1674 677 in
1699 638 1763 677 ed.
1794 639 1933 679 Petav.
1961 637 2045 677 Co·—

139 714 225 755 lon.
256 737 308 744 --
364 711 450 754 1.6.
479 712 530 752 ab
556 711 633 752 inf.
662 709 800 752 Verba
828 707 900 752 καὶ
926 708 1221 758 Πεπουζιανῶν
1249 722 1328 749 om.
1358 710 1461 748 Ven.
1493 732 1547 740 --
1603 708 1631 749 l.
1653 710 1690 750 5.
1716 709 1767 749 ab
1797 708 1874 747 inf.
1906 704 2046 762 νήπιον

140 778 238 827 ὅντα
267 781 414 836 ἑορτῆς
443 783 543 823 Ven.
573 805 628 813 -
683 780 711 821 l.
733 779 804 820 ult.
848 775 1031 831 ἑκάστης
1073 778 1192 831 ἴσμεν
1218 776 1421 830 αἱρέσεως
1446 778 1549 819 Ven.
1608 777 1729 818 Unde
1750 777 2047 818 restituendum

141 861 204 894 est
232 851 320 892 sine
352 850 476 891 dubio
507 848 694 905 ἑκάστης
719 842 775 904 ἧς
800 849 920 902 ἴσμεν
949 848 1031 897 αἱρ.

251 922 384 978 Pag.
408 921 496 965 38.
550 920 578 960 l.
604 925 638 962 1.
669 919 838 973 corrige
870 912 898 962 ἅ
923 932 969 960 τε
996 917 1076 970 (sic
1105 917 1228 958 etiam
1257 919 1388 968 Ven.)
1417 913 1470 961 δι’
1499 913 1655 971 ἀκοῆς,
1692 913 1719 960 ἅ
1746 932 1792 960 τε
1817 913 1871 961 δι’
1899 913 2049 971 ἐγγρά-

141 1007 229 1047 φων
258 992 383 1045 (ven.
415 998 536 1044 auget
561 985 590 1033 ἅ
615 1003 663 1032 τε
690 986 760 1033 διὰ
787 986 1146 1043 συγγραμμάτων,
1178 982 1208 1030 ἅ
1232 1001 1279 1031 τε
1305 982 1358 1031 δι’
1387 985 1535 1041 ἐγγρ.).
1599 990 1658 1027 lta
1683 987 1808 1027 etiarn
1835 988 1877 1027 in
1905 987 2046 1027 adnot.

142 1062 302 1116 corrige
329 1055 359 1103 ἅ
385 1073 444 1102 τε.
474 1082 530 1090 -
585 1059 611 1099 l.
634 1056 672 1100 4.
705 1057 843 1112 ἐφευρ.
874 1057 947 1101 καὶ
984 1054 1036 1100 τοὶ
1067 1053 1295 1110 ἀνθρώπων
1334 1058 1436 1096 ven.
1471 1080 1526 1087 —
1583 1056 1610 1097 l.
1640 1057 1689 1098 13
1716 1065 1758 1096 et
1788 1054 1851 1098 14.
1894 1055 1947 1099 τὰ
1976 1054 2048 1110 μὲν

141 1129 255 1176 δεινοὶ
284 1133 388 1172 Ven.
419 1154 470 1160 —
527 1128 640 1170 1.11.
687 1126 746 1177 ὥς
772 1127 899 1171 εἰπεῖν
926 1142 1005 1168 om.
1031 1129 1136 1168 ven.
1170 1151 1219 1157 -
1281 1126 1381 1166 lbid.
1424 1122 1717 1179 μεταδιδόντος
1743 1131 1831 1174 τοῖς
1868 1131 2051 1173 συνετοῖς

143 1203 354 1256 μαῧηταῖς
377 1202 482 1241 Ven.
512 1222 565 1230 —-
622 1198 650 1239 l.
672 1198 736 1240 18.
767 1196 877 1253 ξύλῳ
915 1196 988 1240 καὶ
1014 1196 1266 1244 κολάσαντες
1291 1197 1371 1250 τῆς
1408 1196 1625 1250 αἱμορρίας
1651 1195 1816 1252 ἐχίδνης
1841 1194 1871 1249 τί
1898 1192 2051 1248 κύησις

140 1269 171 1327 ἢ
201 1271 323 1325 λοίμη
350 1270 432 1312 τῶν
461 1267 728 1323 δεδηγμένων
755 1265 802 1311 τὸ
832 1264 937 1322 αἷμα
960 1282 1004 1310 π.
1033 1282 1068 1309 τ.
1102 1280 1140 1309 σ.
1174 1265 1308 1320 ἐκκρ.,
1355 1281 1394 1308 κ.
1423 1261 1557 1314 οὕτως
1578 1281 1614 1307 τ.
1644 1266 1682 1307 3.
1711 1265 1908 1322 ἐμβάλλει
1947 1267 2050 1306 Ven.

142 1366 193 1373 —
226 1341 253 1382 l.
269 1344 307 1382 8.
339 1341 390 1381 ab
417 1340 493 1381 inf.
526 1333 740 1393 ’Ἅφὲορον
778 1339 880 1378 ven.
913 1361 966 1369 -
1022 1337 1050 1378 l.
1070 1335 1096 1379 6
1122 1345 1163 1377 et
1189 1339 1227 1378 5.
1254 1336 1304 1377 ab
1330 1336 1405 1376 inf.
1447 1333 1698 1391 πλανήσασα
1718 1338 1820 1378 Ven.
1851 1360 1904 1367 —
1961 1335 1989 1375 l.
2012 1332 2050 1376 4.

142 1412 193 1452 ab
222 1411 298 1452 inf.
331 1410 467 1451 Verba
496 1407 652 1462 “Ημ.εῖς
681 1407 729 1452 δὲ
756 1408 903 1448 absunt
932 1422 956 1448 a
987 1408 1089 1449 Ven.
1470 1414 1472 1417 ’

256 1482 387 1538 Pag.
403 1480 493 1523 40.
548 1478 637 1520 l·2.
686 1478 798 1519 Corr.
839 1472 912 1520 εἰτ’
949 1468 1029 1520 σύν.
1066 1501 1113 1508 ·-
1171 1477 1199 1517 l.
1223 1481 1261 1518 5.
1298 1475 1406 1519 κατὰ
1442 1474 1593 1530 Φρύγα
1628 1478 1760 1525 Ven.,
1805 1475 1967 1529 ubique.
1998 1499 2053 1505 —

142 1551 168 1592 l.
187 1552 224 1595 7.
271 1548 379 1593 κατὰ
416 1546 568 1603 Φρύγα
610 1550 710 1589 Ven.
748 1556 790 1588 et
818 1549 909 1590 Bas.
944 1572 987 1579 —
1051 1547 1076 1587 l.
1098 1547 1136 1590 9.
1181 1544 1241 1596 ὥς
1272 1545 1382 1590 εἷπον
1421 1549 1527 1587 Ven.
1557 1570 1612 1578 —
1668 1547 1782 1587 l.10.
1828 1542 1962 1600 τούτῳ
1991 1545 2051 1599 τῷ

142 1618 347 1675 προςώπῳ
375 1621 478 1660 Ven.
501 1620 644 1659 Recte.
676 1642 727 1648 —
786 1617 899 1659 1.11.
928 1616 970 1660 ἐν
1002 1617 1117 1674 εἰδέα
1143 1619 1245 1659 Ven.
1276 1641 1331 1648 —
1386 1617 1413 1659 l.
1436 1617 1500 1659 13.
1532 1619 1673 1659 τοῦτον
1705 1613 1829 1659 εἰπών
1854 1611 1977 1658 τόπον
2007 1610 2055 1657 ἅ-

143 1706 229 1746 γιον
259 1692 363 1731 Ven.
395 1713 447 1720 -—
505 1689 533 1729 1.
557 1686 621 1731 14.
670 1687 837 1742 Corrige
873 1701 993 1742 φησι.
1025 1710 1076 1718 ——
1133 1687 1160 1727 l.
1183 1686 1246 1729 16.
1295 1687 1461 1741 Corrige
1499 1687 1717 1735 Γυναῖκες.
1775 1689 1822 1727 In
1850 1688 1953 1726 Ven.
1993 1693 2055 1724 est

143 1760 350 1808 Γυναῖκες
386 1761 483 1814 γοῦν
508 1773 586 1813 pro
612 1758 709 1801 Γυν.
737 1749 820 1801 σύν.
879 1761 1013 1798 Antea
1038 1771 1116 1811 pro
1142 1755 1323 1810 Χριστὸν
1350 1757 1390 1796 in
1420 1757 1566 1797 eodem
1590 1757 1697 1797 libro
1726 1756 1873 1810 legitur
1897 1753 2053 1810 χρόνον.

145 1854 199 1863 -
228 1830 255 1870 l.
278 1832 339 1872 18.
371 1825 623 1884 καταφρύγα
654 1830 758 1869 ven.
790 1851 841 1858 —-
900 1828 1009 1868 l.20.
1040 1826 1112 1869 καὶ
1140 1827 1262 1883 καινῇ
1292 1828 1402 1871 διαὲτ.
1434 1829 1538 1868 Ven.
1569 1852 1620 1859 —-
1679 1827 1706 1867 l.
1729 1827 1767 1870 7.
1797 1826 1847 1867 ab
1877 1825 1953 1866 inf.
1997 1822 2056 1872 ὥς

147 1900 206 1949 εἰς
235 1898 373 1943 οἶκτον
411 1900 514 1939 Ven.

257 1971 389 2026 Pag.
408 1969 498 2012 42.
553 1968 581 2008 l.
601 1968 641 2009 2.
672 1965 880 2022 διαφοράς
906 1969 1007 2009 ven.
1040 1991 1091 1998 —
1147 1967 1175 2007 l.
1192 1967 1231 2009 3.
1263 1966 1335 2010 καὶ
1364 1963 1513 2021 όργιῶν
1532 1997 1540 2006 .
1559 1965 1924 2023 ἐκβακχευομένων
1954 1966 2056 2006 Ven.

145 2064 201 2072 —
228 2040 255 2081 l.
275 2039 315 2082 6.
346 2035 564 2081 ἀκούσωσι
586 2039 688 2078 Ven.
722 2060 772 2068 -
831 2037 856 2077 l.
878 2038 916 2080 8.
959 2034 1162 2092 κυριεύσῃ
1192 2039 1294 2078 Ven.
1326 2061 1380 2068 —-
1437 2037 1463 2077 l.
1491 2037 1553 2079 13.
1596 2039 1724 2080 νῶδον
1751 2034 1841 2079 τινὰ
1865 2037 1968 2077 Ven.
2003 2059 2055 2066 --

144 2111 172 2153 l.
199 2107 261 2152 14.
305 2105 626 2161 ἐπικαλούμενος
653 2109 757 2148 Ven.
788 2131 841 2138 ——-
898 2107 924 2147 l.
944 2107 985 2150 7.
1015 2107 1065 2146 ab
1092 2107 1170 2147 inf.
1212 2103 1493 2160 ἀποστόλους,
1539 2104 1760 2161 εύαγγέλια
1787 2109 1887 2147 Ven.
1918 2129 1971 2137 —-
2029 2105 2054 2144 l.

146 2183 186 2223 5.
214 2180 265 2221 ab
291 2180 365 2219 inf.
397 2178 658 2231 Περιέπεσαν
688 2176 737 2221 δὲ
765 2173 857 2220 ἀστ.
890 2175 963 2219 καὶ
992 2172 1107 2234 αύτῷ
1138 2172 1184 2219 ού
1215 2177 1276 2232 τῷ
1306 2174 1491 2233 τυχόντι.
1511 2169 1621 2220 οὗτοι
1651 2178 1781 2230 δῆὲτεν
1811 2178 1915 2218 Ven.

258 2250 394 2305 Peg.
411 2246 501 2291 44.
557 2247 584 2287 l.
610 2250 642 2290 1.
674 2243 840 2303 αύχῶσι
863 2248 967 2287 Ven.
1000 2271 1047 2277 —
1107 2247 1134 2288 l.
1152 2247 1193 2290 7.
1225 2243 1403 2302 εὕραμεν
1429 2243 1663 2302 ἀντίγραφα
1688 2242 1826 2290 ἅκτων
1852 2246 1952 2287 Πιλ.
1980 2245 2059 2285 ha-

146 2320 219 2361 bet
242 2320 450 2371 Venetus,
483 2318 756 2359 coniecturam
782 2331 915 2358 meam
941 2317 1117 2357 firmans.
1151 2341 1202 2347 —-
1260 2318 1288 2357 l.
1317 2319 1376 2358 15.
1427 2318 1612 2358 Restitue
1640 2314 1885 2371 πρόςταγμα
1912 2330 1961 2355 ex
1983 2329 2060 2355 au-

150 2388 344 2430 ctoritate
372 2388 534 2430 Veneti.
566 2412 615 2419 --
674 2388 700 2428 l.
720 2389 785 2429 21.
814 2388 972 2430 πολλῶν
989 2420 1001 2442 ,
1032 2396 1128 2442 post
1153 2387 1263 2437 Καὶ,
1307 2379 1343 2429 ὦ
1368 2387 1450 2430 τῶν
1470 2419 1480 2437 ,
1525 2402 1604 2429 om.
1630 2389 1733 2427 Ven.
1763 2410 1815 2416 —
1873 2386 1900 2425 l.
1924 2383 1985 2426 14.
2010 2385 2060 2425 ab

149 2459 225 2500 inf.
259 2457 427 2511 Corrige
455 2454 536 2511 γάρ
564 2456 685 2501 ἐστιν.
715 2482 763 2488 -
825 2457 852 2499 l.
882 2459 940 2499 11.
969 2458 1019 2498 ab
1047 2458 1124 2497 inf.
1167 2455 1322 2506 πολλὰς
1350 2454 1475 2506 ὁδούς
1514 2458 1621 2511 (sine
1650 2454 1840 2511 ἑαυτοὺς)
1870 2457 1976 2497 ven.
2010 2478 2061 2485 —

150 2529 175 2570 l.
202 2529 262 2570 10.
292 2524 322 2583 ἦ
350 2523 522 2572 ύπόνοια
548 2529 651 2568 Ven.
678 2551 727 2558 --
788 2527 892 2569 lbid.
935 2530 1084 2569 Venet.
1111 2528 1246 2568 firmat
1273 2527 1310 2570 εἰ
1339 2528 1393 2583 τῇ
1409 2559 1418 2578 ,
1465 2527 1576 2582 quod
1601 2527 1761 2568 restitui
1785 2540 1860 2581 pro
1883 2525 1991 2579 vulg.
2022 2523 2063 2566 ἐν

149 2602 219 2658 τῇ.
249 2625 299 2632 -
357 2601 384 2641 l.
403 2600 445 2643 7.
474 2597 524 2638 ab
553 2597 630 2637 inf.
674 2598 849 2652 Repono
877 2611 928 2638 ex
953 2599 1115 2639 Veneto
1144 2593 1177 2651 ἥ
1201 2613 1249 2640 τε
1275 2594 1448 2651 δεκάτη.
1483 2622 1532 2628 --
1590 2597 1617 2638 l.
1639 2600 1677 2639 5.
1706 2598 1756 2638 ab
1782 2596 1857 2637 inf.
1901 2594 2064 2649 ἐπιφω-

153 2668 340 2718 σκούσας
372 2671 476 2711 Ven.
508 2690 559 2699 --
618 2667 645 2708 1.
674 2668 830 2722 penult.
864 2663 912 2710 ού
943 2666 1113 2723 λογικήν
1145 2666 1252 2711 κατὰ
1282 2665 1379 2711 &adv
1409 2669 1513 2708 Ven.

260 2741 392 2797 rag.
410 2739 498 2783 46.
553 2738 580 2778 l.
596 2738 634 2780 3.
663 2736 800 2791 φθίνει
825 2736 1068 2792 φαινόμενον
1094 2740 1198 2780 Ven.
1225 2762 1280 2770 --
1336 2738 1363 2777 l.
1381 2739 1419 2779 5.
1460 2735 1703 2792 η’μαυρώὲϊη
1734 2739 1837 2778 Ven.
1868 2759 1923 2766 —
1973 2735 2001 2777 1.
2024 2733 2065 2776 9.

153 2813 299 2853 Venet.
328 2809 487 2864 plenius
523 2807 611 2850 Καὶ
649 2806 847 2860 ἐποίησαν
876 2808 913 2849 οἱ
940 2807 1021 2850 υἱοὶ
1047 2804 1326 2862 Ἰερουσαλὴμ
1354 2806 1400 2851 τό
1434 2805 1596 2864 Πάσχα
1624 2807 1696 2850 καὶ
1725 2805 1892 2861 ἔφαγον.
1925 2829 1977 2836 —-
2034 2804 2063 2845 l.

154 2879 218 2924 14.
250 2882 400 2921 Venet.
431 2877 728 2934 μυσταγωγίας
756 2876 957 2932 κέχρηται
985 2875 1090 2931 γὰρ,
1119 2878 1375 2919 intermediis
1402 2878 1574 2919 omissis.
1608 2902 1659 2908 -—
1718 2877 1745 2919 l.
1767 2876 1829 2918 19.
1860 2876 1921 2931 τῷ
1947 2871 2068 2928 ἀριῇ-

155 2952 223 3008 μῷ
257 2951 329 2994 τοῦ
371 2946 491 3002 τὶλίου
522 2950 626 2989 Ven.
657 2971 711 2979 --·
767 2947 793 2986 l.
825 2949 886 2988 10.
917 2947 967 2987 ab
994 2947 1068 2988 inf.
1111 2950 1183 2991 τοῦ
1216 2947 1392 3003 βέτωνος
1424 2950 1527 2988 Ven.
1560 2972 1612 2978 -
1670 2948 1697 2987 1.
1720 2949 1744 2988 5
1772 2955 1815 2986 et
1842 2944 1879 2987 4.
1907 2945 1958 2985 ab
1990 2943 2067 2983 inf.

152 3021 228 3065 καὶ
253 3019 331 3075 τήν
359 3015 486 3063 αύτοῦ
512 3013 793 3069 Ἀποκάλυῴιν
822 3019 926 3058 Ven.
984 3018 1121 3058 Verba
1148 3013 1202 3071 ἣν
1227 3017 1423 3062 ἐκάλεσεν
1452 3015 1660 3071 Ἀνοῆτων
1686 3017 1835 3057 rectius
1865 3012 2068 3055 deleveris

157 3106 249 3132 cum
280 3090 430 3131 eodem
459 3088 580 3129 libro.

266 3162 398 3217 Pag.
425 3160 516 3203 48.
570 3157 596 3198 l.
621 3159 660 3200 5.
705 3154 920 3211 γεγονότες
958 3158 1011 3213 τῇ
1050 3157 1173 3214 πείρᾳ
1213 3160 1315 3199 Ven.
1346 3183 1398 3189 ——
1467 3159 1494 3199 l.
1522 3159 1585 3201 17.
1631 3156 1843 3211 ηδώσασα
1882 3157 1983 3197 Ven.
2018 3178 2069 3185 --

156 3231 185 3271 1.
208 3231 273 3274 18.
300 3232 401 3271 Ven.
427 3229 585 3284 plenius
612 3224 759 3271 ἀποστ.
785 3227 858 3270 καὶ
883 3228 965 3270 τῶν
998 3224 1135 3271 αύτῶν
1161 3225 1295 3282 λόγων
1321 3229 1395 3271 καὶ
1419 3228 1500 3271 τῶν
1534 3224 1675 3282 εύαγγ.
1708 3251 1759 3258 -
1817 3227 1842 3266 l.
1865 3225 1931 3268 26.
1967 3225 2071 3278 στῆ-

157 3316 223 3344 ναι
251 3295 369 3355 ὄφεις
396 3301 501 3340 Ven.
533 3322 585 3330 —
641 3298 668 3339 l.
689 3299 755 3339 28.
799 3296 877 3351 τήν
909 3294 1112 3349 εύωδίαν,
1154 3298 1227 3340 καὶ
1251 3299 1328 3351 τῆς
1354 3286 1579 3354 ἀβροτόνου
1597 3330 1607 3348 ‚
1653 3298 1781 3339 εἴτουν
1808 3294 2073 3351 λιβανωτίδος

158 3372 262 3412 Ven.
294 3394 348 3403 --
403 3370 429 3409 l.
455 3371 519 3411 10.
551 3369 602 3409 ab
628 3368 703 3408 inf.
747 3366 787 3410 ἐν
824 3368 879 3422 τῇ
924 3366 1025 3423 ἁγίᾳ
1060 3369 1164 3408 Ven.
1195 3391 1244 3398 -
1303 3365 1394 3409 1.9,
1420 3368 1470 3408 ab
1498 3368 1576 3407 inf.
1622 3367 1694 3409 καὶ
1723 3364 1851 3408 λύσαν
1882 3367 1987 3407 Ven.
2021 3389 2074 3397 -—

159 3440 186 3481 l.
205 3440 244 3482 8.
277 3448 320 3480 et
347 3440 386 3483 7.
412 3439 462 3480 ab
490 3439 565 3478 inf.
609 3438 837 3493 γηραλαίαν
867 3440 970 3478 Ven.
1000 3462 1054 3468 --
1110 3438 1137 3477 l.
1158 3438 1197 3480 3.
1224 3437 1274 3477 ab
1299 3438 1375 3477 inf.
1418 3433 1598 3492 ἀναφυεῖ
1621 3439 1709 3477 Bas.
1771 3437 1944 3491 Repono
1971 3429 2074 3478 ’ὅπου

162 3504 211 3554 ἂν
244 3505 429 3565 ἀναφυῇ.
460 3533 515 3540 -—-
571 3508 598 3549 1.
631 3509 702 3549 ult.
737 3510 932 3552 διολεῖται
961 3509 1067 3548 Ven.

271 3581 404 3637 Pag.
422 3581 508 3624 50.
563 3579 591 3621 l.
612 3580 651 3623 7.
686 3574 887 3632 ἀληθείας
921 3573 1017 3621 οὔτε
1041 3579 1114 3621 τοῦ
1140 3574 1359 3632 Ἰωάννου,
1389 3577 1640 3618 intermediis
1668 3576 1825 3617 omissis
1842 3608 1855 3626 ‚
1886 3578 1993 3618 Ven.
2022 3599 2076 3607 --

162 3651 191 3691 l.
218 3650 281 3692 10.
324 3648 382 3705 μή
408 3650 470 3702 πῆ
496 3651 586 3690 Bas.
619 3658 662 3689 et
693 3648 757 3689 ed.
785 3651 922 3689 Petav.
958 3672 1007 3679 —-
1066 3649 1094 3689 1.
1123 3649 1188 3690 12.
1234 3647 1360 3703 φύσει
1383 3647 1435 3690 τὰ
1464 3647 1612 3703 βέβαια
1634 3645 1685 3690 τὰ
1712 3648 1814 3689 ven.
1849 3671 1901 3678 —
1959 3648 1986 3687 1.
2013 3648 2077 3690 18.

164 3711 201 3777 ᾦ
233 3715 361 3770 ἀξίως
389 3721 492 3760 Ven.
528 3722 648 3760 Beue.
681 3743 733 3750 -
790 3719 818 3760 l.
845 3717 905 3761 14.
936 3719 986 3760 ab
1014 3718 1089 3760 inf.
1133 3717 1243 3773 λέγει
1284 3713 1496 3772 όίνῖῖρωπον
1539 3719 1638 3759 Ven.
1665 3743 1721 3750 -—-
1776 3718 1805 3758 l.
1830 3718 1892 3761 13.
1923 3718 1973 3758 ab
2003 3719 2078 3757 inf.

161 3785 255 3834 Ἀπ’
286 3787 424 3845 ἀρχῆς
451 3789 578 3832 τοίνυν
616 3791 717 3830 ven.

253 3858 397 3904 eorpus
421 3856 643 3893 Haereseol.
666 3857 714 3892 11.
737 3858 771 3893 3.
1673 3865 1741 3915 40
