2508 4134
537 275 764 318 PANAnn
791 273 895 317 Lm.
923 275 995 317 111.
1024 276 1157 319 ΤοΜ.
1182 280 1212 319 1.
1240 279 1405 320 HAER.
1433 279 1629 321 Lxxvt.
1931 268 2031 320 289

133 376 329 445 spiritus
356 374 458 443 ipse
491 382 688 426 sanctus
720 373 816 442 pati
849 374 1099 442 quicquam
1142 384 1328 443 potest,
1384 378 1462 444 qui
1498 377 1744 428 columbae
1782 376 1943 446 speeie
1974 378 2034 429 ad

134 459 384 511 Iordanem
411 458 677 521 descendit,
719 474 807 508 nec
831 458 1106 525 unigenitus
1134 476 1161 508 a
1186 461 1365 511 Ioanne
1394 460 1664 529 baptizatus
1693 471 1741 513 et
1763 470 2034 513 contrecta-

134 553 239 607 ωε,
297 544 380 594 sed
411 559 566 610 neque
596 551 734 610 pater
764 541 999 593 eiusmodi
1026 543 1083 593 de
1111 543 1246 593 coelo
1277 561 1397 593 voce
1424 561 1719 611 personam,
1779 564 1916 614 quam
1948 547 2033 598 ho-

132 626 284 677 mines
326 626 558 678 exaudire
601 635 825 696 possent,
881 629 971 675 Hic
1003 636 1075 675 est
1094 629 1237 691 filius
1263 645 1405 686 meus,
1448 633 1593 692 ipsum
1621 634 1790 681 audite.
1868 628 2033 696 Quare

132 711 248 761 nihil
286 729 314 762 a
352 719 485 779 patre
525 711 746 763 diversus
788 718 862 761 est
904 710 1047 761 fitius.
1137 709 1203 760 Et
1245 711 1431 778 quidem
1475 721 1611 779 pater
1648 714 1892 781 ingenitus
1937 723 2030 778 est,

132 795 255 846 filius
295 796 514 862 genitus,
570 812 660 846 nee
699 794 795 845 ullo
834 794 974 845 modo
1003 794 1238 862 patibilis3
1297 794 1492 862 spiritus
1524 814 1641 846 vero
1680 807 1874 849 sanctus
1914 799 2036 849 citra

132 879 404 947 passionem
427 879 569 930 ullam
598 878 861 948 processit3
902 887 1062 929 cetera
1089 879 1248 942 omnia
1279 879 1525 930 creatione
1552 881 1780 948 producta
1808 891 1937 946 sunt,
1982 900 2037 932 ac

131 963 342 1031 perfecta
376 962 480 1032 ipsa
506 963 694 1014 trinitas
720 963 767 1014 in
800 964 1065 1032 quantitate
1093 980 1180 1014 sua
1215 972 1262 1013 et
1287 963 1502 1014 increata
1532 965 1850 1033 appellatione
1879 984 2036 1017 rema-

132 1056 239 1110 net,
281 1047 350 1098 sic
375 1056 426 1098 ut
453 1065 607 1116 neque
639 1057 957 1099 commutetur
985 1047 1109 1115 quod
1140 1047 1308 1098 melius
1347 1056 1440 1111 est,
1481 1065 1635 1116 neque
1666 1051 1790 1116 quod
1824 1049 2038 1118 gignitur

131 1131 226 1182 ulla
269 1130 479 1199 patiendi
520 1132 627 1200 lege
669 1137 971 1184 coerceatur.
1049 1128 1140 1182 Cui
1170 1132 1359 1200 quidem
1387 1149 1541 1200 neque
1571 1134 1763 1200 genitor
1795 1134 2036 1186 obnoxius

131 1216 237 1266 fuit.
314 1214 429 1267 Non
459 1216 583 1267 enim
612 1233 895 1284 corporeum
926 1224 1001 1266 est
1025 1216 1236 1283 genitum
1267 1217 1411 1280 illud,
1453 1218 1538 1267 sed
1567 1217 1764 1285 spiritus
1790 1235 1816 1269 e
1845 1219 2033 1286 spiritu,

131 1307 189 1358 et
206 1316 270 1350 ex
297 1309 431 1368 patre
461 1300 605 1351 filius.
681 1302 751 1351 lta
783 1300 925 1350 etiam
966 1308 1015 1350 et
1045 1300 1240 1367 spiritus
1277 1309 1475 1352 sanctus
1508 1301 1566 1351 ab
1605 1301 1709 1370 ipso
1748 1320 2038 1371 progressus

131 1392 231 1447 est,
273 1384 470 1453 spiritus
497 1384 664 1454 patriS‚
706 1385 903 1453 spiritus
931 1381 1145 1449 Christi,
1187 1403 1281 1436 non
1310 1393 1524 1450 creatuS‚
1565 1404 1661 1436 non
1689 1386 1901 1454 genituS,
1943 1405 2040 1439 non

130 1485 387 1536 germanus
418 1470 596 1532 frater,
649 1487 745 1519 non
770 1485 918 1532 avuS,
970 1487 1065 1519 non
1112 1486 1279 1538 ηεροδ.
1358 1467 1606 1537 Siquidem
1650 1470 2038 1540 incomparabilis

130 1553 278 1621 patris
298 1591 312 1616 ,
354 1553 432 1604 filii
458 1571 513 1605 ae
538 1552 736 1621 spiritus
769 1554 923 1604 sancti
952 1562 1123 1604 natura
1151 1554 1490 1621 cogitationem
1520 1572 1709 1605 omnem
1741 1572 1798 1606 ac
1828 1566 2038 1607 mentem

131 1647 359 1705 superat,
423 1655 518 1688 non
558 1636 799 1687 hominum
841 1637 994 1699 solum
1036 1638 1272 1701 dixerim,
1343 1656 1508 1689 verum
1548 1639 1689 1690 etiam
1731 1641 2033 1707 angelorum.

129 1718 245 1772 Non
287 1722 413 1772 enim
454 1722 763 1772 mutationem
807 1722 951 1772 ullam
991 1722 1160 1773 unicus
1203 1723 1276 1773 dei
1319 1723 1443 1773 filius
1481 1723 1700 1787 admisit,
1758 1741 1848 1775 nee
1889 1725 2041 1793 ipsius

131 1813 295 1873 pater,
338 1822 493 1874 neque
521 1815 716 1857 sanctus
746 1806 850 1857 eius
880 1806 1095 1874 spirituS‚
1138 1824 1197 1858 eo
1225 1808 1349 1874 quod
1375 1806 1652 1876 unigenitus
1677 1826 1766 1877 per
1795 1826 1906 1859 sese
1934 1826 2042 1877 pas-

132 1890 283 1941 sionis
318 1907 497 1959 expers
543 1890 588 1940 in
634 1907 781 1941 carne
826 1890 888 1941 sit
920 1908 1120 1959 passus,
1175 1891 1371 1960 spiritus
1410 1909 1528 1942 vero
1563 1901 1758 1944 sanctus
1791 1893 2041 1944 columbae

133 1992 187 2027 se
218 1975 380 2043 specie
404 1974 660 2026 videndum
692 1974 952 2038 obiecerit,
1008 1993 1064 2026 ac
1094 1984 1337 2044 postremo
1366 1985 1502 2044 pater
1527 1976 1631 2045 ipse
1663 1993 1784 2027 voce
1815 1977 1872 2027 de
1903 1978 2040 2028 coelo

131 2059 278 2110 missa
329 2058 447 2109 citra
498 2059 771 2129 passionem
823 2059 963 2110 ullam
1015 2059 1256 2111 hominum
1311 2060 1507 2111 auribus
1556 2060 1846 2112 insonuerit.
1922 2059 2040 2112 Non

131 2161 272 2196 secus
315 2152 456 2212 atque
495 2143 685 2212 angeli,
740 2144 981 2196 coelestes
1022 2144 1193 2208 orbe5‚
1246 2153 1406 2208 terra,
1459 2153 1716 2212 ceteraque
1755 2162 1875 2213 quae
1920 2146 2039 2196 deus

130 2227 367 2292 condidit,
422 2228 582 2279 omnia
625 2228 799 2279 nullam
840 2229 1025 2279 auctori
1059 2246 1147 2280 suo
1182 2229 1492 2280 mutationem
1522 2229 1921 2297 affectionemque
1955 2228 2039 2280 tri-

130 2311 354 2366 buerunt.
432 2309 530 2364 Sed
571 2313 689 2364 haee
725 2312 884 2364 omnia
924 2314 1207 2382 stupendum
1246 2314 1479 2381 quoddam
1511 2322 1623 2364 sunt
1652 2301 2042 2382 horrendumque

130 2396 444 2464 mysterium,
497 2397 564 2446 uti
607 2396 835 2467 scriptum
882 2408 985 2462 est,
1041 2402 1079 2448 0
1114 2401 1311 2448 altitudo
1349 2402 1641 2459 divitiarum,
1696 2402 1949 2464 sapientiae
1984 2408 2031 2448 et
2045 2413 2154 2451 Rom.
2167 2416 2221 2461 11,
2238 2414 2291 2452 33.

129 2483 350 2530 scientiae
385 2483 493 2529 dei!

272 2563 403 2615 Aetii
433 2560 591 2632 Caput
617 2566 790 2614 XXllI.
867 2563 922 2617 Si
957 2567 1145 2634 genitae
1178 2567 1476 2618 substantiae
1509 2584 1682 2619 caussa
1707 2567 1767 2618 sit
1796 2567 2034 2636 ingenita,

131 2648 396 2717 ingenitum
436 2664 582 2710 vem,
639 2648 761 2715 quod
808 2648 1089 2719 principium
1128 2652 1328 2715 dicitur,
1382 2652 1498 2703 nihil
1535 2652 1731 2703 omnino
1769 2650 1859 2716 sit,
1917 2669 2037 2720 quo-

132 2733 273 2783 modo
316 2740 475 2800 potest
513 2732 559 2783 id
604 2732 728 2800 quod
770 2733 885 2783 nihil
925 2742 999 2784 est
1037 2735 1139 2786 eius
1184 2737 1305 2804 quod
1350 2737 1632 2805 productum
1666 2745 1740 2788 est
1773 2753 1881 2788 esse
1913 2735 2041 2804 prin-

134 2817 348 2886 cipium?

275 2898 475 2953 Confut.
509 2902 681 2950 XXIlI.
756 2901 975 2969 lngenita
1018 2902 1284 2954 substantia
1325 2922 1421 2955 non
1462 2905 1631 2956 eodem
1666 2922 1757 2972 quo
1787 2903 1843 2955 ad
1875 2912 2039 2954 cetera

136 2985 293 3036 omnia
321 2993 597 3054 comparata
627 2985 795 3048 mode,
836 2985 920 3035 sed
947 2986 1039 3036 alio
1071 2988 1272 3053 quodam
1302 3005 1448 3039 sensu
1475 2990 1675 3053 dieitur,
1717 3006 1823 3039 cum
1851 2987 1909 3038 ad
1936 2986 2039 3036 uni-

136 3087 238 3121 cam
272 3069 485 3121 sobolem
517 3069 756 3133 refertur,
796 3069 873 3120 vel
904 3069 963 3119 ad
990 3070 1205 3137 spiritum
1234 3080 1480 3136 sanctum,
1524 3074 1602 3140 qui
1627 3073 1685 3123 ab
1710 3073 1814 3141 ipsa
1840 3086 2040 3140 progre-

138 3155 282 3204 ditur.
357 3152 533 3221 Neque
564 3170 681 3205 vero
723 3152 1005 3221 principium
1048 3163 1121 3205 est
1149 3155 1382 3206 eiusmodi
1422 3157 1560 3224 quale
1602 3165 1677 3207 est
1711 3156 1834 3223 quod
1872 3153 2042 3204 existit

138 3256 243 3289 eum
292 3239 500 3289 nondum
538 3237 782 3288 existente
810 3246 1155 3305 comparatum.
1232 3237 1419 3308 Quippe
1448 3258 1543 3290 non
1577 3257 1641 3290 ex
1670 3239 1817 3289 nihilo
1849 3238 2041 3306 genitus

139 3332 213 3374 est
236 3322 387 3386 filius,
428 3339 583 3390 neque
613 3340 707 3372 non
734 3321 952 3373 existens
976 3330 1050 3373 est
1080 3322 1157 3389 qui
1187 3323 1380 3390 genuit,
1433 3324 1509 3374 vel
1535 3323 1615 3391 qui
1644 3323 1702 3373 ab
1733 3322 1838 3390 ipso
1871 3338 2041 3390 proce-

140 3406 207 3457 dit
247 3405 442 3475 spiritus
486 3415 713 3469 sanctus3
790 3415 1060 3457 ceterorum
1104 3422 1221 3457 vero
1262 3425 1434 3459 caussa
1488 3416 1564 3457 est
1602 3406 1821 3457 existens
1862 3405 2036 3474 ipsum.

143 3487 450 3559 Quapropter
470 3500 638 3559 suapte
661 3490 814 3559 gloria
834 3507 888 3540 ac
909 3490 1162 3559 splendore
1185 3491 1397 3557 praedita
1422 3506 1613 3558 semper
1639 3497 2043 3543 estsacrosancta

200 3603 263 3645 18.
293 3605 401 3643 Libri
429 3604 546 3653 vulyo
573 3599 620 3644 τὸ
650 3601 734 3645 τὸν.
1175 3601 1214 3641 2.
1243 3604 1379 3652 Differt
1408 3605 1601 3651 scriptura
1629 3604 1670 3641 in
1697 3604 1969 3653 superioribus,
1996 3604 2043 3642 de

201 3658 265 3701 19.
297 3661 402 3699 Editi
427 3658 508 3711 τῆς
532 3656 742 3711 γνώσεως.
785 3661 832 3699 At
858 3660 1065 3700 articulum
1118 3670 1197 3708 qua
1225 3660 1312 3697 vide
1343 3660 1382 3697 in
1412 3662 1555 3697 annoti.

141 3729 216 3758 ηοπ
246 3718 456 3766 cynoscunt
485 3715 596 3754 codd.
627 3727 716 3755 mss.
1176 3714 1214 3755 3.
1244 3711 1441 3766 ἑκατέραν
1470 3715 1553 3753 cod.
1584 3716 1742 3766 Rhediy.

202 3774 235 3813 1.
265 3767 295 3824 τί
323 3783 399 3811 non
427 3775 636 3820 cynoscunt
666 3772 776 3811 codd.
807 3784 897 3812 mss.
1175 3767 1214 3810 4.
1245 3765 1274 3820 τί
1305 3781 1377 3809 om.
1409 3771 1491 3810 cod.
1521 3770 1678 3821 Rhediy.

229 3837 373 3881 Corpus
397 3836 618 3873 Haereseol.
633 3836 679 3871 11.
695 3837 727 3871 3.
1645 3844 1708 3893 19
