2508 4134
239 402 351 459 Κεφ.
377 400 429 448 2‘.

239 2710 324 2748 pag.
348 2698 442 2735 1⁰87.

465 267 567 319 496
1170 276 1376 320 SANCTI
1401 275 1687 322 ΕΡΙΡΗΑΝΠ

612 365 777 425 Αὗται
813 366 906 426 οὖν
940 375 1060 426 εἰσιν
1101 371 1406 444 ὀγδοήκοντα
1450 379 1764 442 παλλακίδες,
1817 370 1884 430 ὧν
1922 375 1952 430 6
1990 374 2208 448 οἷριθμὸς
2244 367 2392 440 οὗτος

467 457 751 527 ἐμφέρεται,
798 457 1021 511 κάκεῖναι
1063 461 1119 511 αἱ
1151 462 1426 526 βασίλισσαι
1464 463 1520 513 αἱ
1553 459 1676 515 κατὰ
1711 460 1798 523 τοὶς
1828 460 1995 530 γενεάς
2031 460 2390 531 ἄριθμηθεῖσαι

465 544 649 610 ψυχαὶ,
688 544 935 596 τουτέστιν
963 542 1138 614 ἄνδρες
1162 546 1247 597 καὶ
1274 544 1578 616 πατριάρχαι.
1656 546 1896 608 Νεάνιδες
1925 547 2007 612 δὲ,
2047 541 2116 600 οἶν
2142 545 2233 601 οὐκ
2261 549 2391 601 ἔστιν

465 626 709 698 ἀριθμὸς,
749 630 802 682 ἐν
824 636 931 691 ταῖς
954 627 1131 682 λοιπόν
1156 628 1281 683 κατά
1306 630 1468 683 πάντα
1497 630 1687 699 κόσμον
1715 634 2044 698 φιλοσοφίαις,
2081 633 2163 686 καὶ
2186 631 2392 700 ἑκάστης

464 719 629 782 ψυχῆς
655 717 933 779 πολιτείαις,
971 720 1059 782 τῆς
1083 716 1170 783 μὲν
1197 714 1349 784 οὔσης
1376 718 1647 784 ἐπαινετῆς,
1684 722 1774 783 τῆς
1800 717 1853 769 δὲ
1889 714 1963 769 οὔ.
2035 721 2120 780 Τίς
2156 716 2249 788 γάρ
2286 718 2392 788 ἆρι·

464 796 673 867 θμήσειε
694 802 784 852 τοῦ
808 799 998 868 κόσμου
1023 799 1203 854 τούτου
1229 800 1319 869 τήν
1343 800 1619 871 διαφοράν,
1663 800 1827 854 Πόσαι
1854 799 1946 871 γάρ
1974 800 2110 855 ἄλλαι
2140 803 2250 874 παρ’
2274 802 2392 856 ’Έλ-

463 890 570 951 λησι
612 882 730 951 μετὰ
769 883 856 947 τοὶς
893 887 1254 956 προειρημένας
1292 888 1520 957 τέτταρας
1558 885 1904 956 φανερωτάτας
1930 884 2270 954 ούκέφυσαν,
2307 887 2392 941 καὶ

465 971 533 1022 ἔτι
560 967 678 1038 μετά
703 968 790 1032 τοὶς
818 972 1024 1041 αἱρέσεις
1051 974 1240 1034 ἐκείνας
1263 973 1345 1024 καὶ
1373 970 1459 1032 τάς
1490 972 1741 1038 μετέπειτα
1767 971 1891 1024 κατὰ
1919 970 2005 1040 τὴν
2028 971 2235 1026 ἑκάστου
2265 971 2391 1044 γνώ-

465 1077 560 1123 μην
599 1057 650 1108 ἐν
693 1054 892 1124 δοκήσει
919 1057 1228 1124 νεανιότητος
1256 1056 1371 1110 καθ’
1411 1055 1587 1118 ἑαυτάς
1615 1055 1868 1126 γινόμεναι
1898 1060 2056 1125 ψυχαί
2082 1078 2134 1110 τε
2156 1059 2238 1110 καὶ
2269 1063 2393 1128 γνῶ-

465 1163 578 1209 μαι,
647 1139 735 1203 Ὡς
770 1140 1056 1211 Πυρρώνιοι
1090 1145 1354 1194 καλοῦνταί
1393 1162 1518 1203 τινες
1557 1143 1639 1194 καὶ
1667 1140 1800 1195 ἄλλοι
1830 1146 2050 1208 πλείους,
2100 1136 2170 1196 ‹32›
2194 1141 2255 1196 τοὶ
2280 1142 2391 1197 ὀνό-

467 1249 595 1294 ματα
623 1228 708 1279 καὶ
735 1226 820 1288 τοὶς
848 1226 996 1290 δόξας
1022 1226 1141 1280 καθ’
1174 1225 1344 1297 εἷρμὸν
1372 1224 1625 1292 ὖποτάξω,
1676 1233 1869 1281 πολλῶν
1905 1228 1990 1295 μὲν
2015 1227 2172 1282 ὅντων
2196 1234 2294 1282 τῶν
2325 1230 2395 1291 εἰς

466 1318 645 1382 γνῶσιν
672 1309 813 1380 ’ἡμῶν
846 1311 1183 1379 ἐληλυθότων,
1222 1310 1639 1383 πολλοστημόριόν
1665 1333 1714 1365 τε
1741 1318 1841 1366 τῶν
1868 1315 1920 1367 ἐν
1948 1314 2117 1388 κόσμῳ
2149 1311 2394 1386 ὑπαρχόν·

467 1419 578 1451 των.
655 1402 755 1451 Καί
784 1400 876 1451 εἶσι
901 1398 987 1466 μὲν
1016 1400 1071 1449 αἱ
1096 1399 1145 1460 ἐξ
1170 1395 1409 1465 Ἑλλήνων
1438 1399 1570 1462 αἵδε,
1625 1390 1697 1450 ὧν
1723 1398 1926 1469 πρώτην
1949 1398 2143 1468 τάξαιμι
2171 1398 2394 1470 ἄπαρχῆς

465 1481 556 1551 την
596 1486 761 1537 Θαλοῦ
797 1489 887 1537 τοῦ
923 1487 1176 1550 Μιλησίου
1213 1483 1413 1554 γνώμην
1448 1503 1498 1536 τε
1534 1483 1620 1536 καὶ
1657 1483 1819 1547 δόξαν.

609 1821 778 1888 Λύτὸς
813 1822 905 1895 γάρ
940 1828 1102 1893 Θαλῆς
1139 1822 1167 1878 6
1191 1823 1469 1892 Μιλήσιος,
1521 1823 1591 1888 εἷς
1621 1824 1691 1879 ὢν
1717 1831 1815 1879 τῶν
1851 1823 1974 1879 ἑπτά
2003 1831 2202 1893 σοφῶν,
2258 1826 2395 1896 ἀρχέ-

469 1932 617 1982 γονον
642 1910 844 1964 πάντων
880 1908 1170 1979 ἀπεφήνατο
1199 1909 1253 1964 τὸ
1286 1910 1438 1982 ὕδωρ.
1505 1910 1590 1976 Ἐξ
1625 1910 1806 1974 ὕδατος
1842 1910 1933 1982 γάρ
1973 1929 2094 1980 φησι
2134 1910 2195 1965 τά
2234 1911 2395 1966 πάντα

470 1994 608 2060 εἶναι,
649 1998 733 2050 καὶ
769 1999 837 2059 εἰς
870 1996 1008 2067 ’ὕδωρ
1045 1996 1190 2050 πάλιν
1228 1995 1544 2050 ἀναλύεσθαι.

605 2082 1008 2153 Ἀναξίμανδρος,
1049 2080 1079 2135 6
1108 2088 1197 2135 τοῦ
1230 2081 1544 2152 Πραξιάδου,
1582 2083 1664 2135 καὶ
1692 2080 1843 2144 αύτός
1869 2081 2135 2149 Μιλήσιος,
2172 2081 2227 2136 vd
2258 2079 2395 2136 ἄπει-

473 2190 561 2240 ρον
600 2166 752 2239 ἀρχὴν
781 2165 1014 2221 ἁπάντων
1053 2170 1234 2235 ἔφησεν
1277 2166 1422 2233 εἶναι,
1474 2170 1528 2222 ἐκ
1554 2166 1734 2221 τούτου
1762 2165 1854 2238 γάρ
1885 2165 1946 2220 τοὶ
1978 2166 2140 2221 πάντα
2167 2171 2394 2238 γίνεσθαι

472 2256 557 2308 καὶ
595 2256 662 2316 εἰς
699 2252 821 2327 αὐτό
858 2252 917 2306 τά
956 2252 1117 2306 πάντα
1155 2249 1469 2306 ἀναλύεσθαι.

606 2339 924 2407 Ἀναξιμένης
963 2336 992 2392 6
1023 2345 1113 2391 τοῦ
1150 2337 1542 2409 1Εύρυστάτου,
1581 2339 1666 2391 καὶ
1695 2335 1844 2400 αὐτὸς
1867 2338 2130 2406 Μιλήσιος,
2167 2338 2254 2394 τὸν
2277 2337 2397 2412 άέρα

471 2430 560 2478 τοῦ
596 2423 781 2486 παντός
817 2422 969 2494 άρχην
1006 2422 1131 2477 εἶναι
1165 2425 1313 2494 λέγει,
1352 2425 1436 2477 καὶ
1474 2426 1527 2477 ἐκ
1563 2423 1742 2477 τούτου
1778 2446 1836 2476 τα
1874 2424 2049 2478 πάντα.

602 2508 952 2580 Ἀναξαγόρας,
989 2507 1019 2562 6
1040 2516 1135 2562 τοῦ
1158 2507 1512 2579 Ἡγησιβούλου
1538 2506 1568 2562 6
1592 2511 1935 2578 Κλαζομένιος,
1974 2508 2124 2582 ἆρχας
2150 2516 2248 2563 τῶν
2274 2508 2399 2598 πάν-

473 2616 571 2648 των
606 2617 696 2656 τας
734 2592 1048 2696 ὅμοιομερίας
1084 2596 1264 2662 ε’φησεν
1301 2592 1439 2648 εἶναι.

617 2684 643 2716 ²
651 2680 911 2750 Ἀρχέλαος
936 2678 965 2732 6
981 2679 1383 2751 Ἀπολλοδωρου,
1417 2703 1543 2734 κατα
1566 2682 1620 2734 δέ
1645 2703 1780 2744 τινας
1807 2685 2095 2746 Μίλτωνος,
2126 2681 2399 2749 Ἀθηναῖος

476 2758 585 2819 63³
552 2787 645 2833 ην,
683 2763 922 2831 φυσικός,
973 2768 1027 2819 ἐκ
1053 2772 1145 2837 γῆς
1173 2788 1233 2819 τα
1273 2766 1434 2819 πάντα
1474 2768 1598 2837 λέγει
1634 2773 1939 2838 γεγενῆσθαι.
2013 2766 2154 2834 Αύτη
2186 2788 2279 2837 γαρ
2308 2765 2396 2838 ἆρ-

473 2873 534 2919 χη
570 2857 668 2904 τῶν
704 2850 829 2904 όλων
866 2853 1021 2916 ἐστὶν,
1062 2851 1130 2913 ὥς
1166 2870 1301 2919 φησι.

615 2934 887 3006 Σωκράτης
915 2934 943 2989 6
969 2943 1057 2990 τοῦ
1094 2943 1114 2973 ³
1125 2935 1420 3007 Ἐλβάγλου,
1473 2960 1505 3005 η
1533 2941 1924 3008 Σωφρονίσκου,
1977 2938 2063 2990 καὶ
2093 2938 2398 3008 Φαιναρέτης

474 3027 561 3089 τῆς
585 3025 755 3090 μαίας,
795 3018 825 3074 6
856 3019 1064 3089 ἠθικός,
1113 3020 1173 3075 τοὶ
1205 3021 1323 3076 καθ’
1354 3020 1552 3089 ἑαυτὸν,
1604 3025 1760 3094 ἔλεγε,
1811 3021 1965 3091 μόνον
1993 3026 2072 3076 δεῖ
2099 3021 2395 3094 περιεργάζε.

474 3115 596 3160 σθαι
634 3105 721 3160 τὸν
756 3104 1056 3178 ἄνθρωπον,
1087 3103 1290 3161 Υπλείονα
1326 3109 1379 3162 δὲ
1415 3107 1496 3176 μή.

622 3192 906 3262 Φερεκύδης
940 3195 1024 3246 καὶ
1062 3192 1212 3257 αὐτὸς
1247 3200 1340 3264 γῆν
1377 3212 1500 3262 φησι
1537 3191 1633 3263 πρὸ
1672 3191 1871 3246 πάντων
1906 3197 2213 3262 γεγενῆσθαι.

622 3277 930 3349 Πυθαγόρας
955 3276 985 3332 6
1007 3277 1223 3346 Σάμιος,
1263 3278 1574 3349 Μνησάρχου
1600 3277 1736 3345 υἱός,
1774 3275 1897 3330 θεὸν
1922 3279 2018 3344 ἔφη
2045 3274 2167 3331 εἶναι
2191 3276 2280 3346 τὴν
2306 3299 2395 3346 μο-

476 3362 630 3429 νάδα,
680 3365 762 3418 καὶ
805 3367 912 3432 δίχα
951 3363 1129 3432 ταύτης
1170 3365 1320 3432 μηδὲν
1362 3371 1669 3435 γεγενῆσθαι.
1730 3361 1896 3432 Ἔλεγε
1932 3362 1984 3414 δὲ
2014 3361 2082 3430 μὴ
2113 3366 2215 3416 δεῖν
2251 3362 2396 3417 θύειν

476 3456 578 3510 τοῖς
606 3457 748 3512 θεοῖς
772 3454 896 3514 ζῶα,
952 3451 1074 3518 μηδὲ
1115 3448 1212 3518 μὴν
1256 3452 1441 3503 ἐσθίειν
1466 3472 1512 3503 τι
1541 3455 1637 3502 τῶν
1677 3445 1940 3516 ἐμψύχων,
1998 3446 2119 3516 μήτε
2151 3447 2393 3517 κυάμους,

478 3534 595 3601 μήτε
623 3532 760 3587 οἶνον
792 3538 951 3588 πίνειν
975 3533 1091 3597 τούς
1118 3534 1323 3601 σοφούς.
1382 3533 1551 3605 ’Έλεγε
1580 3535 1633 3587 δὲ
1669 3531 1726 3585 τοὶ
1758 3529 1858 3586 ἆπὸ
1897 3531 2099 3601 σελήνης
2132 3532 2264 3587 κάτω
2303 3554 2394 3587 πα·

475 3618 610 3686 θητᾶ
637 3617 762 3672 εἶναι
798 3618 1099 3684 πάντα,τά
1126 3620 1180 3673 δὲ
1213 3617 1443 3691 ὑπεράνω
1481 3626 1567 3688 τῆς
1597 3619 1799 3685 σελήνης
1827 3616 2006 3685 ἀπαθῆ
2035 3615 2170 3672 εἶναι.
2230 3618 2397 3690 Ἔλεγε

537 3746 635 3787 Cn.
662 3749 738 3790 IX.
771 3772 824 3781 —
886 3750 1406 3802 1.1>2·09.Laert.11,2,1.
1521 3748 1559 3789 3.
1592 3743 1797 3801 ἐλμάγλου
1826 3748 1939 3788 codd
1963 3750 2063 3795 len„
2096 3750 2280 3800 Rhediy„
2312 3751 2394 3789 Ρα-

478 3798 790 3869 Εὐρυστράτου
843 3810 846 3812 ’
1464 3809 1530 3845 ris.
1574 3803 1766 3856 (Elmagli
1804 3806 1942 3854 legitur
1980 3808 2097 3845 eliam
2134 3809 2175 3846 in
2218 3779 2397 3846 cohor&

533 3861 572 3902 2.
605 3854 827 3915 ἅρχαίλαος
854 3864 967 3903 codd.
994 3875 1084 3903 mss.
1115 3867 1150 3903 et
1173 3864 1261 3903 edit.
1285 3864 1411 3912 princ.
1467 3862 1638 3902 versione
1667 3861 1841 3915 Latina.)
1884 3856 2086 3916 ἐλβοὶγλου
2126 3863 2229 3903 editi.
2303 3862 2396 3903 Vide
