2508 4134
489 238 590 290 644
1061 247 1332 289 ADDENDA
1360 250 1435 291 ET
1461 249 1838 292 -οοΒΒῐοΕΝῡΑ,
1870 258 1872 261 ·

484 344 757 390 ἐνκισσόντων
786 346 848 400 (h.
873 360 907 387 e.
937 341 1384 402 ἐγκισσώντων)’·ῖέη.
1434 346 1771 404 ἐνκισσησάντων
1798 350 1885 389 Bas.
1923 371 1972 379 —
2014 349 2044 391 l.
2071 349 2112 393 3.
2142 351 2193 392 ab
2220 350 2298 393 inf.
2324 345 2408 407 ἄρα

484 407 596 470 γὀιῖν
628 415 823 473 ἔκβλητοί
852 415 979 470 εἰσιν,
1013 417 1057 459 αἱ
1086 416 1247 472 γραφαὶ
1277 418 1321 460 αἱ
1348 416 1484 473 πάντη
1514 421 1619 460 Ven.

597 487 876 545 Pag.1⁵6.
932 487 959 528 l.
991 489 1023 529 1·
1057 485 1190 542 μόνης
1227 484 1509 544 ἀποστολικῆς
1537 489 1611 533 καὶ
1647 490 1879 543 καθολικῆς
1907 490 2012 531 ven.
2069 491 2196 534 Paulo
2234 499 2329 546 post
2357 505 2408 535 ex

483 557 633 598 eodem
675 558 781 598 libro
813 557 987 599 restitue
1014 558 1267 599 verissimam
1308 559 1554 614 scripturam
1597 557 1674 603 οὔκ
1715 558 1806 613 ἐρεῖ
1842 559 1925 603 ἕνα.
1967 583 2006 590 -
2065 560 2094 601 l.
2121 561 2160 604 9.
2193 561 2331 603 Verba
2357 560 2406 605 τὸ

481 628 646 683 πνεῦμα
682 629 762 682 τῆς
804 624 1009 684 ἀληθείας
1047 631 1197 670 Venet.
1233 645 1317 671 non
1355 631 1556 684 agnoscit.
1587 655 1641 661 -
1697 630 1725 671 l.
1762 631 1825 671 12.
1867 626 2164 681 ἐνυπόστατος,
2208 630 2282 676 καὶ
2318 630 2408 681 υἱὸς

482 696 574 748 υἱός
596 698 755 748 τέλειος
786 698 1089 755 ἐνυπόστατος,
1120 700 1194 744 καὶ
1223 696 1338 756 ἅγιον
1362 716 1426 744 πν.
1454 696 1569 755 ἅγιον
1599 701 1764 754 πνεῦμα
1789 699 1872 743 τέλ.
1905 703 2008 743 Ven.
2038 726 2089 733 —
2147 702 2176 742 l.
2198 701 2271 746 14.
2299 717 2405 746 ποιν-

480 770 610 826 ταχοῦ
639 770 788 826 σαφῶς
817 773 919 811 Ven.
953 796 1006 802 —
1064 771 1091 812 l.
1123 773 1186 814 15.
1215 773 1296 827 τῆς
1323 768 1458 825 αὐτῆς
1485 768 1711 824 θεότητος,
1742 770 1822 825 τῆς
1849 767 1986 826 αὐτῆς
2003 770 2408 828 ταυτότητοςγαυςεῑ

481 842 584 881 Ven.
618 864 674 873 -
728 841 756 882 1.
789 842 852 885 17.
884 840 1113 896 εἰρημένων
1141 841 1216 886 καὶ
1239 840 1330 886 ἀντὶ
1359 841 1407 886 δὲ
1442 844 1525 885 τῶν
1547 838 1652 895 πρὸς
1677 856 1713 883 τ.
1743 856 1779 884 τ.
1809 856 1878 896 πρ.
1915 842 1985 886 νοῦ
2020 842 2192 898 Νοητοῦ
2217 845 2320 886 Ven.
2351 869 2405 876 —

478 910 507 951 l.
534 911 598 954 18.
628 910 682 956 τά
712 908 840 956 αὐτοῦ
869 911 1021 969 κεφάλ.
1051 914 1155 953 Ven.
1185 937 1240 945 —-
1296 912 1325 953 l.
1349 914 1416 954 22.
1446 909 1656 966 Χριστὸς,
1700 907 1754 956 δι’
1781 905 1827 955 ὃν
1853 910 1905 956 τὰ
1933 910 2069 957 πάντα
2092 913 2166 957 καὶ
2192 911 2321 970 ἡμεῖς
2349 910 2405 959 δι’

479 979 608 1026 αὐτοῦ
643 985 748 1023 Ven.
777 1008 833 1016 —
891 985 919 1025 l.
944 984 1011 1026 23.
1041 979 1108 1028 ὅτι
1139 983 1278 1039 λέγει,
1316 981 1398 1032 Εἷς
1428 980 1528 1032 θεὸς
1559 985 1660 1023 Ven.
1697 1007 1743 1013 —
1803 983 1899 1026 1..8.
1928 983 1979 1025 ab
2008 983 2085 1027 ins.
2116 982 2190 1040 μὲν
2215 986 2305 1029 τοῦ.
2333 986 2406 1030 καὶ

477 1053 609 1109 λέγων
637 1053 800 1109 (κύριος
827 1055 965 1107 deest)
996 1079 1044 1086 -
1071 1047 1133 1086 -⁷
1153 1052 1258 1098 εἶναι
1290 1053 1450 1108 πατέρα
1477 1055 1578 1094 Ven.
1609 1076 1662 1086 -—
1720 1053 1749 1093 l.
1777 1053 1818 1097 6.
1849 1055 1901 1095 ab
1929 1054 2004 1095 inf.
2035 1054 2175 1100 ἐπειδὲ
2209 1056 2306 1112 (sic)
2340 1056 2403 1113 τῷ

477 1125 559 1177 (sic
592 1127 789 1175 restitue)
825 1126 953 1170 εἰπεῖν
990 1127 1097 1168 Ven.
1127 1149 1182 1157 —
1238 1125 1267 1166 l.
1293 1121 1333 1167 4.
1366 1124 1418 1166 ab
1447 1123 1523 1165 inf.
1553 1122 1601 1168 τό
1633 1121 1737 1168 εἶναι
1766 1123 1865 1169 θεὸν
1893 1127 1999 1167 Ven.
2029 1151 2080 1158 -
2123 1127 2152 1169 l.
2179 1126 2219 1171 3.
2250 1127 2302 1168 ab
2327 1126 2404 1169 inf.

475 1189 582 1239 άλλά
613 1195 674 1246 εἰς
704 1196 801 1252 μίαν
831 1192 1057 1251 ὀνομασίαν
1087 1193 1201 1252 ἄγειν
1232 1198 1338 1237 Ven.

587 1268 720 1325 Pag.
747 1269 874 1313 158.
931 1269 959 1309 l.
983 1267 1023 1310 8.
1054 1263 1271 1322 η’ρνησατο
1299 1262 1427 1311 αὐτὸν
1456 1264 1561 1310 εἶναι
1588 1264 1713 1318 θεὸν,
1744 1261 1849 1311 α’λλά
1872 1269 1977 1309 Ven.
2007 1292 2062 1300 —
2117 1268 2144 1310 l.
2168 1267 2212 1311 6.
2239 1271 2293 1326 τῇ
2326 1269 2403 1326 μιᾷ

476 1332 683 1396 ὀνομασίᾳ
713 1341 817 1381 Ven.
847 1364 902 1371 —-
959 1339 988 1379 1.
1016 1339 1054 1382 7.
1096 1340 1222 1393 δῆλον
1251 1333 1319 1381 δ’τι
1348 1336 1438 1381 ἐστι
1466 1340 1571 1380 Ven.
1609 1362 1657 1369 —-
1718 1338 1746 1378 1.
1779 1338 1841 1380 12.
1875 1334 1971 1394 ὑμῖν
2001 1335 2145 1394 ιῖπογρ.
2176 1341 2217 1384 δ.
2241 1339 2315 1384 τοῦ
2339 1338 2401 1395 μή

588 1408 609 1452 ἑ
678 1410 712 1453 ῶ
2100 1453 2104 1457 ,

471 1465 569 1520 περὶ
598 1481 719 1510 αυτον
758 1467 856 1521 (sie)
891 1468 995 1508 Ven.
1025 1491 1079 1499 --
1138 1466 1163 1507 l.
1193 1466 1255 1508 18.
1299 1467 1447 1506 Venet.
1479 1465 1641 1521 plenius
1683 1465 1741 1509 Εἰ
1783 1465 1832 1510 δὲ
1874 1465 1996 1523 χρεία
2038 1466 2166 1511 εἰπεῖν
2207 1466 2281 1511 καὶ
2307 1468 2404 1525 περὶ

472 1537 545 1580 τοῦ
577 1562 631 1570 -
660 1561 716 1569 -
745 1536 932 1592 ἐνπορεία
961 1536 1174 1581 Αἰθιόπων
1204 1536 1278 1580 καὶ
1308 1538 1346 1583 οἱ
1374 1536 1565 1594 Σαβαεὶν
1596 1538 1701 1578 ven.
1732 1561 1787 1569 —
1844 1537 1872 1579 l.
1896 1539 1962 1579 20.
1996 1534 2034 1580 εἷ
2063 1535 2164 1587 θεὸς
2190 1535 2237 1592 (ὁ
2265 1538 2400 1594 deest)

472 1609 576 1651 Ven.
635 1609 751 1650 Idem
774 1609 875 1649 ibid.
900 1607 973 1651 καὶ
997 1606 1072 1663 τὸ,
1119 1606 1202 1651 Σοὶ
1227 1610 1378 1657 δοῦλοι.
1410 1632 1461 1639 -
1522 1608 1550 1649 l.
1578 1609 1645 1651 21.
1675 1623 1860 1665 χειροπ.,
1905 1606 1979 1651 καὶ
2008 1607 2049 1652 ἐν
2081 1607 2146 1652 σοὶ
2170 1608 2402 1666 προςκυνηε

474 1693 618 1729 σουσι,
662 1678 736 1723 καὶ
765 1679 805 1723 ἐν
835 1678 901 1722 σοὶ
923 1678 1214 1733 προςεύξονται
1235 1687 1358 1734 auget
1385 1681 1488 1720 Ven.
1521 1704 1574 1710 —
1632 1679 1661 1721 l.
1686 1680 1751 1721 22.
1785 1677 1823 1722 εἶ
1854 1676 1955 1728 θεὸς
1985 1681 2083 1720 Ven.
2143 1680 2260 1722 Idem
2286 1681 2313 1729 l.
2341 1682 2401 1726 17.

467 1744 645 1806 ’ᾔδειμεν
672 1748 772 1799 θεὸς
796 1751 868 1793 τοῦ
892 1746 1068 1805 Ἰσραὴλ
1096 1748 1254 1805 σωτηρ.
1313 1749 1439 1801 Δέξει
1465 1748 1529 1800 δὲ,
1561 1745 1656 1806 Οὐχ
1679 1747 1795 1808 ὁρᾷς.
1827 1774 1883 1781 —-
1940 1751 1968 1791 l.
1996 1751 2057 1794 18.
2085 1752 2168 1795 τῶν
2192 1749 2401 1800 ,τοσούτων

471 1820 608 1875 ῥητῶν
634 1822 733 1876 (γὰρ
756 1821 894 1871 deest)
918 1823 1024 1863 Ven.
1055 1846 1113 1853 —
1165 1822 1191 1863 l.
1215 1823 1281 1864 20.
1314 1818 1644 1878 ἀνθυπερβάτως
1669 1816 1781 1876 (ἀνθ’
1808 1818 2056 1878 ὁπερβατῶς
2081 1823 2190 1876 Bas.)
2213 1820 2262 1867 δὲ
2285 1818 2400 1878 ἄγων

468 1893 574 1933 Ven.
607 1917 657 1924 --
715 1893 744 1934 l.
770 1893 837 1934 22.
856 1888 1029 1948 ΓὨςττερ
1053 1890 1134 1948 γάρ
1159 1894 1281 1951 κακῷ
1313 1896 1416 1934 Ven.
1450 1917 1504 1924 --
1563 1893 1592 1933 l.
1620 1893 1689 1935 23.
1719 1892 1905 1933 Restitue
1938 1907 1988 1934 ex
2018 1895 2122 1934 Ven.
2154 1891 2250 1943 τοὺς
2289 1892 2401 1950 μηδὲ

468 1957 580 2013 ὅλως
616 1960 805 2018 ὁρῶντας
841 1965 1018 2007 καλοῦσι
1057 1964 1401 2021 πολυβλέποντας.
1432 1988 1478 1994 -
1542 1964 1569 2004 l.
1594 1961 1662 2005 24.
1694 1963 1890 2019 γλυκείας
1919 1962 2055 2019 φασὶ,
2103 1963 2176 2008 καὶ
2213 1966 2316 2006 Ven.
2349 1990 2398 2002 ,-

467 2036 495 2077 1.
517 2036 582 2077 25.
621 2033 729 2084 τινὲς
769 2030 995 2090 ὠνόμασαν
1025 2037 1133 2077 Ven.
1163 2060 1216 2066 -
1275 2036 1302 2076 l.
1331 2034 1369 2077 4.
1404 2034 1456 2075 ab
1484 2034 1560 2075 inf.
1590 2033 1750 2088 Νοητοὶ
1780 2033 1885 2091 ἔχων
1919 2036 2022 2076 Ven.
2053 2036 2174 2076 Bene.
2207 2060 2255 2066 —
2318 2035 2345 2078 1.
2362 2036 2401 2079 3.

467 2106 519 2148 ab
547 2106 624 2148 inf.
655 2098 711 2149 ῶν
739 2120 785 2149 τε
815 2103 974 2161 φάσκει
1002 2105 1076 2150 καὶ
1106 2099 1163 2150 ῶν
1193 2105 1471 2163 προβάλλεται
1500 2108 1604 2146 Ven.
1646 2106 1798 2147 Probo.
1829 2129 1882 2136 -
1940 2104 1966 2145 1.
1993 2106 2149 2160 penult.
2174 2107 2402 2162 πληροῦται

466 2179 570 2221 Ven.
628 2179 729 2218 Mox
756 2177 869 2217 idem
896 2178 991 2232 περί
1019 2192 1137 2221 τινων
1169 2180 1279 2235 διαβ.

578 2250 712 2306 Pag.
741 2249 868 2294 160.
924 2249 950 2290 l.
979 2251 1012 2291 1.
1044 2246 1249 2303 ἀνώτερον
1288 2247 1371 2304 ἔφη
1408 2245 1438 2303 η
1475 2247 1571 2291 θεία
1600 2249 1703 2289 Ven.
1735 2271 1790 2279 —
1849 2248 1875 2287 Ι.
1905 2248 1944 2291 3.
1976 2247 2162 2294 δεικτέον
2189 2247 2279 2292 ἐστὶ
2302 2248 2398 2304 περὶ

461 2321 543 2375 τῆς
573 2315 713 2376 πόσης
746 2321 850 2360 Ven.
887 2344 932 2350 -
994 2320 1021 2360 l.
1054 2318 1094 2362 4.
1126 2318 1367 2374 θυγατέρων
1398 2334 1476 2373 μου
1507 2319 1580 2362 καὶ
1609 2320 1712 2359 ven.
1743 2343 1796 2350 --
1853 2319 1879 2359 l.
1904 2319 1944 2361 9.
1976 2315 2074 2363 οὐδὲ
2103 2317 2210 2374 μετὰ
2246 2316 2396 2375 δώρων

462 2394 568 2432 Ven.
601 2415 654 2422 ——
693 2391 722 2431 1.
756 2391 818 2432 11.
851 2387 882 2445 τῖ
911 2390 1090 2445 ἐμπορία
1120 2390 1212 2433 Αἰθ.
1247 2391 1346 2431 Ven.
1377 2414 1431 2421 —
1472 2390 1500 2430 l.
1538 2390 1595 2432 13.
1627 2387 1762 2444 λόγος,
1794 2398 1891 2430 ante
1923 2387 1946 2433 ό
1973 2387 2078 2441 υἱός,
2111 2405 2192 2431 om.
2223 2392 2395 2432 Vem—

461 2462 489 2503 l.
527 2463 588 2504 15.
622 2456 711 2516 ἔτι,
743 2469 838 2515 post
866 2460 1011 2512 πάλιν,
1060 2477 1141 2502 om.
1171 2463 1274 2502 Ven.
1333 2460 1449 2501 Idem
1478 2461 1505 2502 l.
1529 2461 1593 2504 16.
1625 2475 1704 2501 om.
1735 2457 1766 2514 ἡ
1793 2469 1890 2502 ante
1922 2455 2159 2512 ἰδιάζουσαι,
2205 2461 2299 2503 etl.
2331 2462 2394 2506 17.

461 2532 587 2573 verba
613 2530 659 2583 ἐξ
687 2526 815 2575 αὐτοῦ
846 2541 943 2572 ante
969 2527 1195 2586 ἀληθινῶς.
1226 2555 1282 2563 -
1339 2531 1367 2572 l.
1382 2533 1450 2573 20.
1482 2532 1619 2572 Verba
1644 2530 1693 2574 ἐκ
1718 2531 1873 2586 νεκρῶν
1905 2531 2014 2575 οἰκεῖ
2034 2531 2075 2575 ἐν
2102 2528 2200 2587 ιῖμῖν
2231 2528 2255 2575 ὁ
2281 2531 2395 2588 ἐγεί-

464 2618 540 2658 ρας
570 2618 650 2644 om.
680 2605 782 2644 Ven.
842 2603 958 2644 ldem
997 2603 1101 2644 liber
1135 2603 1259 2658 paulo
1296 2611 1393 2657 post
1425 2600 1677 2658 ζωογονήσει
1701 2601 1786 2645 καὶ.
1819 2627 1871 2634 -
1930 2602 1957 2643 l.
1987 2603 2054 2644 22.
2085 2597 2201 2653 ὅπως
2226 2601 2397 2660 συνᾴδοι

462 2675 566 2714 Ven.
623 2668 740 2722 ὅπως
769 2670 940 2731 συνᾴδει
969 2676 1057 2715 Bas.
1092 2698 1141 2705 -
1199 2674 1226 2715 l.
1251 2672 1318 2716 24.
1351 2679 1637 2729 προφητικοῖς.
1699 2673 1757 2716 Εἰ
1786 2671 1866 2729 γάρ
1898 2668 2049 2729 γ’]’γειρα
2079 2675 2211 2729 Ven.‚
2253 2674 2323 2730 qui
2351 2674 2393 2716 in

461 2759 574 2800 sequ.
599 2744 709 2786 linea
734 2754 874 2786 tuetur
896 2743 948 2787 ‘O
970 2744 1018 2789 δὲ
1043 2760 1120 2800 pro
1149 2759 1231 2801 quo
1256 2745 1447 2800 rescripsi
1473 2743 1536 2789 Τό
1565 2744 1638 2799 δὲ,
1678 2745 1780 2785 item
1806 2744 1831 2784 l.
1847 2745 1914 2788 27.
1943 2743 1984 2787 ἐν
2009 2744 2097 2801 ναῷ
2121 2743 2162 2788 ἐν
2189 2743 2323 2798 σαρκὶ.
2347 2769 2392 2777 -

461 2816 488 2858 l.
503 2817 571 2859 28.
599 2814 705 2871 πρὸς
732 2815 829 2860 θεὸν
857 2815 1012 2870 ἐπιστρ.
1037 2818 1143 2858 Ven.
1173 2841 1228 2848 —
1270 2816 1299 2857 l.
1316 2815 1383 2858 29.
1414 2813 1506 2865 υἱός
1530 2818 1602 2859 τοῦ
1631 2816 1730 2859 θεοῦ
1757 2812 1881 2870 λόγος
1905 2813 2024 2870 (θεὸς
2052 2814 2189 2871 deest)
2215 2818 2390 2858 Vem—

460 2888 490 2929 l.
506 2888 546 2930 6.
578 2888 629 2929 ab
657 2888 731 2929 inf.
762 2885 879 2931 Διότι
902 2885 956 2930 τὰ
983 2884 1118 2930 πάντα
1150 2888 1366 2942 μυστικῶς
1395 2886 1604 2942 οἰκονόμει
1626 2887 1726 2942 (εἰσ)
1759 2884 1860 2935 θεὸς
1885 2884 2006 2942 λόγος
2031 2881 2281 2936 ἀποστόλοις
2306 2881 2389 2931 ἀπὸ

459 2957 617 3013 πατρὸς
648 2957 688 3002 ἐν
719 2958 868 3014 σαρκὶ,
899 2958 972 3002 καὶ
1004 2956 1118 3003 σύνδ.
1148 2955 1317 3014 ἀγάπης
1346 2959 1633 3013 πνευματικῆς
1660 2954 1824 3007 δεικνὺς
1855 2959 1959 2999 Ven.
1989 2980 2045 2988 --
2100 2957 2126 2997 l.
2152 2954 2193 2998 4.
2225 2958 2277 2999 ab
2307 2957 2385 3000 inf.

463 3027 590 3079 αὐτὸς
618 3029 740 3086 λόγος
770 3029 816 3081 (ὁ
847 3030 984 3082 abest)
1014 3032 1119 3070 Ven.

574 3102 707 3159 Pag.
730 3104 857 3147 162.
913 3102 938 3141 l.
967 3102 1006 3142 2.
1039 3102 1164 3156 δῆλον
1194 3097 1259 3145 ὅτι
1290 3104 1392 3142 Ven.
1427 3125 1479 3133 -
1537 3101 1563 3141 1.
1593 3100 1633 3144 3.
1664 3099 1778 3143 ἐστὶν
1807 3098 1881 3143 καὶ
1910 3094 1934 3144 ὅ
1964 3093 2152 3155 ἀναβάς;
2197 3094 2287 3142 ἀλλ’
2322 3098 2390 3142 ἵνα

459 3170 530 3216 τὸν
574 3169 749 3216 ἐλθόντα
790 3174 892 3213 Ven.
930 3195 977 3203 —-
1061 3172 1088 3212 l.
1121 3169 1160 3213 4.
1207 3170 1475 3216 κατελθόντα.
1545 3167 1726 3226 Ἐπειδὴ
1776 3166 2077 3225 ἐνηνθρῶπησε
2119 3168 2245 3223 σαρκὶ
2283 3171 2386 3212 Ven.

460 3243 576 3284 Idem
606 3243 633 3284 l.
660 3246 699 3285 5.
728 3242 778 3286 ἐκ
806 3240 1042 3297 πνεύματος
1072 3241 1119 3286 δὲ
1151 3241 1323 3297 σαρκὸς,
1354 3244 1442 3284 sine
1467 3242 1552 3286 καὶ.
1586 3267 1638 3274 -
1691 3242 1718 3283 l.
1745 3243 1784 3287 7.
1824 3243 1906 3296 τῆς
1931 3236 2291 3293 ε’νανθρωπησεως
2315 3238 2386 3285 τὸν

461 3308 620 3357 ἄνωθεν
649 3312 807 3369 φάσκει
830 3309 989 3369 ἥκοντα
1015 3315 1119 3355 Ven.
1144 3339 1196 3345 —
1239 3314 1267 3354 1.
1298 3314 1339 3357 9.
1370 3312 1477 3366 σάρζ
1499 3312 1663 3368 γέγονεν
1687 3311 1737 3355 ἐκ
1760 3309 1995 3366 πνεύματος
2022 3312 2126 3352 ven.
2159 3334 2211 3342 —
2269 3310 2294 3351 l.
2324 3314 2385 3354 11.

460 3380 568 3428 ἀλλὰ
594 3381 617 3428 ό
644 3381 765 3440 λόγος
793 3382 814 3429 ὁ
837 3381 908 3429 ἀπ’
934 3387 1036 3426 Ven.
1070 3385 1183 3425 Idem
1210 3385 1238 3425 1.
1263 3386 1327 3426 12.
1361 3383 1545 3438 θεότητα
1568 3381 1745 3438 ἑνότητα
1772 3380 1881 3426 κατά
1906 3378 1991 3426 δύν.
2021 3396 2061 3424 π.
2094 3381 2386 3436 συνηνωμένην

462 3454 581 3512 ἔχων,
610 3455 688 3499 ἵνα.
723 3480 772 3487 -
818 3457 844 3496 l.
875 3457 937 3499 13.
968 3452 1230 3505 ἀναλλύωτος
1258 3458 1364 3497 Ven.
1397 3479 1447 3487 -·
1491 3455 1518 3496 l.
1551 3452 1615 3497 14.
1650 3451 1710 3503 ῶς
1750 3452 1797 3497 τό
1841 3452 1992 3493 retinet
2018 3452 2120 3492 Ven.
2151 3475 2206 3483 —
2262 3453 2287 3493 l.
2321 3453 2383 3498 17.

458 3525 694 3582 προφήταις
709 3525 1045 3581 προωνομάζεται
1062 3527 1160 3581 (εἰσ)
1177 3528 1281 3568 Ven.
1300 3535 1426 3569 recte.
1458 3526 1571 3567 Idem
1590 3525 1714 3580 paulo
1735 3531 1832 3579 post
1853 3516 1968 3566 οὔπω
1997 3519 2019 3564 ὁ
2043 3521 2084 3565 ἐν
2110 3522 2235 3576 σαρκὶ
2250 3514 2314 3579 ἦν.
2330 3547 2384 3556 -

459 3597 488 3636 l.
523 3598 585 3639 19.
615 3595 789 3651 όνόματι
815 3596 950 3654 τούτῳ
989 3598 1116 3639 habet
1143 3599 1246 3639 Ven.
1276 3622 1332 3629 —-
1389 3597 1503 3640 1.20.
1547 3595 1635 3640 υἱὸν
1678 3589 1896 3648 ἀνθρώπου
1934 3587 2155 3637 ἀποκαλῶν
2190 3592 2238 3637 τό
2287 3593 2381 3649 πρὶν

459 3667 653 3721 γενέσθαι
674 3664 953 3725 ἀναθεωρῶν,
998 3667 1070 3712 καὶ
1106 3668 1199 3723 πρὶν
1239 3670 1312 3712 τοῦ
1356 3667 1397 3712 ἐν
1428 3667 1554 3722 σαρκὶ
1580 3666 1775 3723 γενέσθαι
1796 3661 1883 3708 υἱόν
1915 3660 2134 3717 ἀνθρώπου
2161 3661 2380 3709 ἀποκαλῶν

461 3738 617 3790 optime
644 3740 781 3794 explet
821 3742 967 3781 Venet.
999 3765 1051 3773 -
1108 3740 1136 3782 l.
1152 3740 1221 3783 23.
1250 3731 1302 3795 ἦν
1330 3737 1434 3793 σάρξ
1463 3739 1570 3793 (sine
1595 3734 1647 3791 γξ)
1674 3737 1775 3777 Ven.
1837 3734 1951 3775 Idem
1987 3734 2014 3775 l.
2040 3735 2107 3777 25.
2140 3735 2251 3776 delet
2275 3735 2381 3776 arti-

462 3807 595 3848 culum
635 3819 732 3851 ante
776 3808 875 3860 θεὸς
914 3808 1051 3865 ημῶν.
1084 3836 1134 3844 -
1194 3812 1220 3852 l.
1251 3810 1318 3853 26.
1350 3809 1438 3852 Καὶ
1464 3810 1608 3857 καλῶς
1632 3809 1734 3850 Ven.
1764 3829 1819 3838 -
1873 3805 1899 3848 l.
1925 3804 1993 3849 27.
2026 3804 2204 3861 πατέρες
2231 3804 2304 3860 καὶ
2335 3804 2380 3857 ἐξ
