2508 4134
465 267 566 320 354
1174 274 1376 317 SANc'm
1404 275 1688 317 EPIPHANH

466 376 538 426 Εἰ
568 371 660 443 γάρ
703 369 772 439 μὴ
808 368 930 433 θεὸς
959 366 1022 439 ἧν
1048 373 1109 425 ,ἐν
1136 377 1204 445 τῷ
1228 371 1442 440 σῶματι,
1494 379 1603 435 πῶς
1626 370 1783 434 εὐθύς
1813 371 2077 444 προελθών
2103 372 2244 430 ²de
2271 382 2387 430 Μα-

465 462 573 530 ρίας
616 455 804 525 ἐκλήθη
833 454 1180 525 Ἐμμανουήλ,
1227 456 1257 510 ὅ
1301 460 1398 512 ἐστι
1440 456 1955 528 μεθερμηνευόμενον,
2008 457 2148 513 Μεθ’
2190 458 2391 529 ἦμῶνὸ

463 543 611 607 θεός-5
688 549 811 605 Πῶς
857 543 911 596 δὲ
958 543 1042 595 καὶ
1069 547 1295 606 Παῦλος,
1349 546 1401 596 εἰ
1431 542 1499 611 μή
1536 541 1566 596 ὅ
1596 543 1740 613 λόγος
1767 537 1828 609 ἦν
1852 545 1904 596 ἐν
1934 545 2101 614 σαρκὶ,
2138 541 2389 613 Ῥωμαίοις

461 631 700 701 ἔγραφεν,
747 627 828 691 Ἐξ
861 620 930 680 ῶν
959 624 1001 684 ὅ,
1021 625 1235 697 Χριστός
1271 626 1326 682 τὸ
1359 625 1485 682 κατά
1514 627 1699 699 σάρκα,
1751 626 1781 683 ὅ
1816 627 1886 681 ῶν
1925 631 2008 682 ἐπὶ
2043 627 2243 684 πάντων
2268 630 2391 694 θεὸς

461 712 724 784 εὐλογητὸς
766 715 835 775 εἰς
861 710 978 775 τούς
1012 715 1219 778 αι’ῶνας,
1272 709 1428 781 ἀμήνς
1509 711 1710 767 Οὐκοῦν
1738 710 2124 783 ὅμολογείτωσαν
2153 718 2243 770 3οἷ
2269 716 2390 788 πρό-

458 821 598 871 τερον
623 797 920 870 ἀρνούμενοι
947 794 1031 852 τὸν
1063 800 1432 868 ἐσταυρωμένον
1460 794 1585 852 εἶναι
1612 796 1735 851 θεόν
1762 797 2042 866 ἐσφάλθαι,
2095 799 2390 870 πειθόμενοι

459 885 682 948 4ποὶσαις
705 893 812 948 ταῖς
838 888 1000 946 θείαις
1025 891 1264 955 γραφαῖς,
1318 882 1521 951 μάλιστα
1549 884 1603 937 δὲ
1626 889 1697 956 τῷ
1726 887 1909 958 Θωμᾷ,
1958 885 2015 948 ὃς
2042 885 2160 955 μετὰ
2186 885 2242 941 τὸ
2267 889 2389 941 ἰδεῖν

459 974 510 1026 ἐν
538 969 674 1044 αὐτῷ
700 969 818 1032 τούς
838 976 936 1024 τῶν
960 969 1091 1037 ἥλων
1116 968 1305 1030 τύπους
1337 968 1627 1037 ἀνεβόησεν,
1663 966 1719 1021 Ὁ
1744 968 1918 1039 κύριός
1943 993 2057 1039 μου,
2095 974 2180 1026 καὶ
2207 970 2237 1026 ὅ
2264 971 2389 1036 θεός

457 1079 569 1126 μου.
647 1054 771 1119 Θεὸς
794 1054 887 1127 γαρ
913 1057 998 1109 καὶ
1027 1054 1199 1125 κύριος
1221 1060 1310 1122 τῆς
1337 1053 1486 1122 δόξης
1512 1052 1582 1107 ὢν
1616 1059 1640 1090 ⁵
1658 1051 1769 1115 υἷὸς
1799 1047 1862 1122 ἧν
1888 1058 1941 1109 ἐν
1967 1062 2037 1129 τῷ
2065 1056 2261 1121 ἀδόξως
2295 1081 2383 1112 κα-

232 1156 434 1202 pag.1⁰⁰6.
458 1144 753 1216 θηλουμένῳ
781 1143 867 1196 καὶ
899 1136 1235 1212 ἀτιμαζομένῳ
1274 1138 1474 1208 σώματι.
1557 1137 1623 1193 Τὸ
1653 1140 1707 1192 δὲ
1737 1145 1878 1207 σῶμα
1906 1142 2081 1210 ἔπασχε
2105 1143 2193 1210 μὲν
2219 1144 2388 1198 νυττό-

456 1250 604 1299 μενον
634 1231 686 1282 ἐν
714 1233 781 1301 τῷ
807 1226 952 1300 ξύλῳ,
990 1227 1074 1279 καὶ
1107 1226 1269 1296 ἔρρεεν
1294 1223 1394 1278 ἀπὸ
1418 1231 1508 1293 τῆς
1531 1224 1710 1278 τούτου
1735 1231 1949 1296 πλευρᾶς
1976 1224 2099 1294 αἷμα
2121 1229 2206 1282 καὶ
2232 1227 2386 1299 ὕδωρ,

455 1313 593 1377 ναὸς·
615 1315 667 1367 δὲ
704 1319 794 1366 τοῦ
831 1311 980 1382 λόγου
1015 1309 1255 1380 τυγχάνον
1290 1311 1709 1380 6πεπληρωμένος
1745 1303 1811 1378 ἦν
1841 1316 1929 1379 τῆς
1965 1311 2215 1381 θεότητος.
2266 1310 2388 1367 Aa&

458 1407 645 1454 7τοῦτο
674 1398 811 1468 ἥλιος
848 1395 979 1469 ὁρῶν
1020 1394 1105 1449 τὸν
1142 1395 1445 1466 δημιουργὸν
1482 1397 1661 1449 ἑαυτοῦ
1689 1397 1741 1449 ἐν
1770 1401 1839 1469 τῷ
1867 1393 2169 1472 ὑβριζομένῳ
2199 1397 2387 1474 σώματι

368 1513 373 1524 ¹
454 1484 751 1555 ἀνεχόμενον
793 1483 879 1545 τοὶς
918 1481 1118 1544 ἀκτῖνας
1158 1482 1448 1547 συνέστειλε,
1502 1483 1586 1534 καὶ
1633 1481 1902 1535 8ἐσκότασε
1935 1481 2026 1550 τὴν
2067 1489 2173 1553 γῆν.
2245 1481 2386 1541 Αὐτὸ

455 1573 507 1626 δὲ
534 1578 556 1609 ⁹
573 1569 627 1625 τό
654 1576 795 1638 σῶμα
820 1567 972 1636 φύσιν
996 1571 1106 1636 ἕχον
1130 1567 1326 1636 θνητὴν
1351 1565 1473 1639 ’ὑπὲρ
1501 1565 1591 1635 τὴν
1615 1568 1795 1621 ἑαυτοῦ
1820 1565 1975 1635 φύσιν
1994 1567 2171 1638 ἀνέστη
2195 1568 2277 1624 διαὶ
2300 1567 2387 1624 τὸν

453 1660 506 1712 ἐν
537 1655 671 1730 αὐτῷ
702 1654 863 1726 λόγον,
903 1655 987 1708 καὶ
1020 1655 1268 1707 πέπαυται
1298 1653 1385 1721 μὲν
1412 1659 1500 1721 τῆς
1521 1650 1647 1706 κατοὶ
1680 1651 1833 1719 φύσιν
1859 1660 2083 1726 φθορᾶς,
2126 1657 2387 1724 1()ἐ’νδυμ.οι

453 1743 507 1797 δὲ
531 1744 700 1813 γέγονε
737 1744 825 1795 τοῦ
865 1739 1028 1811 λόγου.
1095 1736 1465 1807 Ἐνδυσάμενον
1492 1739 1544 1791 δὲ
1566 1737 1652 1791 τὸν
1689 1736 1812 1811 ὑπὲρ
1839 1737 2110 1811 ἄνθρωπον
2136 1739 2284 1812 λόγον
2311 1742 2386 1812 γέ-

449 1850 593 1900 γονεν
620 1825 898 1899 ἄφθαρτον.
977 1826 1103 1896 Περὶ
1127 1825 1180 1878 δὲ
1204 1830 1293 1878 τοῦ
1316 1823 1653 1892 φαντάζεσθαί
1673 1846 1809 1887 τινας
1834 1827 1918 1878 καὶ
1943 1827 2098 1896 λέγειν
2119 1825 2196 1880 ὅτι
2223 1825 2384 1896 ὥςπερ

451 1912 529 1982 ἐφ’
573 1916 777 1968 ἕκαστον
822 1910 908 1967 τὸν
953 1916 1228 1981 προφητῶν
1271 1911 1530 1979 1Ῑέγένετο
1562 1909 1731 1981 λόγος,
1769 1910 1899 1965 οὕτω
1932 1913 2016 1965 καὶ
2051 1912 2133 1965 ἐπὶ
2158 1913 2246 1966 ἕνα
2277 1909 2386 1966 τινὰ

450 1998 725 2071 ἄνθρωπον
754 2001 807 2053 ἐκ
838 2001 1045 2068 Μαρίας
1073 1990 1226 2065 ἦλθεν
1255 1993 1284 2050 o‘
1308 1995 1476 2066 λόγος,
1528 1995 1752 2067 περιττόν
1777 1999 1876 2051 ἐστι
1900 1999 2183 2068 γυμνάζειν,
2233 2018 2383 2065 φανε-

450 2085 542 2158 ράν
571 2085 773 2154 ἐχούσης
799 2090 886 2153 τῆς
921 2088 979 2120 1²
997 2082 1171 2146 ἀνοίας
1201 2080 1365 2136 αὐτῶν
1395 2080 1484 2150 τὴν
1508 2080 1829 2152 κατάγνωσιν.
1902 2086 1973 2135 Εἰ
1999 2082 2092 2154 γάρ
2119 2082 2278 2147 οὕτως
2300 2077 2382 2152 ἦλ-

446 2180 539 2238 θε,
591 2170 674 2225 διά
698 2174 745 2224 τί
783 2164 929 2233 οὗτος
962 2172 1019 2223 ἐκ
1050 2170 1335 2239 παρθένου,
1385 2170 1466 2221 καὶ
1499 2166 1567 2236 μὴ
1592 2171 1677 2221 καὶ
1706 2166 1859 2231 αὐτός
1887 2171 1935 2233 ἐξ
1977 2168 2159 2241 ἀνδρός
2188 2171 2278 2223 καὶ.
2297 2191 2382 2240 γυ·

444 2257 617 2321 ναικὸς
627 2281 643 2322 ,·
693 2256 824 2311 οὕτω
851 2255 946 2328 γαρ
972 2257 1057 2309 καὶ
1089 2256 1293 2316 ἕκαστος
1319 2259 1416 2306 τῶν
1444 2251 1597 2323 ἆγίων
1628 2253 1887 2324 ἐγεννήθη.
1949 2253 2022 2308 ”H
2041 2253 2123 2308 διά
2149 2259 2196 2308 τί
2223 2254 2383 2318 οὕτως

448 2344 685 2406 ἐλθόντος
723 2349 815 2397 τοῦ
847 2341 1026 2412 λόγου,
1081 2338 1169 2408 οὐχ
1200 2337 1228 2393 ὁ
1256 2337 1464 2393 ἑκάστου
1494 2338 1717 2402 θάνατος
1753 2342 1939 2411 λέγεται
1978 2339 2104 2411 ύπὲρ
2140 2338 2282 2409 ἡμῶν
2306 2361 2381 2412 γε-

446 2437 710 2502 γενῆσθαι,
766 2426 864 2481 ἀλλ’
896 2424 925 2481 ὁ
950 2425 1129 2480 τούτου
1161 2424 1336 2494 μόνος,·
1408 2423 1508 2478 Διά
1531 2429 1576 2478 τί
1605 2425 1657 2478 δὲ
1683 2425 1799 2479 καθ’
1825 2428 2030 2480 ἕκαστον
2057 2433 2156 2480 τῶν
2182 2448 2379 2499 προφη-

444 2522 544 2569 τῶν
572 2518 935 2583 ἐπιδημοῦντος
969 2518 1060 2566 τοῦ
1100 2509 1277 2581 λόγου,
1328 2511 1511 2581 λέγεται
1548 2513 1628 2565 ἐπὶ
1657 2511 1813 2580 μόνου
1842 2519 1932 2566 τοῦ
1956 2515 2009 2566 ἐκ
2040 2516 2272 2583 Μαρίας,
2311 2510 2380 2575 ῶς

445 2601 577 2665 ἅπαξ
615 2602 698 2655 ἐπὶ
727 2603 973 2672 συντελείᾳ
1000 2603 1098 2651 τῶν
1126 2596 1321 2650 αἰώνων
1357 2597 1745 2666 ἐπιδημήσαντος
1756 2621 1772 2662 ,·
1834 2596 1908 2651 ”H
1928 2597 2011 2652 διὰ
2038 2602 2099 2665 τί,
2127 2598 2379 2661 οὕτωςλέλ-

445 2686 632 2750 θόντος
662 2683 834 2752 αὐτοῦ,
862 2683 928 2747 ῶς
955 2678 1111 2753 ἦλθεν
1137 2684 1189 2736 ἐν
1213 2689 1316 2744 τοῖς
1347 2684 1628 2753 ἔμπροσθεν
1659 2681 1832 2754 ἁγίοις,
1857 2685 2015 2753 οἱμὲν
2045 2683 2180 2739 ἄλλοι
2202 2683 2382 2748 πάντες

444 2771 792 2834 ἀποθανόντες
829 2770 970 2825 οὔπω
1013 2768 1311 2836 ἀνέστησαν,
1363 2765 1392 2821 ὁ
1427 2769 1480 2821 δὲ
1526 2771 1582 2824 ἐκ
1607 2774 1815 2840 Μαρίας
1852 2769 2003 2839 μόνος
2050 2768 2379 2841 13τριήμερος

445 2858 650 2927 ἀνέστης
711 2855 780 2910 Ἢ
804 2855 886 2912 διὰ
914 2861 987 2922 τί,
1040 2851 1225 2924 ὁμοίως
1259 2861 1363 2916 τοῖς
1404 2852 1563 2918 ἄλλοις
1604 2854 1838 2918 ἐλθόντος
1865 2862 1954 2909 τοῦ
1981 2854 2158 2926 λόγου,
2194 2857 2378 2926 λέγεται

445 2944 601 3015 μόνος
627 2941 656 2998 ὅ
694 2945 748 2999 ἐκ
785 2946 991 3014 Μαρίας
1017 2938 1362 3010 Ἐμμανουήλ,
1415 2937 1481 3002 ῶς
1518 2939 1744 3010 σώματος
1778 2943 2162 3013 πεπληρωμένον
2198 2943 2375 3010 θεότη-

443 3053 555 3097 τος,
613 3036 673 3067 14
695 3031 778 3083 καὶ
822 3030 1080 3097 τεχθέντος
1125 3030 1174 3090 ἐξ
1217 3026 1394 3094 αὗτῆς;
1477 3025 1541 3079 Τὸ
1587 3026 1678 3098 γάρ
1712 3026 2030 3096 Ἐμμανουήλ
2064 3027 2378 3099 ἑρμηνεύεται

444 3114 586 3171 Μεθ’
609 3114 751 3185 ἡμῶν
779 3112 808 3169 ὅ
831 3112 968 3177 θεός.
1032 3112 1103 3166 ”H
1123 3107 1209 3167 δια
1228 3115 1289 3179 τί,
1330 3114 1464 3182 εἴπερ
1494 3111 1652 3176 οὕτως
1675 3108 1842 3182 ἦλθεν,
1882 3115 2138 3177 ἐσθίοντος
2163 3112 2374 3171 ἕκαστον

500 3263 541 3305 2.
574 3262 624 3306 ἐκ
651 3265 698 3304 Β.
1438 3261 1475 3298 et
1504 3271 1640 3311 mar-90
1671 3263 1730 3302 ed.
1762 3261 1899 3302 Pelav.
2241 3279 2243 3281 -

502 3321 542 3363 3.
567 3319 641 3363 καὶ
670 3318 708 3362 οἱ
736 3320 782 3359 Β.
1497 3315 1537 3373 9.
1565 3315 1612 3360 τὸ
1643 3320 1825 3359 omissum
1849 3319 1891 3357 in
1918 3318 1976 3357 ed
1994 3317 2131 3359 Petav.
2158 3319 2292 3359 Calon.
2310 3329 2372 3359 re-

500 3375 541 3419 4.
560 3375 718 3424 πάσαις
746 3376 991 3416 desideratur
1017 3376 1059 3414 in
1080 3375 1126 3414 Β.
1435 3378 1513 3425 pet

501 3436 540 3475 5.
573 3449 593 3477 0
627 3430 719 3480 υἱός
748 3434 793 3472 Β.
1499 3431 1563 3472 10.
1586 3434 1709 3473 Verba
1732 3429 1889 3484 ἔνδυμα
1910 3428 1958 3474 δὲ
1983 3429 2127 3485 γέγονε
2148 3431 2221 3474 τοῦ
2248 3423 2370 3486 λόγου

502 3490 543 3532 6.
574 3487 896 3557 πεπληρωμένον
925 3490 969 3558 Β.
1002 3490 1125 3528 Recte.
1439 3490 1578 3529 absunt
1606 3501 1631 3528 a
1654 3491 1699 3529 Β.
1717 3518 1729 3539 ,
1775 3492 1810 3528 et
1852 3490 1984 3529 ceteris
2026 3490 2126 3540 Opp.
2167 3490 2372 3530 Athanasii

501 3546 539 3589 7
564 3548 687 3589 τοῦτο
710 3546 807 3600 γοῦν
837 3561 857 3588 0
892 3560 965 3599 μεν
988 3539 1055 3599 η’λ.
1083 3546 1128 3584 Β.
1173 3546 1267 3585 Post
1288 3545 1381 3586 τοῦ·
1439 3546 1680 3586 editionibus.

445 3616 491 3644 το
512 3606 554 3644 in
577 3606 659 3644 cod.
677 3606 752 3645 len
780 3606 990 3653 conspicua
1018 3605 1072 3641 est
1097 3613 1239 3641 rasura
1267 3603 1380 3652 quin·
1496 3605 1558 3643 11.
1589 3600 1771 3655 ἐγίνετο,
1802 3595 1914 3643 ου’τω
1943 3601 2017 3644 καὶ
2045 3605 2090 3643 Β.

445 3671 516 3709 que
544 3661 620 3710 sere
647 3663 877 3710 literarum,
920 3660 1024 3710 quod
1064 3660 1235 3707 spatium
1264 3660 1381 3699 etiam
1495 3658 1559 3699 12.
1593 3657 1741 3711 μανίας
1768 3661 1811 3699 Β.

445 3718 486 3755 in
514 3718 572 3755 ed
592 3720 717 3766 princ.
746 3728 916 3756 vacuum
940 3718 1117 3755 relictum
1148 3712 1803 3769 εει.13.τριημερος
1826 3718 2009 3758 omissum
2036 3720 2090 3757 est
2114 3718 2156 3758 in
2176 3718 2268 3758 edit.
2293 3717 2368 3759 Pe-

503 3773 542 3812 ὃ.
565 3771 773 3815 ἐσκὸτασε
798 3774 882 3812 cod.
910 3775 987 3813 Ien.
1018 3771 1072 3826 (et
1097 3773 1180 3811 cod.
1198 3772 1381 3822 Rhediy)
1437 3775 1514 3812 ίαν

449 3825 646 3871 §oximos
677 3832 750 3884 (Ρ)
781 3831 865 3869 cod,
892 3830 1052 3879 Rhediy.
1112 3825 1308 3870 ἐσκότισε
1333 3831 1377 3868 Β.
1496 3826 1559 3870 14.
1589 3827 1662 3871 καὶ
1690 3841 1763 3869 om.
1796 3831 1841 3869 Β.
