2508 4134
474 224 577 275 594
1055 230 1329 275 ADDENDA
1357 231 1432 277 ET
1465 232 1839 279 GORmGENDA.
1906 242 1907 245 ¹

586 334 719 389 Pag.
742 332 833 376 38.
886 330 917 372 1.
944 329 983 373 8.
1025 331 1288 385 κεραμεικῆς
1326 333 1416 373 Bas.
1449 355 1504 364 —-
1570 334 1598 376 l.
1639 332 1698 375 14.
1736 330 1892 385 Ἐξότε
1932 332 1981 377 δὲ
2023 319 2311 390 ΘάρραὟοιι.
2355 358 2411 372 --

471 403 499 443 1.
526 401 589 446 19.
612 401 686 445 καὶ
706 410 804 443 ante
827 400 1045 455 ἐπίκλησις
1072 402 1190 442 abest
1217 416 1241 442 a
1267 403 1370 450 Ven.
1395 427 1443 438 -
1474 403 1502 447 l.
1523 405 1592 446 21.
1611 405 1805 446 Fortasse
1832 404 2140 448 rescribendum
2165 405 2338 465 ἐπινοίᾳ,
2364 415 2411 448 ut

472 481 535 513 est
558 473 600 513 in
629 475 717 514 Bas.
750 497 804 504 —
862 472 967 513 Ibid.
992 474 1097 516 Ven.
1126 471 1350 527 μετέπειτα
1392 471 1506 517 ἔνθεν
1546 470 1883 529 ἐῧεοποιησαντο.
1946 476 1989 515 In
2020 489 2134 531 seqq.
2160 491 2261 519 vero
2297 477 2410 533 quod

469 558 558 585 nro.
583 541 622 585 4.
650 542 846 585 annotavi
875 542 928 583 de
955 543 1159 599 scriptura
1191 543 1373 584 eiusdem
1400 543 1511 594 libri,
1541 544 1584 585 id
1608 544 1886 588 inducendum
1917 553 1996 590 est.
2054 545 2275 601 Conspirat
2300 547 2409 589 euim

471 629 563 656 cum
593 614 703 669 vulg.
734 638 791 648 —
848 614 874 655 1.
904 622 1098 668 antepen.
1130 615 1233 656 Ven.
1267 612 1382 657 ἔνὲεν
1415 629 1492 669 pro
1523 614 1731 659 ἐντεῦἣεν.
2253 669 2256 672 ‚

582 686 717 743 Pag.
746 686 837 730 40,
906 684 1027 727 1.18.
1071 685 1208 726 Verba
1247 684 1322 728 καὶ
1361 685 1485 740 δεῦρο
1519 681 1833 740 Ἑλληνισμὸς,
1879 681 1960 731 utre&
2004 684 2053 735 δὲ
2090 684 2289 746 ε,Αβρςικμὶμ
2325 703 2408 731 om.

465 758 571 798 Ven.
605 780 659 788 --
699 756 728 796 l.
753 756 823 797 22.
857 755 986 802 Artic.
1008 756 1084 799 τοῦ
1108 763 1206 797 ante
1232 753 1391 811 πατρὸς
1417 770 1499 796 om·
1526 757 1631 797 Ven·
1662 781 1717 790 --·
1758 756 1787 798 l·
1810 755 1878 799 23·
1909 755 2040 802 τίκτει
2062 752 2199 814 ‘rofino
2226 760 2331 805 Ven·
2355 783 2407 791 —

463 828 493 872 l.
511 825 579 869 24.
609 825 686 881 τήν
715 821 915 882 Ἀραβίαν
940 826 1044 868 ven.
1074 827 1147 859 —‘
1188 827 1215 868 l.
1234 827 1302 872 25,
1336 822 1452 870 σώυε
1489 824 1564 871 καὶ
1596 823 1765 880 ἐμαδὲμ
1788 827 1893 868 ven.
1921 850 1978 865 -.-
2033 827 2064 868 1.
2081 827 2150 872 28.
2180 829 2303 877 τοῦτο
2327 843 2408 885 pro

464 896 602 954 τούτῳ
632 898 760 940 habet
792 900 882 939 Bas.
913 922 967 930 —-
1024 897 1051 938 l.
1082 897 1240 952 penult.
1272 893 1453 940 Ἰσάκιοι
1480 897 1584 938 ven.

578 968 825 1027 pagam.
882 968 910 1010 1.
935 967 975 1011 6.
1005 964 1160 1012 Ἰσαὰκ
1189 966 1238 1012 δὲ
1265 966 1388 1023 γεννᾷ
1426 968 1528 1008 Ven.
1559 990 1613 999 —-
1685 967 1713 1010 l.
1743 969 1809 1015 15.
1839 967 2076 1023 Κανανίτην
2108 970 2210 1011 Ven.
2237 970 2407 1021 Καναα-

463 1039 577 1094 νίτην
607 1042 699 1081 Bas.
732 1064 784 1071 -
833 1039 860 1080 1.
889 1039 957 1082 32.
990 1034 1153 1093 οἷμράμ,
1185 1035 1339 1092 οἰμράμ
1364 1035 1414 1080 δὲ
1438 1037 1560 1092 γεννᾶ
1586 1035 1657 1081 τὸν
1688 1036 1838 1092 σερών.
1898 1037 2031 1094 σερών
2057 1041 2178 1095 γεννᾶ
2205 1039 2276 1085 τὸν
2302 1036 2406 1097 οἷροὶν

462 1112 566 1152 Ven.
599 1135 651 1142 —
709 1108 821 1153 l.34.
855 1106 1102 1165 ἅμιναδάμ,
1135 1105 1356 1163 οἷμιναδάμ
1385 1109 1489 1150 ven.
1522 1117 1564 1149 et
1596 1109 1686 1150 Bas.

575 1182 709 1239 Pag.
737 1181 828 1228 44.
884 1181 981 1222 12
1014 1180 1185 1236 Μωῦσῇ
1228 1181 1332 1220 Ven.
1366 1203 1418 1210 —-
1487 1179 1585 1221 15
1624 1194 1752 1234 ηυρεν
1793 1181 1896 1223 Ven.
1927 1205 1983 1212 —-
2040 1181 2261 1227 16et7
2305 1181 2406 1239 ἑξῆς

463 1254 556 1296 Bas
588 1276 643 1284 -
701 1251 791 1294 1.8.
820 1252 917 1306 ἴσην
944 1266 1024 1306 pro
1043 1246 1154 1293 ’Ίσιν
1178 1252 1284 1292 Ven.
1318 1274 1371 1281 -
1430 1249 1830 1293 1.11.Ven.habet
1857 1250 2066 1307 Φρύγαις,
2096 1267 2181 1294 ιιοιι
2208 1252 2404 1309 Φρίγαις,

461 1332 508 1363 ut
549 1322 766 1365 annotatio
806 1322 947 1363 habet.
977 1346 1028 1352 —
1087 1322 1112 1361 l.
1145 1321 1207 1363 13.
1251 1317 1335 1364 οἷπο
1376 1315 1559 1375 Κάδμου
1597 1323 1701 1362 ven.
1736 1346 1787 1353 -
1860 1322 1896 1362 1.
1923 1322 1987 1364 19.
2029 1321 2403 1380 Ναβουχοδονόσορ

458 1396 565 1437 ven.
596 1402 638 1435 et
663 1396 753 1435 Bas.
787 1418 840 1424 -—
898 1394 926 1434 l.
953 1390 1021 1434 24.
1052 1391 1127 1436 καὶ
1154 1389 1261 1446 μετὰ
1290 1393 1433 1435 τοῦτον
1465 1406 1501 1435 τ.
1528 1406 1594 1448 χρ.
1622 1391 1667 1435 αἱ
1704 1389 1915 1449 βοώμεναι
1948 1394 2051 1434 Ven.
2083 1418 2134 1426 --
2194 1395 2222 1438 1.
2247 1396 2314 1439 25.
2345 1395 2403 1439 εἰ·

459 1463 743 1516 δωλολατρίας
773 1466 861 1505 Bas.
897 1487 948 1495 —-
1006 1463 1034 1505 l.
1065 1463 1133 1507 27.
1165 1460 1270 1517 πρὸς
1299 1461 1447 1518 ἐτέρας
1478 1464 1568 1505 Bas.
1601 1488 1653 1494 —
1712 1464 1737 1504 1.
1765 1464 1834 1507 32.
1866 1479 1980 1521 φημι
2016 1466 2134 1508 abest
2162 1481 2186 1508 a
2214 1467 2319 1513 Ven,
2349 1490 2401 1498 -

458 1536 485 1577 l.
515 1536 673 1592 penult.
706 1534 814 1589 μέρη
846 1533 920 1578 καὶ
951 1529 1101 1582 οὐσίας
1128 1535 1235 1575 Ven.

572 1607 706 1662 rag.
730 1606 820 1650 46.
877 1605 903 1645 l.
934 1606 973 1646 5.
1008 1606 1150 1654 στωᾶς
1176 1605 1264 1645 Bas,
1298 1628 1353 1636 -
1401 1603 1505 1646 Ibid.
1535 1605 1748 1660 θρυλεῖται
1774 1605 1902 1647 habet
1923 1606 2048 1648 etiam
2071 1609 2175 1652 Ven.
2204 1631 2257 1640 -
2297 1607 2402 1653 Ibid.

455 1678 576 1721 τοῦτο
604 1675 652 1719 τό
682 1677 788 1718 ven.
821 1701 871 1707 —
937 1676 1039 1718 Ibid.
1064 1673 1144 1730 γὰρ
1173 1671 1293 1718 adm-01
1323 1674 1483 1730 ἔφασαν
1515 1678 1605 1717 Bas.
1632 1699 1690 1711 —--
1746 1677 1774 1718 l.
1798 1677 1836 1720 6.
1868 1675 2109 1733 νησσιώτην
2134 1680 2227 1722 Bas,
2273 1679 2402 1720 Cete-

452 1762 543 1788 rum
583 1747 638 1788 de
673 1755 794 1802 patre·
825 1747 1005 1788 Zenonis
1033 1762 1071 1788 v.
1105 1748 1269 1801 Menag.
1307 1746 1362 1787 ad
1403 1747 1523 1802 Diog.
1555 1749 1695 1788 Laert.
1737 1749 1893 1799 V11,1.
1937 1750 2052 1804 (tom.
2080 1751 2150 1795 IV.
2187 1765 2230 1805 p.
2247 1749 2304 1793 9&
2335 1750 2400 1792 ed.

452 1819 587 1874 Lips.)
620 1843 675 1851 —-
733 1818 761 1859 l.
779 1819 815 1862 7.
851 1820 969 1875 στωᾷ
1009 1820 1099 1858 Bas.
1135 1842 1186 1849 -
1245 1818 1272 1858 l.
1298 1817 1336 1860 9.
1381 1815 1571 1874 Ομοίως
1612 1819 1650 1862 οἱ
1690 1816 1927 1874 ἀμφότεροι
1961 1821 2069 1870 ἴσως
2105 1819 2398 1876 έδογμάτισαν.

450 1891 557 1932 Ven.
590 1914 642 1920 —
680 1889 797 1933 1.12.
834 1886 966 1934 Πόσα
992 1888 1123 1932 τοίνυν
1151 1889 1493 1930 Ven.13ene.-
1540 1889 1568 1930 l.
1592 1886 1651 1932 14.
1686 1888 1829 1934 ἐλάσω
1854 1891 1983 1933 habet
2007 1894 2111 1933 Ven.
2142 1906 2318 1947 quoque.
2345 1915 2395 1923 --

450 1961 478 2001 l.
511 1959 571 2003 18.
604 1961 686 2014 τῆς
717 1975 790 2003 σου
819 1949 981 2015 πλάνης
1009 1960 1111 2000 ven.
1143 1984 1191 1990 —-
1255 1959 1282 1999 l
1309 1961 1375 2001 21.
1409 1956 1483 2014 μὲν
1510 1969 1606 2015 post
1634 1957 1882 2016 Ομολογεῐς
1911 1976 1992 2004 om.
2029 1963 2133 2005 ven.
2164 1986 2216 1994 —
2274 1962 2302 2003 1.
2327 1962 2394 2009 22.

452 2030 522 2074 ἐπὶ
549 2030 771 2076 πολυθεΐαν
797 2032 903 2078 Ven.
938 2055 987 2062 —
1048 2030 1153 2071 Ibid.
1185 2030 1438 2085 Setipturam
1476 2031 1513 2074 εἰ
1538 2046 1616 2086 pro
1642 2047 1669 2086 η
1706 2032 1816 2086 vulg.
1847 2032 1982 2074 firmat
2009 2033 2111 2077 Ven.
2143 2058 2194 2074 -e
2254 2033 2281 2074 l.
2316 2048 2396 2088 pe-

451 2102 556 2144 nult.
599 2100 957 2158 ἐπαγγελλόμενος
987 2103 1090 2144 ven.
1126 2126 1176 2133 —
1249 2101 1277 2143 l.
1305 2103 1371 2144 25.
1416 2102 1799 2158 προςπορησαμένῳ
1833 2104 1922 2145 Bas.
1953 2128 2004 2141 -.-
2063 2104 2092 2147 l.
2125 2104 2196 2146 ult.
2237 2103 2396 2160 θηρίων

452 2174 562 2215 Ven.

564 2245 698 2302 Pag.
723 2246 814 2290 48.
869 2245 897 2290 l.
924 2246 987 2287 10.
1022 2245 1191 2299 Corrige
1217 2246 1386 2298 δρᾶσαι.
1420 2268 1472 2275 -
1531 2241 1639 2286 l.14.
1672 2242 1731 2299 μή
1759 2253 1858 2286 ante
1883 2245 1932 2289 ἐκ
1961 2260 2041 2288 om.
2068 2248 2172 2289 Ven.
2200 2271 2253 2284 ν·-
2283 2246 2394 2290 l.15.

449 2316 528 2370 τῆς
557 2311 823 2370 οἶνὸρωπείας
851 2311 1025 2372 φύσεως
1054 2317 1157 2356 Ven.
1189 2339 1241 2346 --
1301 2315 1328 2355 l.
1355 2315 1422 2357 23.
1456 2313 1564 2369 μετὰ
1585 2317 1669 2358 τῶν
1697 2312 1836 2360 αὐτῶν
1863 2318 1967 2358 Ven.
2001 2342 2050 2349 --
2109 2317 2138 2360 l.
2159 2318 2227 2362 27.
2259 2318 2396 2370 Verba

451 2384 565 2437 τινὰς
595 2384 795 2442 δυνάμεις
820 2387 905 2427 iam
936 2386 1130 2430 Petavius
1160 2386 1317 2427 uncinis
1348 2386 1523 2431 notavit.

563 2459 698 2516 rag.
725 2459 813 2502 5⁰.
868 2458 897 2498 l.
925 2457 986 2499 12.
1018 2453 1284 2512 Ἐπικούριοι
1311 2458 1412 2499 ven.
1445 2466 1487 2497 et
1519 2460 1603 2498 Bas.
1636 2481 1687 2488 -—
1747 2458 1775 2499 l.
1808 2455 1868 2502 14.
1900 2463 2035 2514 Auget
2067 2461 2171 2503 ven.
2208 2460 2396 2521 καθεξῆς

456 2526 564 2583 μετὰ
591 2527 765 2578 τούτους
792 2523 1082 2583 οἷπρονοησίαν.
1113 2552 1171 2560 —-
1225 2528 1252 2568 1.
1271 2529 1321 2572 17
1352 2536 1395 2568 et
1420 2529 1482 2570 18.
1514 2528 1617 2568 Delo
1643 2528 1771 2569 verba
1793 2528 1866 2574 καὶ
1891 2528 1935 2580 ἐξ
1960 2525 2097 2586 αὐτῆς
2119 2527 2238 2575 πάλιν
2260 2535 2394 2594 δαπα*

450 2598 659 2654 νωμένης,
691 2613 796 2654 quae
824 2614 899 2654 per
925 2614 1109 2640 errorem
1137 2600 1395 2654 irrepserunt
1424 2613 1475 2640 ex
1508 2599 1607 2640 edit.
1639 2600 1784 2642 Petav.
1815 2624 1865 2636 ψ
1929 2601 2056 2642 Panlo
2083 2611 2182 2656 post
2208 2602 2264 2644 ad
2288 2603 2394 2644 titu-

450 2670 536 2711 lum
578 2669 969 2713 HAATQNIKOI
1010 2685 1172 2725 appone
1215 2685 1428 2711 numerum
1471 2671 1647 2727 paginae
1691 2670 1759 2712 ed.
1788 2672 1942 2723 Petam,
1967 2686 2027 2726 *p.
2062 2671 2125 2715 14.
2156 2698 2208 2709 ⁵—
2267 2674 2295 2715 l.
2325 2673 2393 2716 23.

452 2736 588 2790 ου’τως
614 2742 719 2783 ven.
751 2765 804 2772 -
863 2741 889 2783 1.
916 2742 982 2783 25.
1014 2742 1095 2796 τῆς
1122 2738 1277 2796 πάσης
1292 2741 1467 2797 φύσεως
1495 2743 1600 2783 Ven.

564 2813 698 2870 Pag.
723 2813 812 2859 52.
869 2812 894 2852 l
921 2812 961 2855 3.
995 2812 1247 2868 λογογράφοι
1284 2813 1421 2854 firmat
1452 2813 1576 2854 etiam
1619 2815 1721 2855 Ven.
1756 2838 1802 2844 ——
1865 2815 1894 2855 1.
1923 2815 1962 2856 5.
1992 2793 2168 2870 α’γωγάς
2202 2817 2307 2859 Ven.
2340 2839 2390 2846 —

451 2882 744 2934 1.12.Βόοζ,
787 2881 900 2934 Βόοζ
938 2885 1040 2924 Ven.
1070 2908 1127 2914 —
1183 2885 1209 2924 l.
1240 2885 1300 2927 13.
1333 2885 1522 2925 Restitue
1561 2883 1623 2928 ἔτι
1664 2899 1714 2925 ex
1750 2885 2002 2926 auctoritate
2040 2887 2143 2927 Ven.
2176 2910 2229 2918 --
2286 2886 2314 2928 l.
2342 2885 2395 2930 18

452 2954 653 3023 βενιαμεην
683 2956 788 2998 ven.
819 2979 875 2987 —-
932 2954 958 2994 l.
994 2955 1056 2997 19.
1088 2957 1261 3011 Repone
1290 2971 1338 2996 ex
1367 2958 1468 2997 Ven.
1496 2954 1543 2999 τὸ
1578 2956 1813 3012 βασίλειον
1814 2952 1942 3003 αυτοῦ
1971 2955 2032 3005 εἰς
2061 2955 2212 3013 Δαβὶδ,
2226 2954 2314 3002 διὰ
2343 2951 2392 3000 δὲ

451 3024 601 3082 Δαβὶδ.
634 3049 687 3056 -
717 3026 744 3066 l.
764 3026 829 3067 20.
862 3024 973 3068 Λευὶ·
996 3041 1032 3068 τ.
1060 3024 1242 3076 Ἰούδας,
1275 3022 1372 3070 οΈεν
1406 3023 1606 3071 Ἰουδαῖοι
1630 3028 1851 3071 καλοῦνται
1876 3029 1978 3069 Ven.
2006 3051 2062 3058 —
2093 3027 2117 3067 l.
2137 3027 2205 3070 22
2236 3026 2286 3071 ἐκ
2317 3043 2389 3074 του

450 3105 549 3136 ante
573 3095 743 3151 γένους,
777 3104 819 3137 et
845 3097 883 3139 οἱ
909 3096 1024 3138 artic.
1053 3106 1150 3138 ante
1181 3097 1244 3147 εἰς
1269 3098 1417 3138 absunt
1443 3113 1466 3139 a
1496 3099 1599 3140 Veu.
1616 3098 1729 3153 ,qui
1758 3096 2064 3153 μεταπεσόντος
2090 3112 2168 3153 pro
2198 3112 2385 3153 μεταπε-

453 3164 610 3215 σόντες.
641 3191 698 3199 —
756 3168 782 3209 l.
811 3167 880 3210 32.
911 3167 985 3211 τοῦ
1015 3165 1162 3212 Ἰούδα
1191 3170 1262 3213 τοῦ
1291 3165 1562 3224 Ἰουδαῐσμοῦ
1580 3201 1591 3221 ,
1623 3184 1684 3218 ως
1715 3163 1990 3224 ἐπιμαρτυρεῖ
2014 3170 2115 3210 Ven.
2148 3194 2199 3201 —
2258 3170 2285 3212 1.
2315 3171 2389 3214 ult.

454 3236 643 3282 ἔκτισται
672 3241 775 3281 ven.

562 3311 695 3368 Pag.
723 3311 811 3355 54.
867 3309 895 3350 1.
924 3310 962 3353 7.
993 3310 1129 3367 Δαβὶδ
1156 3310 1229 3354 καὶ
1269 3311 1342 3354 τοῦ
1385 3311 1476 3354 υἱοῦ
1504 3312 1576 3355 τοῦ
1604 3313 1705 3355 Σολ.
1739 3314 1841 3353 Ven.
1870 3334 1927 3342 —-
1982 3311 2009 3351 l.
2039 3311 2102 3353 11.
2134 3309 2226 3355 κατ’
2252 3308 2389 3366 αὐτῶν

449 3381 553 3422 Ven.
584 3406 639 3412 —
698 3380 801 3422 Ibid.
843 3377 964 3436 ὀλίγα
1004 3377 1097 3425 ἀντὶ
1134 3384 1294 3427 πολλῶν
1337 3384 1441 3424 Ven.
1474 3407 1525 3413 —
1584 3383 1613 3425 l.
1644 3384 1707 3427 17.
1738 3380 1816 3436 τήν
1857 3381 2006 3425 ἑαυτοῦ
2043 3383 2157 3426 ἓεοσ.
2195 3385 2300 3427 Ven.
2333 3404 2388 3417 —>

449 3436 477 3493 Ῑ.
510 3451 571 3494 18.
604 3451 724 3508 ἔσχεν
748 3467 826 3507 pro
856 3453 1027 3508 εἴληφεν
1057 3455 1159 3495 Ven.
1191 3476 1245 3483 —-
1302 3453 1329 3493 l.
1351 3452 1414 3495 19.
1448 3453 1509 3502 εἷς
1535 3454 1656 3498 τοῦτο
1685 3452 1832 3497 τούτου
1859 3454 1963 3494 ven.
1992 3477 2047 3484 —
2104 3453 2130 3495 l.
2159 3455 2227 3498 20.
2256 3456 2299 3501 ἐν
2326 3457 2387 3514 γῇ

456 3519 655 3580 ἀλλοτρίᾳ
685 3524 792 3566 Ven.
825 3548 878 3554 —
936 3523 964 3563 1.
985 3523 1050 3565 26.
1082 3523 1285 3578 δείξωμεν
1319 3526 1408 3565 Bas.
1445 3548 1493 3556 -
1551 3524 1578 3565 l.
1609 3524 1678 3567 30.
1696 3522 1948 3577 ’Φιλιστιεὶμ
1971 3519 2082 3567 οὕτω
2106 3528 2200 3582 κλ.,
2242 3527 2297 3573 τὰ
2317 3532 2387 3574 νῦν

450 3591 500 3636 δὲ
526 3595 627 3635 ven.
666 3618 712 3625 —-
772 3594 799 3634 1.
826 3594 893 3638 37.
923 3592 1033 3638 κατὰ
1058 3595 1131 3639 τοῦ
1162 3591 1290 3638 αὐτοῦ
1321 3597 1423 3637 Ven.
1456 3619 1508 3626 -—
1568 3595 1680 3638 1.38.
1710 3592 1870 3650 Ἰακώβ
1899 3593 1960 3644 εἰς
1989 3596 2217 3650 Αἴγυπτον,
2248 3598 2321 3642 καὶ
2348 3600 2387 3643 οἱ

453 3659 582 3707 αὐτοῦ
615 3664 696 3708 υἱοὶ
723 3689 747 3695 -
776 3691 797 3697 -
827 3660 1164 3720 οἶριὲϊμηὲιέντες,
1197 3662 1258 3715 ω“ς
1285 3665 1469 3722 περιέχει
1495 3665 1601 3709 Ven.
1632 3689 1683 3697 -
1740 3665 1766 3705 l.
1800 3664 1873 3705 ult.
1903 3662 1974 3709 τὸν
2003 3666 2197 3712 Μωϋσέα
2225 3671 2328 3713 Ven.

564 3736 696 3793 Pag,
723 3738 811 3780 56,
866 3736 894 3776 l.
923 3734 960 3777 4.
994 3736 1258 3791 κατέστησαν
1287 3752 1364 3792 pro
1395 3734 1718 3790 κατεστάθησαν
1748 3737 1853 3776 Ven.
1885 3760 1939 3768 —
1997 3737 2103 3778 Ibid.
2143 3737 2251 3797 μετᾲ
2284 3740 2384 3797 χρό-

451 3817 515 3846 νον
544 3805 645 3847 Ven.
679 3830 732 3837 -
789 3806 816 3846 l.
850 3804 911 3848 14.
943 3805 1229 3851 Τινῶν-τινὰ
1260 3810 1347 3848 Bas.
1378 3831 1431 3839 --
1489 3808 1518 3848 1.
1543 3807 1604 3851 17.
1636 3806 1823 3848 Restitue
1851 3808 2101 3863 νομοθεσίας
2127 3825 2176 3851 ex
2202 3813 2306 3856 Ven.
2335 3836 2383 3844 —
