2508 4134
985 778 1210 827 SANCTI

675 903 1519 975 EPIPHANII

315 1071 943 1133 CONTRA
1049 1071 1884 1133 HAERESES

824 1222 970 1263 LIBRI
999 1224 1068 1262 111.
1128 1223 1317 1264 TOMUS
1350 1225 1378 1263 Ι.

402 1420 1103 1496 DEVSGHISMATE
1149 1419 1801 1495 AUDIANORUM,

556 1539 690 1597 quae
738 1524 821 1578 est
866 1519 1109 1578 haeresis
1153 1518 1253 1592 L.,
1299 1519 1417 1579 sive
1460 1519 1639 1578 LXX.

277 1643 518 1706 Audiam,
576 1643 680 1694 sive
709 1640 915 1707 Odiani,
974 1644 1020 1693 in
1047 1652 1235 1693 coetum
1268 1645 1502 1710 quendam
1538 1651 1926 1712 conventumque
1954 1645 2053 1695 col·
2107 1671 2205 1725 Cap.
2233 1659 2276 1711 Is

141 1728 249 1780 lecti
282 1728 329 1778 iu
359 1727 668 1778 monasteriis
699 1727 942 1790 habitant,
994 1735 1041 1777 et
1070 1727 1129 1777 ab
1166 1726 1408 1777 bominum
1452 1728 1803 1778 consuetudine
1843 1727 2055 1796 separati

142 1813 309 1881 partim
343 1812 390 1862 in
420 1796 797 1874 solitudinibus,
840 1810 1010 1879 partim
1046 1827 1192 1879 prope
1221 1811 1388 1880 oppida
1407 1849 1420 1874 ,
1476 1821 1558 1862 aut
1586 1812 1632 1861 in
1658 1811 1947 1862 suburbanis
1975 1812 2057 1861 de-

137 1905 276 1964 gunt,
316 1904 397 1945 aut
427 1894 712 1962 ubicumque
744 1896 1020 1946 mansiones
1042 1912 1155 1946 suas
1180 1895 1283 1945 sive
1311 1895 1544 1945 coenobia
1573 1896 1875 1945 collocarint.
1953 1894 2055 1946 Hu-

139 1980 214 2030 ius
242 1988 406 2030 sectae
448 1979 670 2029 conditor
702 1979 789 2029 tuit
815 1979 1002 2029 Audius
1039 1979 1126 2030 sub
1156 1978 1264 2029 Arii
1304 1988 1548 2046 tempora,
1605 1980 1793 2046 quando
1822 1979 2056 2030 adversus

144 2063 268 2114 bunc
298 2063 500 2113 collecta
534 2063 869 2132 episcoporum
912 2063 1127 2131 synodus
1157 2071 1257 2126 est,
1312 2080 1339 2111 a
1369 2062 1540 2129 quibus
1570 2071 1644 2112 est
1673 2063 1750 2113 ille
1779 2063 2050 2114 damnatus.

139 2145 239 2199 Sed
281 2147 473 2197 Audius
515 2163 542 2197 e
583 2145 935 2215 Mesopotamia
981 2147 1213 2197 oriundus
1257 2146 1382 2196 domi
1429 2145 1588 2196 clarus
1636 2145 1685 2195 in
1729 2146 1894 2214 primis
1945 2146 2050 2209 fnit,

141 2239 337 2300 propter
367 2239 415 2281 et
441 2231 571 2282 vitae
593 2231 920 2297 integritatem
947 2240 995 2281 et
1023 2231 1214 2281 divinae
1242 2230 1347 2280 fidei
1374 2229 1533 2280 zelum
1563 2238 1607 2279 et
1638 2230 1882 2282 ardorem.
1959 2227 2056 2296 Qui

139 2333 244 2366 cum
271 2332 418 2383 saepe
443 2315 671 2365 nonnulla
697 2314 883 2365 videret
911 2332 1032 2383 quae
1060 2315 1106 2365 in
1130 2314 1351 2365 ecclesiis
1380 2331 1630 2382 perperam
1663 2323 1918 2381 geruntur,
1957 2315 2057 2383 epi-

139 2416 312 2467 scopos
339 2416 393 2449 ac
427 2399 740 2468 presbyteros
771 2416 932 2449 coram
964 2399 1215 2467 increpare
1242 2416 1297 2448 ac
1326 2399 1622 2465 redarguere
1650 2415 1743 2447 nou
1772 2399 2053 2462 verebatur,

141 2491 187 2533 et
218 2482 474 2533 identidem
504 2500 721 2545 monere,
762 2481 877 2533 Non
909 2483 1086 2533 debent
1112 2483 1229 2533 haec
1260 2482 1353 2533 isto
1381 2483 1521 2532 modo
1551 2482 1673 2544 fieri,
1714 2499 1808 2532 non
1836 2481 1904 2533 ita
1938 2482 2057 2533 llaec

139 2566 476 2616 administrare
524 2566 771 2617 convenit.
867 2566 1000 2616 Haec
1048 2576 1270 2634 tauquam
1316 2566 1536 2617 veritatis
1588 2583 1755 2616 amans
1792 2583 1848 2617 ac
1891 2576 2054 2617 cetera

137 2650 183 2700 id
215 2667 367 2716 genus
398 2666 632 2718 usurpare
660 2651 873 2714 solebat,
932 2668 1054 2718 quae
1096 2651 1367 2719 exquisitae
1401 2650 1653 2719 probitatis
1678 2645 1953 2700 homiuibus
1986 2652 2054 2701 fa-

139 2734 341 2784 miliaria
365 2742 505 2796 sunt,
547 2734 623 2801 qui
654 2734 713 2784 ob
741 2735 988 2802 egregium
1021 2735 1211 2802 pictatis
1242 2735 1449 2785 studium
1479 2751 1713 2785 summam
1741 2734 1787 2783 in
1813 2734 2053 2802 loquendo

138 2817 408 2868 libertatem
444 2817 688 2868 adhibent.
767 2816 935 2884 Quare
964 2837 1069 2869 cum
1103 2819 1362 2882 nonnulla,
1417 2819 1541 2868 sicut
1569 2817 1701 2881 dixi,
1744 2818 1866 2868 male
1896 2819 1943 2867 in
1976 2835 2055 2867 ec-

138 2900 300 2952 clesiis
325 2901 428 2970 geri
460 2909 712 2964 cerneret,
748 2919 1096 2970 nonuunquam
1124 2919 1247 2970 quae
1283 2902 1488 2954 sentiret
1518 2901 1644 2969 loqui
1675 2919 1730 2951 ac
1764 2902 2054 2968 redarguere

138 2985 428 3050 cogebatur,
484 3002 574 3035 nec
617 2985 812 3035 omuino
857 2994 1018 3036 tacere
1063 2995 1266 3055 poterat.
1345 2985 1495 3037 Velut
1536 2985 1576 3035 si
1616 3002 1756 3053 quem
1801 3003 1826 3035 e
1866 2984 2056 3035 clericis

138 3069 447 3138 pecuniarum
483 3069 585 3136 plus
622 3086 776 3136 aequo
808 3069 1027 3137 cupidum
1060 3071 1274 3133 videret,
1329 3070 1635 3139 episcopum,
1691 3079 1773 3119 aut
1803 3069 2054 3136 presbyte-

140 3168 278 3215 rum,
336 3162 417 3203 aut
457 3153 600 3203 alium
647 3153 916 3221 quempiam
963 3153 1040 3220 qui
1087 3154 1433 3204 ecclesiasticis
1483 3153 1730 3203 ordinibus
1772 3161 2052 3215 censentur,

140 3236 442 3306 exprobrare
469 3254 564 3286 nou
595 3236 868 3300 dubitaba13
911 3245 991 3286 aut
1022 3237 1061 3286 si
1095 3237 1328 3306 quispiam
1359 3238 1475 3288 luxu
1503 3254 1558 3287 ac
1588 3235 1770 3285 deliciis
1798 3235 2052 3299 difflueret,

137 3320 240 3371 sive
283 3321 425 3370 ullam
469 3320 787 3371 ecclesiastici
828 3320 1064 3387 dogmatis
1104 3338 1159 3371 ac
1195 3322 1476 3390 disciplinae
1517 3328 1698 3388 partem
1739 3319 2054 3369 adulterando

138 3412 498 3471 corrumperet,
541 3403 738 3472 patienti
767 3421 1064 3470 nequaquam
1100 3405 1260 3455 ferens
1291 3406 1451 3455 animo
1481 3404 1669 3464 verbis,
1713 3402 1777 3453 uti
1804 3403 1931 3466 dixi,
1973 3421 2053 3454 ca-

137 3487 361 3554 stigabat.
440 3485 579 3553 Quod
609 3488 795 3555 quidem
830 3488 1152 3539 dissolutioris
1186 3489 1310 3538 vitae
1342 3487 1612 3538 hominibus
1643 3486 1895 3537 molestum
1926 3497 2048 3537 erat.

136 3567 276 3621 Unde
306 3571 540 3622 maximas
573 3580 826 3639 propterca
855 3572 1171 3623 contumelias
1203 3572 1462 3634 sustinuit,
1503 3570 1694 3621 infestis
1724 3573 1935 3621 omnium
1964 3589 2051 3621 vo-

138 3653 272 3703 cibus
313 3663 361 3704 et
401 3655 522 3704 odiis
570 3656 872 3722 exagitatus..
941 3655 1010 3705 At
1047 3655 1126 3705 ille
1167 3656 1373 3705 iactatus
1415 3654 1504 3705 hoc
1547 3655 1687 3705 modo
1727 3664 1775 3705 et
1813 3655 2047 3724 pulsatus,

189 3762 229 3805 2.
258 3760 328 3809 τὸν
358 3765 469 3806 codd.
499 3777 589 3807 mss.
1166 3764 1206 3807 3.
1237 3765 1285 3809 δὲ
1315 3764 1389 3810 καὶ
1421 3764 1555 3810 ἕνεκεν
1593 3765 1739 3810 τούτου
1774 3768 1858 3808 cod.
1887 3768 2049 3817 Rhediy.
