2508 4134
231 1252 316 1290 pag.
338 1243 413 1279 823.

205 1923 317 1981 Κεφ.
338 1922 406 1969 ια’.

439 276 506 328 28
1156 289 1362 333 SANCTI
1389 292 1675 335 EP1PHAN11

438 386 698 452 σχίσματα,
749 385 874 453 μηδὲ
921 386 1197 456 διαιρέσεις.
1277 381 1433 442 Οὗτοι
1477 389 1531 442 δὲ
1582 389 1650 458 μὴ
1680 388 1946 459 νοήσαντες
1987 389 2078 445 τὸν
2111 398 2236 447 νοῦν
2276 399 2379 449 τῶν

440 465 731 523 α’ποστόλων
775 471 859 523 καὶ
907 476 997 524 τοῦ
1045 470 1196 547 λόγου
1241 479 1333 526 τοῦ
1363 475 1736 544 ἐμφερομένου,
1783 482 1876 529 τοῦ
1925 478 1979 530 ἐν
2028 482 2090 550 τῇ
2127 477 2375 545 Διατάξει,

440 552 674 622 ἐνόμισαν
711 553 779 623 μή
817 573 930 609 που
955 553 1054 626 ὅῖρα
1091 553 1212 624 μετά
1246 563 1346 612 τῶν
1379 556 1634 613 Ἰουδαίων
1669 559 1760 630 χρὴ
1797 559 1852 614 vd
1894 559 2072 629 Πάσχα
2119 564 2376 617 ἐπιτελεῖν·

439 638 542 707 ἅμα
590 641 644 692 δὲ
693 641 778 693 καὶ
827 636 1178 709 πεντεῆμδέκα
1227 644 1493 697 ἐπίσκοποι
1540 644 1797 715 γεγόνασιν
1846 649 1900 702 ἐκ
1950 653 2244 718 περιτομῆς,
2290 649 2379 702 καὶ

437 725 582 792 ἐχρῆν
629 723 739 778 τότε
784 731 884 778 τῶν
932 723 1221 781 ἐπισκόπων
1259 730 1313 781 ἐκ
1350 736 1618 798 περιτομῆς
1654 728 1813 783 ὅντων
1852 734 1906 786 ἐν
1935 725 2257 802 Ἰερουσαλὴμ
2290 753 2379 786 κα-

435 808 904 864 τασταθέντωνκτόν
938 810 1103 864 πάντα
1130 811 1319 880 κόσμον
1355 812 1552 876 τούτοις
1588 816 1914 882 συνέπεσθαι,
1951 819 2038 870 καὶ
2075 814 2174 885 μετ’
2212 815 2380 870 αὐτῶν

437 895 693 960 ἐπιτελεῖν,
743 897 951 963 ’ἵναμία
985 918 1060 958 τις
1102 898 1303 967 γένηται
1349 901 1641 966 συμφωνία,
1693 901 1779 952 καὶ
1832 904 1919 968 μία
1966 898 2234 972 ὁμολογία,
2289 903 2378 970 μία

436 977 580 1048 ἑορτὴ
609 981 971 1048 ἐπιτελουμένη.
1046 980 1141 1035 Διὸ
1174 984 1374 1036 ἐκείνων
1409 980 1443 1050 ἦ
1481 984 1726 1051 ἐπιμέλεια
1762 983 1850 1038 τόν
1886 992 2007 1039 νοῦν
2042 992 2140 1040 τῶν
2177 983 2379 1055 ἀνθρύ-

436 1084 546 1116 πων
582 1063 868 1135 συνάγουσα
905 1068 973 1128 εἰς
1008 1067 1186 1120 ἕνωσιν
1221 1073 1310 1135 τῆς
1346 1069 1625 1135 ἐκκλησίας,
1666 1067 1734 1137 μή
1766 1072 2045 1137 δυνηθεῖσα
2080 1068 2165 1125 τὸν
2200 1075 2376 1124 τοσοῦ-

436 1170 520 1201 τον
551 1147 732 1218 χρόνον
762 1152 1158 1219 ἐπιτελεσθῆναι,
1198 1151 1455 1220 εὖδοκήσει
1491 1159 1620 1206 θεοῦ
1658 1155 1739 1207 ἐπὶ
1769 1158 2150 1210 Κωνσταντίνου
2190 1157 2378 1226 ἐγένετο

439 1230 674 1301 ὁμονοίας
714 1235 868 1288 ἕνεκα.
947 1234 1098 1306 Παρά
1144 1243 1250 1298 τοῖς
1285 1236 1583 1299 ἀποστόλοις
1619 1238 1673 1292 δὲ
1709 1236 1765 1292 τό
1803 1232 1954 1308 ῥητόν
1994 1238 2100 1293 5δί
2136 1237 2382 1308 ὁμόνοιαν

439 1320 717 1389 ἐμφέρεται,
745 1317 814 1382 οὸς
838 1322 1229 1390 ἐπιμαρτυροῦσι
1261 1323 1480 1391 λέγοντες
1507 1321 1602 1387 ὅτι,
1643 1319 1760 1376 Κάν
1779 1344 1830 1376 τε
1858 1329 2172 1391 πλανηθῶσι,
2217 1325 2380 1393 0μηδὲ

435 1400 555 1470 ύμῖν
591 1405 784 1471 μελέτω.
855 1403 936 1469 Ἐξ
974 1403 1141 1458 αὐτῶν
1178 1407 1232 1459 δὲ
1268 1412 1369 1459 τῶν
1406 1409 1559 1460 ἐκεῖσε
1596 1408 1866 1478 εἰρημένων
1908 1410 2073 1477 ῥητῶν
2107 1406 2141 1477 ἦ
2177 1407 2379 1463 ἀντίθε-

436 1505 512 1550 σις
564 1486 858 1557 ὀφθήσεται.
937 1489 1201 1544 Φάσκουσι
1251 1490 1344 1561 γάρ
1394 1489 1485 1559 τὴν
1531 1489 1811 1562 ἀγρυπνίαν
1857 1494 2026 1562 φέρειν
2074 1494 2382 1562 μεσαζόντων

434 1579 535 1626 τῶν
568 1571 803 1642 Ἀζύμων.
885 1572 961 1628 Οὐ
999 1575 1207 1629 δύναται
1243 1576 1297 1629 δὲ
1333 1581 1480 1630 τοῦτο
1517 1576 1730 1631 πάντοτε
1765 1578 2003 1648 γενέσθαι
2037 1579 2090 1632 ἐν
2125 1584 2186 1653 τῇ
2215 1577 2380 1652 ψήφῳ

433 1664 495 1732 τῇ
533 1660 922 1734 ἐκκλησιαστικῇ.

571 1916 661 1968 Ἐκ
687 1921 836 1985 τριῶν
879 1914 972 1986 γάρ
1012 1916 1305 1983 συνέστηκεν
1343 1913 1373 1970 ὁ
1404 1922 1495 1969 τοῦ
1534 1915 1712 1985 Πάσχα
1748 1915 2048 1986 σύνδεσμος,
2102 1919 2158 1971 ἔκ
2196 1938 2247 1971 τε
2289 1923 2381 1972 τοῦ

432 1997 641 2067 ἡλιακοῦ
668 1999 860 2069 δρόμου
886 1999 971 2053 διά
1001 1999 1092 2068 τὴν
1120 2000 1366 2070 ’κυριακήν
1392 2002 1477 2053 καὶ
1504 1999 1591 2055 τόν
1620 2007 1768 2070 μῆνα,
1807 2004 1863 2055 ἔκ
1891 2023 1942 2056 τε
1970 2008 2061 2056 τοῦ
2085 2008 2379 2070 σεληνιακοῦ

433 2085 651 2155 δρόμου,
703 2084 787 2138 διά
826 2084 881 2138 τό
921 2084 1047 2138 κατά
1081 2083 1169 2138 τὸν
1193 2083 1375 2153 νόμον,
1425 2085 1566 2147 ὅπως
1603 2088 1656 2139 ἐν
1679 2093 1741 2160 τῇ
1771 2086 2267 2161 τεσσαρεςκαιδεκάτῃ
2293 2093 2383 2156 τῆς

433 2169 638 2238 σελήνης
660 2176 797 2242 τυθῇ
831 2176 848 2206 ¹
869 2168 923 2223 τὸ
954 2168 1150 2238 Πάσχα,
1191 2167 1258 2231 οἷς
1287 2167 1421 2223 εἶπεν
1443 2168 1472 2223 ό
1499 2169 1666 2238 νόμος.
1720 2169 1846 2225 Οὔτε
1874 2166 1966 2226 οὖν
1990 2173 2199 2226 δύναται
2222 2171 2382 2241 ἀχθῆ-

432 2276 531 2319 ναι,
560 2252 647 2308 ἐάν
670 2253 738 2322 μὴ
758 2252 954 2327 ὖπερβῇ
983 2256 1223 2323 ἰσημερία,
1251 2253 1373 2325 ὅπερ
1401 2253 1538 2326 παρά
1564 2263 1669 2318 τοῖς
1688 2253 1948 2320 Ἰουδαίοις
1975 2255 2037 2311 ού
2060 2255 2378 2324 φυλάσσεται,

434 2339 555 2392 οὐδὲ
578 2339 764 2410 ἀκριβῆ
787 2340 992 2392 θέλουσι
1014 2338 1247 2406 τοιαύτην
1274 2341 1507 2393 ἐπιτελεῖν
1529 2344 1886 2411 πραγματείαν·
1927 2343 2120 2395 διέπεσε
2142 2340 2235 2413 γάρ
2264 2340 2378 2413 παρ’

433 2424 631 2490 αὐτοῖς,
681 2425 767 2476 καὶ
808 2422 1057 2491 ἧπάτηται
1095 2422 1155 2475 τά
1203 2421 1379 2477 πάντα.
1458 2423 1601 2493 Πλὴν
1643 2428 1687 2478 εἰ
1729 2428 1814 2478 καὶ
1851 2425 2094 2495 τοσαύτης
2139 2426 2381 2495 ζητήσεως

433 2506 643 2578 ὑπάρχει
665 2506 701 2576 ἦ
722 2507 926 2576 τοιαύτη
957 2507 1211 2579 ἀκρίβεια,
1262 2509 1324 2562 οὗ
1353 2507 1435 2562 διά
1462 2508 1552 2577 τὴν
1580 2508 1782 2577 ζήτησιν
1803 2510 1986 2579 ταύτην
2016 2513 2101 2564 καὶ
2126 2510 2217 2579 τήν
2242 2509 2380 2580 ἀκρί-

433 2597 572 2661 βειαν
605 2602 712 2655 τοῖς
743 2592 1036 2655 ἀποστόλοις
1066 2596 1280 2662 εἴρηται,
1333 2592 1452 2647 ἀλλά
1480 2592 1542 2647 δι’
1569 2591 1835 2662 ὁμόνοιαν,
1887 2602 1914 2633 2
1933 2598 2014 2649 καὶ
2058 2599 2103 2649 εἰ
2139 2594 2260 2663 μετά
2283 2601 2380 2650 τῶν

434 2681 627 2749 ἐχθρῶν
653 2685 740 2732 τοῦ
772 2684 991 2749 Χριστοῦ
1019 2681 1253 2731 ἐπιτελεῖν
1280 2681 1332 2731 οἱ
1354 2677 1620 2732 ἀπόστολοι
1649 2682 1979 2748 προςέταξαν,
2018 2678 2088 2743 οὖς
2116 2674 2254 2734 οὗτοι
2283 2684 2375 2734 διϊ-

433 2768 756 2831 σχυρίζονται,
784 2763 926 2837 πόσῳ
957 2784 1012 2834 γε
1039 2769 1220 2830 μᾶλλον
1247 2761 1310 2816 δι’
1336 2761 1575 2830 ὁμόνοιαν
1598 2763 1717 2830 μετά
1746 2771 1836 2832 τῆς
1862 2768 2119 2833 ἐκκλησίας
2150 2763 2240 2834 χρὴ
2273 2766 2377 2818 ἐπι-

434 2855 615 2914 τελεῖν,
668 2852 752 2901 ἵνα
792 2848 860 2917 μὴ
897 2847 986 2916 τὴν
1014 2846 1254 2916 ὁμόνοιαν
1283 2847 1570 2918 χαράξωμεν
1602 2854 1690 2915 τῆς
1718 2851 2000 2917 ἐκκλησίας,
2038 2856 2147 2911 πῶς
2173 2842 2264 2902 οὖν
2292 2848 2378 2902 δύ-

434 2955 577 2987 ναται
601 2940 846 2986 τελεῖσθαι
874 2939 1048 2996 τοῦτο;
1123 2934 1341 3002 Λέγουσι
1370 2931 1464 3002 γάρ
1497 2935 1549 2985 οἷ
1571 2933 1716 2987 αὐτοὶ
1742 2932 2012 2988 ἀπόστολοι
2053 2941 2074 2971 ⁸
2092 2933 2196 2998 ὅτι,
2220 2932 2379 2987 ’Όταν

436 3020 615 3072 ἐκεῖνοι
643 3017 947 3087 εὐωχῶνται,
986 3015 1127 3085 ὑμεῖς
1155 3015 1470 3084 νηστεύοντες
1497 3015 1621 3087 ’ὑπὲρ
1649 3016 1815 3071 αὐτῶν
1844 3026 2094 3080 πενθεῖτε,
2133 3017 2210 3071 ὅτι
2237 3020 2290 3071 ἐν
2315 3025 2376 3093 τῇ

433 3100 593 3175 ἡμέρα
622 3109 710 3171 τῆς
748 3105 922 3172 ἑορτῆς
954 3101 1042 3155 τὸν
1077 3099 1294 3171 Χριστὸν
1330 3101 1668 3170 ἐσταύρωσαν·
1719 3104 1803 3156 καὶ
1830 3101 1950 3155 ὅταν
1981 3102 2123 3155 αὐτοὶ
2153 3108 2378 3157 πενθῶσι

433 3186 493 3238 τά
531 3186 723 3254 ’Ἁζυμα
762 3189 1023 3249 »ἐσθίοντες
1067 3188 1120 3238 ἐν
1163 3190 1407 3255 πικρίσιν,
1460 3184 1601 3252 ὑμεῖς
1643 3185 1921 3254 εὐωχεῖσθε.
1996 3191 2272 3255 Συμβαίνει
2321 3189 2375 3241 δὲ

436 3269 618 3332 αὐτούς
644 3274 696 3324 ἐν
725 3278 940 3344 κυριακῇ
968 3268 1334 3342 ἦμέρα’Ἀζυμα
1362 3269 1644 3338 λαμβάνειν.
1717 3269 2132 3338 Ἐπιφωσκούσης
2163 3269 2257 3342 γάρ
2289 3279 2377 3340 τῆς

436 3362 678 3423 κυριακῆς
706 3358 914 3424 ἑσπέρας
937 3356 1175 3408 δύνανται
1202 3354 1349 3407 θύειν
1374 3354 1427 3407 τό
1458 3354 1654 3423 Πάσχα·
1680 3354 1800 3422 μετὰ
1835 3354 1928 3425 γάρ
1958 3357 2169 3426 ἑσπέραν
2197 3364 2372 3427 παρελ-

434 3437 619 3500 θόντος
655 3447 745 3493 τοῦ
779 3440 1033 3508 σαββάτου
1072 3440 1133 3493 οὐ
1173 3438 1412 3492 δύνανται
1444 3442 1589 3510 ἔργον
1619 3442 1865 3493 ἐπιτελεῖν.
1929 3434 2058 3509 Ἆρα
2086 3439 2179 3509 γάρ
2208 3441 2374 3496 αὐτῶν

433 3523 725 3588 θυσάντων,
779 3528 824 3576 εἰ
849 3527 1113 3596 ἐγείρονται
1143 3522 1501 3591 εὐωχούμενοι,
1538 3531 1646 3585 πῶς
1683 3522 1824 3592 ἡμεῖς
1853 3527 1906 3577 ἐν
1932 3530 2147 3597 κυριακῇ
2185 3517 2371 3593 πενθή-

491 3638 529 3679 5.
556 3634 610 3681 δι’
637 3634 830 3690 ὁμόνοιαν
857 3653 933 3680 non
961 3642 1074 3681 habet
1102 3641 1188 3680 cod.
1214 3641 1376 3691 Rhediy.
1491 3640 1530 3680 2.
1563 3637 1636 3682 καὶ
1676 3638 1713 3681 εἰ
1743 3637 1851 3693 μετὰ
1887 3641 2025 3690 scripsi
2066 3641 2114 3679 de
2154 3643 2375 3682 coniectura

490 3692 530 3734 6.
562 3697 620 3734 An
650 3696 812 3744 fortasse
843 3694 973 3748 μηδὲν
990 3695 1010 3735 ἶ)
1435 3699 1603 3746 Patavii,
1642 3708 1718 3736 non
1747 3698 1794 3735 de
1818 3699 2006 3736 librorum
2034 3700 2290 3747 auctoritate,
2331 3701 2372 3738 in

495 3749 590 3789 CAP.
610 3751 689 3789 XI.
708 3773 760 3780 —
796 3753 828 3790 1.
853 3754 909 3801 Cf.
926 3755 954 3793 1.
975 3754 1151 3806 Scaliger
1170 3754 1218 3792 de
1231 3755 1372 3793 Emen-
1428 3755 1566 3803 quibus
1586 3753 1686 3791 illud
1708 3750 1744 3793 εἰ
1767 3753 2022 3792 desideratur.
2052 3753 2263 3792 Gornarius
2282 3766 2372 3794 con-

436 3807 518 3847 dat.
551 3809 727 3858 Tempor.
756 3807 904 3857 p.116.
1427 3811 1542 3849 vertit
1565 3807 1600 3847 si
1631 3806 1740 3848 enim
1783 3816 1825 3847 et
1863 3821 1956 3848 cum
1996 3807 2185 3847 hostibus
2220 3808 2372 3851 Christi
