2508 4134
554 310 775 351 PANARH
804 309 906 350 Lm.
922 310 993 350 111.
1025 310 1228 350 ToM.11.
1256 310 1421 350 HAER.
1444 309 1623 350 Lxxx.
1928 299 2029 371 465

137 409 410 465 Secundum
438 426 558 477 quos
585 406 902 475 Euphemitae
929 406 1082 458 coorti
1107 415 1238 469 sunt,
1279 407 1357 475 qui
1384 415 1433 458 et
1457 405 1743 458 Massaliani
1774 415 2029 470 vocantur,

135 513 256 564 quos
285 493 512 546 credibile
539 501 615 543 est
642 492 828 561 priores
854 490 963 542 illos
991 490 1165 541 imitari
1193 491 1454 541 studuisse.
1533 489 1715 540 Verum
1740 491 1819 542 isti
1843 491 2030 559 quidem

135 597 161 630 e
187 578 455 648 gentilibus¹
472 577 692 645 profecti,
723 592 877 643 neque
905 572 1190 625 Iudaeorum
1216 582 1417 637 sectam,
1459 591 1614 641 neque
1640 571 2033 626 Christianorum

135 662 345 732 amplexi
376 669 517 724 suut,
560 678 649 712 nec
674 660 801 710 inter
835 656 1170 710 Samaritanos
1204 668 1495 722 censentur,
1536 660 1622 709 sed
1648 660 1854 727 gentiles
1882 658 2035 710 omni-

135 765 198 798 no
238 755 379 809 sunt,
434 753 482 796 et
523 763 628 795 cum
670 760 779 795 esse
817 743 934 794 deos
965 751 1216 805 asserant,
1271 742 1448 793 nullum
1483 751 1639 794 tamen
1671 745 1898 806 adorant,
1950 743 2036 793 sed

134 849 279 883 unum
311 831 543 881 duntaxat
570 835 864 880 venerantur
891 844 1029 895 quem
1058 823 1453 895 Omnipotentem
1477 827 1731 895 appellant.
1811 825 1907 893 Qui
1936 827 2038 895 qui-

136 915 242 966 dem
289 923 449 965 certas
489 913 578 964 sibi
625 914 792 963 domos
837 911 1151 973 fabricantes,
1211 919 1260 961 et
1300 911 1545 974 laxioreS,
1608 912 1821 962 sororum
1859 911 2033 974 instar,

136 1016 278 1050 areas
307 996 613 1049 Proseuchas
638 995 1096 1048 illas'nominarunt.
1174 993 1417 1046 Habuisse
1447 995 1633 1063 quidem
1667 993 1873 1046 Iudaeos
1900 1004 2040 1046 extra

139 1083 303 1134 urbem
337 1091 386 1132 et
419 1080 754 1134 Samaritanos
783 1089 914 1131 certa
948 1079 1174 1148 quaedam
1206 1081 1263 1129 ad
1293 1080 1580 1148 precandum
1612 1080 1717 1131 loca
1747 1098 1864 1148 quas
1890 1079 2039 1131 Pros-

137 1167 313 1218 euchas
351 1167 600 1229 dicerent,
655 1183 719 1216 ex
764 1165 1089 1233 apostolorum
1135 1164 1322 1215 actibus
1362 1165 1538 1231 liquet,
1593 1164 1669 1214 ubi
1701 1183 1939 1233 purpurae
1971 1166 2043 1215 in-

137 1252 303 1302 stitrix
331 1248 487 1320 Lydia
519 1247 672 1301 Paulo
701 1249 974 1300 occurrisse
1003 1248 1195 1299 dicitur.
1272 1247 1348 1299 De
1377 1267 1470 1316 quo
1497 1247 1563 1299 ita
1590 1248 1825 1317 scriptura
1856 1259 2040 1314 narrat,

139 1338 416 1395 Videbatur,
460 1334 639 1402 inquit,
681 1337 810 1383 locus
835 1337 1062 1382 orationis
1091 1351 1204 1382 esse.
1283 1331 1348 1382 Et
1378 1341 1690 1384 accesserunt
1717 1335 1940 1402 apostoli,
1983 1352 2039 1385 ac
2064 1346 2144 1381 Act.
2166 1345 2220 1387 16,
2242 1346 2294 1381 13.

137 1420 366 1471 mulieres
404 1436 489 1487 per
529 1418 644 1468 illud
688 1426 872 1486 tempus
907 1418 1255 1468 convenientes
1295 1417 1581 1468 docuerunt.
1657 1415 1771 1468 Fuit
1801 1427 1849 1467 et
1877 1419 1934 1469 ad
1965 1416 2044 1471 Si-

138 1505 292 1567 cima‚
347 1520 468 1571 quae
507 1503 647 1553 hodie
678 1500 914 1571 Neapolis
957 1501 1159 1566 dicitur,
1213 1502 1426 1552 secundo
1455 1502 1514 1552 ab
1551 1501 1667 1553 urbe
1705 1502 1860 1571 lapide
1895 1501 2044 1553 Pros-

123 1588 322 1652 'eucha,
364 1588 468 1639 sive
496 1583 807 1650 Oratorium,
850 1587 1022 1638 theatri
1056 1586 1210 1637 instar
1239 1586 1286 1636 in
1321 1587 1514 1655 planitie
1547 1587 1711 1651 situm,
1753 1587 1859 1637 sine
1892 1596 2040 1650 tecto,

138 1690 193 1724 ac
222 1673 348 1723 nudo
377 1672 514 1723 coelo
542 1671 837 1736 subiectum,
878 1671 926 1721 iu
959 1688 1052 1739 quo
1084 1671 1362 1722 fabricando
1388 1668 1713 1734 Samaritani,
1756 1680 1808 1722 ut
1834 1672 1881 1722 in
1915 1681 2045 1723 cete-

139 1757 208 1809 ris
245 1757 493 1820 omnibuS,
535 1753 741 1807 ludaeos
778 1755 950 1806 imitati
987 1764 1118 1806 suut.

285 1924 439 1994 igitur
465 1923 750 1976 Massaliani
783 1923 1081 1992 antiquiores
1111 1941 1136 1975 e
1164 1924 1423 1992 gentilibus
1458 1925 1686 1989 excitati,
1746 1926 1822 1994 qui
1861 1926 2050 1976 hodier-
2093 1929 2191 1984 Cap·
2222 1931 2272 1971 ΙΙ.

144 2028 233 2062 nos
283 2011 403 2061 istos
457 2028 484 2061 a
526 2010 698 2078 quibus
745 2006 1073 2060 Christianum
1123 2026 1298 2059 nomen
1350 2019 1606 2078 usurpatur
1658 2018 2047 2075 antecesserunt,

143 2095 384 2146 nonnullis
411 2094 459 2145 in
486 2093 768 2162 regionibus
797 2092 1067 2144 carinarum
1099 2093 1252 2144 instar
1282 2094 1529 2161 fastigatas
1556 2094 1796 2145 aediculas
1829 2105 2050 2146 constru-

141 2188 354 2243 xerunt,
409 2196 526 2248 quas
561 2176 895 2243 ProseuchaS,
949 2179 1052 2230 sive
1084 2175 1344 2243 Oratoria,
1398 2188 1691 2247 nuncupant.
1769 2178 1899 2230 Alibi
1931 2197 2049 2230 vero

144 2273 237 2315 tam
265 2263 312 2313 in
342 2264 591 2314 occidente
621 2280 758 2330 quam
802 2263 989 2312 oriente
1028 2263 1192 2313 eadem
1238 2263 1314 2313 illa
1356 2263 1458 2313 loca
1494 2264 1550 2313 ad
1582 2264 1817 2314 eeclesiae
1850 2267 2050 2315 formam

145 2347 492 2413 condiderunt3
548 2347 625 2397 ubi
664 2347 846 2415 ingenti
880 2348 1184 2398 lucernarum
1217 2365 1272 2398 ac
1304 2348 1475 2398 facium
1520 2366 1725 2399 accensa
1771 2349 1906 2418 eopia
1936 2367 2052 2399 con—

146 2441 320 2484 ventus
369 2432 564 2482 habent.
653 2430 781 2482 Tum
830 2441 991 2483 certos
1033 2432 1266 2501 hymnos,
1320 2451 1438 2500 quos
1478 2433 1608 2484 illius
1648 2434 1810 2501 gregis
1849 2433 2052 2485 studiosi

146 2518 334 2586 quidam
369 2516 667 2585 scripserunt
692 2534 748 2567 ac
779 2517 851 2566 dei
885 2517 1049 2567 laudes
1081 2518 1369 2582 concinunt,
1424 2518 1594 2585 quibus
1626 2536 1798 2587 magno
1827 2536 1945 2570 sane
1977 2536 2054 2568 er-

146 2618 259 2654 rore
306 2602 446 2652 deum
484 2618 536 2651 se
580 2601 770 2669 placare
809 2618 865 2651 ac
906 2602 1165 2653 conciliare
1210 2602 1298 2652 sihi
1340 2612 1526 2671 putant.
1616 2601 1799 2654 Verum
1837 2603 2049 2667 inscitia,

148 2703 269 2755 quae
301 2693 556 2736 occaecata
589 2702 779 2753 semper
817 2693 917 2750 est,
969 2686 1086 2737 haec
1116 2687 1276 2738 omnia
1305 2687 1496 2738 miseris
1539 2687 1633 2738 illis
1663 2705 1777 2756 prae
1808 2687 1954 2738 animi
1986 2689 2054 2738 fa-

149 2780 225 2822 stu
270 2779 318 2822 et
350 2769 608 2821 insolentia
653 2770 813 2819 facere
860 2771 1131 2838 persuadet.
1207 2771 1283 2822 Ac
1328 2773 1452 2822 forte
1492 2782 1604 2823 ante
1640 2772 1828 2840 aliquod
1868 2781 2054 2840 tempus

147 2873 294 2906 unum
324 2872 390 2905 ex
417 2854 509 2904 illis
541 2853 772 2904 aedificiis
806 2854 863 2904 de
904 2855 1040 2905 coelo
1071 2864 1246 2906 tactum
1288 2866 1391 2920 est,
1447 2857 1637 2908 ubinam
1667 2874 1787 2909 vero
1816 2856 2049 2924 gentium,

149 2939 327 3007 liquido
357 2938 566 2989 nondum
600 2946 818 3002 constat3
870 2947 1013 3006 atque
1043 2940 1164 2990 haud
1198 2941 1299 2990 scio
1333 2958 1391 2990 an
1421 2941 1469 2991 in
1499 2939 1763 2992 Phoenicia
1792 2941 2054 3008 contigisse

149 3024 275 3074 istud
316 3023 568 3074 audierim.
659 3020 935 3089 Quinetiam
983 3024 1199 3074 nonnulli
1239 3026 1548 3092 magistratus
1590 3026 1840 3093 religionis
1882 3025 2056 3075 ardore

149 3108 410 3175 flagrantes
461 3107 834 3175 quamplurimos
883 3124 948 3157 ex
998 3108 1091 3158 illis
1141 3110 1447 3173 occiderunt3
1517 3127 1575 3161 eo
1622 3111 1747 3178 quod
1800 3109 2056 3160 veritatem

152 3193 464 3243 adulterando
493 3200 888 3261 corrumperent,
943 3199 990 3240 et
1018 3193 1252 3243 ecclesiae
1287 3212 1467 3244 morem
1508 3203 1820 3263 praepostera
1854 3194 2056 3260 quadam

151 3276 419 3327 imitatione
460 3277 694 3327 auderent
729 3275 1032 3343 exprimere3
1091 3294 1196 3327 cum
1241 3293 1398 3344 neque
1441 3275 1707 3330 Christiani
1746 3277 1937 3328 interim
1982 3294 2058 3327 es-

153 3370 290 3426 seut,
344 3378 499 3428 neque
528 3359 814 3412 Iudaeorum
846 3369 1024 3410 sectam
1059 3362 1419 3428 profiterentur.
1496 3360 1821 3431 LupicianuS,
1864 3361 2055 3430 opinor,

155 3446 253 3496 dux
281 3461 403 3496 unus
435 3462 501 3495 ex
528 3444 600 3496 his
630 3445 742 3506 fuit,
786 3445 863 3512 qui
895 3445 943 3495 in
974 3444 1287 3513 Euphemitas
1312 3446 1579 3497 istiusmodi
1609 3446 1815 3514 gentiles
1844 3446 2056 3496 animad-

156 3582 216 3635 ὥς
243 3609 298 3617 -
328 3581 544 3639 εὖφημιῶν
579 3590 766 3636 tanquam
809 3588 945 3636 spuria
972 3588 1079 3626 unci·
1136 3585 1276 3625 laudes
1315 3585 1435 3625 deum
1475 3586 1711 3639 placantes,
1755 3586 1912 3640 seipsos
1942 3586 2060 3626 deci-

156 3646 216 3684 m‘s
248 3643 414 3682 inclusit.
474 3644 684 3682 Cornan-ius
721 3645 832 3683 vertit
867 3650 909 3682 et
935 3641 1002 3681 diu
1033 3655 1081 3681 ac
1137 3642 1266 3696 piunt.
1345 3644 1518 3682 Ceterum
1554 3645 1642 3682 edit.
1689 3644 1867 3682 Ceruarii
1904 3648 2062 3694 utroque

157 3712 232 3752 per
256 3697 423 3751 longum
459 3705 620 3752 tempus
656 3697 853 3738 lectiones
887 3697 1081 3752 quasdam
1138 3701 1218 3738 loco
1242 3699 1390 3738 exhibet
1409 3696 1721 3751 καταλεγμάτια
1741 3703 1775 3738 et
1800 3701 2062 3752 καταλεγμα-

157 3768 231 3808 per
255 3753 402 3794 doctos
427 3766 541 3803 suos,
589 3761 629 3793 et
657 3754 797 3794 laudes
820 3755 1013 3808 quasdam
1038 3754 1080 3793 in
1137 3754 1261 3806 τίων,
1305 3767 1381 3793 non
1420 3750 1761 3808 καταληγμοίτια,
1810 3760 1853 3795 ut
1889 3757 2064 3806 affirmat

159 3809 277 3850 deum
304 3809 529 3858 facientes,
572 3810 684 3849 velut
712 3825 786 3864 per
812 3811 1010 3851 lectiones
1034 3824 1081 3850 uc
1138 3813 1321 3851 Petavtus
1347 3813 1388 3850 in
1416 3812 1559 3851 adnott.

247 3876 391 3922 Corpus
415 3877 637 3912 Haereseol.
660 3877 706 3910 ll.
731 3878 764 3912 3.
1660 3886 1725 3936 30
