2508 4134
216 374 328 433 Κεφ.
345 376 422 429 λζ’.

239 484 322 522 pag.
344 476 420 513 585.

212 3399 323 3454 Κεφ.

234 3464 319 3501 pag.
338 3401 425 3491 λ886,

454 271 554 322 140
1028 284 1031 287 ’
1158 281 1366 325 SANCTI
1391 283 1675 326 EPIPHANII

599 375 845 440 Πολλάκις
866 377 919 431 δὲ
941 380 1028 432 καὶ
1053 380 1166 447 περὶ
1188 379 1374 433 τούτων
1395 380 1755 452 διηγησάμενος
1779 381 1995 452 ἀρκετοῖς
2015 384 2139 452 ἔχειν
2160 387 2385 441 ’ἐνταῦθα

453 459 709 533 ἡγούμεθα
739 468 840 516 τῶν
881 461 1046 517 αὐτῶν
1073 462 1372 535 ἀνατροπῶν
1400 472 1498 520 τῶν
1525 471 1777 538 ῤἠθεισῶν
1814 465 1918 522 ἀνω
1955 467 2084 538 πρὸς
2119 469 2208 539 τήν
2247 474 2384 542 ῥίζαν

451 547 539 616 τὴν
562 546 848 614 ἐκφύσασαν
867 548 1057 603 τούτων
1078 547 1168 618 τὴν
1186 554 1500 618 κακοδοξίαν,
1524 555 1810 622 δυναμένων
1829 555 1914 607 καὶ
1935 555 2154 608 ἐνταῦθα
2173 555 2382 622 τούτους

449 632 566 696 τοῦς
585 635 973 704 προειρημένους
991 631 1301 706 Ἡμιαρείους
1322 635 1627 708 ἀνατρέπειν,
1648 641 1734 693 καὶ
1756 637 1873 702 τούς
1898 639 1978 694 ἀπ’
2006 638 2172 695 αὐτῶν
2191 645 2382 710 σχίσαν-

448 741 552 784 τας,
573 717 692 782 τούς
717 721 828 790 περὶ
849 719 1104 786 Ἀκάκιον,
1128 723 1212 775 καὶ
1233 720 1351 785 τούς
1375 720 1552 787 ἀλλους
1571 723 1690 788 τούς
1717 727 2018 792 ἐκθεμένους
2044 728 2095 780 ἐν
2119 732 2181 801 τῇ
2205 733 2383 782 Σελευ-

448 807 557 877 κείᾳ
578 810 666 872 τῆς
682 802 925 876 Ἰσαυρίας
948 807 1116 877 έτέραν
1137 810 1301 861 πίστιν
1331 807 1467 878 παρὰ
1495 808 1586 878 τήν
1612 816 1699 878 τῆς
1716 809 1967 879 ἀληθείας,
2005 811 2068 880 ἣν
2090 814 2176 866 καὶ
2208 811 2380 882 αὐτὴν,

446 888 537 957 τὴν
563 892 612 954 ἐξ
644 888 811 944 αὐτῶν
840 893 1148 957 ἐκτεθεῖσαν,
1195 895 1266 955 ἐἰς
1296 893 1514 964 φανερόν
1543 894 1838 964 βουλόμενοι
1867 904 2169 965 καταστῆσαι
2197 896 2382 967 ὁμοίως

448 974 566 1044 μετά
615 974 708 1044 τήν
752 980 1009 1031 Βασιλείου
1055 975 1361 1049 Ἀγκυρηνοῦ
1409 982 1493 1033 καὶ
1543 985 1791 1052 Γεωργίου
1842 988 1933 1035 τοῦ
1983 985 2275 1048 Λαοδικέως
2325 987 2381 1040 ἐκ

447 1059 722 1131 προς-ω’που
754 1061 881 1116 ολων
907 1065 1245 1134 γεγραμμένην
1266 1070 1432 1118 πᾶσαν
1457 1069 1646 1129 τελείως
1674 1066 2019 1138 προετάξαμεν.
2075 1067 2187 1123 Ινα
2214 1070 2268 1124 δὲ
2293 1072 2380 1124 καὶ

445 1145 627 1215 ταύτην
655 1169 744 1216 την
784 1155 954 1219 κρυφῆ
992 1150 1080 1217 μὲν
1116 1172 1178 1202 τα
1216 1148 1353 1203 δεινά
1388 1153 1742 1221 ἐργαζομένην,
1798 1151 1954 1257 φιμὸν
1980 1154 2033 1208 δὲ
2064 1156 2146 1208 ἐπὶ
2173 1161 2242 1229 τῷ
2269 1154 2379 1210 στό-

448 1255 562 1302 ματι
592 1236 867 1302 λαβοῦσαν,
922 1233 1082 1305 ὥςπερ
1122 1233 1205 1288 δια
1244 1242 1443 1304 χαλινοῦ
1477 1236 1560 1291 διά
1601 1236 1689 1291 τόν
1729 1260 1907 1308 καιρον
1937 1245 2027 1307 τῆς
2056 1233 2379 1312 ύποκρίσεως,

449 1342 517 1388 μη
548 1321 602 1373 ἐν
627 1320 837 1393 δευτέρῳ
865 1321 1077 1388 θέμενος
1101 1319 1230 1384 δόξω
1261 1343 1329 1384 ως
1352 1344 1478 1375 κατα
1509 1321 1675 1390 λήθην
1704 1327 1849 1377 τοῦτο
1883 1327 2222 1393 πεποιηκέναι,
2259 1329 2379 1392 λέξω

444 1406 528 1459 καὶ
559 1402 695 1476 ὄλίγα
721 1405 847 1476 πρὸς
873 1404 1029 1473 αὐτὴν
1050 1407 1131 1459 καὶ
1161 1404 1278 1468 τούς
1304 1406 1461 1476 αὐτὴν
1489 1409 1813 1476 ἐκθεμένους,
1863 1408 1990 1480 πρός
2012 1409 2131 1474 τούς
2153 1433 2380 1485 προειρη-

445 1492 624 1558 μένους
650 1494 759 1562 περὶ
788 1490 1045 1557 Ἀκάκιον,
1082 1493 1165 1545 καὶ
1201 1490 1456 1559 Εύζώϊον,
1494 1495 1579 1547 καὶ
1611 1492 1877 1563 Εύτύχιον,
1922 1497 2006 1549 καὶ
2036 1495 2152 1560 τούς
2190 1495 2379 1562 ἄλλους.

447 1578 550 1630 Καὶ
577 1575 768 1648 φανεροὶ
795 1579 883 1646 μέν
911 1580 1037 1632 ἐστιν
1062 1575 1097 1645 ἦ
1118 1580 1316 1640 ἔκθεσις
1344 1576 1376 1647 ἦ
1400 1580 1724 1650 προκειμένη,
1762 1579 2070 1636 ἀλλοιώσασα
2091 1581 2182 1652 τήν
2207 1581 2380 1653 ὅμολο·

444 1665 554 1733 γίαν
590 1669 679 1732 τῆς
720 1659 972 1731 ἀληθείας.
1030 1662 1140 1717 Ἵνα
1170 1664 1223 1717 δὲ
1249 1663 1316 1732 μή
1344 1686 1471 1727 τινες
1508 1667 1681 1719 εἴπωσι
1714 1664 1840 1720 κατά
1879 1672 2214 1734 συκοφαντίαν
2254 1668 2382 1741 πρὸς

446 1747 653 1811 τούτους
680 1746 813 1817 ἡμᾶς
840 1750 1108 1820 εἰρηκέναι,
1147 1752 1381 1818 δείξωμεν
1407 1749 1440 1803 ἃ
1464 1749 1839 1822 προβαινόντων
1875 1758 1973 1806 τῶν
2004 1752 2193 1824 χρόνων
2223 1753 2379 1825 ὤφθη

443 1835 528 1887 καὶ
555 1833 800 1905 ἐφωράθη
831 1836 883 1889 έν
911 1841 972 1909 τῇ
994 1837 1328 1910 προειρημένῃ
1356 1841 1454 1890 τῶν
1479 1835 1644 1890 αὐτῶν
1674 1836 1796 1891 συνό
1802 1841 1830 1890 δ
1838 1860 1903 1911 ως
1965 1839 2052 1903 Ἐξ
2085 1837 2248 1894 αὐτῶν
2285 1839 2378 1912 γάρ

446 1918 672 1986 Εύζῶῖος
699 1918 728 1974 ὁ
751 1923 803 1975 έν
832 1925 1120 1995 Καισαρείᾳ,
1159 1920 1390 1990 μαθητής
1419 1923 1619 1976 ἐκείνων
1647 1920 1897 1994 ύπάρχων,
1937 1926 1982 1978 εἶ
2006 1927 2093 1979 καὶ
2121 1923 2207 1980 τὸν
2225 1924 2376 1980 Ἀκά-

443 2027 556 2059 κιον
597 2007 840 2070 διεδέξατο
875 2005 993 2075 μετὰ
1034 2006 1330 2062 κατάστασιν
1374 2009 1683 2076 Φιλουμένου
1722 2015 1812 2062 τοῦ
1846 2006 1946 2063 ύπὸ
1999 2015 2245 2080 Κυρίλλου
2285 2018 2378 2067 τοῦ

440 2089 829 2162 Ἰεροσολυμίτου
863 2095 1286 2159 κατασταθέντος,
1324 2094 1408 2147 καὶ
1440 2091 1560 2161 μετά
1585 2093 1880 2148 κατάστασιν
1913 2100 2158 2166 Κυρίλλου
2185 2103 2277 2151 τοῦ
2302 2098 2378 2168 γέ-

445 2200 645 2249 ροντος,
696 2184 786 2232 τοῦ
814 2177 914 2232 ἀπὸ
945 2184 1043 2232 τῶν
1074 2181 1188 2250 περὶ
1222 2177 1470 2248 Εύτύχιον
1496 2181 1915 2246 κατασταθέντος,
1964 2183 2048 2234 καὶ
2079 2181 2198 2250 μετά
2230 2182 2377 2238 κατά-

445 2282 613 2317 στασιν
639 2267 876 2318 Γελασίου
897 2270 988 2318 τοῦ
1017 2262 1115 2318 ύπὸ
1147 2268 1394 2335 Κυρίλλου
1420 2258 1575 2327 αὖθις
1610 2271 1700 2319 τοῦ
1721 2262 2106 2336 Ἱεροσολυμίτου
2141 2285 2379 2322 καταστα-

445 2351 644 2413 θέντος·
699 2353 748 2414 ἐξ
789 2347 1005 2418 ἀδελφῆς
1045 2348 1136 2421 γάρ
1181 2348 1336 2403 αὐτοῦ
1381 2349 1621 2420 ἐτύγχανε.
1696 2353 2123 2407 Κατασταθέντων
2152 2354 2244 2426 γάρ
2280 2361 2379 2410 τῶν

446 2441 624 2504 τριῶν,
662 2436 746 2488 καὶ
772 2433 1094 2505 ἀργησάντων
1118 2433 1202 2488 διά
1230 2434 1320 2503 τὴν
1344 2435 1471 2506 πρὸς
1497 2434 1731 2505 ἀλλήλους
1759 2439 1880 2508 ἔριν,
1917 2431 2070 2501 αὖθις
2101 2437 2132 2493 ὅ
2152 2461 2379 2513 προειρη-

447 2522 593 2589 μένος
629 2519 859 2585 Εὐζώϊος
894 2521 1187 2589 κατεστάθη.
1258 2518 1339 2585 Ἐξ
1369 2521 1534 2575 αὐτῶν
1570 2515 1662 2576 οὖν
1699 2524 1784 2576 καὶ
1822 2529 2104 2592 Γεμελλῖνος
2145 2523 2377 2597 ὑπῆρχεν,

447 2608 497 2670 ἐξ
535 2606 701 2659 αὐτῶν
741 2609 991 2669 Φίλιππος
1017 2604 1047 2660 ὅ
1072 2611 1479 2676 Σκυθοπολίτης,
1519 2609 1568 2671 ἐξ
1599 2605 1762 2661 αύτῶν
1796 2606 2092 2674 Ἀθανάσιος
2121 2610 2152 2665 ὅ
2175 2617 2378 2666 Σκυθο-

447 2695 672 2760 πολίτης,
712 2694 890 2754 οἵτινες
921 2691 1015 2745 οὐκ
1055 2694 1110 2745 ἐκ
1134 2698 1332 2766 κρυφῇ,
1386 2690 1505 2746 ἀλλά
1540 2692 1660 2761 μετά
1693 2699 1999 2765 παρρησίας,
2040 2694 2109 2759 οἷς
2137 2695 2378 2768 1ἀπειρα-

444 2777 781 2849 γαθήσαντες,
821 2778 882 2831 οὐ
918 2777 1073 2845 μόνον
1108 2776 1166 2831 τά
1190 2775 1381 2848 Ἀρείου
1411 2777 1753 2845 διδάσκουσιν,
1807 2779 1905 2834 ἀλλ’
1930 2779 2267 2850 ύπερμαχοῦσι
2292 2788 2379 2852 τῆς

448 2861 611 2917 αὐτῶν
637 2865 884 2933 αἱρέσεως,
922 2865 1006 2916 καὶ
1027 2861 1145 2925 τούς
1167 2862 1257 2932 τὴν
1284 2862 1523 2932 ἀλήθειαν
1546 2862 1870 2929 διδάσκοντας
1897 2866 2175 2933 διώκουσιν,
2214 2865 2378 2922 οὐκέτι

444 2948 610 3020 λόγοις
640 2948 934 3018 βουλόμενοι
965 2948 1288 3020 ἀνατρέπειν,
1339 2949 1460 3002 ἀλλά
1486 2952 1569 3004 καὶ
1599 2953 1845 3021 ἐχθρίαις,
1880 2953 1966 3005 καὶ
1998 2953 2256 3020 πολέμοις,
2292 2954 2378 3007 καὶ

446 3038 705 3106 μαχαίραις
729 3034 1082 3106 παραδιδόντες
1110 3033 1227 3098 τούς
1251 3031 1423 3104 ὀρθῶς
1454 3036 1787 3100 πιστεύοντας.
1863 3036 2048 3106 Λύμην
2074 3036 2166 3109 γάρ
2199 3038 2262 3092 οὗ
2286 3044 2379 3113 μιᾷ

445 3120 584 3175 πόλει
618 3122 704 3174 καὶ
739 3120 878 3195 χώρα
914 3122 1225 3192 εἰργάσαντο,
1264 3118 1382 3175 ἀλλά
1418 3128 1632 3184 πολλαῖς.

594 3385 609 3415 ¹
633 3377 858 3442 Λούκιος
877 3372 1047 3444 οὗτος,
1085 3400 1112 3432 ο
1137 3379 1188 3431 ἐν
1212 3375 1546 3452 Ἀλεξανδρεία
1568 3382 1780 3431 τοσαῦτα
1804 3376 2132 3446 ἐργασάμενος
2162 3378 2232 3439 εἷς
2258 3376 2378 3441 τούς

450 3461 810 3534 ομολογοῦντας
845 3463 931 3518 τὸν
968 3462 1082 3517 υἷὸν
1115 3469 1203 3517 τοῦ
1241 3470 1367 3517 θεοῦ
1409 3467 1463 3518 ἐν
1508 3463 1732 3535 ἀληθεία.
1802 3460 1867 3514 Ἡ
1895 3463 1948 3515 δὲ
1988 3462 2154 3515 αὐτῶν
2194 3467 2377 3534 φατρία

447 3546 565 3600 καθ’
600 3547 810 3617 ἑκάστην
849 3547 1038 3620 ημέραν
1078 3552 1171 3603 τίνι
1202 3571 1302 3603 των
1336 3548 1530 3603 σύνεσιν
1563 3553 1688 3601 θεοῦ
1727 3545 1934 3615 ἐχόντων
1970 3545 2062 3600 οὐκ
2099 3550 2199 3602 ἔστι
2234 3547 2374 3617 δήλη,

452 3630 519 3695 ὥς
562 3636 775 3707 δημοσίᾳ
809 3634 1104 3705 κηρύττουσι
1145 3634 1340 3688 κτιστὸν
1377 3636 1465 3703 μὲν
1506 3632 1592 3687 τόν
1627 3631 1741 3685 υἷὸν
1776 3638 1865 3685 τοῦ
1903 3639 2055 3698 θεοῦ,
2104 3631 2297 3687 κτιστόν
2323 3633 2376 3686 δὲ

510 3776 921 3818 cff.xxxv¹1.-
960 3779 993 3820 1.
1026 3775 1382 3836 ἅνδραγαειήσαν-
1497 3778 1592 3817 Cu.
1616 3777 1861 3817 XXXVII!
1894 3801 1948 3809 —-
2005 3773 2227 3832 1-“chtep
2255 3775 2373 3820 Aou-

450 3847 520 3886 τες
546 3836 762 3876 hariolatus
790 3840 844 3875 est
872 3838 1067 3878 Petavius.
1438 3849 1527 3884 κιος
1549 3825 1669 3883 οὗτος
1691 3836 1912 3887 suspicatus
1937 3838 1992 3876 est
2016 3837 2214 3877 Petavius.
2272 3836 2374 3876 Mal·
