2508 4134
576 255 802 296 PANARH
831 256 934 296 Lm.
965 257 1037 296 111.
1067 257 1200 298 ΤοΜ.
1227 258 1258 298 1.
1288 257 1453 297 HAER.
1477 257 1677 297 Lxxw.
1979 247 2072 296 151

173 353 307 404 colae
344 351 666 421 propaginem
695 353 941 420 capientes
988 360 1090 402 toto
1133 353 1250 403 orbe
1288 363 1589 422 sparserunt.
1667 351 1875 405 Veteres
1918 362 2075 404 autem

171 436 381 487 cultores
406 436 618 488 evulsam
647 445 816 504 suapte
842 435 1034 504 perfidia
1064 436 1393 504 profligarunt.
1471 436 1558 489 llle
1584 447 1756 506 gentes
1784 446 1872 488 suo
1902 454 2075 488 cruore

170 520 463 583 sanctificat,
514 519 594 571 ille
626 538 709 589 per
749 519 966 589 spiritum
1009 529 1227 570 sanctum
1267 538 1386 586 quos
1419 522 1612 573 vocavit
1649 522 1705 572 ad
1738 538 1937 590 regnum
1967 538 2077 572 coe-

167 605 288 655 leste
316 603 547 672 perducit.
626 602 757 656 Sane
798 608 1070 670 quicumque
1107 607 1253 668 zpsz'us
1277 614 1489 668 aguntur·
1523 610 1719 669 spiritu,
1763 605 1852 655 deo
1881 604 1971 673 ipsi
2002 605 2072 655 vi·
2099 624 2206 660 Rom.
2222 626 2255 670 a,
2279 626 2329 661 1⁴.

170 697 304 739 vunt.
381 686 684 756 Quicumque
708 705 825 741 vero
850 705 944 738 non
975 695 1201 754 aguntur,
1244 687 1383 737 morti
1407 687 1558 738 adhuc
1583 689 1796 738 attributi
1822 688 2075 753 animaleS,

167 772 246 822 vel
283 773 505 823 carnales
547 772 705 842 potius
753 771 1074 841 appellantur.
1158 768 1370 820 Proinde
1410 772 1568 821 carnis
1619 773 1860 839 extinguit
1908 789 2074 841 opera,

167 872 288 922 quae
317 855 658 907 munimentum
691 857 924 924 quoddam
958 864 1034 906 est
1064 854 1280 923 peccati,
1334 862 1382 904 et
1415 854 1630 905 membra
1658 856 1826 905 mortis
1852 874 1936 906 sua
1966 874 2077 925 gra-

166 940 230 990 tia
270 940 542 992 mortificat.
622 939 751 992 Idem
799 940 1020 1008 accipere
1059 939 1276 1008 spiritum
1331 947 1580 1000 sanctum,
1641 957 1734 1006 quo
1772 940 2074 1004 carebamus,

165 1023 395 1092 imperat,
436 1025 515 1092 qui
543 1042 620 1076 me
646 1025 826 1094 pridem
855 1032 1075 1075 enectum
1110 1023 1362 1074 revocavit
1387 1023 1444 1072 ad
1473 1022 1651 1085 vitam,
1710 1040 1850 1090 quem
1882 1024 1972 1074 nisi
2002 1041 2079 1075 re-

166 1125 361 1176 cepero,
404 1108 605 1160 subinde
637 1109 834 1159 moriar.
910 1106 1037 1158 Nam
1067 1106 1246 1175 absque
1279 1107 1382 1157 eius
1413 1106 1585 1175 spiritu
1619 1105 1819 1174 quilibet
1848 1116 1922 1158 est
1951 1125 2078 1158 mor-

166 1200 294 1242 tuus.
372 1196 505 1256 Quod
537 1197 585 1242 εἰ
614 1197 808 1258 spiritus
845 1196 944 1242 eius
972 1196 1020 1241 z'n
1046 1193 1179 1241 nobis
1214 1201 1309 1251 est,
1367 1195 1452 1256 qui
1484 1195 1710 1241 excitavit
1741 1193 1871 1240 illum
1901 1209 1929 1240 a
1954 1210 2075 1241 mor·
2092 1202 2198 1238 Rom.
2220 1202 2253 1248 8,
2277 1202 2329 1238 11.

166 1280 258 1325 tuis
269 1314 283 1336 ‚
325 1279 581 1342 vivificabit
600 1280 816 1326 mortalia
843 1294 1040 1341 corpora
1073 1285 1235 1325 nostra
1256 1294 1347 1340 per
1378 1277 1709 1324 inhabitantem
1735 1279 1951 1340 spiritum
1978 1280 2078 1324 eius

165 1364 213 1409 iu
236 1361 385 1410 nobis.
465 1359 646 1412 Verum
676 1362 817 1412 ambo
842 1361 889 1412 in
917 1352 1064 1424 iusto,
1106 1368 1158 1410 ut
1182 1359 1383 1428 opinor,
1426 1358 1658 1423 habitant,
1702 1355 1927 1410 Christus
1951 1359 2079 1410 eius—

165 1461 255 1512 que
293 1445 510 1513 spiritus.

305 1526 406 1578 lam
437 1546 554 1580 vero
582 1546 687 1579 cum
720 1525 945 1580 Christus
981 1546 1007 1578 a
1043 1537 1178 1597 patre
1211 1528 1487 1596 profectuS,
1530 1528 1647 1578 deus
1681 1525 1906 1577 videlicet
1930 1543 1957 1576 a
1983 1526 2073 1576 deo
2109 1529 2205 1584 Cap.
2233 1533 2300 1573 tv.

164 1613 386 1663 credatur
405 1651 418 1674 ‚
461 1621 507 1663 et
536 1613 610 1662 dei
637 1613 832 1681 spiritus
862 1631 889 1664 a
920 1610 1145 1675 Christo,
1204 1621 1366 1680 utpote
1397 1613 1475 1680 qui
1504 1612 1561 1662 ab
1593 1620 1796 1678 utroque
1827 1610 2075 1679 procedit3

161 1697 206 1746 id
243 1697 367 1764 quod
396 1693 620 1747 Christus
652 1697 754 1765 ipse
787 1706 1022 1747 testatur:
1078 1700 1377 1761 Que'apatre
1398 1700 1639 1762 procedit,
1693 1695 1873 1762 inquit,
1909 1704 1977 1759 ,et
1999 1697 2075 1743 hic
2107 1697 2233 1732 Ioann.

160 1784 216 1830 de
240 1800 336 1830 meo
369 1785 591 1846 ucczpz'et3
633 1798 834 1848 cumque
870 1778 1094 1832 Christus
1132 1797 1157 1831 e
1187 1780 1358 1848 spiritu
1398 1789 1565 1832 sancto
1602 1788 1741 1829 natus
1784 1779 1866 1830 sit.
1945 1781 2077 1842 Quod
2118 1742 2307 1828 ‹it5'1636'14-

161 1868 279 1914 enim
319 1869 366 1915 in
404 1869 504 1931 ejvs-a
539 1875 611 1914 est
642 1868 699 1914 de
727 1869 899 1930 spiritu
938 1875 1098 1914 sancto
1131 1875 1288 1913 uatum
1326 1875 1420 1925 est,
1482 1874 1531 1914 ut
1555 1863 1712 1931 angeli
1745 1862 1905 1914 verbis
1932 1871 2068 1925 utar,
2138 1825 2277 1912 pfaztgh,

163 1949 444 2018 mysterium
469 1950 582 2000 illud
613 1966 697 2017 per
724 1949 849 2017 quod
883 1966 986 1999 sum
1019 1949 1323 2017 redemptus,
1366 1949 1455 1999 fide
1479 1957 1618 2016 atque
1650 1947 1813 1997 auditu
1841 1947 2079 1997 duntaxat

162 2032 405 2101 intellige,
449 2043 544 2084 tum
577 2050 741 2084 amore
767 2050 884 2100 erga
910 2034 1040 2083 illum
1070 2050 1125 2083 ac
1155 2033 1492 2086 benevolentia
1523 2033 1601 2100 qui
1625 2032 1682 2082 ad
1714 2048 1787 2082 me
1817 2047 1968 2099 usque
1995 2031 2077 2080 de-

163 2118 368 2168 scendit.
444 2116 582 2169 Deus
627 2117 751 2168 enim
797 2117 1006 2186 seipsum
1049 2117 1327 2185 cognoscit,
1388 2113 1612 2168 Christus
1653 2132 1762 2166 sese
1806 2114 2071 2183 praedicat,

164 2201 361 2270 spiritus
389 2211 586 2253 sanctus
614 2201 818 2269 denique
852 2202 1061 2270 seipsum
1098 2201 1158 2251 iis
1196 2201 1276 2269 qui
1304 2201 1434 2269 digni
1463 2209 1574 2252 sunt
1612 2199 1839 2250 ostendit.
1916 2196 2073 2249 Porro

165 2285 319 2336 sacris
357 2286 404 2336 in
450 2286 604 2337 literis
645 2285 861 2336 nuntiata
900 2285 1039 2337 nobis
1074 2293 1150 2337 est
1179 2286 1384 2353 fideique
1423 2294 1619 2336 nostrae
1659 2282 1904 2352 proposita
1935 2281 2074 2332 trini-

167 2378 266 2434 tas;
308 2370 356 2420 in
387 2388 478 2437 qua
511 2370 626 2420 nihil
660 2370 903 2421 curiosum
938 2378 1038 2432 est,
1079 2369 1434 2421 contentiosum
1463 2368 1609 2431 nibil,
1651 2386 1788 2436 quam
1818 2385 1882 2418 ex
1913 2367 2075 2417 audita

167 2463 354 2504 tessera
394 2453 707 2522 symboloque
746 2452 907 2503 didici.
985 2452 1173 2523 Quippe
1216 2471 1281 2504 ex
1309 2455 1412 2522 ipsa
1454 2454 1543 2504 fide
1580 2453 1765 2520 gratiae
1800 2452 1960 2515 saluS,
2015 2471 2076 2501 ex
2096 2471 2251 2513 Roma,
2274 2473 2326 2525 ²¹?-

150 2540 258 2604 fide
283 2541 490 2598 iustitia,
531 2542 652 2588 citra
681 2541 799 2602 legis
827 2556 993 2602 oper-u,
1053 2539 1118 2588 uti
1149 2538 1378 2607 scriptum
1409 2547 1512 2601 est,
1566 2556 1631 2588 ex
1666 2536 1802 2600 fidei,
1856 2537 2071 2603 inquam,
2095 2514 2329 2561 “G‘ss'2’lb'

167 2623 329 2674 auditu
359 2622 418 2672 iis
446 2621 523 2689 qui
554 2622 757 2672 salutem
786 2622 1006 2672 obtinent
1033 2622 1230 2691 spiritus
1259 2619 1440 2673 Christi
1468 2622 1766 2672 conceditur.
1843 2617 2074 2672 Ceterum

167 2715 393 2774 quantum
424 2723 450 2755 e
477 2705 822 2774 scripturarum
857 2705 1105 2774 disciplina
1129 2707 1343 2757 iudicare
1373 2725 1595 2775 possum,
1636 2705 1878 2774 generalis
1912 2704 1990 2754 illa
2022 2705 2074 2754 fi-

169 2792 253 2843 des
282 2807 573 2859 praeconum
604 2789 802 2840 vocibus
831 2789 1101 2840 declaratur
1128 2790 1392 2841 eiusmodi:
1452 2790 1573 2841 Tria
1608 2807 1718 2841 esse
1745 2798 1941 2852 saneta,
1983 2788 2076 2838 tria

170 2874 310 2925 simul
355 2883 554 2937 sancta,
612 2874 703 2924 tria
755 2873 1042 2937 existentia,
1102 2874 1194 2924 tria
1239 2875 1380 2925 simul
1419 2874 1710 2938 existentia,
1775 2873 1865 2923 tria
1921 2874 2075 2922 forma

169 2958 414 3028 praedita,
471 2959 566 3009 tria
609 2958 808 3008 eandem
850 2958 1049 3007 formam
1090 2958 1344 3021 habentia,
1402 2959 1492 3009 tria
1524 2958 1760 3028 efficacia,
1815 2957 1904 3006 tria
1936 2956 2077 3006 simul

168 3041 449 3105 efficientia,
490 3043 582 3093 tria
611 3041 943 3104 subsistentia,
984 3042 1075 3091 tria
1099 3043 1238 3093 simul
1267 3043 1608 3105 subsistentia,
1649 3051 1697 3092 et
1722 3041 1929 3098 invicem
1958 3057 2072 3089 con-

168 3127 347 3177 iuncta.
425 3126 588 3194 Atque
615 3143 670 3176 ea
701 3126 886 3176 demum
923 3134 1090 3175 sancta
1114 3126 1303 3177 trinitas
1334 3127 1601 3195 appellatur
1625 3125 1673 3176 in
1702 3142 1792 3192 qua
1819 3122 1911 3174 tria
1937 3131 2068 3187 sunt,

166 3240 274 3279 Libri
310 3241 413 3279 enim
447 3251 569 3279 manu
606 3240 760 3278 exarati
787 3242 821 3277 et
849 3238 937 3277 edit.
972 3239 1093 3287 princ.
1209 3239 1271 3281 17.
1304 3237 1388 3293 ἐγώ
1417 3241 1500 3280 cod.
1531 3239 1690 3287 Rhediq.

167 3296 303 3335 habent
331 3290 596 3361 Εἶπεέίῑργθς,
625 3291 893 3342 ἅφῑλὸνεῑκθς·
1210 3307 1273 3349 18.
1306 3307 1540 3361 ἐνύπαρκτα
1581 3309 1741 3356 scripsi,
1784 3318 1872 3345 cum
1904 3308 2075 3347 viderem

228 3351 289 3390 ῙῙ·
320 3364 456 3403 ακθης
484 3354 619 3391 A⁷¹⁰⁰²²
1150 3365 1261 3404 codd.
1285 3377 1375 3405 mss.
1400 3370 1433 3404 et
1459 3367 1515 3403 ed.
1536 3366 1656 3412 princ.
1685 3360 1901 3415 ἔμπρακτα
1924 3364 2080 3403 habere.

228 3419 288 3460 12.
317 3418 475 3472 ταύτης
496 3433 568 3469 pro
589 3418 637 3463 δὲ
659 3417 793 3473 αὐτῆς
818 3421 927 3460 habet
953 3420 1089 3459 Ancor.
1149 3422 1331 3460 Petavius
1371 3421 1489 3459 edidit
1531 3415 1733 3469 ὑπαρκτὰ.
1803 3419 1846 3457 In
1886 3420 2074 3459 Ancorato

229 3475 291 3516 13.
322 3474 450 3528 ἔργων
481 3489 554 3515 om.
585 3480 718 3517 Ancor.
1149 3477 1414 3515 desiderantur
1441 3478 1558 3514 verba
1582 3472 1675 3525 τρία
1701 3496 1725 3503 -
1744 3496 1770 3503 -
1797 3470 2068 3527 συνύπαρκτα.

230 3542 289 3585 14.
348 3543 546 3588 διδόσξται
591 3548 678 3585 edd.
716 3549 838 3596 princ.
886 3550 920 3586 et
959 3546 1090 3586 Petav.
1209 3544 1270 3586 19.
1309 3548 1427 3584 Verba
1462 3543 1556 3596 τρία
1591 3540 1876 3586 συνυπόστατα
1901 3557 1977 3585 ηοη
2001 3546 2072 3585 ha-

168 3604 327 3642 Petavio
355 3604 556 3641 videbatur
584 3601 760 3644 δέδοται.
1151 3605 1208 3642 bet
1236 3604 1369 3640 Ancor.

235 3671 295 3710 15.
325 3668 452 3722 πιστή
486 3674 621 3711 Ancor.
1205 3670 1272 3709 20.
1301 3666 1331 3723 γῖ
1361 3665 1460 3723 οἶγία
1489 3671 1623 3710 Ancor.

238 3738 298 3780 16.
330 3737 448 3795 φωνή
480 3743 614 3782 Ancor.
