2508 4134
438 248 540 299 646
1013 256 1285 298 ΑΒΒΕΝΒΑ
1313 258 1387 299 ET
1418 257 1789 300 coRmGENDA.

437 356 465 395 1.
481 354 548 397 29.
579 349 669 398 ἀλλ’
691 351 909 410 ἦὲέτησαν
933 353 975 397 ἐν
1002 349 1146 409 ἀγῶνι.
1178 377 1228 386 -
1270 355 1295 395 I.
1323 355 1363 398 3.
1396 356 1447 397 ab
1474 356 1549 397 inf.
1581 351 1714 405 οὕτως
1736 354 1884 405 καθώς
1910 353 2045 411 κάγώ.
2081 381 2126 389 ·—
2168 357 2196 398 l.
2218 357 2377 413 penult.

438 421 759 479 γαμησάτωσαν
790 427 894 464 Ven.
956 424 1069 464 Idem
1099 425 1126 465 l.
1156 425 1227 465 ult.
1258 425 1357 477 καὶ,
1388 435 1483 468 ante
1513 422 1604 470 κατ’
1635 424 1778 480 αύτόν,
1809 441 1890 467 non
1920 426 2061 467 habet.

550 496 680 552 Pag.
715 496 840 539 172.
899 495 928 536 l.
957 495 996 536 2.
1026 493 1385 551 Γαμησάτωσαν,
1418 495 1480 552 μή
1509 512 1602 551 πυρ.
1633 496 1726 551 (καὶ
1756 497 1893 551 deest)
1929 497 2033 537 Ven,
2069 519 2115 528 «-
2174 497 2203 538 l.
2231 498 2270 539 5.
2299 497 2372 540 τοῦ

441 562 629 620 ῥήματος
654 567 727 608 τοῦ
757 564 976 620 εἰρημένου
1003 567 1108 607 Ven.
1141 590 1190 598 ——
1252 566 1283 608 l.
1306 567 1345 610 8.
1380 567 1416 611 εἰ
1446 566 1495 612 δὲ
1523 567 1597 611 καὶ
1626 560 1746 615 οὗτος
1776 566 1912 622 ἑαυτῷ
1945 563 1992 609 ού
2022 562 2246 622 δεδύνηται
2269 569 2374 609 ven.

439 701 707 762 εύνουχίσὲαι
734 709 839 748 Ven.
873 730 923 737 ——-
983 707 1010 748 1.
1040 706 1099 748 14.
1132 709 1226 762 λυμ.
1256 704 1388 752 αύτοῦ
1419 706 1467 753 τὸ
1498 707 1621 762 μέλος
1646 710 1748 747 Ven.
1779 732 1832 738 —
1890 708 1920 748 l.
1950 707 2011 750 16.
2043 709 2213 764 Repone
2243 706 2266 754 ὁ
2291 722 2374 752 τοι-

441 777 573 826 οῦτος.
635 777 840 818 Articulus
874 773 897 821 ὁ
929 778 1079 818 excidit
1111 779 1234 826 etiarn
1264 780 1316 820 ab
1346 779 1443 820 edit.
1478 781 1614 819 Petav.
1650 778 1796 819 Colon.
1858 779 1938 819 Pro
1975 773 2154 833 ἀντέστη
2191 780 2233 820 in
2269 782 2372 821 Ven.

438 848 590 903 legitur
618 843 824 897 ἀντιστὰς.
857 873 909 879 --
968 849 995 892 1.
1012 848 1080 890 22.
1111 848 1183 893 Διὸ
1217 849 1289 893 καὶ
1319 848 1360 892 έν
1393 848 1586 904 συντόμῳ
1625 850 1726 889 Ven.
1761 873 1809 880 —-
1870 849 1896 889 l.
1924 850 1992 891 25.
2024 850 2195 904 Repone
2225 850 2376 904 κέρασι

440 933 488 959 ex
522 919 770 959 auctoritate
800 920 960 960 Veneti.
1022 920 1136 960 Idem
1176 920 1280 960 liber
1322 920 1349 960 l.
1376 920 1444 962 26.
1474 919 1645 974 praebet
1677 918 1718 962 ἐν
1749 917 1796 963 δὲ
1823 914 1938 975 ἄλλῳ
1964 919 2146 976 κέντρῳ,
2179 929 2221 961 εὶ
2243 921 2275 962 Δ1.
2305 919 2376 964 29.

440 988 509 1032 ἐπὶ
529 987 608 1038 τὰς
633 988 857 1043 μετέπειτα
885 990 1109 1047 βαίνοντες.
1143 1015 1194 1021 --
1238 991 1263 1031 l.
1285 987 1324 1032 4.
1353 991 1403 1030 ab
1430 990 1505 1031 inf,
1535 987 1661 1033 Κατὰ
1688 989 1900 1044 Καὲἱαρῶν
1924 991 2007 1033 τῶν
2033 985 2284 1045 ἀκαὸάρτων
2310 987 2374 1034 λῖ

438 1053 470 1115 ἦ
499 1059 572 1103 καὶ
597 1059 672 1102 vir.
706 1063 806 1101 Ven.
841 1083 888 1091 --
949 1060 976 1101 l.
1007 1061 1162 1115 penult.
1194 1057 1394 1104 Ναυάτου
1423 1062 1555 1109 Ven.‚
1600 1061 1668 1115 qui
1699 1069 1938 1102 constanter
1967 1062 2137 1116 praebet
2165 1061 2375 1111 Ναυᾶτος.

553 1132 685 1189 Pag.
708 1131 833 1175 174.
889 1130 917 1172 l.
946 1133 979 1172 1.
1019 1132 1092 1175 τοῦ
1122 1129 1198 1185 πρὸ
1231 1131 1303 1174 τοῦ
1350 1130 1460 1181 Μαξ.
1506 1133 1611 1173 Ven.
1642 1155 1691 1162 —-
1751 1131 1778 1172 1.
1803 1133 1843 1172 2.
1892 1131 2003 1189 τάχα
2032 1131 2081 1176 δὲ
2110 1129 2225 1188 οἶμαι
2265 1135 2369 1174 Ven.

439 1202 554 1243 Idem
582 1202 608 1241 l.
630 1202 669 1244 ὂ.
705 1195 769 1244 ἐπ’
806 1195 975 1255 ἅρματι.
1014 1226 1059 1233 -
1119 1202 1145 1242 l.
1178 1202 1216 1244 9.
1246 1199 1407 1255 ταύτης
1429 1201 1621 1256 γίνεσθαι
1647 1204 1750 1243 Ven.
1793 1227 1834 1233 -·-
1895 1202 1922 1243 l.
1963 1204 2022 1244 12.
2055 1205 2135 1259 τῆς
2162 1205 2246 1247 τῶν
2274 1200 2375 1247 πάν-

439 1287 521 1316 των
544 1267 777 1326 ἀνῇρώπων
803 1271 1051 1327 αἰσθήσεως
1080 1271 1120 1315 ἐν
1147 1269 1496 1327 παραπτώμασιν.
1539 1270 1654 1316 Διότι
1683 1275 1782 1313 Ven.
1826 1272 1942 1313 Idem
1971 1273 2079 1315 1.13.
2112 1270 2199 1319 οὐδ’
2223 1268 2274 1318 ἂν
2299 1268 2382 1318 κᾶν.

442 1343 519 1398 μία
546 1340 690 1398 τῖμέρα
715 1340 746 1396 ἢ
770 1341 859 1398 ζωὴ
893 1339 1032 1387 αύτοῦ.
1065 1368 1121 1375 -
1175 1343 1283 1385 1.15.
1317 1339 1490 1386 ἀπόλλει
1519 1343 1641 1386 τοῦτο
1667 1341 1698 1397 τί
1724 1339 1825 1398 ἀγία
1853 1345 1955 1387 θεοῦ
1990 1345 2079 1400 (τοῦ
2110 1344 2243 1398 deest)
2270 1346 2374 1387 Ven.

442 1414 573 1456 Paulo
605 1423 701 1468 post
733 1415 907 1455 restitue
935 1413 1016 1469 γὰρ
1045 1414 1119 1456 καὶ
1149 1411 1356 1457 ἐπάνοδον.
1416 1414 1619 1455 Particula
1649 1414 1722 1457 καὶ
1754 1415 1909 1455 excidit
1939 1415 2063 1456 etiam
2092 1415 2135 1455 in
2163 1415 2262 1457 edit.
2292 1418 2378 1457 Pe-

440 1493 523 1526 tav.
553 1484 697 1525 Colon.
728 1510 778 1516 —-
840 1484 868 1527 1.
896 1485 956 1526 19.
987 1484 1093 1538 πρὸς
1119 1481 1340 1540 ὁμολογίαν
1368 1487 1470 1525 Ven.
1530 1485 1645 1526 Idem
1672 1485 1742 1526 lin.
1773 1500 1885 1540 sequ.
1924 1482 2116 1541 Ἀγαπᾶς
2154 1501 2237 1541 με,
2281 1487 2375 1531 Πέ-

440 1570 537 1610 τρε,
567 1551 733 1610 ἀγαπᾶς
761 1570 841 1610 με,
873 1555 1038 1609 Πέτρε,
1072 1552 1239 1611 ἀγαπᾶς
1269 1570 1323 1610 με
1353 1555 1494 1610 Πέτρε
1521 1557 1647 1607 (sic),
1692 1556 1764 1598 καί
1792 1570 1900 1612 φησι
1929 1558 2031 1598 Ven.
2066 1579 2114 1589 -
2176 1558 2202 1598 I.
2232 1558 2300 1601 21.
2326 1556 2374 1603 τὸ

442 1623 675 1670 ἀποστόλου
714 1624 762 1669 τὸ
808 1626 1050 1681 εἰρημένον,
1092 1624 1315 1670 Ἀδύνατον
1345 1624 1426 1681 γὰρ
1454 1625 1557 1676 τοὺς
1591 1629 1694 1668 Ven.
1729 1650 1778 1658 -
1837 1627 1864 1668 l.
1890 1627 1956 1668 25.
1991 1629 2146 1672 πιοῦσα
2179 1627 2378 1679 πολλάκις

442 1694 512 1739 τὸν
542 1693 606 1739 ἐπ’
646 1693 783 1751 αὐτῆς
812 1698 914 1739 ven.
951 1721 999 1728 —-
1058 1697 1086 1739 l.
1113 1698 1180 1742 27.
1227 1698 1360 1739 Verba
1401 1693 1608 1753 ἀδόκιμος
1639 1698 1712 1741 καὶ
1743 1712 1823 1740 om.
1855 1700 1982 1751 ven„
2026 1700 2125 1740 item
2151 1699 2270 1743 L‘AE.
2301 1698 2376 1754 μὲν

443 1776 539 1808 ante
570 1762 669 1811 ὄντι.
2036 1752 2051 1762 ”

556 1839 687 1897 Pag.
711 1840 837 1884 176.
896 1841 925 1881 l.
954 1842 986 1881 1.
1018 1839 1091 1891 δὲ,
1124 1849 1221 1881 ante
1247 1841 1343 1894 περὶ
1383 1838 1502 1896 ύμῶν
1522 1873 1532 1892 ,
1580 1856 1661 1882 om.
1700 1843 1803 1883 Ven.
1835 1865 1887 1874 -
1946 1841 1974 1882 1.
2003 1841 2044 1885 3.
2080 1841 2173 1891 πῶς
2203 1840 2277 1897 μὲν
2305 1839 2377 1886 τόν

443 1911 550 1952 Ven.
584 1934 636 1940 -—
694 1910 719 1950 1.
748 1913 787 1953 ὁ.
819 1906 898 1954 οῦκ
927 1906 1132 1965 ἀπέτεμεν
1161 1909 1260 1961 τούς
1291 1910 1352 1954 ἔτι
1378 1914 1482 1953 ven.
1546 1912 1663 1953 Idem
1691 1912 1791 1953 ibid.
1819 1912 2032 1967 σωτηρίας
2062 1912 2273 1970 ἐχόμενα,
2303 1911 2374 1956 καὶ

445 1981 484 2024 2³5.
514 1976 642 2024 ἀντιλ.
672 1976 953 2037 ἀγαὲτοεργίας
985 1983 1123 2036 (deest
1155 1983 1251 2037 τῆς)
1278 1979 1424 2026 ἀύτῶν
1454 1977 1572 2040 χάριν
1609 1981 1680 2027 τόν
1707 1982 1847 2037 κύριον
1875 1982 2035 2034 ἔδειξε,
2079 1986 2161 2027 τῶν
2190 1982 2262 2027 καὶ
2291 1981 2377 2028 ἀπὸ

443 2049 806 2107 παραπτωμάτων.
838 2077 894 2084 -
952 2054 979 2094 l.
1013 2055 1069 2095 10.
1115 2053 1188 2097 καὶ
1217 2053 1530 2109 φιλανῦρωπίαν
1565 2052 1660 2110 (την
1688 2053 1822 2107 deest)
1865 2051 1924 2108 μή
1957 2049 2250 2099 ἀνακόπτουσα
2275 2057 2378 2096 Ven.

443 2124 539 2164 Hoc
562 2123 860 2178 reponendum.
913 2124 1026 2165 Idem
1054 2124 1157 2165 liber
1187 2126 1309 2180 paulo
1336 2133 1432 2179 post
1455 2123 1626 2179 γινώσκ.
1653 2123 1726 2168 τὸν
1757 2123 1805 2169 δὲ
1832 2123 1994 2179 τρόπον.
2024 2149 2080 2156 -—
2122 2125 2148 2165 1.
2183 2127 2244 2168 11.
2279 2127 2378 2168 Cor-

445 2193 532 2248 rige
561 2190 640 2248 γὰρ
674 2191 697 2237 ὁ
723 2192 813 2248 τὴν.
874 2196 1083 2236 Articulus
1128 2196 1388 2236 desideratur
1427 2196 1551 2236 etiam
1591 2196 1634 2235 in
1679 2195 1777 2236 edit.
1803 2197 1963 2236 'Petam
2007 2196 2152 2237 Colon.
2213 2195 2300 2254 ἔχει
2334 2198 2376 2239 in

445 2279 559 2320 seqq.
585 2280 729 2306 sanum
753 2273 828 2306 est.
861 2289 917 2296 —
973 2266 999 2306 l.
1025 2267 1085 2307 12.
1118 2262 1228 2310 οὕτω
1255 2265 1327 2309 καὶ
1357 2263 1380 2309 ὁ
1410 2262 1492 2310 ἀπὸ
1520 2267 1689 2320 λουτροῦ
1720 2267 1827 2321 (sine
1850 2267 1940 2319 τοῦ)
1970 2269 2071 2307 Ven.
2137 2267 2250 2310 Idem
2278 2268 2382 2311 liber

445 2337 472 2377 1.
501 2338 560 2378 13.
592 2334 860 2391 παραπεσών.
889 2361 940 2368 -
986 2338 1013 2377 l.
1039 2335 1100 2379 14.
1133 2333 1244 2382 οῦτω
1270 2336 1343 2380 καὶ
1371 2333 1395 2380 ὁ
1422 2336 1483 2386 εἰς
1508 2335 1554 2380 τὸ
1583 2336 1752 2391 λουτρὸν
1778 2337 1819 2381 ἐν
1842 2353 2020 2393 παραπτ.
2049 2341 2168 2386 Ven..
2200 2347 2242 2380 et
2268 2339 2293 2380 1.
2324 2340 2374 2382 15

449 2405 638 2463 ἐνάρετον
669 2405 721 2451 τοὶ
753 2405 873 2450 κατὰ.
907 2431 958 2438 -
1016 2408 1041 2448 l.
1071 2409 1137 2449 20.
1159 2403 1347 2450 ’Έπειτα
1386 2404 1434 2451 δὲ
1466 2408 1503 2450 οἱ
1534 2403 1662 2451 αύτοῡ
1700 2404 1821 2452 πάλιν
1851 2406 1932 2453 ἀπὸ
1961 2404 2105 2453 τούτου
2133 2406 2267 2464 πρόην
2298 2405 2381 2464 δή·

450 2493 596 2528 σαντες
621 2477 720 2532 (sic)
755 2479 855 2517 Ven.
886 2501 943 2508 -
1000 2479 1026 2519 l.
1056 2480 1122 2521 21.
1167 2478 1267 2521 Καὶ·
1285 2476 1364 2533 γὰρ
1402 2478 1475 2522 καὶ
1515 2476 1634 2522 αύτοὶ
1670 2477 1749 2534 τήν
1787 2475 1921 2535 αύτῆν
1965 2476 2216 2535 κεκτημεὲῑα
2245 2480 2382 2524 πίστιν

448 2543 503 2603 ἦν
548 2549 735 2604 λέγουσιν
779 2549 887 2607 ἔχειν
927 2553 1030 2592 Ven.
1066 2574 1114 2580 —
1174 2550 1201 2590 l.
1231 2549 1297 2591 22.
1344 2547 1537 2604 διγάμοις
1572 2555 1778 2593 κοινωνεῖν
1805 2552 1908 2592 ven.
1941 2576 1992 2582 ——
2051 2551 2080 2593 l.
2104 2549 2171 2593 24.
2203 2550 2383 2595 ἓεάσετο

450 2621 511 2674 (h.
543 2635 576 2660 e.
612 2617 829 2674 ὅεάσαιτο)
860 2623 962 2662 Ven.
995 2646 1045 2652 —
1106 2621 1131 2660 l.
1160 2620 1230 2662 26.
1272 2619 1331 2675 μή
1378 2619 1571 2675 ἔμπειρος
1611 2615 1667 2663 ὧν
1698 2623 1802 2662 ven.
1840 2646 1887 2653 -
1948 2622 1977 2663 I.
2001 2622 2068 2664 30.
2098 2622 2382 2677 τιμωροῦντας

448 2689 547 2740 τούς
575 2693 763 2745 δρῶντας
791 2695 846 2747 (τι
872 2692 1005 2745 deest)
1035 2690 1296 2747 φαυλότητος
1326 2692 1490 2746 (desunt
1512 2691 1584 2735 καὶ
1608 2691 1705 2746 τῆς)
1734 2694 1836 2733 Ven.
1872 2716 1920 2724 --
1971 2693 1996 2733 I.
2028 2691 2053 2735 4
2086 2702 2127 2733 εὶ
2155 2693 2194 2736 3.
2226 2693 2276 2734 ab
2305 2693 2384 2733 inf.

449 2756 481 2816 ἦ
512 2761 804 2819 μαχεσαμένου
822 2779 831 2788 ·
871 2757 903 2817 η’
931 2760 990 2812 ὥς
1019 2760 1089 2806 ἐάν
1119 2777 1181 2811 τις
1210 2755 1261 2819 (ᾗ
1287 2763 1424 2813 deest)
1450 2765 1554 2806 Ven.
1613 2762 1729 2804 Idem
1755 2762 1782 2803 l.
1807 2763 1964 2818 penult.
2006 2762 2116 2808 κατὰ
2144 2761 2378 2820 ἀλιτηρίων,

450 2842 493 2873 εὶ
522 2833 550 2873 l.
581 2833 652 2874 ult.
681 2830 999 2877 ἀκαὲοσιωτῶν.

562 2903 695 2962 Pag.
722 2905 850 2951 1¹28.
906 2905 932 2945 l.
967 2908 1004 2947 1.
1033 2903 1131 2955 τούς
1159 2901 1345 2955 ἅπαντας
1370 2905 1504 2957 έξουσ.
1530 2907 1634 2946 Ven.
1661 2930 1713 2936 —
1758 2905 1786 2946 1.
1808 2906 1848 2946 4.
1882 2903 2007 2955 ἀλοῦς
2034 2904 2082 2950 δὲ
2110 2899 2229 2956 οὗτος
2253 2901 2383 2955 αύτός

451 2976 575 3026 ven„
606 2984 648 3015 et
673 2976 742 3017 lib.
769 2990 881 3031 sequ.
924 2975 1142 3027 τοιούτων,
1189 2974 1297 3021 διότι
1337 2974 1413 3032 τὴν
1449 2977 1544 3030 ἴσην
1586 2973 1772 3030 ἐνόμιζον
1802 2978 1904 3018 Ven.
1937 3001 1988 3009 --
2046 2977 2075 3018 l.
2099 2979 2138 3020 8.
2169 2973 2279 3021 οὕτω
2308 2976 2382 3020 καὶ

452 3039 563 3090 οῦτοι
591 3044 646 3090 τὰ
672 3044 835 3091 πάντων
866 3049 972 3087 Ven.
1005 3071 1061 3080 —-
1117 3048 1143 3088 1.
1174 3049 1234 3090 10.
1269 3042 1334 3091 ὅτι
1375 3044 1454 3091 ούκ
1497 3042 1635 3100 αύτῆς
1665 3045 1774 3090 ἐστιν
1822 3049 1923 3088 Ven.
1953 3071 2008 3079 -
2065 3048 2092 3088 I.
2123 3049 2184 3091 12.
2219 3047 2278 3097 εἰς
2303 3045 2402 3099 ττῖν,

451 3116 684 3173 ἱερωσύνην
711 3120 812 3159 Ven.
874 3118 986 3158 Idem
1017 3115 1043 3160 1.
1074 3120 1137 3161 11.
1176 3113 1435 3174 Ἀκηκοότες
1472 3115 1553 3173 γὰρ
1595 3112 1660 3160 ὅτι
1686 3119 1789 3158 Ven.
1821 3142 1876 3150 -
1932 3118 1960 3159 1.
1993 3119 2055 3161 13.
2086 3115 2378 3175 πρεσβύτερον,

451 3187 522 3232 τὸν
555 3184 648 3242 ἔρον
673 3190 755 3233 τῶν
783 3188 1008 3245 ταγμάτων
1047 3187 1123 3233 ούκ
1152 3188 1342 3244 ἐνόησαν.
1403 3188 1490 3232 Καὶ
1529 3186 1610 3243 γὰρ
1649 3190 1709 3244 τῷ
1739 3184 1825 3232 ὄντι
1853 3187 1948 3244 (μὲν
1977 3189 2110 3241 deest)
2139 3185 2187 3232 ού
2213 3187 2384 3245 δέχεται

453 3260 514 3309 εἰς
541 3259 774 3315 ἱερωσύνην
797 3258 843 3305 τὸ
874 3256 988 3315 ἅγιον
1016 3262 1115 3305 θεοῦ
1143 3261 1232 3316 (τοῦ
1260 3261 1393 3313 deest)
1425 3258 1628 3314 κηρυγμα
1654 3262 1757 3300 Ven.
1817 3261 1926 3300 Hinc
1961 3259 2211 3301 restituenda
2241 3267 2304 3299 est
2340 3268 2382 3300 et

452 3331 683 3386 supplenda
708 3332 817 3386 vulg.
851 3332 1061 3386 scriptura.
1108 3333 1222 3372 Idem
1244 3332 1348 3373 liber
1369 3332 1493 3385 paulo
1522 3340 1619 3385 post
1644 3329 1844 3385 ἐνδημίαν
1871 3326 1968 3374 ου’δὲ
1992 3327 2088 3377 τοὺς
2112 3325 2193 3373 ἀπὸ
2223 3331 2308 3372 κτλ.
2332 3354 2380 3363 -—

451 3402 479 3442 1.
512 3402 573 3444 17.
606 3398 707 3457 ἀγία
734 3403 835 3446 ἓῖεοῦ
866 3403 998 3459 (deest
1026 3403 1117 3456 τοῦ)
1147 3405 1250 3444 Ven.
1290 3428 1339 3434 --
1397 3403 1422 3442 l.
1449 3402 1516 3444 23.
1547 3401 1635 3444 Τοῦ
1665 3401 1756 3457 (sic)
1785 3399 1833 3446 δὲ
1861 3397 1910 3444 ου’
1936 3397 2046 3454 παρὰ
2071 3414 2107 3442 τ.
2140 3415 2177 3442 κ.
2209 3400 2380 3455 γίνεται,

453 3468 558 3516 ἀλλά
585 3474 621 3513 V
626 3488 687 3513 en.
722 3498 771 3505 —
819 3474 846 3514 1.
880 3474 945 3515 25.
975 3474 1048 3517 καὶ
1072 3475 1153 3528 τῆς
1174 3475 1246 3517 τοῦ
1272 3472 1462 3528 πληῇους
1487 3474 1588 3512 Ven.
1632 3472 1746 3512 Idem
1778 3471 1900 3527 paulo
1927 3479 2023 3524 post
2048 3470 2379 3524 πρεποδέστατον

455 3544 546 3597 (sic)
578 3541 672 3598 γὰρ.
704 3569 756 3576 -
815 3543 901 3587 1.6.
931 3545 981 3585 ab
1009 3545 1084 3587 inf.
1117 3541 1440 3598 ἀπερισπάστως
1468 3547 1570 3585 Ven.
1611 3545 1731 3584 Bene.
1794 3542 1906 3582 Idem
1933 3540 1960 3580 l.
1981 3542 2018 3581 5.
2047 3540 2098 3580 ab
2126 3541 2203 3581 inf.
2233 3542 2381 3598 χρεῶν.

565 3617 697 3673 Pag.
717 3617 843 3662 180.
901 3616 924 3655 l.
958 3620 991 3658 1.
1036 3614 1250 3672 σχολάζειν
1276 3616 1331 3671 τῇ
1360 3612 1469 3659 κατὰ
1496 3613 1593 3658 θεὸν
1620 3619 1713 3662 ταῖς
1739 3613 1841 3668 (sine
1873 3611 1929 3665 ἐν)
1959 3612 2088 3659 Ven.‚
2133 3612 2201 3667 qui
2229 3612 2378 3658 deinde

431 3684 587 3733 *firmat
613 3686 1023 3743 τελεσιουργουμένῃ.
1085 3686 1198 3727 Idem
1226 3686 1252 3728 l.
1279 3687 1317 3728 3.
1363 3683 1423 3740 μη
1456 3684 1699 3740 δυνηθέντα.
1734 3707 1784 3713 -
1842 3682 1869 3722 l.
1896 3681 1934 3723 6.
1964 3682 2257 3739 τελευτησάσῃ
2289 3683 2377 3727 ἔνε-

455 3768 524 3796 κεν
552 3764 691 3796 tuetur
718 3758 839 3798 etiam
874 3760 974 3798 Ven.
1006 3773 1096 3799 cum
1124 3757 1270 3798 ceteris
1297 3756 1425 3796 libris.
1471 3758 1576 3796 Item
1603 3756 1629 3795 1.
1659 3768 1770 3808 sequ.
1801 3752 1842 3792 in
1873 3752 1998 3793 verbo
2026 3753 2300 3808 συναφὲέντα.
2327 3779 2376 3785 -ω

454 3823 483 3865 l.
505 3825 567 3866 11.
599 3827 696 3880 μιᾶς
721 3824 965 3884 ἀποσχιὲεὶς
995 3829 1156 3883 (corrig.
1188 3823 1478 3885 ἀποσχισδεὶς)
1508 3824 1683 3881 δευτέρᾳ
1708 3819 1903 3876 ἐννόμως.
1936 3823 1972 3866 εἰ
1995 3821 2127 3881 τύχοι,
2161 3825 2377 3879 συναφὲῆ-
