2508 4134
485 243 587 295 554

479 348 701 420 Ἡρώδου
730 355 816 403 τοῦ
845 349 1193 417 ἐπικληθέντος
1221 346 1537 418 85Ἀγρίππα
1564 348 1741 418 ἤρξατο
1769 346 1798 402 o‘
1825 347 2014 416 Ἰησοῦς
2040 353 2129 401 τοῦ
2155 347 2407 419 κηρύγμα·

480 456 564 496 τος
600 436 682 487 καὶ
713 433 766 487 τό
809 434 1059 502 βάπτισμα
1097 432 1152 487 τό
1195 431 1296 486 ἀπὸ
1327 431 1562 487 Ἰωάννου
1598 434 1706 488 τότε
1737 432 2003 502 λαμβάνει,
2052 435 2140 486 καὶ
2177 432 2411 504 κηρύσσει

481 518 702 572 ἐνιαυτόν
745 518 941 583 δεκτόν,
997 516 1081 571 ὑπ’
1122 517 1327 580 οὐδενός
1369 518 1762 590 ἀντιλεγόμενος,
1822 517 1934 572 οὔτε
1974 514 2086 581 ’ὗπὸ>
2116 518 2408 584 Ἰουδαίων,

482 603 593 657 οὔτε
633 603 732 658 &nd
770 602 1037 672 Ἑλλήνων,
1091 601 1200 657 οὔτε
1239 601 1336 657 ύπό
1368 610 1715 675 Σαμαρειτῶν,
1771 602 1884 657 οὔτε
1914 601 2017 657 ύπό
2058 625 2189 666 τινος
2226 605 2409 674 ἑτέρου.

1191 251 1393 293 SANCTI
1424 252 1705 293 EPIPHANII

468 687 675 743 ’Έπειτα
706 689 1070 759 ἀντιλεγόμενος
1102 688 1335 757 ε’κήρυξεν
1366 687 1592 742 ε’νιαυτὸν
1624 696 1681 726 ⁸⁶
1699 687 1948 758 δεύτερον,
1999 691 2081 743 καὶ
2107 690 2305 758 γέγονεν
2336 691 2412 742 ἐν·

479 778 770 828 νεακαίδεκα
808 777 890 843 ἔτη
930 778 998 848 τῷ
1026 772 1159 846 αὐτῷ
1185 773 1404 847 Ἡρώδῃ,
1455 781 1523 846 τῷ
1558 774 1610 826 δὲ
1638 780 1819 844 σωτῆρι
1847 772 2136 844 τριακοστόν
2166 772 2410 844 δεύτερον.

477 859 560 913 Ἐν
587 861 641 913 δὲ
663 867 731 932 τῷ
760 863 961 932 εἰκοστῷ
988 862 1078 913 ἔτει
1108 857 1333 929 Ἡρώδου
1370 864 1458 911 τοῦ
1493 858 1770 929 Τετράρχου
1807 861 2114 927 καλουμένου
2148 862 2329 929 γίνεται
2353 857 2408 912 τό

479 944 721 1014 σωτήριον
747 945 931 1009 πάθος,
970 947 1054 998 καὶ
1079 943 1112 1012 ’ἡ
1134 943 1373 1007 ἀπάθεια,
1412 947 1574 1012 γεῦσίς
1593 965 1644 996 τε
1669 944 1893 998 θανάτου
1919 943 2030 1015 ἄχρι
2056 950 2288 1015 σταυροῦ,
2315 942 2417 999 πά-

481 1050 679 1099 σχοντος
705 1033 757 1085 ἐν
786 1029 1021 1103 ἀληθείᾳ,
1071 1030 1308 1090 ἀπαθοῦς
1336 1029 1388 1081 δὲ
1422 1030 1655 1096 μένοντος
1683 1032 1733 1083 ἐν
1767 1029 1983 1098 θεότητι.

480 1115 738 1179 παθόντος
761 1114 885 1187 ὑπὲρ
911 1114 1053 1184 ἡμῶν
1075 1117 1237 1185 σαρκὶ,
1279 1116 1402 1180 φησὶ
1423 1112 1456 1181 ἦ
1481 1118 1597 1167 θεία
1623 1115 1803 1186 γραφή.
1858 1118 1956 1168 Καὶ
1982 1115 2143 1182 πάλιν,
2186 1118 2413 1168 Θανατω-

479 1203 592 1263 θεὶς
618 1202 706 1270 μὲν
739 1204 909 1272 σαρκὶ,
962 1202 1292 1268 ζωοποιηθεὶς
1319 1200 1371 1252 δὲ
1393 1199 1659 1268 πνεύματι,
1697 1203 1781 1253 καὶ
1802 1199 1862 1255 τά
1885 1202 2009 1269 ἑξῆς.
2082 1206 2414 1270 Σταυροῦται,

478 1286 736 1352 θάπτεται,
767 1288 1043 1356 κατέρχεται
1070 1288 1140 1347 εἰς
1165 1283 1225 1338 τά
1245 1284 1549 1353 καταχθόνια
1574 1287 1625 1339 ἐν
1647 1284 1847 1353 θεότητι
1871 1288 1952 1339 καὶ
1984 1288 2036 1340 ἕν
2059 1291 2215 1359 ψυχῇ,
2243 1288 2415 1353 αἰχμα-

2061 1035 2280 1101 Χριστοῢ
2314 1028 2409 1100 γάρ

477 1371 671 1426 λωτεύει
699 1371 788 1440 τήν
807 1374 1149 1440 αἰχμαλωσίαν,
1179 1372 1260 1444 καὶ
1285 1368 1533 1424 ἀνίσταται
1556 1371 1816 1442 τριήμερος
1841 1365 1931 1424 σῦν
1960 1372 2095 1445 αὐτῷ
2117 1376 2184 1444 τῷ
2213 1377 2272 1408 ⁸⁷
2289 1368 2414 1443 ἀγίςι)

481 1457 746 1525 πνεύματι,
801 1456 1079 1519 συνενώσας
1111 1455 1166 1509 τό
1200 1462 1338 1524 σῶμα
1377 1463 1438 1530 τῇ
1463 1456 1692 1525 θεότητι,
1744 1459 1916 1524 μηκέτι
1941 1457 2203 1525 λυόμενον,
2242 1458 2416 1525 μηκέτι

478 1542 684 1612 πάσχον,
713 1545 882 1612 μηκέτι
907 1540 1006 1595 ὑπὸ
1033 1547 1125 1594 τοῦ
1150 1540 1376 1595 θανάτου
1402 1541 1771 1611 κυριευόμενον,
1803 1541 1870 1604 ῶς
1897 1560 2048 1610 φησιν
2071 1541 2099 1596 ὁ
2127 1540 2413 1608 ἀπόστολος,

482 1632 705 1690 Θάνατος
727 1629 883 1682 αὐτοῦ
906 1628 1071 1682 οὐκέτι
1100 1633 1157 1664 ⁸⁸
1175 1627 1408 1696 κυριεύει,
1449 1627 1570 1680 αὐτό
1598 1626 1653 1681 τὸ
1680 1634 1820 1695 σῶμα
1845 1628 2112 1695 ἀληθινῶς,
2153 1625 2308 1695 αὐτὴν
2326 1626 2416 1695 τὴν

478 1713 653 1786 σάρκα,
693 1712 848 1782 αὐτὴν
872 1712 960 1781 τήν
982 1711 1161 1781 ψυχὴν,
1202 1711 1326 1766 αὐτοὶ
1347 1711 1408 1766 τά
1435 1711 1619 1767 πάντα·
1658 1711 1751 1766 οὐκ
1780 1711 1892 1766 ἄλλο
1917 1735 1963 1766 τι
1988 1712 2125 1783 παρά
2152 1711 2206 1767 τό
2236 1711 2294 1767 ὂν
2319 1719 2416 1766 σῶ-

478 1823 557 1867 μα,
595 1798 694 1852 ἀλλ’
718 1798 838 1853 αύτό
864 1798 923 1852 ὂν
942 1799 1287 1866 ἐνδυναμώσας
1314 1800 1398 1851 καὶ
1423 1798 1608 1861 ἓνώσας
1632 1801 1700 1861 εἰς
1729 1803 1844 1866 μίαν
1869 1798 2072 1867 ἑνότητα
2094 1801 2178 1852 καὶ
2206 1801 2276 1861 εἰς
2300 1802 2417 1866 μίαν

477 1885 705 1953 θεότητα,
743 1884 798 1939 τὸ
823 1882 1060 1952 σαρκικόν
1089 1883 1370 1954 ἄφθαρτον,
1408 1883 1462 1937 τό
1493 1883 1775 1952 σωματικόν
1802 1883 2150 1952 πνευματικόν,
2179 1883 2233 1938 τό
2262 1906 2415 1953 παχυ-

263 2000 350 2036 pag.
374 1990 451 2024 13⁷.
475 1971 615 2041 μερὲς
647 1972 956 2041 λεπτομερὲς,
995 1968 1050 2023 τό
1078 1969 1268 2038 θνητόν
1297 1968 1567 2035 ἀθάνατον,
1607 1969 1674 2038 μὴ
1702 1967 1923 2040 ἓωρακός
1956 1969 2081 2031 ὅλως
2107 1967 2413 2040 διαφθοράν,

475 2055 543 2124 μὴ
568 2060 978 2124 καταλειφθείσης
1010 2061 1097 2123 τῆς
1129 2060 1297 2122 ψυχῆς
1325 2057 1393 2118 εἰς
1423 2055 1575 2127 ᾅδην,
1630 2054 1698 2123 μὴ
1730 2055 2049 2125 μερισθέντος
2076 2062 2164 2108 τοῦ
2193 2055 2413 2125 ὀργάνου

477 2144 545 2203 εἰς
568 2140 832 2213 ἁμαρτίαν,
893 2141 958 2210 μὴ
997 2142 1299 2211 χρανθέντος
1342 2147 1432 2194 τοῦ
1473 2146 1567 2194 νοῦ
1602 2143 1671 2202 εἰς
1711 2138 1923 2209 τροπήν·
1976 2139 2098 2193 ἀλλά
2125 2140 2185 2193 τά
2213 2140 2302 2194 ὅλα
2330 2141 2414 2194 ἀν-

476 2227 690 2297 θρώπου
717 2226 900 2295 λαβών,
952 2225 1177 2293 φυλάξας
1206 2227 1257 2279 δὲ
1283 2225 1370 2279 ὅλα
1402 2224 1535 2278 89τά
1563 2227 1743 2291 τέλεια,
1798 2227 2151 2288 ἐπιδεδωκυίας
2179 2232 2266 2294 τῆς
2294 2225 2413 2284 θεό-

474 2334 619 2380 τητος
645 2319 705 2386 τῇ
733 2311 949 2386 ἀληθινῇ
981 2310 1377 2381 ένανθρωπήσει,
1422 2317 1481 2347 ⁹⁰
1500 2318 1606 2372 ταῖς
1630 2314 1824 2380 χρείαις,
1863 2318 1971 2372 ταῖς
1996 2309 2251 2381 εὐλογίαις,
2288 2310 2414 2365 κατὰ

475 2396 562 2459 τάς
600 2397 883 2465 σωματικάς
920 2419 970 2450 τε
1007 2399 1091 2450 καὶ
1130 2396 1370 2464 ψυχικάς,
1419 2397 1501 2448 καὶ
1533 2399 1587 2449 ἐκ
1618 2402 1709 2448 νοῦ
1742 2394 2069 2465 ἀνθρωπίνου
2113 2398 2414 2464 κεκτημένας

475 2482 564 2550 τὴν
606 2487 974 2554 πληροφορίαν,
1034 2480 1169 2534 91τά
1200 2487 1259 2554 τῇ
1286 2484 1453 2554 πείνῃ,
1506 2482 1589 2533 καὶ
1631 2484 1784 2554 δίψῃ,
1840 2483 1926 2534 καὶ
1966 2487 2210 2554 κλαυθμῷ
2247 2503 2297 2534 τε
2327 2483 2412 2535 καὶ

478 2567 696 2641 ἀθυμίᾳ,
750 2567 959 2638 δάκρυσί
997 2589 1046 2619 τε
1075 2568 1159 2619 καὶ
1190 2566 1356 2639 ὕπνῳ,
1408 2564 1611 2638 καμάτῳ
1640 2568 1725 2618 καὶ
1755 2563 2045 2619 ἀναπαύσει.
2127 2573 2293 2620 Ταῦτα
2317 2566 2411 2638 γάρ

479 2655 569 2722 οὐχ
611 2653 853 2724 άμαρτίας
894 2651 1049 2718 εἶδος,
1107 2650 1204 2704 ἀλλ’
1250 2649 1613 2719 ἀνθρωπισμοῦ
1660 2650 2021 2719 ἀληθεστάτου,
2076 2652 2288 2726 ἀληθείᾳ
2326 2659 2415 2721 τῆς

477 2739 715 2808 θεότητος
751 2737 1018 2805 συνούσης,
1074 2735 1134 2791 οὕ
1165 2736 1225 2789 τά
1265 2735 1574 2807 ἀνθρώπινα
1601 2736 1909 2804 πασχούσης,
1961 2735 2082 2790 ἀλλά
2119 2744 2206 2805 τῆς
2234 2737 2412 2806 θεότη-

476 2848 558 2888 τος
583 2822 983 2892 συνευδοκούσης
1010 2825 1078 2885 εἶς
1101 2821 1160 2875 τά
1187 2820 1386 2892 εὔλογα,
1425 2824 1510 2875 καὶ
1538 2820 1676 2885 ἐκτός
1701 2820 1941 2893 ἁμαρτίας
1966 2824 2051 2876 καὶ
2074 2828 2262 2892 τροπῆς
2284 2820 2413 2891 ἀπη-

475 2912 773 2982 γορευμένης
798 2907 1133 2979 ὖπαρχούσης.
1207 2905 1348 2960 Ἀλλά
1381 2909 1465 2960 καὶ
1494 2906 1693 2975 ἀνέστη,
1746 2910 1827 2961 καὶ
1859 2913 2033 2978 θυρῶν
2063 2910 2414 2975 κεκλεισμένων

478 2999 723 3063 εἶςῆλθεν,
780 2998 862 3048 ’ἵνα
902 2993 957 3047 τό
998 2994 1273 3063 παχυμερὲς
1314 2994 1604 3060 λεπτομερὲς
1647 2991 1907 3067 ἀποδείξῃ,
1963 2991 2086 3046 αὐτὸ
2128 2991 2182 3046 τὸ
2227 2991 2286 3046 ὂν
2323 2992 2413 3046 σῦν

477 3084 622 3152 σαρκὶ
658 3083 739 3134 καὶ
784 3081 987 3142 ὀστέοις.
1064 3077 1211 3132 Meto}
1250 3077 1343 3149 γάρ
1373 3076 1426 3131 τό
1470 3080 1703 3140 εἰςελθεῖν
1741 3081 1889 3141 ἔδειξε
1926 3085 2089 3148 χεῖρας
2133 3079 2215 3130 καὶ
2253 3077 2414 3142 πόδας

1473 3236 1568 3274 pay.
1584 3219 1652 3264 49.
1676 3225 1814 3274 leyitur
1827 3219 1932 3275 πρὸς
1948 3219 2025 3269 τὰς
2040 3217 2240 3276 εὐλόγους
2253 3221 2411 3278 χρείας.

1475 3282 1774 3320 Rescribendum
1815 3285 1911 3329 puto
1952 3282 2045 3326 ταῖς
2083 3278 2268 3333 χρείαις,
2318 3284 2412 3328 ταῖς

1475 3332 1691 3389 εὐλόγοις,
1742 3333 1851 3378 κατὰ
1893 3332 1944 3377 τὰ
1989 3332 2214 3388 σωματικά
2251 3349 2298 3378 τε
2339 3335 2413 3378 καὶ

529 3227 596 3269 85.
629 3224 802 3283 Ἀντιπᾷ
821 3228 1042 3276 suspicatus
1062 3229 1115 3265 est
1132 3226 1204 3264 Ios.
1228 3224 1417 3274 Scali9er.

532 3283 599 3326 86.
633 3281 824 3335 δεύτερον
867 3284 979 3323 codd.
1012 3294 1102 3322 mss.
1138 3286 1305 3331 uterque.
1363 3282 1414 3319 Ε-

474 3345 573 3382 tiam
600 3343 812 3381 Cornarius
835 3342 947 3380 vertit
969 3338 1206 3377 seeundum.
1266 3332 1415 3379 δεκτόν

476 3401 570 3438 editi
600 3399 700 3437 libri.

532 3453 601 3496 87.
633 3450 743 3507 οἱγίῳ
774 3454 878 3492 abest
908 3464 933 3491 α
965 3453 1048 3491 cod.
1079 3452 1240 3501 Rhediy.

530 3511 598 3550 88.
639 3512 730 3550 Post
767 3506 951 3561 κυριεύει
989 3510 1175 3548 Petavius
1210 3517 1416 3556 perperam

472 3569 597 3617 ruptis
623 3568 810 3606 orationis
835 3567 1039 3605 continuae
1067 3565 1249 3603 membris
1275 3567 1417 3612 puncto

471 3626 596 3673 posito
623 3635 765 3662 novum
792 3625 934 3672 incepit
960 3624 1208 3671 segmentum.

532 3679 596 3718 89.
629 3675 682 3720 τὰ
712 3681 864 3719 uncinis
893 3680 1041 3718 notam}
1072 3678 1272 3717 Petavius.

534 3733 597 3773 90.
633 3735 830 3786 „Rectius
852 3735 893 3772 in
915 3734 984 3773 lib.
1004 3735 1033 3772 Ι.
1056 3728 1254 3785 εὐλόγους
1272 3730 1416 3786 χρείας

477 3791 672 3840 scripsit.“
721 3794 915 3832 Petavius.
986 3792 1106 3833 Immo
1155 3792 1195 3829 in
1242 3789 1416 3829 Panario

1474 3389 1634 3448 ψυχικὰ
1662 3396 1750 3434 κτλ.
1808 3393 2023 3431 Cor-narius
2058 3394 2170 3431 vertit
2202 3400 2244 3431 et
2273 3392 2411 3432 omni-

1475 3449 1550 3488 bus
1576 3449 1764 3502 perfecte
1791 3448 1987 3495 servatis,
2032 3447 2288 3488 concedente
2324 3449 2412 3489 dei-

1474 3514 1561 3545 tate
1589 3519 1710 3544 verae
1734 3502 2002 3555 humanitati,
2031 3502 2073 3542 in
2099 3504 2410 3545 necessitatibus

1475 3561 1684 3610 honestis,
1737 3559 2016 3613 corporalibus
2060 3575 2108 3600 ac
2151 3561 2409 3612 animalibus,

1476 3626 1518 3658 et
1543 3632 1592 3657 ex
1619 3624 1758 3656 mente
1785 3616 1959 3655 humana
1984 3616 2200 3669 requisitus
2226 3617 2280 3658 ad
2309 3632 2411 3673 per-

1475 3674 1730 3725 fectionem,
1760 3672 1841 3711 hoc
1871 3680 1933 3711 est
1962 3672 2003 3711 in
2035 3674 2144 3712 fame
2174 3680 2256 3715 ceth.

1530 3730 1598 3771 91.
1628 3729 1687 3771 τῶ
1717 3731 1828 3769 codd.
1859 3741 1949 3768 mss.
1992 3733 2160 3780 uterque.
2218 3729 2271 3774 τὰ
2302 3733 2409 3771 editi.

1476 3787 1762 3828 Restituendum
1788 3789 1882 3836 puto
1910 3786 2165 3840 κεκτημένος
2193 3785 2268 3844 τὴν
2298 3790 2409 3842 πλη-
