2508 4134
440 288 449 299 ’
520 289 742 331 PANARu
771 289 871 329 me.
897 289 968 329 111.
997 289 1203 330 ToM.11.
1235 284 1653 331 HAER.Lxxvl11.
1932 276 2033 326 417

138 392 278 442 homo
319 403 475 438 senex
508 403 654 455 supra
681 383 890 437 LXXX
932 403 1086 437 annos
1127 395 1265 437 natus
1300 386 1534 454 virginem
1562 386 1619 436 ad
1649 403 1784 436 usum
1818 384 2034 453 corporis

138 491 232 526 non
273 469 544 540 acceperit,
596 470 680 521 sed
714 469 875 521 divina
902 470 1060 538 potius
1091 470 1391 538 providentia
1424 471 1481 521 ad
1519 470 1645 520 illam
1676 469 2035 520 custodiendam

137 567 212 608 est
239 556 504 625 appositus,
583 552 770 605 Deinde
810 552 950 603 ambo
979 562 1118 604 erant
1154 554 1314 620 utique
1347 552 1489 618 iusti3
1543 571 1697 621 neque
1728 552 1807 621 qui
1837 552 1925 602 hoc
1958 567 2035 602 se-

138 642 230 692 mel
257 640 489 692 audiisset
522 640 700 690 foetum
731 637 889 700 illum,
946 655 1084 705 quem
1119 637 1164 687 in
1203 645 1339 687 utero
1368 638 1470 705 ipsa
1511 638 1760 704 gestabat,
1815 654 1839 687 e
1867 637 2036 706 spiritu

137 741 249 776 esse
279 733 477 786 sancto,
520 732 628 791 post
659 730 836 773 tantam
873 721 946 772 dei
976 721 1438 772 administrationem
1469 738 1585 771 vase
1610 722 1692 771 illo
1718 722 1918 772 auderet
1949 720 2035 783 uti,

137 809 260 877 quod
291 825 400 859 eum
425 824 598 876 capere
634 815 877 858 meruerat
911 822 1050 873 quem
1082 805 1141 855 ob
1173 804 1492 855 excellentem
1534 804 1735 872 gloriam
1769 806 1954 855 coelum
1983 821 2039 854 ac

139 902 267 944 terra
296 892 548 943 continere
577 908 671 942 non
702 898 921 960 possunt.
998 886 1126 940 Nam
1159 889 1199 940 si
1234 888 1324 939 hoc
1353 888 1457 957 ipso
1489 898 1704 956 tempore
1744 890 1958 956 virgines
1993 888 2038 938 in

139 976 243 1028 eius
273 975 466 1027 nomine
506 991 823 1044 perseverare
852 974 898 1024 in
930 973 1011 1024 illo
1045 982 1171 1024 statu
1202 991 1258 1023 ac
1289 972 1653 1036 castimoniam,
1714 982 1762 1023 et
1789 972 2041 1023 continen-

137 1061 253 1112 tiam
283 1077 484 1112 servare
515 1060 840 1122 contendunt,
895 1067 1073 1126 quanto
1108 1058 1262 1108 maior
1286 1055 1478 1126 losephi
1512 1057 1684 1125 religio
1715 1066 1819 1108 erat
1849 1074 1903 1107 ac
1932 1054 2041 1106 Ma-

138 1145 268 1209 riae,
309 1162 430 1213 quae
459 1155 511 1196 nt
537 1146 765 1213 scriptum
800 1151 902 1206 est,
943 1145 1093 1192 omnia
1125 1146 1171 1191 in
1205 1145 1344 1191 corde
1370 1160 1454 1191 suo
1486 1144 1788 1207 conserebat?
1861 1138 2039 1192 Cuius·
2069 1128 2159 1179 Luc.
2182 1145 2217 1187 ²,
2242 1144 2292 1180 15-

138 1228 267 1280 modi
296 1246 413 1281 vero
440 1238 544 1280 erat
574 1228 716 1291 illud,
769 1236 873 1295 post
915 1227 1007 1278 tale
1038 1235 1315 1294 tantumque
1354 1226 1546 1276 divinae
1577 1225 1908 1295 providentiae
1940 1243 2043 1293 my—

139 1314 339 1365 sterium
369 1314 662 1382 decrepitum
700 1329 865 1364 senem
906 1329 1012 1363 cum
1053 1310 1241 1379 virgine
1287 1309 1556 1361 castissima
1589 1320 1635 1361 et
1666 1309 2043 1360 honoratissima

140 1415 495 1463 consuescere,
553 1415 660 1448 cum
700 1413 758 1448 eo
794 1397 986 1465 inquam
1029 1413 1146 1447 vase
1188 1396 1311 1463 quod
1356 1412 1462 1446 cum
1502 1395 1582 1463 qui
1619 1395 1722 1463 capi
1759 1412 1854 1444 non
1888 1402 2046 1462 potest

140 1492 333 1552 ceperat
361 1500 415 1533 ac
444 1491 535 1533 tam
567 1482 850 1550 stupendum
896 1479 1098 1549 prodigii
1137 1479 1364 1531 coelestis
1393 1488 1441 1530 et
1471 1479 1703 1531 humanae
1743 1479 1913 1531 salutis
1942 1495 2046 1546 my-

132 1567 340 1619 *sterinm
380 1566 682 1635 complexum
724 1566 912 1616 suerat?

282 1649 408 1701 Nam
451 1668 571 1719 quae
616 1650 833 1701 rationes
873 1650 929 1700 ad
965 1649 1080 1700 illud
1116 1650 1463 1700 ostendendum
1501 1667 1595 1700 non
1640 1657 1895 1717 suppetant
1932 1647 2045 1697 bea·
2076 1656 2277 1710 Cap.1X.

144 1746 238 1788 tam
269 1734 504 1802 virginem
531 1735 580 1786 in
610 1733 896 1785 castimonia
926 1733 1228 1802 perstitisse?
1301 1732 1522 1784 Doceant
1550 1751 1637 1784 nos
1661 1733 1725 1783 illi
1757 1742 1864 1800 post
1893 1733 2049 1783 salva-

142 1831 297 1873 torem
327 1819 374 1871 in
403 1820 556 1870 lucem
587 1818 762 1869 editum
806 1818 927 1868 ullos
954 1816 1161 1868 Mariam
1206 1819 1452 1886 peperisse
1484 1818 1682 1868 liberOS.
1759 1815 1938 1867 Dicant
1967 1817 2050 1867 lio-

143 1923 249 1957 rum
293 1904 519 1967 nomina,
580 1920 634 1953 ac
669 1903 709 1953 si
746 1902 903 1971 placet
939 1903 1242 1971 contingant,
1298 1903 1477 1953 fraudis
1516 1920 1570 1952 ac
1608 1900 1852 1953 versutiae
1894 1902 2049 1952 omnis

144 1988 412 2042 architecti.
491 1984 590 2039 Sed
631 1986 745 2037 illud
789 1987 1122 2038 demonstrare
1165 2005 1404 2056 nunquam
1453 1994 1696 2055 poterunt.
1772 1985 1887 2037 Non
1924 1986 2050 2036 enim

146 2075 288 2126 ullam
317 2074 455 2140 virgo
493 2071 584 2122 viri
615 2071 1010 2122 consuetudinem
1045 2071 1225 2122 habuit.
1301 2070 1447 2122 Absit
1476 2081 1526 2122 ut
1555 2071 1779 2121 habuisse
1808 2080 2047 2139 putemus.

148 2157 201 2211 Si
231 2158 357 2209 enim
392 2157 578 2224 aliquos
608 2156 788 2207 liberos
821 2156 1118 2225 peperisset,
1175 2173 1296 2224 quae
1336 2174 1441 2206 cum
1473 2157 1714 2207 salvatore
1743 2155 1846 2223 ipso
1887 2172 2052 2206 versa-

145 2243 288 2295 batur
324 2241 542 2305 assidue,
600 2258 695 2291 una
722 2248 771 2291 et
801 2241 949 2309 ipsius
991 2240 1112 2290 filios
1157 2241 1343 2291 vixisse
1374 2241 1608 2291 dicerent..
1687 2238 1786 2291 Sed
1830 2241 1919 2290 lioc
1958 2239 2052 2289 illis

147 2326 384 2394 evangelii
428 2325 603 2376 dictum
644 2325 895 2394 imposuit,
948 2329 1071 2374 Ecce
1099 2335 1245 2374 mater
1275 2335 1353 2374 tua
1384 2335 1430 2374 et
1448 2328 1628 2391 fratres
1657 2328 1730 2373 tui
1751 2326 1872 2391 foris
1897 2333 2041 2383 scant,
2071 2337 2268 2383 Luc.e‚2o.

149 2420 427 2478 quaerentes.
463 2419 522 2459 te.
598 2407 708 2460 Nec
751 2408 864 2459 illud
910 2409 1299 2461 animadvertunt
1343 2410 1464 2477 quod
1508 2419 1649 2460 antea
1688 2409 1915 2477 scriptum
1955 2417 2049 2472 est,

154 2499 375 2559 Quoniam
409 2496 588 2560 fratres
627 2498 725 2543 eius
764 2512 855 2543 non
894 2495 1143 2544 credebant
1184 2498 1230 2544 z‘n
1269 2497 1416 2543 illam.
1498 2493 1774 2544 Enimvero·
1809 2510 1897 2543 nos
1937 2511 2047 2561 pro·
2114 2502 2242 2579 Igagn·

152 2596 326 2649 gressu
366 2579 594 2646 temporis
634 2578 971 2629 instructiores
1005 2578 1204 2643 redditi,
1260 2596 1365 2630 cum
1397 2579 1650 2647 aliquando
1689 2594 1855 2629 sacras
1889 2577 2053 2628 literas
2155 2572 2166 2589 '
2212 2570 2220 2580 ’

155 2673 249 2715 tam
292 2661 573 2731 simpliciter
613 2663 817 2730 scriptas
858 2679 967 2713 esse
1008 2663 1323 2726 miraremur,
1377 2672 1625 2732 postquam
1671 2664 1860 2732 penitus
1898 2662 2056 2712 onmia

154 2748 476 2818 pervidimus,
519 2748 608 2797 deo
635 2746 815 2814 gratias
847 2763 991 2815 agere
1020 2747 1294 2816 coepimus,
1334 2748 1413 2816 qui
1442 2749 1744 2816 paucissimis
1775 2752 2056 2819 quibusdam

152 2833 319 2885 verbis
352 2849 518 2882 eorum
549 2831 756 2881 omnium
788 2842 908 2898 qnae
937 2831 985 2881 in
1016 2831 1168 2882 sacris
1205 2832 1358 2883 literis
1394 2833 1571 2901 scripta
1603 2843 1715 2885 sunt
1744 2837 1969 2887 munitam
2003 2854 2059 2886 ac

156 2917 412 2970 stabilitam
441 2915 692 2967 veritatem
723 2914 957 2965 exhibere
982 2916 1151 2966 voluit.
1229 2913 1353 2967 Cum
1393 2918 1517 2967 enim
1550 2919 1607 2969 de
1651 2917 1826 2971 lacobo
1865 2920 2057 2971 assidue

155 3002 269 3053 illud
313 3001 618 3062 audiremus,
674 3000 869 3050 fratrem
902 3000 1054 3067 ipsum
1098 2999 1276 3050 domini
1314 3011 1537 3052 vocatum
1580 3002 1760 3067 fuisse,
1818 3005 1894 3072 qui
1932 3003 2059 3054 istud

157 3086 304 3137 toties
343 3101 546 3136 necesse
577 3085 703 3134 foret
734 3092 955 3151 repetere
987 3083 1313 3134 admirabundi
1351 3087 1720 3153 quaerebamuS.
1797 3086 1944 3138 Nunc
1976 3106 2060 3137 au-

161 3180 256 3222 tem
285 3187 372 3221 cur
396 3170 442 3219 id
469 3168 518 3219 in
547 3169 699 3220 sacris
731 3167 882 3217 literis
911 3176 1022 3217 ante
1056 3168 1118 3218 sit
1142 3168 1427 3219 inculcatum
1467 3170 1796 3238 intelligimuS.
1877 3171 2061 3222 Videli-

161 3264 239 3306 cet
265 3264 317 3306 ut
342 3272 447 3305 cum
480 3253 727 3315 audimus,
781 3255 904 3300 Ecce
932 3262 1078 3300 mater
1116 3262 1194 3300 tua
1230 3263 1275 3301 et
1303 3256 1482 3319 fratres
1512 3259 1586 3303 tui
1607 3257 1728 3319 soris
1763 3266 1891 3304 stant
1925 3273 2064 3320 quae-

161 3349 314 3389 rentes
344 3349 413 3398 le,
457 3338 516 3388 de
543 3334 719 3388 Iacobo
747 3353 803 3386 ac
836 3335 1014 3386 ceteris
1044 3333 1237 3405 losephi
1264 3337 1402 3400 filiis,
1444 3356 1540 3388 non
1575 3337 1795 3399 Mariae,
1840 3339 1916 3406 qui
1948 3339 2063 3389 nulli

162 3432 302 3487 sunt,
360 3422 534 3473 dictum
574 3421 688 3471 illud
732 3437 840 3471 esse
881 3421 1155 3471 doceamur.
1233 3418 1405 3488 Neque
1440 3422 1567 3471 enim
1605 3422 1795 3472 dubium
1835 3432 1910 3473 est
1951 3423 2062 3490 quin

164 3504 399 3570 IacobuS,
441 3524 533 3573 quo
565 3514 779 3574 tempore
814 3502 1037 3556 Christus
1067 3504 1113 3554 in
1145 3504 1233 3554 hoc
1259 3505 1433 3555 mundo
1463 3506 1780 3569 versabatur,
1823 3516 1955 3557 esset
1982 3524 2064 3558 ae-

164 3596 262 3641 tate¹
290 3589 582 3658 provectior.
661 3586 890 3640 Ceterum
921 3590 1091 3639 fratres
1122 3588 1253 3656 ipsos
1294 3588 1532 3656 scriptura
1574 3598 1741 3653 vocat,
1796 3591 2065 3641 contrarias

165 3673 395 3725 haereses
424 3673 568 3724 tacite
590 3673 907 3741 redarguens,
949 3690 1003 3723 ac
1033 3673 1225 3722 nomina
1250 3671 1437 3722 illorum
1469 3674 1774 3741 exprimenS,
1817 3672 2063 3739 Iacobum,

166 3754 308 3821 lose,
350 3756 672 3826 Symeonem,
715 3755 899 3822 ludam,
943 3754 1203 3820 Salomen,
1245 3765 1291 3807 et
1318 3754 1542 3808 Mariam.
1619 3757 1699 3809 Ex
1728 3777 1821 3826 quo
1853 3761 2068 3811 declara-

254 3855 398 3899 σοι-[ωε
420 3853 639 3888 Haereseol.
657 3849 705 3887 11.
724 3853 759 3888 3.
1669 3861 1732 3911 27
