<?xml version="1.0" encoding="UTF-8"?>
<!DOCTYPE html PUBLIC "-//W3C//DTD XHTML 1.0 Transitional//EN"
    "http://www.w3.org/TR/xhtml1/DTD/xhtml1-transitional.dtd">
<html xmlns="http://www.w3.org/1999/xhtml" xml:lang="en" lang="en">
 <head>
  <title>
</title>
<meta http-equiv="Content-Type" content="text/html;charset=utf-8" />
  <meta name='ocr-system' content='tesseract 3.04.00' />
  <meta name='ocr-capabilities' content='ocr_page ocr_carea ocr_par ocr_line ocrx_word'/>
</head>
<body>
  <div class='ocr_page' id='page_1' title='image "./pt3corporishaere02epipuoft/pt3corporishaere02epipuoft_0445.png"; bbox 0 0 2508 4134; ppageno 0'>
   <div class='ocr_carea' id='block_1_1' title="bbox 442 274 1956 326">
    <p class='ocr_par' dir='ltr' id='par_1_1' title="bbox 442 274 1956 326">
     <span class='ocr_line' id='line_1_1' title="bbox 442 274 1956 326; baseline 0 -1"><span class='ocrx_word' id='word_1_1' title='bbox 442 281 665 325; x_wconf 74' lang='lat' dir='ltr'><strong>PANAnn</strong></span> <span class='ocrx_word' id='word_1_2' title='bbox 691 284 794 324; x_wconf 79' lang='lat' dir='ltr'><strong>Lm.</strong></span> <span class='ocrx_word' id='word_1_3' title='bbox 819 284 891 324; x_wconf 74' lang='grc' dir='ltr'><strong>ιιι.</strong></span> <span class='ocrx_word' id='word_1_4' title='bbox 920 281 1054 326; x_wconf 85' lang='grc' dir='ltr'><strong>ΤοΜ.</strong></span> <span class='ocrx_word' id='word_1_5' title='bbox 1078 285 1130 326; x_wconf 89' lang='lat'><strong>11.</strong></span> <span class='ocrx_word' id='word_1_6' title='bbox 1158 285 1320 326; x_wconf 78' lang='lat' dir='ltr'>HAER.</span> <span class='ocrx_word' id='word_1_7' title='bbox 1343 286 1577 326; x_wconf 63' lang='lat' dir='ltr'><strong>Lxxvnr.</strong></span> <span class='ocrx_word' id='word_1_8' title='bbox 1667 278 1674 284; x_wconf 85' lang='lat'><strong><em>‘</em></strong></span> <span class='ocrx_word' id='word_1_9' title='bbox 1857 274 1956 325; x_wconf 86' lang='lat'><strong>435</strong></span> 
     </span>
    </p>
   </div>
   <div class='ocr_carea' id='block_1_2' title="bbox 59 380 2223 3803">
    <p class='ocr_par' dir='ltr' id='par_1_2' title="bbox 65 380 1959 450">
     <span class='ocr_line' id='line_1_2' title="bbox 65 380 1959 450; baseline -0.001 -17"><span class='ocrx_word' id='word_1_10' title='bbox 65 383 152 434; x_wconf 89' lang='lat' dir='ltr'><strong>stis</strong></span> <span class='ocrx_word' id='word_1_11' title='bbox 180 381 424 449; x_wconf 83' lang='lat' dir='ltr'><strong>sapienter</strong></span> <span class='ocrx_word' id='word_1_12' title='bbox 463 389 539 432; x_wconf 86' lang='lat' dir='ltr'><strong>est</strong></span> <span class='ocrx_word' id='word_1_13' title='bbox 567 382 807 432; x_wconf 77' lang='lat' dir='ltr'><strong>confecta.</strong></span> <span class='ocrx_word' id='word_1_14' title='bbox 883 380 1028 431; x_wconf 85' lang='lat' dir='ltr'><strong>Aliud</strong></span> <span class='ocrx_word' id='word_1_15' title='bbox 1068 399 1185 432; x_wconf 89' lang='lat' dir='ltr'><strong>vero</strong></span> <span class='ocrx_word' id='word_1_16' title='bbox 1218 391 1466 449; x_wconf 89' lang='lat' dir='ltr'><strong>praeterea</strong></span> <span class='ocrx_word' id='word_1_17' title='bbox 1493 383 1540 433; x_wconf 91' lang='lat' dir='ltr'><strong>in</strong></span> <span class='ocrx_word' id='word_1_18' title='bbox 1572 393 1797 450; x_wconf 89' lang='lat' dir='ltr'><strong>utraque,</strong></span> <span class='ocrx_word' id='word_1_19' title='bbox 1852 381 1959 432; x_wconf 88' lang='lat' dir='ltr'><strong>Eva</strong></span> 
     </span>
    </p>

    <p class='ocr_par' dir='ltr' id='par_1_3' title="bbox 66 463 1959 533">
     <span class='ocr_line' id='line_1_3' title="bbox 66 463 1959 533; baseline -0.001 -17"><span class='ocrx_word' id='word_1_20' title='bbox 66 466 251 517; x_wconf 84' lang='lat' dir='ltr'><strong>seilicet</strong></span> <span class='ocrx_word' id='word_1_21' title='bbox 293 482 348 516; x_wconf 87' lang='lat' dir='ltr'><strong>ac</strong></span> <span class='ocrx_word' id='word_1_22' title='bbox 385 463 574 529; x_wconf 89' lang='lat' dir='ltr'><strong>Maria,</strong></span> <span class='ocrx_word' id='word_1_23' title='bbox 630 464 926 516; x_wconf 86' lang='lat' dir='ltr'><strong>considerari</strong></span> <span class='ocrx_word' id='word_1_24' title='bbox 969 473 1153 533; x_wconf 91' lang='lat' dir='ltr'><strong>potest,</strong></span> <span class='ocrx_word' id='word_1_25' title='bbox 1213 476 1260 516; x_wconf 89' lang='grc' dir='ltr'><strong>ει</strong></span> <span class='ocrx_word' id='word_1_26' title='bbox 1301 467 1487 533; x_wconf 89' lang='lat' dir='ltr'><strong>quidem</strong></span> <span class='ocrx_word' id='word_1_27' title='bbox 1531 465 1847 516; x_wconf 72' lang='lat' dir='ltr'><strong>admiratione</strong></span> <span class='ocrx_word' id='word_1_28' title='bbox 1891 465 1959 515; x_wconf 91' lang='lat' dir='ltr'><strong>di-</strong></span> 
     </span>
    </p>

    <p class='ocr_par' dir='ltr' id='par_1_4' title="bbox 68 546 1965 618">
     <span class='ocr_line' id='line_1_4' title="bbox 68 546 1965 618; baseline 0.001 -20"><span class='ocrx_word' id='word_1_29' title='bbox 68 567 236 616; x_wconf 87' lang='lat' dir='ltr'><strong>gnum.</strong></span> <span class='ocrx_word' id='word_1_30' title='bbox 316 546 562 617; x_wconf 75' lang='lat' dir='ltr'>Siquidem</span> <span class='ocrx_word' id='word_1_31' title='bbox 595 547 703 599; x_wconf 78' lang='lat' dir='ltr'><strong>Eva</strong></span> <span class='ocrx_word' id='word_1_32' title='bbox 733 548 902 615; x_wconf 79' lang='lat' dir='ltr'>generi</span> <span class='ocrx_word' id='word_1_33' title='bbox 938 548 1180 599; x_wconf 90' lang='lat' dir='ltr'><strong>hominum</strong></span> <span class='ocrx_word' id='word_1_34' title='bbox 1214 566 1431 600; x_wconf 77' lang='lat' dir='ltr'><strong>caussam</strong></span> <span class='ocrx_word' id='word_1_35' title='bbox 1459 551 1628 600; x_wconf 91' lang='lat' dir='ltr'><strong>mortis</strong></span> <span class='ocrx_word' id='word_1_36' title='bbox 1654 550 1840 613; x_wconf 88' lang='lat' dir='ltr'><strong>attulit,</strong></span> <span class='ocrx_word' id='word_1_37' title='bbox 1880 566 1965 618; x_wconf 89' lang='lat' dir='ltr'><strong>per</strong></span> 
     </span>
    </p>

    <p class='ocr_par' dir='ltr' id='par_1_5' title="bbox 63 630 1960 785">
     <span class='ocr_line' id='line_1_5' title="bbox 63 630 1960 700; baseline 0.001 -18"><span class='ocrx_word' id='word_1_38' title='bbox 63 650 203 700; x_wconf 89' lang='lat' dir='ltr'><strong>quam</strong></span> <span class='ocrx_word' id='word_1_39' title='bbox 236 650 367 684; x_wconf 89' lang='lat' dir='ltr'><strong>mors</strong></span> <span class='ocrx_word' id='word_1_40' title='bbox 402 633 553 683; x_wconf 90' lang='lat' dir='ltr'><strong>estin</strong></span> <span class='ocrx_word' id='word_1_41' title='bbox 583 632 746 683; x_wconf 93' lang='lat' dir='ltr'><strong>orbem</strong></span> <span class='ocrx_word' id='word_1_42' title='bbox 790 641 1025 682; x_wconf 91' lang='lat' dir='ltr'><strong>terrarum</strong></span> <span class='ocrx_word' id='word_1_43' title='bbox 1069 633 1288 695; x_wconf 90' lang='lat' dir='ltr'><strong>invecta,</strong></span> <span class='ocrx_word' id='word_1_44' title='bbox 1345 630 1532 683; x_wconf 89' lang='lat' dir='ltr'><strong>Mariae</strong></span> <span class='ocrx_word' id='word_1_45' title='bbox 1574 633 1699 683; x_wconf 89' lang='lat' dir='ltr'><strong>vitae</strong></span> <span class='ocrx_word' id='word_1_46' title='bbox 1739 650 1960 683; x_wconf 77' lang='lat' dir='ltr'><strong>caussam</strong></span> 
     </span>
     <span class='ocr_line' id='line_1_6' title="bbox 63 713 1960 785; baseline 0.001 -20"><span class='ocrx_word' id='word_1_47' title='bbox 63 716 307 783; x_wconf 88' lang='lat' dir='ltr'><strong>praebuit,</strong></span> <span class='ocrx_word' id='word_1_48' title='bbox 363 734 448 785; x_wconf 91' lang='lat' dir='ltr'><strong>per</strong></span> <span class='ocrx_word' id='word_1_49' title='bbox 477 733 615 784; x_wconf 90' lang='lat' dir='ltr'><strong>quam</strong></span> <span class='ocrx_word' id='word_1_50' title='bbox 656 716 754 766; x_wconf 87' lang='lat' dir='ltr'><strong>vita</strong></span> <span class='ocrx_word' id='word_1_51' title='bbox 793 725 867 766; x_wconf 90' lang='lat' dir='ltr'><strong>est</strong></span> <span class='ocrx_word' id='word_1_52' title='bbox 898 715 1035 766; x_wconf 91' lang='lat' dir='ltr'><strong>nobis</strong></span> <span class='ocrx_word' id='word_1_53' title='bbox 1076 716 1178 783; x_wconf 87' lang='lat' dir='ltr'><strong>ipsa</strong></span> <span class='ocrx_word' id='word_1_54' title='bbox 1221 716 1467 783; x_wconf 87' lang='lat' dir='ltr'><strong>producta.</strong></span> <span class='ocrx_word' id='word_1_55' title='bbox 1545 713 1620 766; x_wconf 82' lang='lat' dir='ltr'><strong>Ob</strong></span> <span class='ocrx_word' id='word_1_56' title='bbox 1649 717 1692 766; x_wconf 92' lang='lat' dir='ltr'><strong>id</strong></span> <span class='ocrx_word' id='word_1_57' title='bbox 1724 717 1846 767; x_wconf 86' lang='lat' dir='ltr'><strong>filius</strong></span> <span class='ocrx_word' id='word_1_58' title='bbox 1886 717 1960 767; x_wconf 87' lang='lat' dir='ltr'><strong>dei</strong></span> 
     </span>
    </p>

    <p class='ocr_par' dir='ltr' id='par_1_6' title="bbox 62 798 2213 948">
     <span class='ocr_line' id='line_1_7' title="bbox 62 798 2213 865; baseline 0 -17"><span class='ocrx_word' id='word_1_59' title='bbox 62 798 111 848; x_wconf 89' lang='lat' dir='ltr'><strong>in</strong></span> <span class='ocrx_word' id='word_1_60' title='bbox 146 799 270 850; x_wconf 90' lang='lat' dir='ltr'><strong>hunc</strong></span> <span class='ocrx_word' id='word_1_61' title='bbox 298 801 522 850; x_wconf 90' lang='lat' dir='ltr'><strong>mundum</strong></span> <span class='ocrx_word' id='word_1_62' title='bbox 556 800 778 863; x_wconf 84' lang='lat' dir='ltr'><strong>advenit,</strong></span> <span class='ocrx_word' id='word_1_63' title='bbox 817 808 893 862; x_wconf 83' lang='lat' dir='ltr'><strong>et,</strong></span> <span class='ocrx_word' id='word_1_64' title='bbox 958 801 1047 849; x_wconf 73' lang='lat' dir='ltr'><strong>Ubi</strong></span> <span class='ocrx_word' id='word_1_65' title='bbox 1084 801 1337 848; x_wconf 70' lang='lat' dir='ltr'><strong>abundavit</strong></span> <span class='ocrx_word' id='word_1_66' title='bbox 1373 802 1615 857; x_wconf 74' lang='lat' dir='ltr'><strong>delictum,</strong></span> <span class='ocrx_word' id='word_1_67' title='bbox 1672 802 1958 865; x_wconf 78' lang='lat' dir='ltr'><strong>superabun-</strong></span> <span class='ocrx_word' id='word_1_68' title='bbox 1980 810 2087 846; x_wconf 83' lang='lat' dir='ltr'><strong>Rom.</strong></span> <span class='ocrx_word' id='word_1_69' title='bbox 2108 813 2140 854; x_wconf 88' lang='lat'><strong>5,</strong></span> <span class='ocrx_word' id='word_1_70' title='bbox 2157 812 2213 845; x_wconf 81' lang='lat'><strong>20.</strong></span> 
     </span>
     <span class='ocr_line' id='line_1_8' title="bbox 62 870 1962 948; baseline 0.002 -17"><span class='ocrx_word' id='word_1_71' title='bbox 62 886 190 932; x_wconf 80' lang='lat' dir='ltr'><strong>davit</strong></span> <span class='ocrx_word' id='word_1_72' title='bbox 207 887 388 948; x_wconf 77' lang='lat' dir='ltr'><strong>gratia.</strong></span> <span class='ocrx_word' id='word_1_73' title='bbox 463 882 602 935; x_wconf 83' lang='lat' dir='ltr'><strong>Unde</strong></span> <span class='ocrx_word' id='word_1_74' title='bbox 634 900 764 934; x_wconf 93' lang='lat' dir='ltr'><strong>mors</strong></span> <span class='ocrx_word' id='word_1_75' title='bbox 802 883 1002 946; x_wconf 89' lang='lat' dir='ltr'><strong>accidit,</strong></span> <span class='ocrx_word' id='word_1_76' title='bbox 1055 870 1154 933; x_wconf 82' lang='lat' dir='ltr'><strong>vita</strong></span> <span class='ocrx_word' id='word_1_77' title='bbox 1195 882 1306 933; x_wconf 91' lang='lat' dir='ltr'><strong>illuc</strong></span> <span class='ocrx_word' id='word_1_78' title='bbox 1345 883 1583 946; x_wconf 70' lang='lat' dir='ltr'><strong>accessit,</strong></span> <span class='ocrx_word' id='word_1_79' title='bbox 1637 885 1760 933; x_wconf 89' lang='lat' dir='ltr'><strong>utin</strong></span> <span class='ocrx_word' id='word_1_80' title='bbox 1794 885 1962 935; x_wconf 93' lang='lat' dir='ltr'><strong>mortis</strong></span> 
     </span>
    </p>

    <p class='ocr_par' dir='ltr' id='par_1_7' title="bbox 62 965 1961 1117">
     <span class='ocr_line' id='line_1_9' title="bbox 63 965 1961 1035; baseline 0.001 -18"><span class='ocrx_word' id='word_1_81' title='bbox 63 966 220 1017; x_wconf 90' lang='lat' dir='ltr'><strong>locum</strong></span> <span class='ocrx_word' id='word_1_82' title='bbox 255 965 352 1018; x_wconf 90' lang='lat' dir='ltr'><strong>vita</strong></span> <span class='ocrx_word' id='word_1_83' title='bbox 383 968 697 1031; x_wconf 83' lang='lat' dir='ltr'><strong>succederet,</strong></span> <span class='ocrx_word' id='word_1_84' title='bbox 739 975 787 1017; x_wconf 89' lang='lat' dir='ltr'><strong>et</strong></span> <span class='ocrx_word' id='word_1_85' title='bbox 815 967 993 1018; x_wconf 89' lang='lat' dir='ltr'><strong>illatam</strong></span> <span class='ocrx_word' id='word_1_86' title='bbox 1025 984 1051 1018; x_wconf 91' lang='lat' dir='ltr'><strong>a</strong></span> <span class='ocrx_word' id='word_1_87' title='bbox 1085 967 1286 1017; x_wconf 91' lang='lat' dir='ltr'><strong>muliere</strong></span> <span class='ocrx_word' id='word_1_88' title='bbox 1327 975 1529 1017; x_wconf 90' lang='lat' dir='ltr'><strong>mortem</strong></span> <span class='ocrx_word' id='word_1_89' title='bbox 1559 967 1636 1017; x_wconf 88' lang='lat' dir='ltr'><strong>ille</strong></span> <span class='ocrx_word' id='word_1_90' title='bbox 1665 968 1786 1034; x_wconf 90' lang='lat' dir='ltr'><strong>ipse,</strong></span> <span class='ocrx_word' id='word_1_91' title='bbox 1829 969 1906 1035; x_wconf 93' lang='lat' dir='ltr'><strong>qui</strong></span> <span class='ocrx_word' id='word_1_92' title='bbox 1935 985 1961 1018; x_wconf 93' lang='lat' dir='ltr'><strong>e</strong></span> 
     </span>
     <span class='ocr_line' id='line_1_10' title="bbox 62 1049 1959 1117; baseline 0.001 -16"><span class='ocrx_word' id='word_1_93' title='bbox 62 1051 292 1114; x_wconf 91' lang='lat' dir='ltr'><strong>muliere,</strong></span> <span class='ocrx_word' id='word_1_94' title='bbox 350 1051 446 1101; x_wconf 91' lang='lat' dir='ltr'><strong>vita</strong></span> <span class='ocrx_word' id='word_1_95' title='bbox 479 1059 530 1102; x_wconf 90' lang='lat' dir='ltr'><strong>nt</strong></span> <span class='ocrx_word' id='word_1_96' title='bbox 558 1060 689 1103; x_wconf 84' lang='lat' dir='ltr'><strong>esset</strong></span> <span class='ocrx_word' id='word_1_97' title='bbox 722 1060 918 1114; x_wconf 85' lang='lat' dir='ltr'><strong>nostra,</strong></span> <span class='ocrx_word' id='word_1_98' title='bbox 973 1060 1112 1102; x_wconf 89' lang='lat' dir='ltr'><strong>natus</strong></span> <span class='ocrx_word' id='word_1_99' title='bbox 1155 1059 1288 1112; x_wconf 88' lang='lat' dir='ltr'><strong>erat,</strong></span> <span class='ocrx_word' id='word_1_100' title='bbox 1340 1051 1642 1102; x_wconf 87' lang='lat' dir='ltr'><strong>excluderet.</strong></span> <span class='ocrx_word' id='word_1_101' title='bbox 1719 1049 1959 1117; x_wconf 83' lang='lat' dir='ltr'><strong>Quoniam</strong></span> 
     </span>
    </p>

    <p class='ocr_par' dir='ltr' id='par_1_8' title="bbox 62 1133 1960 1203">
     <span class='ocr_line' id='line_1_11' title="bbox 62 1133 1960 1203; baseline 0.001 -19"><span class='ocrx_word' id='word_1_102' title='bbox 62 1152 181 1184; x_wconf 88' lang='lat' dir='ltr'><strong>vero</strong></span> <span class='ocrx_word' id='word_1_103' title='bbox 230 1152 336 1185; x_wconf 93' lang='lat' dir='ltr'><strong>cum</strong></span> <span class='ocrx_word' id='word_1_104' title='bbox 387 1135 540 1186; x_wconf 88' lang='lat' dir='ltr'><strong>adhuc</strong></span> <span class='ocrx_word' id='word_1_105' title='bbox 583 1135 720 1203; x_wconf 83' lang='lat' dir='ltr'><strong>virgo</strong></span> <span class='ocrx_word' id='word_1_106' title='bbox 763 1136 810 1186; x_wconf 91' lang='lat' dir='ltr'><strong>in</strong></span> <span class='ocrx_word' id='word_1_107' title='bbox 855 1135 1006 1185; x_wconf 91' lang='lat' dir='ltr'><strong>hortis</strong></span> <span class='ocrx_word' id='word_1_108' title='bbox 1050 1133 1155 1186; x_wconf 88' lang='lat' dir='ltr'><strong>Eva</strong></span> <span class='ocrx_word' id='word_1_109' title='bbox 1199 1135 1427 1202; x_wconf 79' lang='lat' dir='ltr'><strong>degeret,</strong></span> <span class='ocrx_word' id='word_1_110' title='bbox 1487 1153 1571 1202; x_wconf 88' lang='lat' dir='ltr'><strong>per</strong></span> <span class='ocrx_word' id='word_1_111' title='bbox 1612 1136 1960 1185; x_wconf 79' lang='lat' dir='ltr'><strong>contumaciam</strong></span> 
     </span>
    </p>

    <p class='ocr_par' dir='ltr' id='par_1_9' title="bbox 60 1218 1961 1287">
     <span class='ocr_line' id='line_1_12' title="bbox 60 1218 1961 1287; baseline 0 -18"><span class='ocrx_word' id='word_1_112' title='bbox 60 1218 182 1286; x_wconf 90' lang='lat' dir='ltr'><strong>apud</strong></span> <span class='ocrx_word' id='word_1_113' title='bbox 213 1219 350 1269; x_wconf 90' lang='lat' dir='ltr'><strong>deum</strong></span> <span class='ocrx_word' id='word_1_114' title='bbox 380 1219 686 1282; x_wconf 80' lang='lat' dir='ltr'><strong>ostenderat,</strong></span> <span class='ocrx_word' id='word_1_115' title='bbox 727 1219 835 1270; x_wconf 89' lang='lat' dir='ltr'><strong>ideo</strong></span> <span class='ocrx_word' id='word_1_116' title='bbox 864 1219 1049 1286; x_wconf 86' lang='lat' dir='ltr'><strong>gratiae</strong></span> <span class='ocrx_word' id='word_1_117' title='bbox 1082 1218 1271 1287; x_wconf 88' lang='lat' dir='ltr'><strong>propria</strong></span> <span class='ocrx_word' id='word_1_118' title='bbox 1302 1219 1359 1268; x_wconf 89' lang='lat' dir='ltr'><strong>ab</strong></span> <span class='ocrx_word' id='word_1_119' title='bbox 1390 1218 1575 1285; x_wconf 84' lang='lat' dir='ltr'><strong>virgine</strong></span> <span class='ocrx_word' id='word_1_120' title='bbox 1609 1219 1820 1269; x_wconf 89' lang='lat' dir='ltr'><strong>manavit</strong></span> <span class='ocrx_word' id='word_1_121' title='bbox 1848 1219 1961 1269; x_wconf 89' lang='lat' dir='ltr'><strong>obe-</strong></span> 
     </span>
    </p>

    <p class='ocr_par' dir='ltr' id='par_1_10' title="bbox 61 1302 1963 1371">
     <span class='ocr_line' id='line_1_13' title="bbox 61 1302 1963 1371; baseline 0 -19"><span class='ocrx_word' id='word_1_122' title='bbox 61 1302 269 1365; x_wconf 90' lang='lat' dir='ltr'><strong>dientia,</strong></span> <span class='ocrx_word' id='word_1_123' title='bbox 321 1311 570 1371; x_wconf 73' lang='lat' dir='ltr'><strong>postquam</strong></span> <span class='ocrx_word' id='word_1_124' title='bbox 602 1303 877 1354; x_wconf 86' lang='lat' dir='ltr'><strong>circumfusi</strong></span> <span class='ocrx_word' id='word_1_125' title='bbox 907 1319 1110 1371; x_wconf 89' lang='lat' dir='ltr'><strong>corpore</strong></span> <span class='ocrx_word' id='word_1_126' title='bbox 1137 1302 1272 1353; x_wconf 88' lang='lat' dir='ltr'><strong>verbi</strong></span> <span class='ocrx_word' id='word_1_127' title='bbox 1304 1302 1720 1371; x_wconf 79' lang='lat' dir='ltr'><strong>sempiternaeque</strong></span> <span class='ocrx_word' id='word_1_128' title='bbox 1748 1303 1875 1352; x_wconf 88' lang='lat' dir='ltr'><strong>vitae</strong></span> <span class='ocrx_word' id='word_1_129' title='bbox 1905 1303 1963 1352; x_wconf 92' lang='lat' dir='ltr'><strong>de</strong></span> 
     </span>
    </p>

    <p class='ocr_par' dir='ltr' id='par_1_11' title="bbox 61 1385 1964 1455">
     <span class='ocr_line' id='line_1_14' title="bbox 61 1385 1964 1455; baseline -0.001 -19"><span class='ocrx_word' id='word_1_130' title='bbox 61 1386 198 1437; x_wconf 91' lang='lat' dir='ltr'><strong>coelo</strong></span> <span class='ocrx_word' id='word_1_131' title='bbox 226 1395 299 1436; x_wconf 90' lang='lat' dir='ltr'><strong>est</strong></span> <span class='ocrx_word' id='word_1_132' title='bbox 327 1387 572 1438; x_wconf 90' lang='lat' dir='ltr'><strong>nuntiatus</strong></span> <span class='ocrx_word' id='word_1_133' title='bbox 600 1387 854 1438; x_wconf 90' lang='lat' dir='ltr'><strong>adventus.</strong></span> <span class='ocrx_word' id='word_1_134' title='bbox 930 1385 1057 1437; x_wconf 89' lang='lat' dir='ltr'><strong>Nam</strong></span> <span class='ocrx_word' id='word_1_135' title='bbox 1086 1387 1181 1437; x_wconf 90' lang='lat' dir='ltr'><strong>illie</strong></span> <span class='ocrx_word' id='word_1_136' title='bbox 1215 1386 1281 1437; x_wconf 88' lang='lat' dir='ltr'><strong>ita</strong></span> <span class='ocrx_word' id='word_1_137' title='bbox 1309 1395 1582 1455; x_wconf 71' lang='lat' dir='ltr'><strong>serpentem</strong></span> <span class='ocrx_word' id='word_1_138' title='bbox 1616 1387 1732 1437; x_wconf 89' lang='lat' dir='ltr'><strong>deus</strong></span> <span class='ocrx_word' id='word_1_139' title='bbox 1762 1386 1964 1453; x_wconf 87' lang='lat' dir='ltr'><strong>alloqui-</strong></span> 
     </span>
    </p>

    <p class='ocr_par' dir='ltr' id='par_1_12' title="bbox 59 1474 2214 1623">
     <span class='ocr_line' id='line_1_15' title="bbox 62 1474 2214 1536; baseline -0.001 -16"><span class='ocrx_word' id='word_1_140' title='bbox 62 1479 166 1533; x_wconf 88' lang='lat' dir='ltr'><strong>tur,</strong></span> <span class='ocrx_word' id='word_1_141' title='bbox 222 1474 514 1520; x_wconf 76' lang='lat' dir='ltr'><strong>Inz&#39;micitz&#39;am</strong></span> <span class='ocrx_word' id='word_1_142' title='bbox 540 1489 712 1536; x_wconf 81' lang='lat' dir='ltr'><strong>ponam</strong></span> <span class='ocrx_word' id='word_1_143' title='bbox 744 1475 865 1520; x_wconf 73' lang='lat' dir='ltr'><strong>inter</strong></span> <span class='ocrx_word' id='word_1_144' title='bbox 899 1481 943 1520; x_wconf 85' lang='lat' dir='ltr'><strong>te</strong></span> <span class='ocrx_word' id='word_1_145' title='bbox 970 1481 1017 1519; x_wconf 84' lang='lat' dir='ltr'><strong>et</strong></span> <span class='ocrx_word' id='word_1_146' title='bbox 1046 1475 1168 1520; x_wconf 77' lang='lat' dir='ltr'><strong>inter</strong></span> <span class='ocrx_word' id='word_1_147' title='bbox 1202 1474 1358 1530; x_wconf 74' lang='lat' dir='ltr'><strong>illam,</strong></span> <span class='ocrx_word' id='word_1_148' title='bbox 1412 1475 1535 1520; x_wconf 76' lang='lat' dir='ltr'><strong>inter</strong></span> <span class='ocrx_word' id='word_1_149' title='bbox 1564 1488 1714 1519; x_wconf 83' lang='lat' dir='ltr'><strong>semen</strong></span> <span class='ocrx_word' id='word_1_150' title='bbox 1756 1480 1880 1518; x_wconf 83' lang='lat' dir='ltr'><strong>tuum</strong></span> <span class='ocrx_word' id='word_1_151' title='bbox 1919 1479 1966 1519; x_wconf 86' lang='lat' dir='ltr'><strong>et</strong></span> <span class='ocrx_word' id='word_1_152' title='bbox 1986 1477 2079 1511; x_wconf 86' lang='lat' dir='ltr'><strong>Gen.</strong></span> <span class='ocrx_word' id='word_1_153' title='bbox 2104 1477 2138 1520; x_wconf 81' lang='grc'><strong>3,</strong></span> <span class='ocrx_word' id='word_1_154' title='bbox 2164 1479 2214 1511; x_wconf 72' lang='grc'><strong>15-</strong></span> 
     </span>
     <span class='ocr_line' id='line_1_16' title="bbox 59 1553 1966 1623; baseline -0.001 -19"><span class='ocrx_word' id='word_1_155' title='bbox 59 1573 208 1604; x_wconf 81' lang='lat' dir='ltr'><strong>semen</strong></span> <span class='ocrx_word' id='word_1_156' title='bbox 257 1558 399 1604; x_wconf 72' lang='lat' dir='ltr'><strong>z&#39;llz‘us‘.</strong></span> <span class='ocrx_word' id='word_1_157' title='bbox 489 1553 639 1622; x_wconf 83' lang='lat' dir='ltr'><strong>Atqui</strong></span> <span class='ocrx_word' id='word_1_158' title='bbox 691 1573 921 1623; x_wconf 89' lang='lat' dir='ltr'><strong>nusquam</strong></span> <span class='ocrx_word' id='word_1_159' title='bbox 980 1555 1212 1605; x_wconf 88' lang='lat' dir='ltr'><strong>eiusmodi</strong></span> <span class='ocrx_word' id='word_1_160' title='bbox 1268 1572 1434 1605; x_wconf 91' lang='lat' dir='ltr'><strong>semen</strong></span> <span class='ocrx_word' id='word_1_161' title='bbox 1490 1554 1704 1605; x_wconf 90' lang='lat' dir='ltr'><strong>mulieris</strong></span> <span class='ocrx_word' id='word_1_162' title='bbox 1756 1554 1966 1604; x_wconf 88' lang='lat' dir='ltr'><strong>inveniri</strong></span> 
     </span>
    </p>

    <p class='ocr_par' dir='ltr' id='par_1_13' title="bbox 62 1636 1963 1707">
     <span class='ocr_line' id='line_1_17' title="bbox 62 1636 1963 1707; baseline -0.001 -17"><span class='ocrx_word' id='word_1_163' title='bbox 62 1647 238 1707; x_wconf 86' lang='lat' dir='ltr'><strong>potest.</strong></span> <span class='ocrx_word' id='word_1_164' title='bbox 332 1636 469 1689; x_wconf 90' lang='lat' dir='ltr'><strong>Unde</strong></span> <span class='ocrx_word' id='word_1_165' title='bbox 510 1656 606 1689; x_wconf 92' lang='lat' dir='ltr'><strong>non</strong></span> <span class='ocrx_word' id='word_1_166' title='bbox 653 1639 793 1690; x_wconf 88' lang='lat' dir='ltr'><strong>aliter</strong></span> <span class='ocrx_word' id='word_1_167' title='bbox 835 1657 972 1707; x_wconf 91' lang='lat' dir='ltr'><strong>quam</strong></span> <span class='ocrx_word' id='word_1_168' title='bbox 1017 1657 1103 1707; x_wconf 87' lang='lat' dir='ltr'><strong>per</strong></span> <span class='ocrx_word' id='word_1_169' title='bbox 1144 1639 1553 1689; x_wconf 71' lang='lat' dir='ltr'><strong>adumbrationem</strong></span> <span class='ocrx_word' id='word_1_170' title='bbox 1595 1657 1651 1689; x_wconf 89' lang='lat' dir='ltr'><strong>ac</strong></span> <span class='ocrx_word' id='word_1_171' title='bbox 1692 1638 1963 1689; x_wconf 88' lang='lat' dir='ltr'><strong>similitudi-</strong></span> 
     </span>
    </p>

    <p class='ocr_par' dir='ltr' id='par_1_14' title="bbox 62 1721 1965 1790">
     <span class='ocr_line' id='line_1_18' title="bbox 62 1721 1965 1790; baseline -0.001 -17"><span class='ocrx_word' id='word_1_172' title='bbox 62 1740 170 1773; x_wconf 87' lang='lat' dir='ltr'><strong>nem</strong></span> <span class='ocrx_word' id='word_1_173' title='bbox 202 1723 259 1772; x_wconf 89' lang='lat' dir='ltr'><strong>ad</strong></span> <span class='ocrx_word' id='word_1_174' title='bbox 290 1721 444 1773; x_wconf 87' lang='lat' dir='ltr'><strong>Evam</strong></span> <span class='ocrx_word' id='word_1_175' title='bbox 479 1722 677 1774; x_wconf 87' lang='lat' dir='ltr'><strong>hostiles</strong></span> <span class='ocrx_word' id='word_1_176' title='bbox 718 1723 828 1774; x_wconf 90' lang='lat' dir='ltr'><strong>illae</strong></span> <span class='ocrx_word' id='word_1_177' title='bbox 859 1722 1139 1773; x_wconf 86' lang='lat' dir='ltr'><strong>inimicitiae</strong></span> <span class='ocrx_word' id='word_1_178' title='bbox 1171 1723 1477 1785; x_wconf 82' lang='lat' dir='ltr'><strong>referuntur,</strong></span> <span class='ocrx_word' id='word_1_179' title='bbox 1533 1740 1650 1790; x_wconf 89' lang='lat' dir='ltr'><strong>quas</strong></span> <span class='ocrx_word' id='word_1_180' title='bbox 1678 1740 1783 1772; x_wconf 87' lang='lat' dir='ltr'><strong>enm</strong></span> <span class='ocrx_word' id='word_1_181' title='bbox 1826 1721 1965 1772; x_wconf 88' lang='lat' dir='ltr'><strong>huius</strong></span> 
     </span>
    </p>

    <p class='ocr_par' dir='ltr' id='par_1_15' title="bbox 61 1805 1965 1940">
     <span class='ocr_line' id='line_1_19' title="bbox 61 1805 1965 1875; baseline 0 -19"><span class='ocrx_word' id='word_1_182' title='bbox 61 1805 209 1875; x_wconf 84' lang='lat' dir='ltr'><strong>stirpe</strong></span> <span class='ocrx_word' id='word_1_183' title='bbox 238 1823 439 1875; x_wconf 91' lang='lat' dir='ltr'><strong>serpens</strong></span> <span class='ocrx_word' id='word_1_184' title='bbox 470 1805 550 1858; x_wconf 86' lang='lat' dir='ltr'><strong>ille</strong></span> <span class='ocrx_word' id='word_1_185' title='bbox 583 1816 631 1857; x_wconf 91' lang='lat' dir='ltr'><strong>et</strong></span> <span class='ocrx_word' id='word_1_186' title='bbox 661 1807 740 1874; x_wconf 91' lang='lat' dir='ltr'><strong>qui</strong></span> <span class='ocrx_word' id='word_1_187' title='bbox 768 1807 814 1857; x_wconf 94' lang='lat' dir='ltr'><strong>in</strong></span> <span class='ocrx_word' id='word_1_188' title='bbox 844 1815 1069 1874; x_wconf 83' lang='lat' dir='ltr'><strong>serpente</strong></span> <span class='ocrx_word' id='word_1_189' title='bbox 1099 1806 1256 1857; x_wconf 92' lang='lat' dir='ltr'><strong>inerat</strong></span> <span class='ocrx_word' id='word_1_190' title='bbox 1286 1807 1460 1857; x_wconf 85' lang='lat' dir='ltr'><strong>invidia</strong></span> <span class='ocrx_word' id='word_1_191' title='bbox 1493 1806 1703 1873; x_wconf 83' lang='lat' dir='ltr'><strong>flagrans</strong></span> <span class='ocrx_word' id='word_1_192' title='bbox 1748 1806 1965 1856; x_wconf 89' lang='lat' dir='ltr'><strong>diabolus</strong></span> 
     </span>
     <span class='ocr_line' id='line_1_20' title="bbox 66 1899 288 1940; baseline 0 0"><span class='ocrx_word' id='word_1_193' title='bbox 66 1899 288 1940; x_wconf 84' lang='lat' dir='ltr'><strong>exercet.</strong></span> 
     </span>
    </p>

    <p class='ocr_par' dir='ltr' id='par_1_16' title="bbox 63 1973 2216 3218">
     <span class='ocr_line' id='line_1_21' title="bbox 200 1973 2141 2043; baseline -0.002 -18"><span class='ocrx_word' id='word_1_194' title='bbox 200 1973 350 2026; x_wconf 90' lang='lat' dir='ltr'><strong>Plene</strong></span> <span class='ocrx_word' id='word_1_195' title='bbox 394 1974 582 2042; x_wconf 88' lang='lat' dir='ltr'><strong>quidem</strong></span> <span class='ocrx_word' id='word_1_196' title='bbox 622 1991 678 2024; x_wconf 90' lang='lat' dir='ltr'><strong>ac</strong></span> <span class='ocrx_word' id='word_1_197' title='bbox 715 1976 929 2043; x_wconf 86' lang='lat' dir='ltr'><strong>perfecte</strong></span> <span class='ocrx_word' id='word_1_198' title='bbox 969 1975 1320 2026; x_wconf 86' lang='lat' dir='ltr'><strong>accommodari</strong></span> <span class='ocrx_word' id='word_1_199' title='bbox 1361 1976 1418 2025; x_wconf 92' lang='lat' dir='ltr'><strong>ad</strong></span> <span class='ocrx_word' id='word_1_200' title='bbox 1453 1975 1578 2025; x_wconf 88' lang='lat' dir='ltr'><strong>illam</strong></span> <span class='ocrx_word' id='word_1_201' title='bbox 1610 1974 1839 2024; x_wconf 92' lang='lat' dir='ltr'><strong>universa</strong></span> <span class='ocrx_word' id='word_1_202' title='bbox 1882 1990 1967 2024; x_wconf 79' lang='lat' dir='ltr'><strong>ne·</strong></span> <span class='ocrx_word' id='word_1_203' title='bbox 2046 1984 2141 2035; x_wconf 77' lang='lat' dir='ltr'><strong>Cap.</strong></span> 
     </span>
     <span class='ocr_line' id='line_1_22' title="bbox 63 2057 1965 2126; baseline -0.001 -18"><span class='ocrx_word' id='word_1_204' title='bbox 63 2067 271 2126; x_wconf 90' lang='lat' dir='ltr'><strong>queunt,</strong></span> <span class='ocrx_word' id='word_1_205' title='bbox 326 2058 409 2108; x_wconf 91' lang='lat' dir='ltr'><strong>sed</strong></span> <span class='ocrx_word' id='word_1_206' title='bbox 450 2057 498 2108; x_wconf 93' lang='lat' dir='ltr'><strong>in</strong></span> <span class='ocrx_word' id='word_1_207' title='bbox 537 2058 868 2121; x_wconf 88' lang='lat' dir='ltr'><strong>sanctissima,</strong></span> <span class='ocrx_word' id='word_1_208' title='bbox 925 2059 1103 2109; x_wconf 89' lang='lat' dir='ltr'><strong>eximia</strong></span> <span class='ocrx_word' id='word_1_209' title='bbox 1141 2077 1196 2109; x_wconf 93' lang='lat' dir='ltr'><strong>ac</strong></span> <span class='ocrx_word' id='word_1_210' title='bbox 1236 2059 1467 2126; x_wconf 84' lang='lat' dir='ltr'><strong>singulari</strong></span> <span class='ocrx_word' id='word_1_211' title='bbox 1510 2058 1689 2126; x_wconf 90' lang='lat' dir='ltr'><strong>stirpe,</strong></span> <span class='ocrx_word' id='word_1_212' title='bbox 1741 2075 1863 2125; x_wconf 91' lang='lat' dir='ltr'><strong>quae</strong></span> <span class='ocrx_word' id='word_1_213' title='bbox 1907 2058 1965 2108; x_wconf 91' lang='lat' dir='ltr'><strong>ab</strong></span> 
     </span>
     <span class='ocr_line' id='line_1_23' title="bbox 63 2139 1967 2211; baseline -0.001 -19"><span class='ocrx_word' id='word_1_214' title='bbox 63 2142 165 2192; x_wconf 89' lang='lat' dir='ltr'><strong>sola</strong></span> <span class='ocrx_word' id='word_1_215' title='bbox 192 2141 380 2209; x_wconf 86' lang='lat' dir='ltr'><strong>virgine</strong></span> <span class='ocrx_word' id='word_1_216' title='bbox 408 2139 570 2193; x_wconf 90' lang='lat' dir='ltr'><strong>Maria</strong></span> <span class='ocrx_word' id='word_1_217' title='bbox 601 2143 705 2193; x_wconf 92' lang='lat' dir='ltr'><strong>sine</strong></span> <span class='ocrx_word' id='word_1_218' title='bbox 736 2142 829 2192; x_wconf 87' lang='lat' dir='ltr'><strong>ulla</strong></span> <span class='ocrx_word' id='word_1_219' title='bbox 859 2143 949 2193; x_wconf 89' lang='lat' dir='ltr'><strong>viri</strong></span> <span class='ocrx_word' id='word_1_220' title='bbox 983 2143 1331 2193; x_wconf 88' lang='lat' dir='ltr'><strong>cousuetudine</strong></span> <span class='ocrx_word' id='word_1_221' title='bbox 1362 2151 1625 2211; x_wconf 86' lang='lat' dir='ltr'><strong>propagata</strong></span> <span class='ocrx_word' id='word_1_222' title='bbox 1654 2152 1755 2205; x_wconf 86' lang='lat' dir='ltr'><strong>est,</strong></span> <span class='ocrx_word' id='word_1_223' title='bbox 1807 2141 1967 2210; x_wconf 87' lang='lat' dir='ltr'><strong>reipsa</strong></span> 
     </span>
     <span class='ocr_line' id='line_1_24' title="bbox 64 2225 1968 2294; baseline 0 -19"><span class='ocrx_word' id='word_1_224' title='bbox 64 2244 119 2276; x_wconf 90' lang='lat' dir='ltr'><strong>ac</strong></span> <span class='ocrx_word' id='word_1_225' title='bbox 149 2225 336 2293; x_wconf 90' lang='lat' dir='ltr'><strong>penitus</strong></span> <span class='ocrx_word' id='word_1_226' title='bbox 365 2226 606 2294; x_wconf 88' lang='lat' dir='ltr'><strong>impletur.</strong></span> <span class='ocrx_word' id='word_1_227' title='bbox 684 2225 777 2277; x_wconf 91' lang='lat' dir='ltr'><strong>Hic</strong></span> <span class='ocrx_word' id='word_1_228' title='bbox 807 2227 931 2277; x_wconf 89' lang='lat' dir='ltr'><strong>cuim</strong></span> <span class='ocrx_word' id='word_1_229' title='bbox 964 2227 1092 2277; x_wconf 91' lang='lat' dir='ltr'><strong>illius</strong></span> <span class='ocrx_word' id='word_1_230' title='bbox 1125 2227 1248 2277; x_wconf 86' lang='lat' dir='ltr'><strong>[ilius</strong></span> <span class='ocrx_word' id='word_1_231' title='bbox 1274 2227 1330 2276; x_wconf 90' lang='lat' dir='ltr'><strong>ad</strong></span> <span class='ocrx_word' id='word_1_232' title='bbox 1363 2226 1738 2294; x_wconf 82' lang='lat' dir='ltr'><strong>extinguendam</strong></span> <span class='ocrx_word' id='word_1_233' title='bbox 1768 2243 1968 2293; x_wconf 85' lang='lat' dir='ltr'><strong>serpen-</strong></span> 
     </span>
     <span class='ocr_line' id='line_1_25' title="bbox 65 2309 1966 2379; baseline 0.001 -21"><span class='ocrx_word' id='word_1_234' title='bbox 65 2309 124 2360; x_wconf 90' lang='lat' dir='ltr'><strong>tis</strong></span> <span class='ocrx_word' id='word_1_235' title='bbox 162 2327 219 2360; x_wconf 85' lang='lat' dir='ltr'><strong>ac</strong></span> <span class='ocrx_word' id='word_1_236' title='bbox 254 2309 458 2360; x_wconf 85' lang='lat' dir='ltr'><strong>tortuosi</strong></span> <span class='ocrx_word' id='word_1_237' title='bbox 496 2310 677 2361; x_wconf 90' lang='lat' dir='ltr'><strong>colubri</strong></span> <span class='ocrx_word' id='word_1_238' title='bbox 724 2312 1001 2378; x_wconf 85' lang='lat' dir='ltr'><strong>fngacisque</strong></span> <span class='ocrx_word' id='word_1_239' title='bbox 1040 2312 1134 2361; x_wconf 87' lang='lat' dir='ltr'><strong>vim</strong></span> <span class='ocrx_word' id='word_1_240' title='bbox 1170 2329 1227 2361; x_wconf 86' lang='lat' dir='ltr'><strong>ac</strong></span> <span class='ocrx_word' id='word_1_241' title='bbox 1263 2311 1554 2379; x_wconf 86' lang='lat' dir='ltr'><strong>potentiam,</strong></span> <span class='ocrx_word' id='word_1_242' title='bbox 1610 2311 1687 2378; x_wconf 93' lang='lat' dir='ltr'><strong>qui</strong></span> <span class='ocrx_word' id='word_1_243' title='bbox 1730 2327 1783 2360; x_wconf 93' lang='lat' dir='ltr'><strong>se</strong></span> <span class='ocrx_word' id='word_1_244' title='bbox 1817 2319 1966 2360; x_wconf 89' lang='lat' dir='ltr'><strong>totum</strong></span> 
     </span>
     <span class='ocr_line' id='line_1_26' title="bbox 64 2393 1966 2463; baseline 0.001 -21"><span class='ocrx_word' id='word_1_245' title='bbox 64 2393 227 2443; x_wconf 91' lang='lat' dir='ltr'><strong>orbem</strong></span> <span class='ocrx_word' id='word_1_246' title='bbox 257 2402 494 2445; x_wconf 86' lang='lat' dir='ltr'><strong>terrarum</strong></span> <span class='ocrx_word' id='word_1_247' title='bbox 526 2394 771 2445; x_wconf 88' lang='lat' dir='ltr'><strong>dominatu</strong></span> <span class='ocrx_word' id='word_1_248' title='bbox 799 2412 887 2445; x_wconf 91' lang='lat' dir='ltr'><strong>suo</strong></span> <span class='ocrx_word' id='word_1_249' title='bbox 921 2395 1346 2463; x_wconf 88' lang='lat' dir='ltr'><strong>comprehendisse</strong></span> <span class='ocrx_word' id='word_1_250' title='bbox 1380 2395 1619 2459; x_wconf 87' lang='lat' dir='ltr'><strong>iactabat,</strong></span> <span class='ocrx_word' id='word_1_251' title='bbox 1662 2394 1718 2444; x_wconf 90' lang='lat' dir='ltr'><strong>ad</strong></span> <span class='ocrx_word' id='word_1_252' title='bbox 1750 2394 1867 2444; x_wconf 89' lang='lat' dir='ltr'><strong>haec</strong></span> <span class='ocrx_word' id='word_1_253' title='bbox 1896 2394 1966 2444; x_wconf 90' lang='lat' dir='ltr'><strong>in-</strong></span> 
     </span>
     <span class='ocr_line' id='line_1_27' title="bbox 66 2476 1970 2548; baseline 0.001 -22"><span class='ocrx_word' id='word_1_254' title='bbox 66 2476 172 2526; x_wconf 84' lang='lat' dir='ltr'><strong>fima</strong></span> <span class='ocrx_word' id='word_1_255' title='bbox 201 2477 467 2528; x_wconf 84' lang='lat' dir='ltr'><strong>deseendit.</strong></span> <span class='ocrx_word' id='word_1_256' title='bbox 542 2476 808 2546; x_wconf 86' lang='lat' dir='ltr'><strong>Propterea</strong></span> <span class='ocrx_word' id='word_1_257' title='bbox 840 2479 1008 2530; x_wconf 91' lang='lat' dir='ltr'><strong>unicus</strong></span> <span class='ocrx_word' id='word_1_258' title='bbox 1038 2497 1064 2530; x_wconf 95' lang='lat' dir='ltr'><strong>e</strong></span> <span class='ocrx_word' id='word_1_259' title='bbox 1090 2480 1291 2530; x_wconf 91' lang='lat' dir='ltr'><strong>muliere</strong></span> <span class='ocrx_word' id='word_1_260' title='bbox 1330 2480 1405 2530; x_wconf 90' lang='lat' dir='ltr'><strong>dei</strong></span> <span class='ocrx_word' id='word_1_261' title='bbox 1437 2480 1560 2530; x_wconf 83' lang='lat' dir='ltr'><strong>tilius</strong></span> <span class='ocrx_word' id='word_1_262' title='bbox 1596 2479 1860 2548; x_wconf 86' lang='lat' dir='ltr'><strong>processit,</strong></span> <span class='ocrx_word' id='word_1_263' title='bbox 1917 2487 1970 2529; x_wconf 89' lang='lat' dir='ltr'><strong>ut</strong></span> 
     </span>
     <span class='ocr_line' id='line_1_28' title="bbox 64 2561 1969 2631; baseline 0.001 -21"><span class='ocrx_word' id='word_1_264' title='bbox 64 2569 369 2629; x_wconf 89' lang='lat' dir='ltr'><strong>serpentem,</strong></span> <span class='ocrx_word' id='word_1_265' title='bbox 411 2561 501 2612; x_wconf 89' lang='lat' dir='ltr'><strong>hoc</strong></span> <span class='ocrx_word' id='word_1_266' title='bbox 528 2570 604 2612; x_wconf 88' lang='lat' dir='ltr'><strong>est</strong></span> <span class='ocrx_word' id='word_1_267' title='bbox 635 2562 806 2631; x_wconf 83' lang='lat' dir='ltr'><strong>impiae</strong></span> <span class='ocrx_word' id='word_1_268' title='bbox 839 2563 1086 2613; x_wconf 91' lang='lat' dir='ltr'><strong>doctrinae</strong></span> <span class='ocrx_word' id='word_1_269' title='bbox 1116 2564 1437 2631; x_wconf 87' lang='lat' dir='ltr'><strong>corruptelam</strong></span> <span class='ocrx_word' id='word_1_270' title='bbox 1470 2581 1525 2613; x_wconf 89' lang='lat' dir='ltr'><strong>ae</strong></span> <span class='ocrx_word' id='word_1_271' title='bbox 1559 2564 1773 2613; x_wconf 87' lang='lat' dir='ltr'><strong>fraudem</strong></span> <span class='ocrx_word' id='word_1_272' title='bbox 1810 2572 1857 2612; x_wconf 88' lang='lat' dir='ltr'><strong>et</strong></span> <span class='ocrx_word' id='word_1_273' title='bbox 1891 2579 1969 2613; x_wconf 91' lang='lat' dir='ltr'><strong>er-</strong></span> 
     </span>
     <span class='ocr_line' id='line_1_29' title="bbox 65 2645 2216 2715; baseline 0 -20"><span class='ocrx_word' id='word_1_274' title='bbox 65 2663 224 2696; x_wconf 90' lang='lat' dir='ltr'><strong>rorem</strong></span> <span class='ocrx_word' id='word_1_275' title='bbox 271 2663 327 2696; x_wconf 91' lang='lat' dir='ltr'><strong>ac</strong></span> <span class='ocrx_word' id='word_1_276' title='bbox 359 2645 642 2714; x_wconf 87' lang='lat' dir='ltr'><strong>pravitatem</strong></span> <span class='ocrx_word' id='word_1_277' title='bbox 682 2655 943 2698; x_wconf 87' lang='lat' dir='ltr'><strong>everteret.</strong></span> <span class='ocrx_word' id='word_1_278' title='bbox 1022 2646 1116 2697; x_wconf 89' lang='lat' dir='ltr'><strong>Hic</strong></span> <span class='ocrx_word' id='word_1_279' title='bbox 1146 2648 1328 2715; x_wconf 86' lang='lat' dir='ltr'><strong>estqui</strong></span> <span class='ocrx_word' id='word_1_280' title='bbox 1371 2665 1543 2698; x_wconf 86' lang='lat' dir='ltr'><strong>revera</strong></span> <span class='ocrx_word' id='word_1_281' title='bbox 1581 2657 1759 2696; x_wconf 79' lang='lat' dir='ltr'><strong>uterum</strong></span> <span class='ocrx_word' id='word_1_282' title='bbox 1798 2651 2153 2699; x_wconf 54' lang='lat' dir='ltr'><strong>matrz&#39;sssxodssae</strong></span> <span class='ocrx_word' id='word_1_283' title='bbox 2168 2654 2216 2689; x_wconf 81' lang='lat'><strong>13-</strong></span> 
     </span>
     <span class='ocr_line' id='line_1_30' title="bbox 64 2728 1968 2799; baseline 0.002 -21"><span class='ocrx_word' id='word_1_284' title='bbox 64 2733 264 2795; x_wconf 81' lang='lat' dir='ltr'><strong>aperuz‘t.</strong></span> <span class='ocrx_word' id='word_1_285' title='bbox 341 2728 470 2780; x_wconf 90' lang='lat' dir='ltr'><strong>Nam</strong></span> <span class='ocrx_word' id='word_1_286' title='bbox 504 2738 807 2798; x_wconf 89' lang='lat' dir='ltr'><strong>quotcunque</strong></span> <span class='ocrx_word' id='word_1_287' title='bbox 852 2731 1154 2799; x_wconf 85' lang='lat' dir='ltr'><strong>primogeniti</strong></span> <span class='ocrx_word' id='word_1_288' title='bbox 1187 2732 1319 2781; x_wconf 91' lang='lat' dir='ltr'><strong>illum</strong></span> <span class='ocrx_word' id='word_1_289' title='bbox 1353 2741 1748 2795; x_wconf 87' lang='lat' dir='ltr'><strong>antecesserant,</strong></span> <span class='ocrx_word' id='word_1_290' title='bbox 1802 2741 1852 2782; x_wconf 90' lang='lat' dir='ltr'><strong>ut</strong></span> <span class='ocrx_word' id='word_1_291' title='bbox 1884 2732 1968 2781; x_wconf 90' lang='lat' dir='ltr'><strong>ho-</strong></span> 
     </span>
     <span class='ocr_line' id='line_1_31' title="bbox 66 2813 1969 2883; baseline 0.001 -19"><span class='ocrx_word' id='word_1_292' title='bbox 66 2813 342 2865; x_wconf 88' lang='lat' dir='ltr'><strong>nestissime</strong></span> <span class='ocrx_word' id='word_1_293' title='bbox 378 2813 557 2873; x_wconf 88' lang='lat' dir='ltr'><strong>dicam,</strong></span> <span class='ocrx_word' id='word_1_294' title='bbox 615 2814 738 2864; x_wconf 87' lang='lat' dir='ltr'><strong>istud</strong></span> <span class='ocrx_word' id='word_1_295' title='bbox 767 2814 921 2883; x_wconf 91' lang='lat' dir='ltr'><strong>ipsum</strong></span> <span class='ocrx_word' id='word_1_296' title='bbox 957 2816 1146 2865; x_wconf 89' lang='lat' dir='ltr'><strong>efficere</strong></span> <span class='ocrx_word' id='word_1_297' title='bbox 1183 2816 1532 2883; x_wconf 89' lang='lat' dir='ltr'><strong>nequiverunt,</strong></span> <span class='ocrx_word' id='word_1_298' title='bbox 1590 2817 1673 2866; x_wconf 91' lang='lat' dir='ltr'><strong>sed</strong></span> <span class='ocrx_word' id='word_1_299' title='bbox 1708 2816 1839 2867; x_wconf 87' lang='lat' dir='ltr'><strong>solus</strong></span> <span class='ocrx_word' id='word_1_300' title='bbox 1879 2815 1969 2865; x_wconf 87' lang='lat' dir='ltr'><strong>hoc</strong></span> 
     </span>
     <span class='ocr_line' id='line_1_32' title="bbox 67 2897 1972 2965; baseline -0.001 -17"><span class='ocrx_word' id='word_1_301' title='bbox 67 2899 234 2949; x_wconf 90' lang='lat' dir='ltr'><strong>unicus</strong></span> <span class='ocrx_word' id='word_1_302' title='bbox 263 2897 336 2948; x_wconf 91' lang='lat' dir='ltr'><strong>dei</strong></span> <span class='ocrx_word' id='word_1_303' title='bbox 376 2898 498 2948; x_wconf 87' lang='lat' dir='ltr'><strong>filius</strong></span> <span class='ocrx_word' id='word_1_304' title='bbox 539 2897 772 2960; x_wconf 89' lang='lat' dir='ltr'><strong>obtinuit,</strong></span> <span class='ocrx_word' id='word_1_305' title='bbox 830 2898 878 2947; x_wconf 93' lang='lat' dir='ltr'><strong>in</strong></span> <span class='ocrx_word' id='word_1_306' title='bbox 913 2916 1006 2965; x_wconf 90' lang='lat' dir='ltr'><strong>quo</strong></span> <span class='ocrx_word' id='word_1_307' title='bbox 1041 2900 1218 2950; x_wconf 83' lang='lat' dir='ltr'><strong>ceteris</strong></span> <span class='ocrx_word' id='word_1_308' title='bbox 1251 2899 1464 2951; x_wconf 81' lang='lat' dir='ltr'><strong>exclusis</strong></span> <span class='ocrx_word' id='word_1_309' title='bbox 1498 2900 1717 2951; x_wconf 91' lang='lat' dir='ltr'><strong>omnibus</strong></span> <span class='ocrx_word' id='word_1_310' title='bbox 1748 2899 1862 2950; x_wconf 92' lang='lat' dir='ltr'><strong>illud</strong></span> <span class='ocrx_word' id='word_1_311' title='bbox 1898 2907 1972 2948; x_wconf 92' lang='lat' dir='ltr'><strong>est</strong></span> 
     </span>
     <span class='ocr_line' id='line_1_33' title="bbox 66 2978 1969 3051; baseline -0.001 -19"><span class='ocrx_word' id='word_1_312' title='bbox 66 2984 350 3050; x_wconf 75' lang='lat' dir='ltr'><strong>perlectum.</strong></span> <span class='ocrx_word' id='word_1_313' title='bbox 430 2978 527 3032; x_wconf 87' lang='lat' dir='ltr'><strong>Sed</strong></span> <span class='ocrx_word' id='word_1_314' title='bbox 561 2991 609 3031; x_wconf 84' lang='lat' dir='ltr'><strong>ut</strong></span> <span class='ocrx_word' id='word_1_315' title='bbox 643 2982 734 3032; x_wconf 90' lang='lat' dir='ltr'><strong>alia</strong></span> <span class='ocrx_word' id='word_1_316' title='bbox 768 2983 1175 3050; x_wconf 84' lang='lat' dir='ltr'><strong>praetermittam,</strong></span> <span class='ocrx_word' id='word_1_317' title='bbox 1230 2984 1307 3033; x_wconf 89' lang='lat' dir='ltr'><strong>vel</strong></span> <span class='ocrx_word' id='word_1_318' title='bbox 1347 3001 1411 3033; x_wconf 86' lang='lat' dir='ltr'><strong>ex</strong></span> <span class='ocrx_word' id='word_1_319' title='bbox 1447 3001 1505 3033; x_wconf 91' lang='lat' dir='ltr'><strong>eo</strong></span> <span class='ocrx_word' id='word_1_320' title='bbox 1534 2986 1637 3051; x_wconf 90' lang='lat' dir='ltr'><strong>ipso</strong></span> <span class='ocrx_word' id='word_1_321' title='bbox 1672 2985 1794 3050; x_wconf 90' lang='lat' dir='ltr'><strong>quod</strong></span> <span class='ocrx_word' id='word_1_322' title='bbox 1830 2983 1969 3033; x_wconf 91' lang='lat' dir='ltr'><strong>modo</strong></span> 
     </span>
     <span class='ocr_line' id='line_1_34' title="bbox 67 3064 1972 3135; baseline -0.001 -20"><span class='ocrx_word' id='word_1_323' title='bbox 67 3074 327 3117; x_wconf 88' lang='lat' dir='ltr'><strong>tractamus</strong></span> <span class='ocrx_word' id='word_1_324' title='bbox 369 3074 527 3135; x_wconf 90' lang='lat' dir='ltr'><strong>potest</strong></span> <span class='ocrx_word' id='word_1_325' title='bbox 564 3066 676 3115; x_wconf 93' lang='lat' dir='ltr'><strong>illud</strong></span> <span class='ocrx_word' id='word_1_326' title='bbox 709 3066 929 3133; x_wconf 81' lang='lat' dir='ltr'><strong>intelligi.</strong></span> <span class='ocrx_word' id='word_1_327' title='bbox 1007 3064 1196 3135; x_wconf 85' lang='lat' dir='ltr'><strong>Quippe</strong></span> <span class='ocrx_word' id='word_1_328' title='bbox 1229 3084 1294 3117; x_wconf 89' lang='lat' dir='ltr'><strong>ex</strong></span> <span class='ocrx_word' id='word_1_329' title='bbox 1328 3066 1488 3117; x_wconf 86' lang='lat' dir='ltr'><strong>Maria</strong></span> <span class='ocrx_word' id='word_1_330' title='bbox 1530 3076 1716 3135; x_wconf 87' lang='lat' dir='ltr'><strong>sumpta</strong></span> <span class='ocrx_word' id='word_1_331' title='bbox 1742 3066 1821 3116; x_wconf 84' lang='lat' dir='ltr'><strong>illa</strong></span> <span class='ocrx_word' id='word_1_332' title='bbox 1851 3066 1972 3116; x_wconf 86' lang='lat' dir='ltr'><strong>scri-</strong></span> 
     </span>
     <span class='ocr_line' id='line_1_35' title="bbox 68 3149 1967 3218; baseline -0.001 -18"><span class='ocrx_word' id='word_1_333' title='bbox 68 3158 232 3218; x_wconf 90' lang='lat' dir='ltr'><strong>pturae</strong></span> <span class='ocrx_word' id='word_1_334' title='bbox 282 3149 520 3200; x_wconf 87' lang='lat' dir='ltr'><strong>sententia</strong></span> <span class='ocrx_word' id='word_1_335' title='bbox 568 3158 642 3200; x_wconf 88' lang='lat' dir='ltr'><strong>est</strong></span> <span class='ocrx_word' id='word_1_336' title='bbox 684 3167 823 3217; x_wconf 90' lang='lat' dir='ltr'><strong>quam</strong></span> <span class='ocrx_word' id='word_1_337' title='bbox 871 3151 927 3199; x_wconf 88' lang='lat' dir='ltr'><strong>ad</strong></span> <span class='ocrx_word' id='word_1_338' title='bbox 972 3150 1223 3200; x_wconf 78' lang='lat' dir='ltr'><strong>ecclesiam</strong></span> <span class='ocrx_word' id='word_1_339' title='bbox 1271 3152 1632 3200; x_wconf 87' lang='lat' dir='ltr'><strong>accommodare</strong></span> <span class='ocrx_word' id='word_1_340' title='bbox 1683 3166 1967 3218; x_wconf 85' lang='lat' dir='ltr'><strong>possumus:</strong></span> 
     </span>
    </p>

    <p class='ocr_par' dir='ltr' id='par_1_17' title="bbox 67 3236 2223 3803">
     <span class='ocr_line' id='line_1_36' title="bbox 67 3236 2223 3299; baseline -0.001 -17"><span class='ocrx_word' id='word_1_341' title='bbox 67 3236 260 3299; x_wconf 76' lang='lat' dir='ltr'><strong>Propter</strong></span> <span class='ocrx_word' id='word_1_342' title='bbox 282 3237 368 3282; x_wconf 74' lang='lat' dir='ltr'><strong>hoe</strong></span> <span class='ocrx_word' id='word_1_343' title='bbox 395 3237 625 3299; x_wconf 78' lang='lat' dir='ltr'><strong>relinquet</strong></span> <span class='ocrx_word' id='word_1_344' title='bbox 651 3237 782 3282; x_wconf 78' lang='lat' dir='ltr'><strong>homo</strong></span> <span class='ocrx_word' id='word_1_345' title='bbox 803 3244 983 3298; x_wconf 77' lang='lat' dir='ltr'><strong>patrem</strong></span> <span class='ocrx_word' id='word_1_346' title='bbox 1010 3252 1170 3293; x_wconf 81' lang='lat' dir='ltr'><strong>suum,</strong></span> <span class='ocrx_word' id='word_1_347' title='bbox 1227 3244 1274 3282; x_wconf 83' lang='lat' dir='ltr'><strong>et</strong></span> <span class='ocrx_word' id='word_1_348' title='bbox 1298 3244 1485 3283; x_wconf 85' lang='lat' dir='ltr'><strong>matrem</strong></span> <span class='ocrx_word' id='word_1_349' title='bbox 1515 3253 1644 3283; x_wconf 80' lang='lat' dir='ltr'><strong>suam</strong></span> <span class='ocrx_word' id='word_1_350' title='bbox 1660 3273 1672 3293; x_wconf 95' lang='lat'><strong>,</strong></span> <span class='ocrx_word' id='word_1_351' title='bbox 1724 3245 1771 3283; x_wconf 83' lang='lat' dir='ltr'><strong>et</strong></span> <span class='ocrx_word' id='word_1_352' title='bbox 1799 3236 1967 3282; x_wconf 78' lang='lat' dir='ltr'><strong>adhae-</strong></span> <span class='ocrx_word' id='word_1_353' title='bbox 2001 3243 2095 3276; x_wconf 84' lang='lat' dir='ltr'><strong>Gen.</strong></span> <span class='ocrx_word' id='word_1_354' title='bbox 2117 3242 2151 3286; x_wconf 82' lang='lat'><strong>2,</strong></span> <span class='ocrx_word' id='word_1_355' title='bbox 2171 3242 2223 3276; x_wconf 72' lang='lat'><strong>24.</strong></span> 
     </span>
     <span class='ocr_line' id='line_1_37' title="bbox 67 3318 2200 3385; baseline -0 -18"><span class='ocrx_word' id='word_1_356' title='bbox 67 3319 187 3367; x_wconf 80' lang='lat' dir='ltr'><strong>rebz&#39;t</strong></span> <span class='ocrx_word' id='word_1_357' title='bbox 221 3322 366 3367; x_wconf 69' lang='lat' dir='ltr'><strong>uxori</strong></span> <span class='ocrx_word' id='word_1_358' title='bbox 388 3336 528 3378; x_wconf 81' lang='lat' dir='ltr'><strong>suae,</strong></span> <span class='ocrx_word' id='word_1_359' title='bbox 586 3328 632 3367; x_wconf 87' lang='lat' dir='ltr'><strong>et</strong></span> <span class='ocrx_word' id='word_1_360' title='bbox 660 3328 798 3367; x_wconf 84' lang='lat' dir='ltr'><strong>erunt</strong></span> <span class='ocrx_word' id='word_1_361' title='bbox 845 3321 934 3365; x_wconf 83' lang='lat' dir='ltr'><strong>duo</strong></span> <span class='ocrx_word' id='word_1_362' title='bbox 981 3321 1028 3366; x_wconf 80' lang='lat' dir='ltr'><strong>z&#39;n</strong></span> <span class='ocrx_word' id='word_1_363' title='bbox 1069 3336 1251 3366; x_wconf 80' lang='lat' dir='ltr'><strong>carnem</strong></span> <span class='ocrx_word' id='word_1_364' title='bbox 1293 3336 1445 3367; x_wconf 84' lang='lat' dir='ltr'><strong>unam.</strong></span> <span class='ocrx_word' id='word_1_365' title='bbox 1526 3318 1790 3385; x_wconf 89' lang='lat' dir='ltr'><strong>Apostolus</strong></span> <span class='ocrx_word' id='word_1_366' title='bbox 1828 3334 1967 3379; x_wconf 87' lang='lat' dir='ltr'><strong>vero,</strong></span> <span class='ocrx_word' id='word_1_367' title='bbox 1994 3326 2200 3371; x_wconf 78' lang='lat' dir='ltr'><strong>Eph.5,3².</strong></span> 
     </span>
     <span class='ocr_line' id='line_1_38' title="bbox 70 3401 1971 3469; baseline -0.001 -19"><span class='ocrx_word' id='word_1_368' title='bbox 70 3404 415 3452; x_wconf 80' lang='lat' dir='ltr'><strong>Sacramentum</strong></span> <span class='ocrx_word' id='word_1_369' title='bbox 447 3405 560 3462; x_wconf 80' lang='lat' dir='ltr'><strong>lzoe,</strong></span> <span class='ocrx_word' id='word_1_370' title='bbox 603 3401 784 3469; x_wconf 90' lang='lat' dir='ltr'><strong>inquit,</strong></span> <span class='ocrx_word' id='word_1_371' title='bbox 826 3420 1039 3466; x_wconf 78' lang='lat' dir='ltr'><strong>magnum</strong></span> <span class='ocrx_word' id='word_1_372' title='bbox 1075 3411 1169 3450; x_wconf 78' lang='lat' dir='ltr'><strong>est:</strong></span> <span class='ocrx_word' id='word_1_373' title='bbox 1227 3419 1312 3465; x_wconf 82' lang='lat' dir='ltr'><strong>ego</strong></span> <span class='ocrx_word' id='word_1_374' title='bbox 1337 3412 1487 3450; x_wconf 79' lang='lat' dir='ltr'><strong>autem</strong></span> <span class='ocrx_word' id='word_1_375' title='bbox 1523 3405 1623 3450; x_wconf 77' lang='lat' dir='ltr'><strong>dic-0</strong></span> <span class='ocrx_word' id='word_1_376' title='bbox 1665 3406 1710 3450; x_wconf 79' lang='lat' dir='ltr'><strong>z&#39;n</strong></span> <span class='ocrx_word' id='word_1_377' title='bbox 1739 3404 1971 3449; x_wconf 76' lang='lat' dir='ltr'><strong>Christum</strong></span> 
     </span>
     <span class='ocr_line' id='line_1_39' title="bbox 69 3484 1974 3553; baseline 0 -19"><span class='ocrx_word' id='word_1_378' title='bbox 69 3495 117 3534; x_wconf 83' lang='lat' dir='ltr'><strong>et</strong></span> <span class='ocrx_word' id='word_1_379' title='bbox 140 3489 392 3535; x_wconf 77' lang='lat' dir='ltr'><strong>ecclesiam.</strong></span> <span class='ocrx_word' id='word_1_380' title='bbox 471 3484 525 3536; x_wconf 88' lang='lat' dir='ltr'><strong>In</strong></span> <span class='ocrx_word' id='word_1_381' title='bbox 555 3504 646 3553; x_wconf 88' lang='lat' dir='ltr'><strong>quo</strong></span> <span class='ocrx_word' id='word_1_382' title='bbox 675 3494 948 3536; x_wconf 84' lang='lat' dir='ltr'><strong>accuratam</strong></span> <span class='ocrx_word' id='word_1_383' title='bbox 982 3502 1229 3534; x_wconf 89' lang='lat' dir='ltr'><strong>sacrarum</strong></span> <span class='ocrx_word' id='word_1_384' title='bbox 1276 3485 1518 3535; x_wconf 89' lang='lat' dir='ltr'><strong>literarum</strong></span> <span class='ocrx_word' id='word_1_385' title='bbox 1559 3484 1850 3550; x_wconf 87' lang='lat' dir='ltr'><strong>diligentiam</strong></span> <span class='ocrx_word' id='word_1_386' title='bbox 1891 3484 1974 3534; x_wconf 91' lang='lat' dir='ltr'><strong>ob-</strong></span> 
     </span>
     <span class='ocr_line' id='line_1_40' title="bbox 72 3568 1976 3637; baseline -0.001 -18"><span class='ocrx_word' id='word_1_387' title='bbox 72 3586 268 3622; x_wconf 90' lang='lat' dir='ltr'><strong>servare</strong></span> <span class='ocrx_word' id='word_1_388' title='bbox 301 3570 441 3633; x_wconf 78' lang='lat' dir='ltr'><strong>licet3</strong></span> <span class='ocrx_word' id='word_1_389' title='bbox 482 3587 603 3637; x_wconf 88' lang='lat' dir='ltr'><strong>quae</strong></span> <span class='ocrx_word' id='word_1_390' title='bbox 636 3587 741 3620; x_wconf 90' lang='lat' dir='ltr'><strong>cum</strong></span> <span class='ocrx_word' id='word_1_391' title='bbox 773 3570 830 3619; x_wconf 90' lang='lat' dir='ltr'><strong>de</strong></span> <span class='ocrx_word' id='word_1_392' title='bbox 861 3570 1049 3619; x_wconf 89' lang='lat' dir='ltr'><strong>Adamo</strong></span> <span class='ocrx_word' id='word_1_393' title='bbox 1079 3569 1365 3635; x_wconf 85' lang='lat' dir='ltr'><strong>loquuntur,</strong></span> <span class='ocrx_word' id='word_1_394' title='bbox 1421 3568 1654 3618; x_wconf 84' lang='lat' dir='ltr'><strong>formandi</strong></span> <span class='ocrx_word' id='word_1_395' title='bbox 1691 3568 1976 3618; x_wconf 84' lang='lat' dir='ltr'><strong>vocabulum</strong></span> 
     </span>
     <span class='ocr_line' id='line_1_41' title="bbox 72 3651 1976 3720; baseline 0 -18"><span class='ocrx_word' id='word_1_396' title='bbox 72 3653 322 3716; x_wconf 85' lang='lat' dir='ltr'><strong>adhibent,</strong></span> <span class='ocrx_word' id='word_1_397' title='bbox 375 3651 529 3706; x_wconf 87' lang='lat' dir='ltr'><strong>Evam</strong></span> <span class='ocrx_word' id='word_1_398' title='bbox 578 3671 696 3704; x_wconf 91' lang='lat' dir='ltr'><strong>vero</strong></span> <span class='ocrx_word' id='word_1_399' title='bbox 745 3670 1042 3720; x_wconf 87' lang='lat' dir='ltr'><strong>nequaquam</strong></span> <span class='ocrx_word' id='word_1_400' title='bbox 1089 3654 1365 3713; x_wconf 76' lang='lat' dir='ltr'><strong>formatam,</strong></span> <span class='ocrx_word' id='word_1_401' title='bbox 1426 3652 1508 3702; x_wconf 86' lang='lat' dir='ltr'><strong>sed</strong></span> <span class='ocrx_word' id='word_1_402' title='bbox 1536 3651 1829 3703; x_wconf 81' lang='lat' dir='ltr'><strong>aedificatam</strong></span> <span class='ocrx_word' id='word_1_403' title='bbox 1868 3670 1976 3703; x_wconf 87' lang='lat' dir='ltr'><strong>esse</strong></span> 
     </span>
     <span class='ocr_line' id='line_1_42' title="bbox 75 3735 2207 3803; baseline -0.002 -18"><span class='ocrx_word' id='word_1_404' title='bbox 75 3735 252 3786; x_wconf 87' lang='lat' dir='ltr'><strong>dicunt.</strong></span> <span class='ocrx_word' id='word_1_405' title='bbox 331 3740 537 3802; x_wconf 69' lang='lat' dir='ltr'><strong>Sumpsi!</strong></span> <span class='ocrx_word' id='word_1_406' title='bbox 574 3742 717 3796; x_wconf 74' lang='lat' dir='ltr'><strong>euim,</strong></span> <span class='ocrx_word' id='word_1_407' title='bbox 772 3737 951 3803; x_wconf 84' lang='lat' dir='ltr'><strong>inquit,</strong></span> <span class='ocrx_word' id='word_1_408' title='bbox 1008 3754 1140 3785; x_wconf 80' lang='lat' dir='ltr'><strong>unam</strong></span> <span class='ocrx_word' id='word_1_409' title='bbox 1181 3756 1203 3783; x_wconf 77' lang='lat' dir='ltr'><strong>c·</strong></span> <span class='ocrx_word' id='word_1_410' title='bbox 1243 3740 1381 3784; x_wconf 71' lang='lat' dir='ltr'><strong>costis</strong></span> <span class='ocrx_word' id='word_1_411' title='bbox 1424 3739 1578 3793; x_wconf 73' lang='lat' dir='ltr'><strong>z&#39;lle&#39;uS,</strong></span> <span class='ocrx_word' id='word_1_412' title='bbox 1636 3747 1680 3783; x_wconf 80' lang='lat' dir='ltr'><strong>el</strong></span> <span class='ocrx_word' id='word_1_413' title='bbox 1716 3739 1979 3801; x_wconf 74' lang='lat' dir='ltr'><strong>aedzfieavz&#39;t</strong></span> <span class='ocrx_word' id='word_1_414' title='bbox 2002 3746 2207 3789; x_wconf 80' lang='lat' dir='ltr'><strong>Geu.2,21.</strong></span> 
     </span>
    </p>
   </div>
   <div class='ocr_carea' id='block_1_3' title="bbox 1512 3834 1627 3887">
    <p class='ocr_par' dir='ltr' id='par_1_18' title="bbox 1512 3834 1627 3887">
     <span class='ocr_line' id='line_1_43' title="bbox 1512 3834 1627 3887; baseline 0.017 -2"><span class='ocrx_word' id='word_1_415' title='bbox 1512 3834 1627 3887; x_wconf 79' lang='lat'><strong>28*</strong></span> 
     </span>
    </p>
   </div>
  </div>
 </body>
</html>
