2508 4134
724 294 889 336 .'roM1
919 294 1126 334 Pmoms
1158 294 1292 334 PARS
1322 292 1494 335 Pmon.
1961 283 2061 334 615

174 399 241 431 tur
271 392 392 431 etiam
419 390 460 431 in
485 391 552 433 ed.
576 393 714 432 Petav.
740 390 883 431 Golon.
912 386 1037 446 ’ὄφεος
1059 391 1208 445 legitur
1233 392 1274 432 in
1300 392 1365 434 ed.
1392 393 1532 433 Petav.
1560 392 1685 432 Paris.
1711 414 1763 422 -—
1822 390 1850 430 l.
1872 391 1911 430 5.
1943 383 2063 432 ἄλλον

174 457 253 504 ὑπὸ
285 454 407 503 ἄλλου
433 459 562 504 αἰῶνα
590 463 674 502 Bas.
706 484 761 492 —
818 460 844 503 1.
863 459 903 503 6.
929 459 977 511 ἓξ
999 460 1124 501 habet
1151 463 1254 503 Ven.
1283 485 1338 492 —
1393 461 1421 501 l.
1448 460 1512 502 13.
1544 456 1667 504 αὐτὸν
1694 458 1892 510 ἐπιδεῖξαι
1917 459 2063 502 τοῦτου

175 530 286 584 (sic),
317 524 532 582 ἄνθρωπος
556 533 657 572 Ven.
714 530 835 571 Unde
861 545 955 571 vera
977 530 1177 585 scriptura
1209 530 1330 571 facile
1355 530 1595 571 restituitur.
1625 554 1676 562 —
1735 530 1762 571 l.
1785 527 1849 570 18.
1878 526 1958 583 γὰρ
1983 523 2063 572 αὖ·-

172 600 254 642 τῶν
284 597 333 642 ἐκ
362 600 463 639 Ven.

278 668 419 725 Γᾶς.
435 669 561 715 482.
616 670 643 711 l.
659 667 698 713 6.
731 671 898 725 Repone
923 670 1003 723 τῆς
1026 669 1242 710 articulum
1271 677 1367 710 ante
1394 666 1612 724 ἀληθείας,
1646 669 1714 723 qui
1739 668 1909 709 omissus
1941 667 2061 709 etiam

171 737 211 777 in
242 737 307 778 ed.
327 739 464 778 Petav.
492 763 545 770 -
601 739 627 779 l.
646 743 685 783 8.
715 739 806 783 ἐκεῖ
824 734 946 788 ἄλλος
968 734 1105 787 ἄλλως
1131 740 1233 779 Ven.
1263 763 1317 770 -
1373 739 1400 781 l.
1416 740 1481 780 22.
1514 734 1750 782 ἀποκτεῖναι
1775 738 1890 779 abest
1917 753 1941 779 a
1961 740 2062 779 Ven.

173 831 224 838 ·-
253 808 280 848 l·
300 808 367 850 30.
407 805 549 857 καινὰς
572 806 744 863 ἀνομίας
769 811 952 849 Ven.⁴-
1010 808 1036 848 l.
1061 806 1130 849 31.
1176 804 1292 864 αὐτῷ
1318 808 1378 865 τῷ
1405 805 1566 851 πάντων
1592 809 1693 848 Ven.
1726 831 1779 840 —
1843 810 1886 848 In
1916 807 2058 849 adnot.

176 878 210 918 1.
235 886 328 931 post
357 891 433 917 voc
475 875 634 922 πάντων
664 879 769 920 adde.
795 879 890 922 τῶν.
950 879 1055 919 Nam
1083 878 1123 918 in
1156 879 1243 918 Bas,
1275 887 1337 917 est
1365 874 1520 920 τούτων
1549 880 1640 931 τῆς.

282 947 420 1004 Pag.
436 947 564 992 484.
620 948 646 989 l.
669 948 730 990 10.
773 950 869 990 Post
897 947 1051 1002 ἑαυτῆς
1077 949 1206 988 insere
1232 945 1369 997 υἱοὺς,
1399 946 1510 1001 quod
1537 946 1780 988 vocabulum
1808 946 2063 987 desideratur

170 1016 291 1057 etiam
317 1017 358 1056 in
384 1016 482 1057 edit.
511 1018 648 1058 Petav.
679 1018 819 1058 Colon.
854 1041 905 1048 -
964 1018 988 1057 l.
1010 1015 1075 1058 12.
1106 1021 1217 1058 Acue
1244 1015 1365 1060 ἔστιν.
1393 1040 1446 1047 -
1503 1016 1527 1056 l.
1560 1013 1623 1057 16.
1654 1015 1823 1070 Corrige
1848 1013 1959 1070 ὖμᾶς
1985 1030 2062 1070 pro

171 1082 298 1140 ἡμᾶς.
361 1087 471 1126 Idem
508 1087 649 1128 vitium
689 1088 864 1128 occurrit
891 1088 931 1127 in
964 1087 1028 1128 ed.
1057 1088 1196 1128 Petav.
1237 1087 1380 1127 colon.
1414 1110 1463 1116 —
1524 1086 1550 1128 l.
1572 1085 1638 1126 21.
1682 1082 1775 1139 παρ’
1810 1082 1924 1141 αὐτῷ
1959 1086 2061 1127 ven.

169 1157 310 1196 Recte.
342 1179 393 1188 —-
452 1156 477 1196 1.
496 1157 560 1198 22.
597 1158 736 1198 Scribe
755 1151 974 1211 ”Αισμασι.
1008 1181 1056 1188 —-
1114 1155 1222 1198 l.·23.
1258 1156 1424 1210 Corrige
1453 1155 1717 1210 κεκληκυίας.

278 1225 561 1283 Pag.486.
617 1227 698 1269 L&
748 1224 869 1270 Κατοὶ
903 1223 1209 1281 “Ηρακλεώτων
1239 1228 1338 1266 Ven.
1369 1250 1420 1257 -
1481 1226 1507 1268 l.
1536 1226 1597 1266 11.
1641 1222 1754 1278 παρὰ
1776 1221 1931 1267 τούτων
1957 1225 2064 1264 Ven.

168 1296 309 1338 Recte.
341 1319 391 1326 —
448 1297 475 1336 l.
500 1294 562 1337 17.
598 1296 811 1350 Βριάρειον
841 1299 927 1338 Bas.
985 1294 1198 1350 Βριάρεων
1226 1297 1325 1338 Ven.
1357 1319 1410 1327 —
1469 1294 1579 1336 1.19.
1611 1291 1758 1348 Γύπην
1785 1294 1911 1334 habet
1940 1293 2062 1334 etiam

170 1367 270 1405 Veu.
306 1389 360 1396 —-
416 1366 442 1406 l.
467 1368 504 1406 5.
537 1367 586 1407 ab
615 1367 736 1407 infer.
766 1364 1070 1421 προηγόρευσεν
1101 1368 1205 1406 Ven.
1287 1379 1290 1384 ·

278 1435 418 1492 Pag.
435 1435 563 1480 488.
619 1436 643 1476 l.
667 1435 730 1477 10.
776 1434 1042 1491 ἐγναμέμψαι
1072 1438 1171 1476 Ven.
1204 1459 1254 1467 —-
1315 1435 1421 1480 Ibid.
1453 1439 1557 1479 δαεα
1582 1436 1686 1476 Veu.
1717 1457 1771 1464 —
1827 1433 1856 1475 l.
1876 1433 1944 1475 22.
1975 1434 2063 1474 Re-

168 1519 275 1560 pone
306 1504 434 1561 ἐἋὲῖῃς
463 1520 512 1546 ex
545 1508 641 1546 Ven.

276 1575 415 1632 Pag.
437 1575 566 1620 490.
622 1576 647 1616 l.
665 1575 703 1618 6.
737 1572 1010 1629 συνελήλυθεν
1039 1569 1172 1616 firinat
1192 1577 1292 1616 Ven.
1312 1600 1364 1608 —
1421 1576 1448 1616 l.
1465 1578 1490 1620 7
1517 1584 1559 1616 et
1581 1574 1620 1616 8.
1651 1571 1972 1629 καταγελάσειεν
1995 1572 2060 1613 ed.

166 1645 304 1684 Petav.
361 1643 684 1699 καταγελάσαιεν
714 1647 815 1685 Ven.
848 1654 891 1686 et
919 1648 1005 1686 Bas.
1031 1669 1085 1678 -
1141 1646 1167 1686 l.
1187 1645 1250 1686 11.
1283 1643 1307 1690 0‘
1329 1642 1424 1689 xa&
1447 1644 1607 1701 ἡμέραν
1632 1646 1734 1685 Ven.
1767 1644 1905 1691 Recte,
1936 1642 2062 1683 modo

166 1729 264 1754 acue
292 1708 330 1757 3.
364 1738 408 1744 --
473 1714 582 1756 [20.
616 1713 934 1770 γεγοητεύμενοι
963 1718 1064 1757 ven.
1101 1717 1240 1756 Recte.
1276 1740 1328 1748 —-
1385 1712 1468 1756 1.·4.
1499 1716 1550 1755 ab
1580 1715 1658 1754 inf.
1689 1712 1796 1767 λέγω
1826 1711 1874 1756 δὲ
1902 1714 2003 1753 ven.

276 1785 418 1841 Peg.
433 1782 562 1830 492.
617 1785 643 1826 l.
666 1786 700 1826 l.
749 1786 992 1825 particulam
1024 1781 1084 1834 (Sc
1106 1794 1201 1840 post
1225 1782 1547 1842 διαβαλλόμενος
1573 1785 1615 1824 in
1641 1784 1706 1824 ed.
1733 1784 1872 1823 Petav.
1905 1781 2062 1822 uncinis

165 1863 226 1895 est
253 1854 419 1894 inclusa.
453 1877 503 1884 -
561 1853 669 1897 l.27.
705 1857 872 1908 Repone
899 1855 1112 1895 articulum
1148 1854 1194 1899 τὸ
1222 1864 1317 1896 ante
1343 1853 1514 1910 ἅγαῖςόν.
1576 1854 1841 1894 Desideratur
1869 1851 1992 1892 etiam
2019 1851 2062 1892 in

165 1924 261 1964 edit.
299 1925 437 1963 PetaV.
474 1923 617 1964 Colon.
648 1948 699 1954 —
757 1925 781 1963 l.
812 1927 837 1965 ὃ
862 1925 912 1964 ab
939 1925 1058 1965 infer.
1103 1927 1230 1975 πᾶσι,
1263 1934 1357 1966 ante
1391 1925 1563 1979 σαφῶς,
1609 1938 1690 1963 non
1719 1923 1845 1963 habet
1869 1924 1972 1963 Ven.
2007 1944 2062 1952 -

162 1994 191 2034 1.
219 1993 259 2035 3.
291 1993 341 2033 ab
366 1992 485 2033 inser.
517 1994 686 2048 Repone
712 1993 924 2035 articulum
945 1993 975 2048 ἦ
999 2003 1092 2043 ante
1118 1991 1372 2051 ὑπάρχουσα,
1404 1994 1472 2049 qui
1498 1993 1752 2034 desideratur
1777 1991 1901 2032 etiam
1923 1991 1966 2032 in
1995 1991 2060 2032 ed.

161 2065 299 2104 Petav.
333 2064 478 2106 Colon.

273 2133 411 2191 Γᾶς.
434 2132 562 2178 494.
618 2133 735 2174 l.10.
760 2134 810 2174 ab
837 2134 955 2177 infer.
998 2131 1354 2190 οἷπαγγειλάμενος
1377 2136 1477 2176 Ven.
1512 2158 1560 2163 -
1620 2133 1648 2173 l.
1677 2131 1718 2174 9.
1756 2132 1806 2172 ab
1841 2131 1962 2173 infer.
2004 2131 2058 2188 τῇ

162 2202 260 2257 ἑξῆς
286 2201 418 2259 ταύτῃ
443 2205 544 2244 Ven.
576 2226 631 2233 —
687 2203 713 2243 l.
737 2204 764 2245 8
790 2204 840 2245 ab
867 2204 943 2244 inf.
976 2209 1084 2244 Ante
1106 2199 1291 2259 Ὀφιτῶν
1316 2205 1449 2244 insere
1478 2217 1564 2243 voc.
1598 2202 1777 2256 αἵρεσιν,
1823 2216 1925 2257 quae
1947 2200 2061 2241 desi-

161 2273 326 2313 deratur
352 2273 473 2314 etiam
501 2273 541 2313 in
571 2273 634 2314 ed.
661 2275 798 2314 Petav.
858 2276 902 2313 In
934 2276 1034 2314 Ven.
1073 2275 1223 2328 legitur
1249 2270 1624 2329 ματαιοφροσόναις
1658 2271 1863 2326 αἱρέσεσιν
1905 2271 2059 2326 αἵρεσιν

160 2338 263 2397 Ὀφ.
296 2366 340 2373 -—-
403 2343 431 2382 l.
457 2343 495 2385 7.
527 2343 578 2383 ab
607 2343 683 2383 inf.
717 2343 826 2397 λέγω
857 2343 904 2387 δὲ
930 2352 1069 2384 tuetur
1098 2343 1222 2384 etiam
1252 2346 1351 2384 Ven.

271 2413 411 2469 Peg.
436 2411 564 2457 496.
620 2413 646 2454 l.
677 2413 740 2454 10.
769 2415 819 2454 ab
849 2413 924 2453 inf.
956 2414 1137 2468 γεγονώς
1164 2415 1264 2453 ven.
1296 2437 1351 2444 —
1407 2414 1435 2454 l.
1462 2414 1615 2468 penult.
1650 2414 1820 2467 Repone
1846 2410 2060 2452 articulum

160 2480 207 2526 τὸ
237 2491 331 2522 ante
361 2480 562 2537 φύραμα,
595 2483 660 2537 qui
692 2483 945 2524 desideratur
974 2484 1095 2524 etiam
1124 2484 1165 2523 in
1197 2484 1260 2524 ed.
1292 2485 1432 2524 Petav.
1467 2484 1614 2524 Colon.

268 2553 408 2608 rag.
436 2552 564 2597 498.
622 2553 648 2593 l.
669 2553 703 2593 1.
735 2551 768 2607 γῖ
794 2552 861 2596 ἐπὶ
886 2554 958 2596 τοῦ
987 2549 1127 2608 ὄφεως
1149 2555 1252 2594 Ven.
1283 2578 1331 2584 --
1373 2554 1399 2594 l.
1417 2553 1455 2594 2.
1487 2549 1703 2607 ἀνθρωπία
1727 2555 1830 2594 Ven.
1858 2576 1912 2584 —
1967 2551 1996 2592 1.
2016 2551 2056 2592 4.

163 2628 267 2664 Ante
294 2622 360 2662 fin.
395 2637 498 2663 corr.
533 2615 662 2671 οὗτος.
691 2646 745 2653 —-
802 2623 827 2663 l.
857 2623 895 2664 ὃ.
944 2624 1127 2664 Restitue
1158 2623 1304 2664 Veneti
1344 2623 1584 2677 scripturam
1623 2622 1695 2666 καὶ
1730 2621 2057 2677 προςκυνεῖσὲςαι.

159 2693 198 2735 Γ
202 2689 432 2735 ινώσκεται.
463 2717 516 2722 -
574 2693 598 2732 l.
621 2690 686 2732 ¹28.
722 2694 892 2747 Repone
921 2694 1132 2735 articulum
1159 2690 1181 2737 ὁ
1205 2702 1299 2734 ante
1326 2690 1541 2749 διάβολος,
1584 2693 1652 2748 qui
1678 2692 1830 2733 excidit
1871 2691 1994 2732 etiam
2016 2691 2058 2731 in

159 2762 223 2802 ed.
257 2764 394 2802 Petav.
427 2762 570 2802 Colon.

269 2832 408 2888 Γᾶς.
426 2832 550 2875 500.
605 2832 629 2870 l.
666 2831 728 2872 10.
759 2831 831 2874 καὶ
857 2833 917 2887 τῷ
946 2831 1016 2887 μὲν
1043 2831 1120 2887 γὰρ
1150 2835 1251 2874 Ven.
1283 2859 1331 2864 -
1394 2834 1421 2873 1.
1444 2834 1507 2873 15.
1553 2833 1590 2875 οἱ
1614 2828 1682 2875 ὑπ’
1710 2830 1846 2878 αὐτῶν
1870 2836 1972 2877 Ven.
2002 2857 2059 2865 -

158 2902 186 2944 l.
213 2901 274 2942 15.
301 2901 352 2941 ab
381 2901 500 2941 infer.
533 2901 604 2943 τοῦ
629 2902 710 2943 τῶν
738 2899 893 2954 πατρὸς
923 2904 1023 2942 Ven.
1056 2926 1109 2933 —
1166 2904 1192 2944 l.
1213 2901 1275 2944 16.
1322 2904 1421 2944 Dele
1451 2918 1610 2944 comma
1647 2904 1826 2957 positum
1851 2904 1958 2944 inter
1986 2899 2057 2946 ὅν-

156 2986 226 3020 τες
255 2979 295 3011 et
319 2966 458 3013 αὐτοῦ.
492 2995 543 3002 -—
601 2971 627 3010 1.
654 2969 717 3010 13.
749 2971 801 3010 ab
828 2971 902 3010 inf.
934 2973 1182 3029 καινοφωνίᾳ
1207 2975 1309 3014 Ven.
1342 2997 1396 3005 -—
1453 2974 1478 3013 l.
1503 2974 1542 3016 9.
1575 2974 1625 3014 ab
1654 2973 1728 3014 inf.
1769 2974 1905 3014 Verba
1929 2970 2057 3018 δυνά-

158 3055 271 3095 μεως
299 3033 354 3093 ἦς
384 3039 428 3091 ἐξ
457 3038 588 3095 αὐτῆς
619 3040 764 3080 omissa
795 3049 888 3080 sunt
916 3041 956 3080 in
987 3042 1049 3081 ed.
1085 3045 1221 3084 Petav.
1254 3044 1397 3084 colon.
1428 3068 1481 3075 —-
1538 3043 1564 3082 l.
1598 3044 1668 3084 ult.
1709 3044 1901 3084 Rescribe
1932 3043 2058 3087 ἰδέαν.

267 3111 408 3167 Pag.
436 3111 561 3154 502.
616 3110 643 3149 l.
676 3111 711 3150 5.
745 3107 941 3152 ὖπόὲεσιν
963 3119 1101 3152 tuetur
1126 3113 1247 3153 etiam
1276 3115 1375 3154 Ven.
1401 3138 1453 3144 —
1496 3114 1524 3153 1.
1555 3113 1592 3154 8.
1629 3113 1741 3153 Corr.
1771 3110 1976 3168 ὄφιοειδῆ.
2004 3137 2058 3145 —-

154 3181 182 3221 l.
212 3181 279 3221 20.
313 3181 499 3220 Restituo
528 3189 704 3220 veterem
735 3180 972 3233 scripturam
1000 3175 1055 3223 ἓν.
1118 3182 1250 3222 Nicet.
1283 3183 1410 3222 Chon.
1443 3183 1567 3223 Thes.
1594 3183 1766 3223 Orthod.
1797 3183 1884 3223 Fid.
1914 3185 1983 3232 IV,
2015 3183 2056 3226 9.

157 3246 324 3305 Ἀμέλει
352 3250 423 3292 καὶ
454 3250 671 3304 τρέφοντες
708 3244 800 3303 ὅφιν
838 3249 1020 3293 τιθέασιν
1060 3250 1128 3293 ἐπὶ
1161 3252 1368 3306 τραπέζης
1408 3247 1557 3306 ἄρτους
1595 3251 1703 3294 κατὰ
1731 3251 1808 3306 τὴν
1839 3247 1948 3305 ὥραν
1975 3253 2056 3295 τῶν

160 3320 398 3375 μυστηρίων
428 3315 588 3370 αὐτῶν,
621 3320 692 3362 καὶ
719 3318 795 3373 τὴν
826 3319 970 3373 κίστην
994 3317 1226 3370 ἀνοίξαντες
1254 3322 1550 3374 προκαλοῦνται
1578 3322 1714 3364 τοῦτον
1746 3321 1806 3369 εἰς
1835 3321 2028 3365 ἑστίασιν.

269 3391 408 3446 Pag.
429 3388 553 3433 504.
611 3388 635 3428 l.
656 3388 694 3430 3.
726 3390 862 3429 Verba
890 3389 926 3431 εἰ
950 3389 997 3432 δὲ
1023 3384 1228 3444 ἄχρηστον
1254 3391 1400 3431 absunt
1413 3406 1447 3435 ,ει
1470 3393 1572 3431 ven.
1607 3395 1651 3431 In
1682 3391 1745 3431 ed.
1773 3393 1912 3433 Petav.
1940 3407 2057 3432 men-

157 3459 258 3499 dose
289 3474 364 3512 pro
393 3456 470 3501 οιῖκ
499 3458 540 3502 ἐν
562 3464 648 3507 τοῖς
675 3459 823 3512 legitur
846 3458 917 3501 καὶ
943 3458 982 3501 ἐν
1008 3463 1106 3506 τοῖς.
1136 3483 1182 3488 -
1242 3460 1269 3499 l.
1293 3459 1354 3501 10.
1387 3458 1465 3502 mix
1492 3459 1673 3514 ἔγνωσαν
1701 3462 1802 3500 Ven.
1832 3484 1886 3492 —
1941 3460 2054 3503 1.12.

159 3527 225 3570 13.
263 3527 326 3569 14.
359 3529 423 3568 15.
451 3529 734 3582 πῆ-πῆ-πῆ
752 3529 849 3581 -πῆ
878 3530 963 3567 Bas.
995 3537 1037 3567 et
1065 3528 1127 3570 ed.
1154 3530 1293 3569 Petav.
1319 3554 1376 3595 .—
1434 3530 1460 3570 l.
1482 3529 1548 3570 21.
1595 3529 1768 3579 ἐντιθεὶς
1794 3530 1927 3571 firmat
1952 3534 2054 3573 Ven-

156 3622 205 3628 -
238 3595 349 3638 1:24.
382 3599 567 3639 Restituo
593 3596 875 3652 ἅληὲτεύοντες.
908 3621 962 3629 -
1017 3598 1044 3638 l.
1067 3599 1105 3638 5.
1137 3599 1187 3638 ab
1216 3599 1337 3639 infer.
1372 3597 1447 3642 οὐκ
1470 3597 1631 3654 οἷγαὲὸς
1653 3602 1755 3641 Ven.
1786 3624 1836 3631 -
1894 3597 1975 3642 1.4.
2003 3602 2054 3642 ab

155 3667 274 3707 infer.
312 3667 515 3716 Μωῦσέος
545 3670 631 3708 Bas.
666 3693 717 3698 —
774 3668 800 3708 1.
832 3668 985 3722 penult.
1018 3675 1059 3707 et
1089 3668 1159 3710 ult.
1195 3670 1450 3722 ἓαυμαστῶν
1480 3671 1580 3710 Ven.

270 3737 401 3793 Pag.
431 3738 554 3782 506.
610 3738 636 3778 l.
660 3737 722 3779 13.
772 3737 876 3790 φασὶ
915 3752 996 3777 non
1038 3739 1222 3792 agnoscit
1262 3741 1365 3779 Ven.
1400 3763 1448 3770 —-
1506 3740 1532 3779 l.
1567 3737 1631 3780 14.
1676 3738 1735 3789 ὥς
1772 3738 1803 3795 γῙ
1830 3739 2050 3795 περιστεραὶ

159 3807 261 3846 Ven.
297 3828 346 3836 —-
403 3806 429 3846 l.
464 3807 526 3848 15.
558 3808 830 3857 διδασκαλίας
855 3803 955 3865 ἡμῖν
984 3806 1032 3851 ἐκ
1059 3807 1156 3852 θεοῦ
1188 3810 1287 3851 Ven.
1321 3834 1374 3842 -
1429 3809 1458 3852 1.
1474 3809 1542 3852 20.
1575 3809 1740 3865 Corrige
1764 3807 1794 3869 τί
1818 3810 2039 3869 περιστερά
