2508 4134
505 299 732 340 PANAnn
762 299 866 339 Lm.
888 300 960 339 111.
988 300 1122 340 ToM.
1147 301 1199 340 11.
1227 300 1390 340 HAER.
1416 300 1628 341 Lxxvn.
1918 288 2017 339 365

130 397 367 450 ctissimos
396 397 613 448 homines
645 397 792 448 fuisse
821 397 1110 464 eosdemque
1138 398 1416 464 corporibus
1444 399 1639 466 perinde
1672 416 1727 449 ac
1754 414 1870 460 noS,
1912 414 2020 447 cor-

127 480 374 550 ruptibiles
401 491 450 533 et
478 490 670 549 praeter
698 481 905 531 divinam
937 481 1164 548 gloriam,
1220 499 1338 547 quae
1365 481 1415 531 in
1444 483 1536 532 illis
1564 482 1818 546 insidebat,
1859 483 2019 534 incor-

126 574 290 634 ruptos
331 565 574 616 extitisse.
651 563 975 632 Quamobrem
1009 573 1056 614 et
1095 564 1264 614 umbra
1294 562 1425 614 Petri
1472 565 1642 616 oblatis
1671 567 1830 633 aegris
1864 565 2016 617 omni-
2041 576 2118 652 123.
2140 576 2257 654 {913²

125 649 213 700 bus
253 649 508 700 sanitatem
548 649 777 713 contulit,
831 657 880 698 et
915 648 1108 698 sudaria
1149 665 1204 698 ac
1244 648 1541 698 semicinctia
1574 667 1599 699 e
1632 647 1770 700 Pauli
1803 650 2016 702 vestibus
2109 643 2117 653 ⁸
2184 644 2195 662 ’
2261 643 2268 651 ’

126 732 402 784 admiranda
439 733 669 800 quaedam
709 731 924 801 prodigia
962 732 1322 800 praestiterunt.

265 814 391 883 Quid
424 834 541 867 vero
568 817 735 868 attinet
763 816 1107 867 homunciones
1134 815 1254 866 istos
1283 816 1514 883 quaedam
1553 816 1799 885 subturpia
1831 818 2011 886 cogita·
2102 840 2198 893 Cap.

123 901 255 952 tione
296 902 531 969 fingentes
572 901 620 951 in
661 899 870 951 divinum
914 916 1087 950 numen
1131 900 1366 950 curiosius
1398 899 1673 967 inquirere,
1715 919 1820 951 cum
1852 902 1908 951 de
1940 901 2012 951 his
2069 896 2221 939 XVffl·

124 985 280 1035 nullus
316 984 548 1053 propbeta
586 984 664 1036 vel
708 984 1005 1052 evangelista
1047 983 1123 1034 vel
1158 984 1431 1052 apostoluS,
1489 984 1566 1034 vel
1594 985 1790 1035 alterius
1823 985 2016 1052 generis

123 1068 331 1136 scriptor
362 1068 604 1136 disputare
641 1067 730 1120 sibi
757 1068 1082 1119 necessarium
1111 1067 1335 1118 duxerit?
1407 1066 1673 1119 Enimvero
1702 1068 1920 1136 quicquid
1951 1070 2016 1120 illi

124 1161 350 1216 narrant,
412 1170 467 1203 ac
508 1152 620 1203 licet
657 1152 840 1203 infinita
882 1152 974 1203 alia
1014 1161 1264 1220 praeterea
1297 1152 1412 1202 falsa
1446 1152 1550 1202 sine
1584 1152 1808 1220 opinione
1837 1154 2015 1203 confin-

122 1245 262 1304 gant,
315 1254 555 1304 nunquam
596 1245 754 1287 tamen
789 1237 1006 1286 traditam
1034 1254 1062 1287 a
1094 1236 1352 1287 maioribus
1384 1236 1562 1286 nostris
1602 1236 1768 1299 fidem,
1810 1254 1929 1303 quae
1960 1238 2016 1287 de

125 1317 322 1372 Christo
348 1320 538 1372 sincere
566 1322 723 1371 omnia
751 1321 1026 1389 praedicat,
1068 1329 1292 1390 poterunt
1317 1329 1560 1371 evertere.
1638 1317 1861 1371 Christus
1890 1322 2014 1371 enim

125 1422 187 1456 ex
219 1403 378 1457 Maria
407 1405 592 1472 virgine
616 1406 878 1456 secundum
908 1422 1101 1456 carnem
1132 1422 1303 1456 revera
1347 1405 1403 1455 de
1434 1404 1603 1473 spiritu
1631 1413 1798 1454 sancto
1826 1405 2016 1472 genitus

124 1498 216 1540 est.
291 1489 366 1540 Ac
409 1490 569 1540 statim
610 1499 718 1558 post
757 1498 941 1558 partum
985 1488 1295 1550 Emmanuel,
1355 1489 1444 1540 boc
1486 1498 1558 1540 est
1589 1487 1854 1539 Nobiscum
1898 1491 2014 1541 deus
2066 1498 2204 1577 {¹¹³{3h‘

123 1573 406 1642 appellatur,
440 1591 528 1624 nec
555 1576 647 1624 iam
678 1575 887 1625 secundo
912 1574 1141 1642 gignitur.
1194 1572 1312 1625 Post
1334 1574 1452 1625 baec
1481 1574 1638 1623 infans
1668 1573 1715 1623 in
1740 1572 2014 1643 Aegyptum
2051 1568 2190 1634 Μξηῑιζ,
2215 1599 2246 1633 2.

123 1675 230 1707 cum
257 1655 462 1726 losepho
489 1675 543 1709 ac
568 1656 724 1708 Maria
753 1658 1033 1725 transfugit,
1086 1662 1297 1724 quoniam
1328 1660 1611 1724 quaerebant
1637 1662 1834 1707 animam
1856 1663 2012 1723 pueri,

122 1750 174 1792 ut
200 1742 311 1792 illud
341 1751 623 1809 argumento
647 1743 709 1793 sit
732 1743 860 1793 illum
892 1743 938 1792 in
965 1760 1110 1793 carne
1142 1743 1302 1793 necari
1333 1743 1565 1810 potuisse.
1642 1741 1824 1794 Verum
1854 1761 1880 1793 a
1908 1741 2017 1794 Ma-

120 1826 194 1894 gis
236 1827 460 1877 adoratus
505 1835 608 1888 est,
660 1836 882 1894 tanquam
912 1845 1058 1878 verus
1092 1828 1207 1878 deus
1240 1844 1386 1878 carne
1414 1827 1545 1895 ipsa,
1599 1845 1691 1877 non
1727 1827 1829 1877 sola
1857 1827 2017 1896 specie

122 1910 577 1978 adumbrationeque
609 1919 765 1961 natus.
843 1910 1031 1962 Deinde
1068 1931 1173 1962 cum
1214 1930 1276 1962 ex
1309 1911 1535 1980 Aegypto
1566 1912 1879 1975 revertisset,
1922 1914 2018 1962 Ar-

120 1994 334 2045 chelaum
376 1995 526 2045 adhuc
570 2003 814 2046 metuente
847 1993 1052 2065 loseplio
1093 1995 1480 2065 Hierosolymam
1528 2014 1621 2046 non
1657 1996 1798 2059 adiit,
1854 2005 2017 2065 utpote

121 2096 226 2130 cum
257 2087 303 2129 et
329 2078 485 2130 infans
517 2079 853 2148 comprehendi
888 2089 1078 2148 posset,
1134 2089 1183 2131 et
1208 2090 1318 2131 ante
1346 2090 1532 2149 tempus
1561 2081 1608 2130 in
1640 2097 1783 2130 carne
1812 2081 2014 2149 perpeti,

121 2180 240 2230 quae
281 2171 387 2214 erat
425 2163 678 2231 aliquando
717 2181 967 2233 passurus,
1053 2163 1257 2216 Praeter
1295 2165 1412 2215 baec
1453 2182 1480 2215 a
1521 2163 1702 2216 loanne
1748 2165 2013 2234 prohibitus
2072 2176 2213 2255 {laffi-

120 2255 223 2311 est,
278 2265 384 2298 eum
429 2248 668 2299 dominum
694 2265 868 2300 servus
895 2249 1175 2317 agnovisset
1205 2250 1342 2300 deum
1374 2266 1483 2300 esse
1512 2249 1717 2301 hominis
1743 2259 1911 2300 natura
1942 2267 2018 2300 re·
2105 2246 2115 2264 '
2180 2248 2190 2257 '

119 2348 238 2381 vera
269 2331 555 2399 praeditum.
633 2333 699 2383 At
737 2333 778 2384 is
813 2334 1021 2398 habitum
1050 2334 1140 2384 sibi
1178 2334 1408 2384 bonorem
1440 2351 1464 2383 a
1494 2350 1638 2384 servo
1671 2334 1719 2384 in
1752 2351 1810 2384 eo
1837 2350 2018 2400 genere

122 2415 407 2466 detrectavit
446 2433 633 2466 omnem
665 2417 713 2467 iu
744 2435 888 2468 carne
931 2436 994 2469 ex
1022 2418 1093 2469 rei
1124 2419 1331 2470 veritate
1352 2457 1365 2482 ‚
1418 2418 1543 2468 utin
1572 2419 1783 2486 perfecta
1813 2418 2018 2468 bominis

121 2506 292 2550 natura
320 2499 548 2551 iustitiam
578 2500 817 2568 impleret.
895 2499 1003 2568 Qua
1037 2502 1084 2552 in
1116 2520 1168 2553 re
1197 2503 1408 2554 salutare
1438 2503 1576 2553 nobis
1609 2504 1877 2572 exemplum
1906 2503 2018 2553 reli-

123 2582 238 2649 quit.
315 2580 590 2649 Quinetiam
625 2602 740 2636 vere
767 2586 824 2636 de
854 2586 930 2638 via
960 2587 1183 2654 fatigatus
1219 2595 1320 2650 est,
1362 2603 1451 2637 nec
1479 2588 1704 2655 fatigatus
1731 2589 1889 2651 mod0,
1931 2587 2014 2637 sed
2032 2598 2247 2647 Ioann.4,e.

121 2665 264 2717 etiam
301 2685 413 2736 prae
456 2668 734 2719 lassitudine
779 2670 977 2721 resedit.
1055 2671 1253 2722 Adbaeo
1294 2672 1517 2739 quoniam
1550 2690 1644 2722 non
1674 2673 1782 2723 ficte
1814 2672 2018 2723 bominis

121 2760 339 2801 naturam
369 2761 678 2820 susceperat,
720 2762 945 2804 contenta
975 2772 1094 2806 voce
1124 2755 1378 2819 clamavit,
1434 2760 1592 2806 Verz'te
1620 2775 1797 2817 omneS,
1840 2761 2012 2822 qaz'la-
2076 2769 2214 2806 Manli,

122 2835 296 2885 bor-ates
320 2846 370 2885 et
395 2840 580 2886 onerati
601 2840 737 2897 estis,
779 2847 825 2886 et
855 2857 940 2902 ego
967 2842 1171 2904 reficiam
1203 2858 1310 2901 vo.s·,·
1365 2849 1412 2890 ut
1455 2841 1513 2891 ad
1550 2859 1718 2893 omnes
1757 2842 1887 2892 orbis
1917 2851 2013 2892 ter-
2077 2814 2130 2856 u’
2152 2814 2203 2847 ²8⁸

120 2936 281 2970 rarum
314 2919 561 2985 homines,
602 2921 682 2988 qui
711 2921 770 2971 ad
799 2939 908 2972 sese
936 2925 1278 2991 confugerent,
1318 2926 1611 2976 recreandos
1643 2926 1865 2976 idoneam
1905 2942 2014 2977 esse

122 3003 418 3055 divinitatem
461 3023 594 3057 suam
635 3006 930 3056 ostenderet.
1006 3004 1269 3059 Praeterea
1298 3016 1508 3060 tentatus
1540 3028 1567 3060 a
1599 3010 1785 3060 diabolo
1813 3018 1915 3073 est,
1969 3018 2017 3060 et

122 3089 436 3157 quadraginta
465 3089 565 3140 dies
594 3089 698 3140 sine
742 3090 836 3140 ullo
869 3090 974 3140 cibo
998 3100 1205 3159 potuque
1242 3093 1531 3160 permansit,
1587 3103 1640 3144 ut
1667 3095 1864 3144 eandem
1897 3093 2016 3143 divi-

120 3172 317 3223 nitatem
360 3173 534 3224 nullius
579 3173 652 3224 rei
695 3174 912 3241 indigere
957 3185 1265 3227 monstraret.
1340 3177 1516 3245 Neque
1552 3178 1678 3228 enim
1711 3187 1807 3228 tum
1842 3179 2015 3227 famem

122 3258 414 3320 sustinebat,
468 3258 603 3325 quasi
638 3259 872 3310 severiori
914 3260 1117 3325 quodam
1156 3262 1280 3312 vitae
1314 3262 1532 3312 instituto
1561 3261 1651 3312 sibi
1678 3261 2011 3312 abstinentiam

121 3341 410 3405 indixisset,
460 3359 664 3410 seseque
705 3343 860 3393 inedia
898 3343 1112 3394 cruciare
1160 3363 1215 3395 ac
1245 3347 1526 3414 perdomare
1566 3347 1738 3411 vellet,
1791 3347 1874 3396 sed
1910 3356 2013 3397 tan-

124 3444 262 3494 quam
304 3444 468 3478 veram
508 3428 554 3478 in
590 3444 698 3478 sese
737 3427 1033 3478 divinitatem
1071 3428 1249 3479 habens
1288 3430 1463 3480 nullius
1497 3430 1701 3497 egebat,
1752 3434 1915 3480 Postea
1943 3439 2013 3482 ta-

123 3528 260 3574 men,
315 3520 368 3562 ut
399 3512 636 3579 scriptura
680 3521 867 3576 narrat,
921 3517 1115 3573 esurii&
1174 3531 1266 3580 qua
1303 3514 1490 3563 ratione
1531 3531 1644 3565 vere
1680 3531 1732 3564 se
1773 3515 2010 3566 hominem

122 3595 297 3645 factum
339 3612 448 3645 esse
482 3596 796 3663 significavit,
851 3614 955 3646 cum
999 3607 1293 3665 assumptum
1332 3615 1358 3647 a
1397 3615 1450 3648 se
1481 3615 1652 3667 corpus
1682 3599 1810 3650 veris
1850 3617 1904 3650 ac
1936 3617 2013 3651 ra-

122 3678 241 3728 tioni
290 3679 628 3731 consentaneis
671 3680 1036 3730 necessitatibus
1084 3681 1345 3731 obnoxium
1385 3699 1493 3732 esse
1531 3683 1690 3734 divina
1722 3693 1894 3734 natura
1928 3703 2014 3735 vo-

122 3761 311 3825 luisset,
353 3780 432 3827 ne,
476 3765 598 3831 qnod
631 3782 695 3815 ex
722 3764 823 3833 ipsa
853 3781 1023 3816 revera
1057 3782 1356 3833 consequens
1386 3783 1496 3818 esse
1528 3767 1806 3833 videbatur,
1846 3785 2011 3821 veram
