2508 4134
502 295 724 338 PANARn
754 295 857 336 Lm.
882 295 952 336 ιιι.
977 295 1110 336 ΤοΜ.
1135 296 1187 334 11.
1218 293 1381 334 ΗΑΕΒ.
1409 292 1645 333 Lxxvm.
1920 279 2022 329 429

125 395 191 448 illi
221 394 442 463 corpori,
498 394 545 444 in
587 411 679 462 quo
711 394 828 445 deus
867 391 1196 455 habitaverat,
1254 409 1339 459 per
1367 408 1598 442 summam
1633 387 1940 457 ignominiam
1970 388 2027 438 il-

127 479 345 531 luderet?
394 495 489 546 quo
519 478 705 545 quidem
750 494 814 528 ex
857 493 1060 545 corpore
1098 484 1318 542 suscepta
1359 492 1383 524 a
1413 475 1487 524 dei
1522 474 1670 525 verbo
1708 471 1911 524 hominis
1952 476 2028 522 est

124 570 294 613 natura
334 569 602 612 contracta.
679 559 815 613 Unde
850 569 896 611 et
926 569 1092 611 sancta
1133 559 1211 609 illa
1249 566 1295 608 et
1326 559 1602 627 incorrupta
1642 574 1754 608 caro
1798 555 2026 607 fabricata

125 654 224 710 est,
277 654 454 696 etcum
487 643 744 696 salvatoris
787 643 1038 694 divinitate
1078 642 1352 692 coniuncta.
1432 639 1842 707 Quemadmodum
1879 656 2025 706 auge·

123 730 198 781 lus
229 727 426 781 Gabriel
466 728 564 779 illic
600 737 801 780 testatus
834 736 925 778 est.
1006 731 1237 792 Spiritus,
1295 724 1476 792 inquit,
1533 729 1707 774 domini
1738 726 2031 789 superveniet
2048 735 2141 773 Luc.
2160 736 2260 780 1‚35.

125 818 172 863 z'n
203 823 268 872 te,
321 823 367 862 et
391 816 541 861 virtus
577 815 798 862 altissimi
827 812 1121 861 obumbrabit
1148 820 1219 859 te:
1274 813 1462 874 ideoque
1503 819 1548 857 et
1574 812 1696 873 qnod
1727 818 1944 858 nascetur
1970 826 2030 856 ea·

128 908 171 947 te
200 906 438 956 sanetum,
497 897 736 946 vocabitur
779 898 928 945 Filius
964 899 1053 945 dez‘.
1147 891 1471 961 Quamobrem
1513 910 1605 959 quo
1651 893 1839 942 tandem
1890 899 2028 960 pacto

127 999 233 1032 cum
265 989 396 1032 tanta
422 980 598 1048 talique
629 979 818 1048 virgine
847 976 1007 1030 Maria
1038 977 1251 1047 copulari
1274 993 1421 1027 ausus
1448 976 1612 1026 esset?
1670 973 1884 1042 Ecquem
1910 992 2027 1027 vero

127 1066 334 1116 fructum
356 1081 412 1116 ea
445 1064 664 1133 quaestio
694 1064 830 1115 nobis
860 1063 1045 1126 attulit,
1087 1071 1242 1112 utrum
1271 1060 1398 1111 illius
1427 1059 1821 1110 consuetudinem
1852 1059 2029 1109 habue—

125 1148 225 1199 rit?
295 1146 467 1201 Utrum
502 1165 619 1200 vero
655 1148 845 1198 tandem
874 1146 1026 1214 magis
1065 1145 1336 1213 eligendum
1368 1153 1473 1207 est,
1529 1144 1618 1194 deo
1647 1143 1916 1194 istiusmodi
1947 1159 2030 1193 ne-

126 1232 257 1300 gotia
283 1234 613 1296 committere,
655 1249 714 1282 an
741 1233 798 1283 ad
830 1230 1069 1281 deteriora
1103 1230 1342 1281 violenter
1365 1228 1662 1296 irrumpere?
1736 1224 1877 1293 Quod
1903 1227 2029 1276 enim

127 1334 357 1385 nusquam
386 1317 434 1367 in
465 1316 617 1368 sacris
645 1316 799 1367 literis
838 1314 1065 1383 scriptum
1100 1322 1266 1379 extet,
1323 1311 1415 1363 nisi
1449 1311 1795 1362 crediderimus
1823 1309 2030 1361 Mariam

129 1419 235 1453 cum
262 1401 370 1452 viro
397 1409 563 1470 postea
591 1400 936 1463 consuevisse,
991 1415 1078 1449 nos
1114 1398 1258 1450 vitam
1287 1406 1534 1448 aeternam
1569 1394 1764 1446 minime
1798 1412 2032 1446 consecu-

130 1493 292 1549 turoS,
351 1485 436 1536 sed
478 1484 655 1536 iudicio
708 1483 1125 1546 condemnandos,
1185 1482 1362 1533 nemini
1400 1497 1509 1532 esse
1554 1488 1714 1549 potest
1755 1480 2029 1530 obscurum.

55 1580 59 1584 '
132 1566 384 1636 Quaenam
430 1585 548 1621 vero
590 1568 782 1636 scriptis
814 1585 1050 1637 expressa
1091 1567 1237 1618 sunt?
1289 1566 1453 1634 utique
1483 1567 1702 1616 honesta.
1781 1561 2032 1630 Quaenam

134 1654 315 1722 porro?
351 1653 496 1704 iusta.
562 1650 699 1719 Quae
730 1653 955 1720 inquam?
994 1652 1216 1716 honesta,
1258 1660 1312 1699 ut
1329 1651 1619 1700 audientibus
1649 1651 1896 1698 conciliari
1918 1666 2035 1713 gra-
2057 1663 2152 1714 Epi„
2175 1667 2208 1709 4,
2234 1665 2288 1698 29.

132 1742 197 1788 tia
214 1742 381 1803 possit.
459 1737 529 1787 At
560 1736 779 1787 homines
826 1735 1117 1788 necessariis
1158 1734 1337 1786 relictis
1380 1735 1439 1786 iis
1470 1751 1589 1802 quae
1629 1751 1733 1784 cum
1771 1732 1877 1783 fidei
1908 1731 2034 1784 veri·
2057 1708 2153 1742 ΡΜ
2176 1709 2209 1752 4’
2232 1709 2264 1740 ε’

131 1830 230 1872 tate
256 1838 312 1872 ac
338 1819 413 1872 dei
440 1821 796 1890 praedicatione
824 1821 1080 1872 coniuncta
1107 1828 1219 1871 sunt
1244 1818 1516 1887 perniciosa
1543 1816 1635 1869 sibi
1660 1834 1904 1886 quaeque,
1948 1835 2034 1867 un-

133 1907 382 1975 decunque
410 1905 681 1974 potuerint,
736 1906 1018 1973 excogitare
1060 1904 1386 1966 contendunt,
1442 1902 1562 1953 heu!
1641 1902 1762 1970 quod
1796 1901 1874 1952 vel
1902 1901 2034 1969 cogi—

132 1998 237 2041 tare
275 1989 527 2040 molestum
569 1999 672 2054 est,
714 2007 819 2040 cum
860 1989 988 2040 nulla
1029 1989 1284 2057 praecique
1323 1989 1386 2039 sit
1422 1987 1471 2038 in
1510 1986 1747 2056 scriptura
1786 1985 1985 2037 mentio.

273 2072 466 2124 Etenim
495 2073 537 2125 si
568 2073 799 2125 eiusmodi
829 2073 1048 2142 quiddam
1084 2072 1163 2123 illa
1189 2079 1641 2134 commemorasset,
1700 2072 1916 2139 profecto
1953 2087 2037 2121 ve·
2058 2091 2156 2146 Cap.
2176 2094 2287 2133 χνῐ,

131 2157 322 2209 ritatem
355 2158 506 2226 ipsam
544 2157 649 2209 sine
692 2157 786 2209 ulla
824 2156 1228 2226 tergiversatione
1267 2157 1620 2225 profiteremur.
1696 2154 1776 2205 An
1809 2155 1934 2205 enim
1963 2153 2037 2204 in-

131 2242 365 2294 honestae
394 2250 507 2294 sunt
537 2242 767 2312 nuptiae?
815 2251 897 2292 aut
926 2243 1154 2310 profanus
1186 2250 1260 2292 est
1288 2250 1423 2291 torus
1441 2279 1454 2303 ‚
1509 2250 1557 2289 ec
1582 2259 1672 2289 non
1696 2243 1854 2305 potius
1880 2243 2035 2288 imma·
2059 2259 2286 2303 uebr.13‚4.

132 2330 351 2376 eulatns?
423 2326 502 2378 An
542 2327 747 2395 denique
792 2326 1088 2377 adulteratae
1128 2335 1241 2377 sunt
1284 2325 1512 2394 nuptiae?
1586 2323 1883 2392 Quamquam
1927 2341 2036 2393 pro-

133 2411 304 2480 phetae
334 2428 390 2462 ac
423 2411 671 2480 pontifices
699 2410 758 2461 ab
786 2410 880 2461 illis
910 2411 1179 2475 abstinent,
1220 2419 1271 2461 ut
1307 2408 1569 2460 maioribus
1602 2408 1926 2460 functionibus
1955 2427 2036 2459 oc-

134 2503 386 2564 cupentur.
463 2493 656 2545 Etenim
687 2492 921 2564 Moyses,
963 2504 1274 2564 posteaquam
1305 2494 1535 2564 propheta
1568 2511 1676 2545 esse
1704 2495 1891 2563 coepit,
1934 2494 2037 2544 nul—

135 2578 229 2629 lam
257 2579 457 2648 amplius
486 2596 591 2629 cum
624 2596 778 2629 uxore
814 2580 1210 2630 cousuetudinem
1255 2579 1444 2642 habuit,
1496 2595 1649 2646 neque
1680 2577 1859 2629 liberos
1894 2579 1942 2628 in
1978 2595 2035 2628 eo

62 2732 64 2734 ‚
138 2671 267 2714 statu
297 2663 540 2731 suscepit,
582 2663 753 2731 quippe
784 2664 862 2731 qui
894 2681 998 2713 cum
1033 2663 1225 2715 domino
1254 2663 1423 2714 maiori
1454 2663 1582 2715 vitae
1610 2680 1729 2713 suae
1761 2671 1896 2731 parte
1926 2679 2037 2713 ver-

136 2757 345 2798 saretur.
423 2747 501 2797 An
526 2746 568 2798 si
596 2746 772 2816 nuptiis
809 2764 982 2798 vacare
1012 2748 1272 2811 voluisset,
1323 2751 1636 2814 quadragenta
1673 2757 1828 2797 noctes
1858 2764 1913 2796 ae
1935 2750 2031 2796 de'es
2045 2766 2287 2811 Exod.24‚1s.

137 2835 184 2882 in
221 2841 373 2881 monte
413 2835 528 2881 Sina
569 2847 887 2899 perseverare
929 2832 1194 2900 potuisset?
1267 2830 1515 2883 Potuisset
1554 2832 1871 2900 quadraginta
1910 2839 2036 2882 totos

139 2933 294 2967 annos
328 2916 374 2966 in
403 2915 659 2966 solitudine
694 2915 751 2965 ad
786 2915 1056 2966 divinarum
1095 2933 1148 2967 se
1183 2933 1343 2967 rerum
1387 2916 1848 2967 administrationem
1880 2914 2038 2965 inten-

139 3001 287 3051 dere?
360 2997 647 3051 Sacerdotio
686 3001 897 3050 vacare?
944 3017 1174 3051 enarrare
1216 3001 1291 3051 dei
1332 3000 1598 3068 mysteria?
1646 3018 1752 3051 cum
1786 3001 1875 3050 deo
1902 2999 2034 3049 deni-

139 3102 230 3153 que
268 3093 497 3154 perpetuo
534 3083 739 3151 colloqui
780 3084 1046 3151 nuptiarum
1080 3072 1339 3135 obstrictus
1384 3101 1532 3135 onere
1574 3085 1837 3153 potuisset?
1908 3082 2034 3134 Nam

140 3170 182 3220 si
210 3170 267 3219 de
297 3168 434 3220 nohis
470 3168 716 3238 apostolus
747 3176 911 3236 aperte
942 3167 1246 3236 pronuntiat,
1299 3172 1382 3217 Ad
1410 3179 1610 3234 tempus,
1666 3178 1717 3217 ut
1742 3178 1904 3218 vacent
1929 3187 2036 3217 ora-
2062 3189 2179 3226 1.cor.
2192 3191 2269 3237 ῃ,

142 3258 283 3317 tz‘om‘,
339 3263 517 3321 quanto
550 3253 677 3303 istud
710 3252 862 3320 ipsum
894 3252 950 3301 de
982 3252 1225 3319 prophetis
1262 3252 1433 3320 potiori
1466 3253 1570 3302 iure
1599 3252 1818 3302 dicetur?
1891 3253 2037 3320 Atqui

139 3335 301 3389 Maria
343 3337 643 3406 prophetissa
682 3336 785 3386 fuit.
862 3339 1110 3400 Ingressus
1146 3346 1215 3384 est
1250 3340 1395 3396 enz'm,
1456 3337 1639 3404 inquit,
1690 3340 1753 3385 ad
1774 3340 2159 3401 prophetis-3221,
2182 3361 2215 3404 g,
2237 3362 2271 3396 3,

142 3441 265 3483 sam,
306 3432 351 3471 et
379 3426 425 3471 z'n
459 3431 589 3472 utero
615 3425 847 3486 concepit,
891 3430 939 3469 et
956 3423 1138 3484 peperit
1151 3422 1340 3484 filium.-
1396 3430 1442 3470 et
1469 3424 1591 3469 dzlz‘z‘t
1618 3424 1827 3469 dominus
1856 3425 1918 3471 ad
1947 3440 2032 3482 me,

144 3561 272 3617 quid?
301 3561 419 3602 iusta.
481 3560 621 3610 Quid?
664 3561 890 3602 reverenda
918 3569 959 3600 et
981 3560 1062 3600 ho·
1178 3559 1272 3598 CAP.
1304 3561 1421 3599 XVI.
1464 3582 1517 3591 -—-
1599 3562 1631 3601 1.
1685 3563 1743 3611 Cf.
1783 3563 1942 3603 Lobeck.
1986 3566 2040 3604 ad

144 3626 269 3658 nesta.
328 3619 420 3667 Quo
455 3618 593 3656 demus
624 3619 747 3658 etiam
774 3623 856 3658 cett.
1117 3617 1321 3664 Phrynich.
1349 3628 1442 3666 pay.
1472 3612 1566 3657 245.

199 3673 238 3715 4.
269 3674 406 3726 δῶμεν
434 3676 515 3714 cod.
546 3676 702 3725 Rhediy.
719 3705 731 3724 ,
761 3679 794 3714 et
818 3677 873 3713 ita
901 3675 1064 3714 correxit
1174 3673 1212 3711 2.
1245 3667 1444 3726 ἀπέχεται
1472 3674 1553 3711 cod.
1584 3675 1743 3724 Rhediy.

148 3731 357 3770 Gor-narius
403 3732 442 3769 in
486 3733 653 3770 versione
683 3732 837 3771 Latina.
882 3730 943 3772 δῶ
990 3726 1062 3781 μὲν
1173 3728 1213 3767 3.
1246 3730 1428 3777 Suspicor
1461 3723 1535 3770 κάν
1564 3730 1624 3783 τῷ
1666 3732 1904 3782 συνομιλεῖν.
1963 3733 2039 3773 Pe-

147 3787 226 3826 cod.
257 3788 332 3827 len.
363 3790 397 3826 et
425 3788 516 3826 editi
543 3788 640 3826 libri.
1118 3786 1246 3825 cavius
1272 3786 1410 3825 maluit
1433 3783 1504 3826 καὶ
1531 3782 1578 3827 τὸ
1611 3786 1846 3840 συνομιλῶν.
