2508 4134
265 1342 351 1381 pag.
374 1330 448 1367 139.

469 271 572 322 558
1182 280 1384 322 SANcT1
1412 281 1694 323 EPlPHANn

469 375 595 430 κατά
639 375 945 430 ἀκολουθίαν
989 378 1040 430 ἐν
1081 377 1307 450 συντόμῳ
1351 377 1661 448 εὖαγγελικῆς
1706 384 1796 432 τοῦ
1838 377 2029 446 κόσμου
2072 382 2394 450 φωταγωγίας

471 461 554 514 διά
573 468 662 515 τοῦ
694 468 912 530 Χριστοῦ
938 463 1020 515 καὶ
1051 468 1148 515 τῶν
1167 469 1417 530 (μαθητῶν
1443 464 1599 518 αὐτοῦ
1622 465 1997 534 γεγεννημένης,
2028 462 2113 527 οἷς
2137 467 2222 518 καὶ
2245 464 2394 533 ὅμοια

471 549 689 610 συλλέξαι
733 549 818 600 καὶ
855 548 1178 616 παραθέσθαι
1218 546 1279 600 τοὶ
1311 547 1723 619 προθεσπίσματά
1765 569 1814 600 τε
1850 551 1935 601 καὶ
1969 547 2059 611 τάς
2092 553 2396 620 προφητείας

469 630 568 685 άπὸ
603 631 763 700 νόμου
793 653 843 684 τε
870 633 954 685 καὶ
993 638 1232 700 ψαλμῶν,
1282 635 1367 686 καὶ
1404 640 1504 686 τῶν
1529 634 1682 687 ἄλλων
1715 632 1802 694 τάς
1831 631 2134 697 ἀκολουθίας
2161 638 2245 689 καὶ
2272 634 2396 706 άγω-

468 716 558 786 γάς
592 719 847 770 98ἕνεστιν
883 719 1029 781 ἰδεῖν,
1079 720 1164 771 καὶ
1195 716 1285 786 τὴν
1316 718 1571 787 ἀκρίβειαν
1598 720 1987 786 καταλαβέσθαι,
2037 717 2105 782 ὥς
2129 720 2190 773 οὗ
2218 719 2393 786 νόθος,

467 800 564 855 ἄλλ’
590 798 801 870 ἀληθὴς,
837 804 922 855 καὶ
947 810 1426 873 προκαταγγελθεῖσα
1454 802 1550 856 οἷπὸ
1581 803 1743 870 πάσης
1770 810 1858 872 τῆς
1888 811 2099 868 παλαιᾶς
2125 804 2393 874 διαθήκης,

466 890 550 942 καὶ
584 886 926 955 άναμφίβολός
960 891 1090 941 ἐστιν
1124 887 1157 956 ἦ
1184 896 1273 942 τοῦ
1303 894 1523 958 Χριστοῦ
1549 893 1798 959 παρουσία
1825 892 1909 942 καὶ
1939 887 2221 960 εῦαγγελικὴ
2259 894 2395 944 διδα-

469 978 652 1027 σκαλία.
710 973 822 1026 Ἵνα
847 974 900 1026 δὲ
929 973 996 1042 μὴ
1023 977 1091 1036 εἰς
1122 973 1273 1043 ὄγκον
1310 978 1604 1044 παρεκτείνει)
1634 973 1725 1042 τήν
1756 981 1845 1043 τῆς
1871 977 2144 1038 συντάξεως
2171 998 2396 1047 πραγμα-

468 1063 621 1126 τείαν,
660 1058 852 1120 τούτοις
888 1058 1276 1129 ἀρκεσθήσομαι.

615 1143 817 1216 Προϊών
856 1144 908 1197 δὲ
947 1147 1122 1212 ἑφεξῆς
1162 1143 1250 1206 τοὶς
1288 1146 1539 1211 μετέπειτα
1579 1152 1648 1218 τῷ
1692 1149 1784 1219 βίῳ
1826 1148 2113 1213 έπιφυείσας
2150 1147 2233 1200 ἐπὶ
2270 1152 2400 1221 κακῇ

470 1232 720 1303 προφάσει
757 1228 905 1293 δόξας
942 1228 1124 1297 ὁμοίως
1165 1229 1522 1300 99διαγράψω.

616 1317 717 1368 Καὶ
749 1322 901 1367 ταῦτα
928 1314 1019 1385 γάρ
1051 1318 1231 1368 ἔνεστιν
1257 1318 1311 1368 έν
1340 1322 1407 1388 τῷ
1437 1317 1647 1389 δευτέρῳ
1677 1315 1812 1389 τόμῳ
1838 1322 1925 1370 τοῦ
1952 1316 2153 1386 πρώτου
2181 1320 2395 1386 βιβλίου,

469 1398 863 1470 διαλαμβάνοντα
904 1402 1015 1469 περὶ
1057 1404 1324 1471 δεκατριῶν
1364 1402 1625 1471 αἱρέσεων,
1677 1395 1747 1454 ὧν
1788 1401 1957 1472 πρώτη
1987 1400 2021 1471 ’ἦ
2047 1408 2136 1456 τοῦ
2168 1406 2398 1471 Σίμωνος

468 1494 559 1542 τοῦ
591 1485 806 1556 Μάγου,
860 1484 917 1547 ὃς
948 1484 1104 1548 εὕθῦς
1144 1485 1262 1554 μετά
1299 1485 1518 1556 Χριστὸν
1556 1489 1627 1540 ἔτι
1666 1486 2016 1558 κηρυσσόντων
2056 1494 2154 1541 τῶν
2187 1487 2399 1542 ἀποστό-

466 1580 565 1627 λων
592 1571 779 1640 έφάνη,
820 1570 905 1639 ἀφ’
932 1566 995 1626 οῦ
1022 1574 1106 1625 καὶ
1134 1574 1438 1639 Σιμωνιανοὶ
1468 1571 1771 1641 ἐκλήθησαν,
1811 1576 1863 1626 οἱ
1885 1579 1944 1646 τῇ
1976 1579 2069 1611 10⁰
2086 1573 2244 1627 αὐτοῦ
2272 1574 2399 1644 αἶρέ-

469 1677 541 1712 σει
584 1662 936 1728 προςκείμενοι.
1018 1651 1178 1719 Οῦτος
1226 1660 1279 1711 ἐκ
1322 1662 1606 1727 Σαμαρείας
1657 1656 1884 1728 ώρμᾶτο,
1937 1658 2107 1726 κώμης
2142 1664 2398 1724 ιΓιτθῶν,

473 1750 689 1814 Χριστοῦ
733 1744 786 1796 δὲ
832 1741 1043 1796 ῦπέδυεν
1083 1741 1244 1811 ὄνομα
1283 1744 1453 1811 μόνον.
1542 1742 1761 1808 2Ἔδειξε
1802 1745 1854 1797 δὲ
1893 1747 2258 1815 αἰσχροποιΐαν,
2310 1743 2401 1812 τὴν

471 1833 601 1898 μίξιν
649 1835 900 1897 μολυσμοῦ
943 1835 1190 1899 γυναικῶν
1241 1828 1579 1899 Βᾶδιάφορον.
1673 1828 1930 1898 Σωμάτων
1969 1830 2021 1882 δὲ
2059 1829 2271 1898 ἀπέβαλε
2309 1829 2400 1898 τὴν

472 1913 764 1979 ἀνάστασιν,
818 1916 903 1968 καὶ
939 1912 1025 1968 τὸν
1053 1913 1246 1982 κόσμον
1284 1913 1352 1982 μή
1383 1912 1504 1968 εἶναι
1544 1921 1670 1969 θεοῦ
1697 1917 1837 1985 ἔλεγε.
1912 1914 2103 1969 Εἰκόνα
2132 1916 2185 1969 δὲ
2222 1918 2401 1969 ἑαυτοῦ

470 2001 555 2053 καὶ
581 2006 668 2068 τῆς
696 1999 786 2053 σῦν
813 2000 947 2072 αὐτῷ
974 1999 1163 2071 πόρνης
1188 1997 1407 2068 Ἑλένης,
1447 1998 1558 2063 ώςεὶ
1586 2000 1710 2062 Διός
1734 2003 1819 2053 καὶ
1846 1998 2090 2068 Ἀθηνᾶς,
2129 2003 2401 2071 παρεδίδου

471 2094 573 2148 τοῖς
603 2087 781 2139 ἑαυτοῦ
810 2093 1059 2153 μαθηταῖς
1085 2089 1154 2148 εἰς
1178 2086 1526 2153 προςκῦνησιν.
1586 2085 1755 2156 ’Έλεγε
1787 2087 1840 2139 δὲ
1871 2085 2049 2139 ἓαυτόν
2073 2089 2401 2156 Σαμαρείταις

476 2172 563 2239 μὲν
599 2170 686 2224 τὸν
721 2173 933 2242 πατέρα,
963 2172 1239 2234 Ἰουδαίοις
1276 2172 1329 2224 δὲ
1365 2170 1451 2224 τόν
1492 2172 1720 2242 Χριστόν.

615 2258 1060 2327 4Μενανδριανοὶ,
1117 2259 1169 2310 οἱ
1213 2254 1310 2309 ἀπὸ
1358 2255 1662 2326 Μενάνδρου
1708 2255 1869 2321 τινός,
1929 2256 2026 2319 ῧὸς
2070 2257 2264 2327 διέφερε
2311 2257 2399 2324 μὲν

472 2345 599 2396 κατά
635 2365 682 2396 τι
715 2341 841 2413 πρὸς
879 2340 996 2404 τούς
1029 2340 1400 2410 Σιμωνιανοῦς,
1452 2341 1552 2395 ἀπὸ
1598 2341 1813 2412 ἀγγέλων
1846 2342 1900 2395 δὲ
1927 2344 2055 2413 ἔλεγε
2095 2341 2182 2396 τὸν
2211 2340 2400 2410 κόσμον

475 2436 782 2501 γεγενῆσθαι.

619 2516 1020 2582 Σατορνιλιανοὶ,
1071 2516 1123 2566 οἷ
1145 2511 1268 2566 κατά
1296 2511 1385 2580 τὴν
1413 2516 1605 2582 Συρίαν
1633 2511 1720 2581 τὴν
1747 2519 1845 2566 τῶν
1871 2517 2198 2581 Σιμωνιανῶν
2222 2511 2400 2582 κρατύ-

473 2621 641 2662 ναντες
683 2602 1055 2669 αἰσχρουργίαν,
1108 2600 1244 2668 ἕτερα
1286 2598 1339 2650 δὲ
1369 2596 1505 2667 παρὰ
1549 2597 1664 2661 τοῦς
1695 2598 2041 2666 Σιμωνιανούς
2067 2601 2135 2660 εἷς
2171 2600 2400 2665 ἔκπληξιν

474 2687 814 2755 περιττοτέραν
851 2683 1197 2754 κηρύττοντες,
1250 2681 1348 2737 άπὸ
1393 2684 1445 2736 δὲ
1476 2687 1778 2754 Σατορνίλου
1815 2682 1904 2752 τήν
1940 2681 2093 2754 ἀρχὴν
2132 2682 2400 2751 ἐσχηκότες,

474 2771 531 2834 ὃς
554 2773 640 2824 καὶ
671 2777 693 2808 ⁶
712 2768 861 2831 αῦτὸς
883 2768 1006 2822 κατά
1035 2771 1337 2839 Μένανδρον
1364 2766 1463 2821 ὑπὸ
1498 2768 1714 2838 ἀγγέλων
1744 2767 1831 2823 τὸν
1861 2769 2050 2837 κόσμον
2079 2774 2401 2839 γεγεννῆσθαι

475 2860 683 2924 ἔφασκε,
723 2854 875 2924 μόνον
913 2857 965 2909 δὲ
1002 2854 1122 2909 ἑπτά
1159 2853 1294 2925 παρά
1329 2853 1418 2922 τήν
1453 2861 1544 2908 τοῦ
1583 2853 1686 2908 ἅνω
1724 2852 1908 2925 πατρὸς
1944 2853 2155 2924 γνώμην.

617 2942 978 3006 Βασιλιδιανοὶ,
1029 2947 1115 3009 τῆς
1143 2941 1296 3008 αὐτῆς
1332 2943 1677 3009 αἰσχρουργίας
1719 2942 1953 3004 τελεσταὶ,
2006 2937 2104 2992 dud
2136 2942 2399 2992 Βασιλίδου

479 3034 505 3065 7
522 3033 609 3080 τοῦ
641 3027 743 3095 ἅμα
769 3030 1049 3099 Σατορνίλῳ
1067 3070 1080 3091 ,
1117 3035 1220 3088 τοῖς
1245 3032 1575 3093 Σιμωνιανοῖς
1597 3028 1678 3078 καὶ
1716 3032 1738 3062 ⁸
1758 3029 2155 3095 Μενανδριανοῖς
2183 3032 2402 3092 μεμαθη-

477 3114 736 3181 τευμένου,
775 3111 834 3164 τά
870 3111 1018 3179 ὅμοια
1054 3113 1140 3179 μὲν
1165 3117 1496 3181 φρονοῦντος,
1547 3109 1672 3163 κατά
1702 3134 1748 3163 τι
1777 3111 1829 3164 δὲ
1859 3111 2234 3178 διαφερομένου.
2305 3110 2403 3164 Λέ-

476 3220 551 3268 γει
577 3198 630 3250 δὲ
653 3200 967 3267 τριακοσίους
1009 3196 1240 3264 ἑξήκοντα
1267 3198 1410 3249 πέντε
1440 3195 1683 3265 οὐρανούς
1714 3194 1860 3259 εἶναι,
1913 3197 1995 3247 καὶ
2030 3201 2052 3231 ⁹
2070 3193 2262 3256 τούτοις
2292 3191 2403 3249 &vd-

479 3305 605 3351 ματα
636 3281 862 3352 άγγελικοὶ
888 3285 1138 3350 ἐκτίθησι,
1178 3281 1255 3335 διὸ
1282 3284 1366 3335 καὶ
1394 3281 1482 3334 τὸν
1508 3279 1734 3335 ένιαυτὸν
1760 3280 2004 3335 τοσούτων
2035 3276 2230 3349 ἡμερῶν
2261 3276 2400 3346 εἶναι,

476 3369 562 3420 καὶ
581 3367 635 3421 τὸ
670 3365 984 3438 ῙθἈβρασοὶξ
1013 3366 1170 3435 ὄνομα
1193 3373 1280 3435 τῆς
1308 3364 1460 3434 αὐτῆς
1481 3366 1664 3434 ψήφου
1689 3364 1827 3430 εἶναι,
1855 3367 1937 3418 καὶ
1964 3362 2085 3417 εἶναι
2111 3368 2403 3432 τριακοσίων

480 3455 878 3520 ἓξηκονταπέντε,
916 3455 1001 3506 καὶ
1039 3452 1163 3506 εἶναι
1206 3459 1425 3506 11τοῦτο
1463 3450 1516 3505 td
1557 3451 1698 3522 ἅγιον
1745 3449 1971 3517 12ὄνομά
2010 3467 2146 3517 φησι.

531 3582 599 3625 98.
650 3585 771 3635 Vulyo
812 3586 1054 3635 distinyuunt
1095 3580 1280 3637 ἀγωγάς.
1351 3581 1411 3624 ἔν-
1467 3583 1545 3622 edit
1581 3583 1707 3631 princ.

478 3653 584 3682 εστιν
613 3639 725 3683 ἰδεῖν.
782 3644 966 3681 Ρεῑαυίιιε
991 3643 1032 3680 in
1054 3643 1230 3691 ‘maryine
1257 3639 1412 3689 „Levi-
1531 3639 1622 3679 100.
1652 3633 1760 3691 αὐτῇ
1792 3637 1876 3676 cod.
1904 3637 2064 3687 Rhedifl.

475 3705 542 3737 ter
581 3696 828 3750 depravatus
869 3697 939 3737 hic
977 3696 1141 3736 locus“.
1201 3698 1278 3736 Sed
1319 3708 1413 3746 quo·
1531 3695 1566 3734 1.
1598 3693 1768 3747 γητξτῶν
1797 3694 1910 3732 codd.
1940 3704 2029 3733 mss.
2062 3698 2095 3733 et
2130 3695 2219 3734 edit.
2248 3696 2372 3744 princ.

476 3755 590 3791 modo
616 3754 709 3792 haec
738 3758 859 3794 essent
895 3755 1163 3804 coniunyenda
1202 3755 1290 3793 bene
1316 3754 1415 3792 vidit
1527 3751 1566 3791 2.
1615 3747 1781 3798 ἐδίδαξε
1810 3750 1920 3789 habet
1958 3753 2215 3790 summarium
2252 3752 2400 3791 Panar.

479 3811 694 3847 cornarius
724 3811 888 3849 Latinus
913 3812 1112 3859 interpres.
1469 3820 1508 3857 p.
1534 3807 1599 3845 5¹2.

537 3863 603 3907 239.
624 3861 861 3917 διαγράῲαν
890 3867 1004 3905 codd.
1035 3877 1127 3905 mss.
1163 3868 1343 3915 uterque,
1383 3867 1417 3903 et
1530 3862 1568 3903 3.
1601 3857 1844 3916 ἀδιαφορίαν
1874 3864 2023 3903 Panar.
