2508 4134
599 283 821 324 PANARII
849 283 951 323 Lm.
971 284 1043 323 111.
1074 283 1207 323 ToM.
1223 286 1254 324 1.
1284 283 1662 324 HAER.Lxxv1.
1980 271 2080 322 327

182 401 238 435 ac
262 382 567 434 tenebrarum
592 379 823 432 vocabula
851 379 1146 448 pronuntiet,
1190 398 1311 446 quae
1342 381 1586 431 audit-ione
1619 379 1871 443 didicerat,
1912 379 2081 430 horum

180 475 341 517 tamen
367 464 567 533 figuram
592 481 648 515 ac
671 463 879 532 speciem
903 462 1096 513 minime
1124 464 1393 529 cognoscit,
1429 481 1517 514 nec
1549 463 1811 514 cuiusmodi
1840 464 1904 514 sit
1930 463 2083 532 expli-

181 566 293 600 care
319 556 503 616 potest,
545 548 670 616 quod
702 547 761 597 ab
787 555 926 597 utero
955 546 1121 598 matris
1155 563 1329 596 caecus
1357 546 1614 614 prodierit,
1670 565 1725 598 ac
1756 548 1954 616 proinde
1983 547 2083 597 sin·

179 633 400 701 gulorum
451 633 755 700 qualitatem,
822 630 1097 681 discrimina
1116 669 1129 694 ,
1198 629 1446 697 figurasve
1511 630 1787 681 discernere
1853 639 2078 698 nequeat.

183 715 443 783 Quodlibet
475 716 602 767 enim
633 716 832 767 istorum
865 715 1108 765 nominum
1141 731 1368 764 sensuum
1399 713 1693 781 perceptioni
1727 713 2083 782 experientiae-

180 818 271 869 que
311 809 685 852 consentaneam
729 798 938 868 speciem
985 797 1240 867 exprimit,
1296 797 1382 847 sed
1419 814 1474 847 ea
1516 813 1740 847 sermone
1774 798 2006 849 declarari
2037 800 2082 849 ei

180 883 258 952 qui
286 902 383 934 non
411 883 539 934 illam
579 883 729 934 oculis
761 882 1032 950 usurparit,
1090 898 1246 948 neque
1276 889 1405 931 tactu
1439 880 1631 948 probari
1661 881 1971 932 diiudicarive
2001 899 2083 949 po-

181 976 292 1019 test.
369 965 534 1034 Quare
564 985 668 1017 cum
703 966 832 1016 caeci
864 965 929 1015 illi
962 966 1019 1015 de
1060 965 1177 1016 iisce
1211 964 1454 1015 coloribus
1487 964 1812 1028 disserenteS,
1866 966 1944 1032 qui
1977 983 2082 1016 cum

180 1051 318 1119 nigro
349 1051 626 1113 candidum,
668 1049 820 1102 viride
852 1067 955 1099 cum
986 1049 1241 1111 caeruleo,
1296 1058 1392 1098 tum
1422 1065 1741 1116 purpureum,
1784 1049 2080 1112 coccineum,

179 1153 236 1185 ac
266 1143 457 1185 ceteros
501 1134 626 1185 inter
654 1151 707 1184 se
753 1133 905 1202 perite
939 1141 1247 1201 comparant,
1304 1133 1361 1182 de
1394 1131 1624 1198 cuiusque
1652 1132 1847 1198 generis
1875 1149 1929 1182 ac
1955 1133 2085 1183 colo-

178 1219 245 1269 ris
274 1218 501 1286 qualitate
542 1235 568 1268 a
604 1218 740 1268 nobis
782 1216 1173 1284 interrogantur,
1227 1234 1316 1266 nec
1359 1215 1484 1266 istud
1530 1216 1718 1283 eloqui,
1776 1233 1865 1265 nec
1893 1234 1919 1266 a
1947 1216 2084 1267 nobis

179 1303 369 1354 edoceri
399 1311 628 1371 possunt,
671 1302 756 1352 sed
787 1318 906 1353 voce
938 1309 1077 1351 tenus
1112 1300 1321 1368 sibiipsis
1352 1300 1668 1367 persuadent,
1726 1308 1774 1350 et
1805 1300 2083 1352 auctoribus

179 1388 445 1456 imponunt,
487 1394 537 1435 ut
561 1386 748 1436 illorum
777 1385 1034 1435 discrimen
1066 1384 1414 1452 perfectissime
1443 1383 1621 1434 callere
1651 1383 1924 1446 videantur,
1964 1392 2084 1434 tam-

180 1471 270 1522 etsi
306 1470 421 1521 nihil
447 1478 638 1538 praeter
671 1470 795 1519 nuda
826 1468 973 1519 verba
1005 1477 1203 1518 teneant
1232 1485 1394 1519 earum
1427 1485 1619 1529 rerum,
1674 1485 1903 1535 quarum,
1960 1468 2085 1535 quod

180 1572 265 1606 eas
291 1553 483 1605 minime
508 1553 916 1621 comprehendere
942 1552 1147 1621 possint,
1189 1570 1372 1603 summa
1396 1554 1443 1602 in
1473 1551 1780 1618 ignoratione
1804 1560 2081 1603 versantur.

180 1639 257 1690 Ad
287 1639 410 1689 hunc
438 1638 627 1688 modum
654 1636 734 1687 ille
763 1636 821 1686 de
851 1637 939 1686 deo
967 1653 1237 1686 sermonem
1266 1635 1498 1698 instituit,
1542 1644 1590 1685 et
1617 1644 1890 1704 corruptam
1921 1637 2084 1687 nescio

180 1740 320 1790 quam
353 1721 512 1784 nobis,
555 1730 752 1782 mutam,
794 1738 848 1770 ac
882 1721 1096 1783 surdam,
1137 1737 1425 1787 caecamque
1455 1719 1688 1787 virginem
1717 1738 1803 1787 per
1829 1720 2084 1770 ludibrium

181 1806 361 1869 obiicit,
403 1823 487 1873 pro
514 1822 600 1855 sua
626 1805 674 1854 in
699 1804 909 1854 divinum
939 1821 1113 1854 numen
1144 1804 1406 1872 petulantia
1435 1813 1688 1872 corruptus
1712 1805 1834 1872 ipse,
1878 1813 1925 1854 et
1947 1804 2085 1871 igno-

181 1890 331 1942 rantia
362 1890 493 1940 velut
520 1889 577 1939 ab
607 1889 794 1955 origine
828 1897 1076 1938 contracta
1105 1888 1335 1938 caecitate
1364 1888 1607 1938 laborans.
1688 1885 1782 1954 Qui
1811 1889 1876 1938 ita
1910 1889 1967 1938 de
1995 1889 2083 1939 deo

180 1975 413 2042 disputat,
485 1980 536 2023 ut
576 1973 633 2022 de
682 1973 784 2022 eius
830 1981 998 2022 natura
1051 1973 1420 2022 sermocinando
1470 1973 1711 2022 coniicere
1762 1989 1816 2021 ac
1866 1972 2084 2023 divinare

180 2059 389 2109 studeat.
462 2055 719 2107 Postremo
756 2055 1015 2124 discipulos
1057 2073 1171 2106 suos
1204 2057 1259 2106 ad
1296 2065 1562 2107 extremam
1605 2055 1944 2124 impudentiam
1979 2073 2086 2125 per-

180 2143 336 2195 duxit.

319 2224 409 2278 Vl.
483 2223 619 2275 Nihil
659 2224 784 2275 enim
816 2233 890 2275 est
916 2242 1009 2292 quo
1045 2242 1140 2284 non
1170 2224 1358 2275 illorum
1394 2224 1637 2293 pertingat
1670 2225 1886 2275 audacia.
1962 2222 2086 2275 Pro-

178 2310 424 2379 phetarum
465 2309 888 2377 apostolorumque
931 2309 1124 2359 nomina
1163 2310 1466 2360 contumeliis
1511 2310 1778 2360 incessunt.
1866 2306 2083 2376 Cumque

180 2394 341 2461 urgeri
372 2392 609 2443 rationum
637 2394 684 2442 vi
712 2410 767 2442 ac
801 2393 922 2442 male
953 2392 1120 2443 haberi
1149 2394 1426 2461 coeperint,
1479 2394 1716 2460 effugiunt
1747 2394 1975 2455 subinde,
2029 2410 2084 2443 ac

180 2478 459 2547 prosiliunt,
501 2485 577 2539 et,
620 2473 749 2540 lsta,
805 2476 1051 2543 inquiunt,
1105 2477 1381 2546 apostolus,
1439 2486 1662 2545 tanquam
1712 2478 1883 2539 honio,
1940 2476 2080 2527 dixit.

181 2562 351 2622 Alias,
393 2558 519 2626 Quid
549 2567 597 2608 tu
625 2559 734 2609 mihi
766 2569 925 2622 vetus,
968 2561 1119 2624 aiunt,
1162 2569 1499 2611 testamentum
1535 2562 1738 2612 obiicis?
1813 2559 1952 2627 Quod
1984 2561 2085 2629 qui-

181 2646 284 2696 dem
315 2645 508 2696 minime
537 2645 705 2694 mirum
738 2654 839 2705 est,
895 2645 932 2693 si
964 2644 1138 2694 dictum
1174 2645 1285 2695 illud
1324 2646 1581 2696 salvatoris
1614 2646 1975 2696 consideretur:
2027 2648 2086 2694 Sz‘

177 2739 356 2794 patrem
382 2731 588 2793 familias
617 2729 874 2777 Beelzebub
903 2739 1204 2787 vocaverunt,
1248 2740 1418 2794 quanto
1444 2734 1593 2794 magzls
1620 2734 1889 2779 domesticos
1918 2733 2083 2778 illius?

181 2811 235 2865 Si
265 2812 504 2863 dominum
535 2813 686 2879 ipsum
706 2849 718 2873 ,
761 2829 815 2861 ac
845 2828 1010 2860 verum
1043 2812 1147 2862 eius
1179 2814 1355 2878 decus,
1409 2823 1456 2863 et
1485 2813 1685 2881 gloriam
1715 2814 1957 2881 abnegare
1987 2831 2082 2862 non

180 2897 424 2959 dubitant,
495 2904 670 2963 quanto
712 2894 861 2961 magis
906 2895 1160 2962 prophetas
1203 2897 1359 2959 illius,
1425 2907 1471 2947 et
1518 2899 1762 2965 apostolos
1810 2898 2083 2964 negabunt?

179 2980 442 3031 Praeterea
468 2997 583 3031 vero
611 2980 792 3028 maiore
822 2979 1020 3045 quadam
1055 2979 1243 3030 insania
1268 2998 1322 3030 ac
1356 2983 1516 3031 furore
1545 2982 1754 3048 correpti
1782 2981 1911 3031 Aetii
1941 2980 2081 3030 disci-

181 3066 304 3134 puli,
346 3083 450 3115 cum
480 3064 646 3114 horum
676 3079 988 3124 successore,
1031 3064 1108 3128 qui
1139 3062 1405 3114 Eunomius
1438 3066 1557 3115 falso
1588 3065 1887 3126 nominatur,
1945 3073 1993 3113 et
2023 3065 2081 3113 ad

181 3151 298 3201 haec
328 3158 542 3217 tempora
573 3156 824 3215 superest,
878 3147 1002 3196 aliud
1035 3147 1250 3212 quiddam
1284 3149 1569 3198 sceleratum
1604 3166 1660 3198 ac
1689 3149 1922 3197 nefarium
1954 3165 2083 3197 com—

181 3233 389 3283 mittunt.
468 3230 712 3299 Siquidem
742 3247 826 3281 eos
855 3229 934 3297 qui
958 3229 1184 3297 baptizati
1214 3231 1307 3281 iam
1336 3233 1512 3282 fuerint
1538 3233 1709 3282 iterum
1746 3231 1957 3298 baptizat
1983 3230 2082 3281 Eu-

182 3317 395 3380 nomius,
436 3334 530 3367 nou
561 3316 701 3365 modo
731 3315 807 3382 qui
837 3332 862 3363 a
891 3313 1158 3375 catholicis,
1201 3324 1282 3365 aut
1308 3316 1366 3365 ab
1401 3316 1508 3366 aliis
1540 3315 1840 3378 haeresibus,
1879 3316 1963 3365 sed
1996 3333 2081 3366 eos

180 3487 401 3535 cogitaverit
418 3497 492 3524 non
514 3487 607 3525 satis
627 3496 807 3534 assequor
817 3496 829 3534 ,·
852 3486 961 3522 vertit
985 3496 1106 3535 quum
1218 3482 1283 3524 32.
1316 3478 1442 3524 αὐτοῦ
1472 3485 1530 3523 ed.
1559 3485 1691 3524 Petav.
1723 3480 1848 3524 αὑτοῦ
1889 3484 1969 3522 cod.
1986 3485 2084 3524 Rhe-

183 3541 233 3580 ab
262 3540 457 3593 aliquibus
487 3539 784 3592 redarguuntur
822 3553 868 3577 ae
899 3538 1102 3591 castigan-
1163 3540 1242 3589 dig.
1300 3537 1444 3580 ἑαυτοῦ
1474 3540 1556 3578 cod.
1586 3541 1661 3578 len.
1690 3543 1724 3578 et
1749 3540 1836 3577 edit.
1866 3542 1987 3587 princ.

184 3604 259 3635 tur.
330 3598 424 3635 Mihi
459 3598 743 3636 rescribendum
778 3598 928 3644 videtur
963 3592 1104 3635 ὑποπι-
1217 3593 1284 3634 33.
1304 3596 1479 3634 Rescribe
1501 3592 1572 3635 καὶ
1594 3591 1738 3642 κακὸν,
1765 3600 1969 3644 praeeunte
1991 3597 2083 3636 Cor-

184 3650 410 3705 κράζονται.
1160 3653 1285 3699 nario,
1314 3653 1379 3699 qui
1407 3652 1516 3690 vertit
1540 3650 1606 3702 qui
1633 3649 1765 3689 adhuc
1785 3650 1908 3689 hodie
1934 3665 2082 3704 super-

240 3708 305 3748 31.
334 3706 544 3761 τρέχοντες
570 3710 653 3748 cod.
680 3709 836 3757 Rhedi9.
867 3704 1103 3760 ὁποτρέχον-
1161 3714 1222 3743 est
1246 3705 1286 3743 in
1314 3706 1395 3744 vita
1429 3720 1618 3758 magnum
1647 3714 1687 3744 et
1712 3707 1969 3747 temerarium
2003 3707 2081 3749 fla-

183 3777 251 3811 τες
274 3766 409 3804 vitium
435 3768 487 3802 est
513 3766 570 3803 ed.
598 3767 728 3804 Petav.
761 3766 887 3803 Coton.
919 3767 1031 3812 repet.
1159 3761 1315 3814 gitium.
1375 3765 1557 3805 Petavius
1586 3765 1732 3803 volebat
1760 3765 1911 3806 κακῶν.

2128 2654 2262 2689 Matth.

2137 2698 2190 2737 20,
2213 2698 2265 2732 25.
