2508 4134
529 275 750 317 rammi
779 275 882 315 Lm.
907 275 977 315 111.
1004 277 1135 316 ΤοΜ.
1161 278 1191 317 1.
1224 276 1384 318 HAER.
1411 277 1610 318 Lxxv1.
1919 266 2018 317 305

125 375 367 428 cuiusdam
392 390 448 424 ac
473 373 715 424 secundae
742 372 1028 423 conditionis
1057 374 1197 423 modo
1222 374 1269 424 in
1287 375 1501 441 ingenito
1532 374 1787 443 primariae
1815 390 1924 426 esse
1950 373 2021 425 vi-

129 460 264 521 deat,
310 457 375 507 ita
412 465 465 507 ut
501 456 676 525 prioris
713 455 830 507 insit
866 473 923 506 ac
961 456 1246 524 posterioris
1286 458 1438 508 ordo?

265 537 465 592 Confut.
496 537 701 591 XXXI.
777 538 819 590 Ι.
863 538 1052 590 Vellem
1078 539 1317 608 equidem,
1359 542 1482 609 quod
1511 551 1560 592 et
1587 544 1758 593 factum
1790 541 2019 611 oportuit,

126 633 178 675 ut
210 624 383 675 A'etius
426 633 635 675 mentem
674 641 809 675 suam
851 623 990 674 nobis
1033 624 1330 692 aperuisset,
1383 634 1430 674 et
1462 624 1869 694 interrogationes
1909 642 2023 676 suas

125 709 367 776 aliquanto
398 708 576 759 clarius
616 707 969 777 proposuisset,
1023 707 1180 776 potius
1220 726 1357 775 quam
1394 725 1451 758 ea
1490 709 1697 760 dictione
1741 719 1871 761 esset
1909 727 2024 761 usus

125 808 247 859 quae
277 792 323 842 in
354 793 780 861 reprehensionem
824 791 1055 855 incurrit,
1110 809 1200 842 nec
1242 792 1383 842 ullam
1420 791 1470 841 in
1510 791 1582 842 his
1624 793 1798 857 rebuS,
1854 793 2023 861 quibus

125 875 304 940 utitur,
357 876 716 927 similitudinem
746 875 918 940 habet,
973 893 1078 926 cum
1110 885 1333 926 neutrum
1363 893 1529 926 eorum
1564 894 1685 943 quae
1719 878 1777 927 ab
1808 894 1865 927 eo
1894 895 2025 927 com-

126 968 390 1011 memorata
411 968 524 1011 sunt
550 977 657 1010 cum
681 960 833 1010 altero
859 960 1125 1028 comparari
1156 967 1204 1010 et
1236 956 1501 1027 exaequari
1529 960 1700 1027 possit.
1778 958 2023 1028 Siquidem

127 1043 437 1111 plurimorum
473 1061 593 1111 quae
637 1044 791 1096 visum
830 1044 1062 1111 effugiunt
1102 1043 1445 1112 appellationes
1487 1044 1677 1094 adducit
1716 1044 1763 1094 in
1798 1045 2021 1095 medium.

125 1127 252 1179 Nam
298 1138 346 1179 et
385 1128 540 1180 visum
585 1128 772 1197 fugiunt
811 1128 1032 1179 animalia
1074 1127 1154 1178 illa
1188 1127 1452 1196 spiritalia,
1509 1127 1596 1178 hoc
1638 1136 1713 1178 est
1749 1124 2022 1196 Seraphim,

128 1209 418 1277 Cherubim,
459 1212 638 1279 angeli,
677 1212 872 1280 spiritus
897 1212 1130 1280 denique3
1171 1212 1219 1262 in
1250 1212 1419 1279 quibus
1446 1229 1614 1263 verum
1644 1211 1757 1262 illud
1786 1229 1895 1262 6336
1923 1229 2028 1262 cer-

128 1295 257 1347 nitur
282 1297 405 1364 quod
438 1296 614 1347 Ae’tius
647 1305 838 1361 narrat,
897 1296 1013 1347 nihil
1043 1304 1095 1347 ut
1128 1296 1178 1346 in
1208 1296 1382 1363 seipsis
1414 1296 1461 1347 vi
1492 1296 1693 1363 quadam
1730 1296 1884 1346 sativa
1915 1314 2030 1346 con-

130 1380 333 1431 tineant.
405 1378 581 1448 Neque
609 1380 733 1431 enim
768 1397 973 1449 corpora
1003 1397 1058 1431 ea
1092 1397 1214 1448 quae
1246 1398 1341 1430 non
1372 1380 1684 1448 aspectabilia
1711 1388 1823 1430 suut
1853 1380 2032 1430 dixerit

128 1464 326 1531 aliquiS‚
367 1481 472 1514 cum
501 1481 656 1532 neque
681 1464 908 1532 gignant,
966 1481 1120 1532 neque
1159 1464 1444 1533 gignantur,
1500 1464 1585 1514 sed
1617 1464 1675 1515 de
1706 1463 2029 1533 sempiternae

129 1547 392 1599 divinitatis
430 1548 676 1598 voluntate
719 1548 858 1617 plane
900 1548 1090 1599 condita
1125 1547 1250 1612 sint,
1307 1567 1362 1600 ac
1396 1549 1689 1599 tantumdem
1718 1565 2031 1616 unaquaeque

128 1641 396 1683 creatarum
425 1649 587 1683 rerum
614 1631 808 1684 virtutis
836 1632 973 1683 habet
993 1673 1007 1696 ,
1050 1641 1271 1700 quantum
1300 1650 1384 1702 pro
1410 1633 1591 1684 infinita
1622 1650 1708 1683 sua
1734 1632 2031 1700 benignitate

130 1724 178 1767 et
208 1715 503 1767 humanitate
531 1716 732 1783 largitus
766 1726 841 1767 est
870 1718 1005 1768 deus.
1082 1715 1249 1785 ltaque
1277 1717 1517 1785 quaelibet
1545 1718 1669 1785 quod
1697 1717 1790 1768 sibi
1831 1717 2032 1768 attribu-

130 1810 227 1852 tum
269 1809 343 1851 est
380 1799 612 1864 obtinuit,
668 1802 715 1851 in
754 1818 907 1868 eoque
954 1810 1228 1870 permanet3
1287 1803 1403 1853 deus
1438 1819 1557 1852 vero
1596 1801 1654 1852 ab
1693 1801 1823 1852 omni
1861 1818 2032 1851 caussa

129 1884 376 1936 absolutus
410 1893 513 1947 est,
567 1885 821 1936 continens
860 1886 907 1936 in
952 1894 1106 1936 semet
1138 1886 1314 1936 omnia.
1393 1886 1520 1937 Idem
1561 1886 1666 1937 sine
1706 1886 1803 1936 ulla
1837 1894 2034 1936 cuncta-

130 1969 261 2020 tione
304 1960 634 2020 mutationeve
681 1970 897 2033 consilii,
956 1987 1111 2038 neque
1155 1969 1299 2020 filium
1345 1970 1489 2039 longo
1530 1970 1817 2033 intervallo,
1877 1986 2032 2037 neque

132 2054 349 2122 spiritum
392 2061 612 2104 sanctum
649 2071 785 2105 suum
834 2054 1011 2105 habere
1055 2054 1229 2121 coepit.
1307 2052 1405 2105 Sed
1445 2072 1530 2123 pro
1565 2072 1622 2106 eo
1652 2072 1708 2105 ac
1736 2054 2032 2106 couveniens

131 2147 206 2189 est
231 2137 374 2188 [ilium
414 2136 556 2188 habet
584 2138 642 2188 ab
676 2147 904 2202 aeterno,
962 2155 1100 2206 quem
1142 2138 1333 2189 unicum
1377 2139 1569 2206 genuit3
1626 2139 1749 2189 filius
1793 2155 1912 2189 vero
1951 2155 2033 2206 pa-

131 2230 253 2273 trem
280 2220 461 2272 habens
493 2220 542 2271 iu
572 2221 732 2291 seipso
764 2232 993 2291 perpetuo
1023 2241 1118 2273 una
1147 2232 1193 2273 et
1220 2223 1439 2292 spiritum
1470 2231 1687 2273 sanctum
1717 2222 1887 2286 habet,
1945 2225 2040 2285 Qui

134 2324 162 2355 a
192 2316 330 2372 patre
361 2309 614 2370 procedens
650 2324 679 2355 a
701 2308 814 2372 filio
850 2326 1028 2373 semper
1062 2312 1252 2373 accipit.

276 2387 344 2440 ll.
421 2387 615 2439 Etenim
655 2407 810 2458 neque
843 2392 891 2442 in
924 2392 1246 2456 obscuritate,
1304 2409 1393 2442 nec
1431 2392 1480 2442 in
1521 2390 1734 2442 uberiori
1776 2390 2033 2459 splendore

136 2491 192 2524 ac
217 2473 371 2541 gloria
401 2474 721 2541 sempiternae
754 2475 1018 2527 divinitatis
1062 2476 1353 2527 excellentia
1387 2484 1632 2526 versatur.
1710 2472 1836 2526 Cum
1877 2484 2037 2525 autem

136 2566 405 2608 creatarum
441 2573 603 2607 rerum
631 2558 760 2609 nulla
785 2559 938 2610 adhuc
967 2570 1126 2625 esset,
1167 2570 1438 2612 utrumnam
1468 2561 1661 2611 tandem
1692 2559 1919 2611 divinitas
1949 2556 2037 2608 mi-

137 2660 257 2694 nore
283 2660 337 2694 se
367 2642 519 2710 ipsam
547 2641 790 2710 opulentia
824 2645 1087 2711 praeditam
1119 2645 1240 2696 vidit
1269 2645 1557 2713 aliquando?
1608 2652 1689 2695 aut
1718 2653 1817 2695 tum
1847 2644 2037 2711 quidem

138 2726 371 2779 eiusmodi
410 2741 519 2777 esse
548 2725 696 2789 vidit,
737 2743 864 2776 nunc
889 2736 1077 2791 autem,
1135 2730 1260 2780 facta
1298 2729 1354 2779 ad
1385 2729 1698 2780 substantiam
1730 2727 2033 2789 accessione,

141 2812 279 2881 quasi
312 2810 574 2879 cuiuspiam
601 2810 672 2860 rei
700 2810 922 2877 indigens
952 2829 1060 2863 esse
1088 2822 1282 2881 posset,
1341 2822 1653 2882 posteaquam
1685 2822 1849 2863 creata
1878 2811 2037 2862 omnia

139 2896 392 2965 produxit,
435 2894 664 2962 ampliore
692 2895 890 2961 quadam
918 2895 1068 2962 gloria
1103 2896 1366 2965 opibusque
1397 2915 1507 2949 sese
1535 2897 1799 2966 praeditam
1827 2895 2039 2947 animad-

139 2980 316 3032 vertit?
389 2977 564 3030 Nullus
590 2979 751 3045 itaque
779 2980 1130 3046 tergiversandi
1161 2981 1296 3032 locus
1328 2980 1388 3032 iis
1413 2981 1624 3032 ‘relictus
1657 2990 1732 3032 est
1760 2980 1840 3048 qui
1868 2980 2039 3031 adver-

141 3081 223 3116 sus
269 3063 523 3116 veritatem
562 3063 948 3132 syllogismorum
981 3064 1194 3130 argutias
1226 3064 1469 3116 hominum
1501 3064 1802 3133 excogitatas
1832 3063 2039 3130 ingeniis

141 3165 384 3218 opponere
427 3147 670 3211 nituntur,
727 3155 774 3198 et
810 3147 856 3198 in
892 3147 1096 3198 medium
1128 3149 1321 3199 afferre.
1402 3146 1646 3217 Siquidem
1695 3149 1854 3199 divina
1894 3145 2040 3196 maie-

142 3242 272 3298 staS‚
313 3232 492 3302 patriS‚
532 3232 754 3299 inquam,
795 3240 844 3282 et
877 3231 989 3294 filii,
1045 3249 1101 3281 ac
1130 3232 1325 3300 spiritus
1357 3233 1510 3301 sancti
1542 3232 1821 3300 angelorum
1854 3237 2042 3279 mentes

144 3333 310 3368 omnes
335 3317 479 3384 longo
506 3315 760 3368 intervallo
788 3324 982 3385 superat
1010 3316 1184 3365 nedum
1213 3316 1482 3379 hominum,
1524 3334 1724 3384 quorum
1754 3317 1938 3364 timidae
1964 3331 2041 3362 eo-

139 3405 418 3466 gz'tatz'ones,
461 3399 605 3450 animi
635 3417 808 3451 sensus
837 3401 1078 3451 intereant
1104 3399 1153 3449 in
1182 3398 1379 3450 nihilum
1404 3400 1613 3463 redacti,
1656 3417 1711 3450 ac
1738 3415 1847 3449 sese
1882 3397 2044 3448 varias

144 3485 193 3535 in
222 3484 618 3536 ratiocinationes
643 3493 692 3535 et
719 3483 1028 3553 quaestiones
1059 3483 1279 3534 induunt.
1358 3480 1771 3549 Quemadmodum
1797 3483 1844 3533 iu
1875 3480 2046 3550 pleris-

146 3659 211 3692 ter
235 3651 272 3692 ei
293 3659 339 3692 ut
365 3651 517 3692 habeat
540 3666 701 3707 semper
725 3652 850 3693 filium
873 3651 1067 3707 genitum,
1124 3650 1194 3691 bet
1222 3658 1357 3690 autem
1395 3657 1437 3688 et
1465 3656 1650 3690 sanctum
1683 3649 1870 3704 spiritum
1896 3663 1945 3689 ex
1969 3663 2047 3703 pa-

148 3708 301 3748 habens
325 3707 451 3748 filium
477 3716 518 3747 et
544 3708 651 3748 hunc
677 3709 950 3762 unigenitum,
993 3708 1068 3748 ha·
1128 3715 1191 3746 tre
1216 3706 1482 3755 existentem,
1515 3716 1556 3746 et
1581 3706 1632 3746 de
1656 3706 1740 3747 filio
1766 3705 2046 3760 accipientem,

149 3764 314 3803 bentem
339 3778 498 3817 semper
523 3772 680 3817 patrem
708 3765 748 3804 in
776 3765 922 3819 seipso.
980 3765 1070 3804 Ha-
1128 3776 1288 3816 semper
1317 3762 1449 3816 ipsum
1477 3761 1644 3804 habens.

236 3829 379 3875 Corpus
404 3830 626 3865 Haereseol.
649 3831 697 3864 11.
722 3831 755 3865 3.
1648 3836 1714 3887 20

2071 2227 2200 2262 Ioann.

2095 2270 2149 2315 15,
2168 2270 2221 2304 25.

2075 3329 2160 3373 Sap.
2185 3329 2217 3372 9,
2244 3328 2293 3361 1⁴.
