2508 4134
406 222 510 273 614
980 231 1252 272 ADDENDA
1282 232 1356 272 ET
1386 231 1760 274 colszENnA.

404 328 530 377 αυτοῦ
556 329 629 373 καὶ
650 328 726 384 τήν
751 329 926 384 μητέρα.
956 352 1012 359 -
1069 329 1097 369 l.
1120 329 1188 371 20.
1223 329 1392 386 Corrige
1422 326 1485 374 ‘¹0
1511 320 1580 375 οὖν
1610 345 1688 386 pro
1714 328 1766 374 ‘O
1795 346 1877 376 ουν.
1913 355 1961 364 -
2017 333 2046 374 1.
2067 333 2133 378 23.
2164 329 2236 378 ὅτε
2259 333 2329 385 fir-

403 410 488 443 mat
521 402 624 440 Ven.

514 469 1519 528 regnans.1.2.corr.61‡02mpozwv.—
1579 473 1661 516 1.3
1693 474 1830 516 Verba
1854 471 1931 529 τήν
1957 433 2105 518 κακίαν
2129 473 2234 532 ἔχων
2257 472 2331 518 καὶ

403 538 485 594 οἷδ.,
517 555 579 590 ως
609 540 742 596 ἔφης,
774 538 870 585 οὔτε
900 557 982 583 non
1014 552 1257 598 comparent
1285 544 1327 585 in
1357 546 1459 585 Ven.

514 612 658 670 Pag.
685 614 816 657 420.
875 613 902 653 l.
935 613 998 655 15.
1028 614 1125 669 περὶ
1153 610 1281 658 αυτοῦ
1311 617 1414 656 ven.
1447 639 1500 646 --
1557 615 1585 655 1.
1615 616 1655 657 5.
1685 614 1737 655 ab
1766 614 1843 655 inf.
1878 615 2046 670 Con-ige
2074 613 2153 666 τοὶς
2184 616 2259 660 σοῦ
2292 617 2328 661 λ.

513 683 658 741 Peg.
684 684 814 728 422.
868 684 896 724 l.
930 684 964 725 1.
997 685 1199 736 Restitue,
1230 686 1341 741 quod
1366 686 1618 741 suspicabar,
1647 681 1979 740 προκαλούμενος
2004 700 2054 726 ex
2081 686 2329 729 auctoritate

405 754 571 795 Veneti.
607 778 651 784 --
712 754 740 794 l.
771 754 842 794 ult.
876 756 1046 810 Repone
1076 756 1196 799 ΤΟΥ
1224 766 1320 798 ante
1348 755 1615 800 ΠΡΩΤΟΥ.

515 824 803 882 Pag.424.
860 826 885 866 l.
908 828 948 867 5.
979 825 1028 869 ἐκ
1053 825 1251 882 πομάτων
1280 829 1370 868 Bas.
1399 852 1453 858 —
1499 827 1526 866 l.
1557 827 1618 868 12.
1650 824 1817 880 ἑτέρους
1837 825 1974 867 firmat
2001 827 2125 868 etiam
2147 829 2251 871 Ven.
2282 853 2328 860 -—-

401 896 430 937 l.
446 895 514 937 20.
545 892 674 951 φύσει
712 889 807 951 ὅφιν
843 895 890 940 τὸ
921 898 1241 952 praeterVatic.
1267 906 1407 938 tuetur
1432 897 1557 937 etiam
1584 897 1687 936 ven.
1721 920 1770 927 -
1830 897 1858 937 l.
1881 897 1921 940 6.
1951 897 2003 938 ab
2037 897 2112 938 inf.
2162 898 2332 955 Cor-rige
2386 951 2389 956 ,

403 965 684 1023 ἰσχυροτέρας.
743 966 817 1008 Ed.
851 969 990 1009 Petav.
1029 969 1118 1008 fere
1154 976 1393 1009 constanter
1433 967 1561 1009 habet
1600 965 1895 1023 ἰσχυρωτέρας.
1927 992 1981 999 —-
2039 965 2124 1009 1.4.
2157 969 2222 1011 ab.
2251 969 2330 1014 inf.

399 1033 574 1094 οἷβῆρον.
608 1039 694 1077 Bas.
754 1039 800 1078 In
833 1039 934 1079 Ven.
967 1048 1030 1080 est
1057 1034 1244 1097 οἷβηρών.

513 1107 657 1165 Pag.
684 1108 812 1153 426.
869 1109 893 1149 l.
929 1111 989 1151 15.
1021 1110 1094 1153 καὶ
1131 1107 1207 1164 τὴν
1251 1107 1428 1152 παλαιὰν
1459 1110 1564 1149 Ven.
1600 1132 1644 1139 -
1708 1108 1734 1148 l.
1762 1107 1802 1151 9.
1833 1109 1884 1150 ab
1910 1109 1985 1150 inf.
2027 1110 2200 1165 Repone
2227 1109 2333 1167 πρὸς

401 1177 450 1223 δὲ
490 1175 663 1227 τούτοις.
725 1181 785 1220 Ita
824 1180 947 1221 etiam
982 1182 1086 1223 Ven.
1121 1204 1170 1211 ——
1232 1180 1256 1220 l.
1285 1180 1324 1223 7.
1355 1180 1406 1220 ab
1435 1179 1512 1220 inf.
1540 1175 1799 1223 Ἀπελλιανοί
1826 1179 1951 1221 habet
1981 1179 2107 1222 etiam
2136 1185 2226 1223 Bas.
2284 1184 2332 1223 In

401 1263 517 1305 seqq.
547 1248 659 1290 idem
686 1246 908 1306 Ἀπελλῆς.

515 1321 659 1378 Pag.
686 1322 816 1367 428.
874 1322 1047 1364 Indiculi
1086 1322 1335 1378 subscriptio
1364 1322 1407 1362 in
1434 1321 1523 1363 cod.
1554 1323 1659 1362 Ven.
1683 1321 1788 1364 haec
1817 1331 1901 1363 est:
1944 1323 2094 1367 Ταῦτα
2118 1321 2172 1368 τοὶ
2197 1322 2330 1380 κεφάπ-

402 1393 500 1434 λαια
526 1392 600 1434 τοῦ
629 1389 795 1446 πρώτου
834 1393 992 1450 βιβλίου
1019 1395 1103 1437 τῶν
1131 1394 1255 1447 τριῶν
1295 1389 1436 1448 τόμων
1464 1393 1538 1436 τοῦ
1570 1391 1679 1437 κατὰ
1718 1392 2079 1449 τεσσαρακονταὲξ
2114 1394 2331 1450 αἱρέσεων.
2416 1395 2431 1407 ‘

407 1461 628 1516 Conspirat
656 1463 782 1518 igitur
813 1479 903 1504 cum
937 1465 1029 1505 cod.
1061 1465 1277 1505 Vaticano.

515 1535 658 1591 Pag.
681 1535 811 1578 430.
868 1535 895 1574 l.
918 1538 937 1576 1
954 1559 1003 1566 -
1024 1532 1063 1576 4.
1098 1535 1316 1589 Inscriptio
1353 1534 1466 1590 prior
1502 1535 1590 1578 Τοῦ
1621 1534 1662 1578 ἐν
1702 1531 1837 1590 ἁγίοις
1862 1560 1887 1566 --
1910 1560 1935 1567 -
1967 1535 2125 1593 βιβλίου
2151 1536 2282 1595 ,οὔρει
2310 1551 2333 1578 a

402 1607 495 1667 Bas.
523 1613 566 1644 et
599 1604 774 1659 Rhedig.
806 1629 855 1636 —-
916 1606 942 1645 l.
966 1606 1005 1647 8.
1037 1606 1210 1659 Repone
1241 1603 1354 1660 παρὰ
1376 1604 1540 1656 τούτοις
1565 1620 1617 1646 ex
1643 1608 1745 1646 Ven.
1765 1637 1778 1658 ‚
1809 1614 1850 1647 et
1881 1607 2004 1662 paulo
2034 1616 2131 1662 post
2155 1607 2333 1649 rescribe

403 1672 556 1732 κόσμῳ
585 1691 661 1731 pro
691 1673 829 1732 κόμῳ.
862 1700 910 1707 ·-
970 1677 998 1717 l.
1028 1676 1068 1718 9.
1097 1672 1303 1731 Ἐφινανῆ
1337 1678 1452 1731 Bas.‚
1483 1692 1560 1732 pro
1590 1692 1718 1718 more.

516 1747 660 1804 Pag.
683 1748 813 1791 432.
870 1747 896 1787 l.
928 1746 987 1789 10.
1021 1744 1279 1796 ἐπικλύσεως
1304 1749 1394 1789 Bas.
1427 1772 1476 1779 —-
1535 1748 1649 1789 1.11.
1678 1753 1806 1792 ποιεῖν
1834 1749 1919 1789 Bas.
1952 1773 2002 1780 ——
2064 1749 2092 1789 l.
2114 1750 2174 1792 15.
2206 1746 2333 1794 ἐκπό-

403 1833 517 1873 ματα
550 1820 635 1858 Bas.

514 1890 658 1947 Pag.
687 1890 816 1935 434.
873 1891 900 1931 l.
933 1890 994 1932 12.
1024 1889 1352 1945 τεθερμαμμένη
1382 1889 1509 1930 habet
1539 1889 1663 1931 etiam
1691 1892 1795 1931 Ven.

514 1961 658 2018 Pag.
679 1962 808 2007 436.
865 1961 893 2002 l.
910 1960 976 2003 26.
1007 1954 1145 2015 κῆρυξ
1170 1961 1281 2001 acuit
1312 1961 1402 2001 Bas.

513 2032 658 2088 Γᾶς.
688 2032 818 2077 440.
875 2032 901 2073 l.
932 2033 993 2073 15.
1027 2028 1050 2075 ὁ
1074 2023 1181 2087 ἦχος
1210 2033 1311 2072 ven.
1342 2039 1385 2071 et
1412 2031 1569 2082 Vatic„
1613 2045 1664 2072 ex
1694 2046 1776 2087 quo
1799 2032 1958 2087 recepit
1986 2032 2125 2073 Petav.
2151 2031 2193 2073 in
2218 2047 2332 2073 suam

403 2103 502 2145 edit.
560 2100 591 2158 ἦ
617 2093 724 2160 ἦχος
755 2105 844 2144 Bas.
879 2127 928 2133 —
987 2102 1013 2143 l.
1037 2101 1078 2145 6.
1112 2102 1163 2142 ab
1192 2102 1266 2142 inf.
1299 2099 1444 2156 λάμδα
1475 2104 1563 2143 Bas.

514 2174 658 2232 Pag.
687 2175 815 2219 442.
873 2174 902 2214 l.
930 2174 966 2216 7.
1001 2173 1144 2214 Scribe
1173 2169 1395 2228 δωμάτων.

514 2242 1298 2303 Ρας.446.1.8.συγκερασεὲεὶς
1327 2251 1493 2298 praeter
1520 2243 1716 2284 Pseudo—
1731 2243 1840 2297 Orig.
1871 2251 2012 2285 tuetur
2043 2245 2166 2287 etiam
2200 2248 2288 2288 Bas.

514 2317 659 2374 Pag.
685 2316 815 2360 448,
871 2315 897 2355 l.
921 2315 982 2357 10.
1015 2310 1355 2369 ἅπαγγελλοῦμεν
1380 2316 1469 2354 Bas.
1494 2338 1549 2345 —
1578 2314 1605 2356 1
1639 2314 1688 2357 17
1712 2323 1753 2355 et
1780 2316 1841 2357 18.
1872 2314 2216 2382 εἰκοσιτέσσαρας
2242 2318 2328 2359 Bas.

513 2389 646 2445 Pag.
676 2387 806 2431 450.
864 2386 890 2426 l.
921 2386 982 2428 17.
1014 2385 1074 2434 εἰς
1104 2381 1238 2438 αὔτῆν
1271 2386 1361 2425 Bas.

515 2459 649 2515 Pag.
672 2457 802 2501 454.
858 2456 885 2498 l
907 2457 945 2498 3.
980 2456 1150 2510 Corrige
1177 2453 1547 2509 προςτεὲιεικότων.
1582 2480 1627 2486 -
1691 2456 1718 2499 l.
1746 2458 1785 2499 8.
1817 2455 2139 2513 ἐπιψευδόμενοι
2172 2460 2261 2500 Bas.
2289 2467 2332 2500 et

406 2529 499 2571 cod.
530 2528 620 2568 Rhe
598 2527 704 2582 edig.
738 2551 786 2557 --
847 2526 967 2568 1.15.
998 2530 1110 2566 Acue
1140 2525 1324 2580 κτίστην.

515 2600 648 2656 Pag.
671 2598 800 2642 456.
855 2597 882 2639 l.
914 2595 975 2638 16.
1010 2596 1195 2637 Restitue
1220 2595 1431 2651 ἐπέδειξε,
1473 2597 1533 2638 uti
1560 2598 1706 2650 Basil.,
1749 2599 1815 2639 vel
1848 2597 2081 2653 ἐπέδειξεν,
2127 2601 2186 2641 uti
2229 2601 2328 2641 Ven.

394 2678 449 2711 ‘et
478 2669 804 2723 Pseudo-orig.

514 2741 648 2798 Pag.
672 2740 800 2784 458.
856 2739 884 2779 l.
923 2740 957 2781 1.
989 2738 1175 2793 κείμενον
1216 2736 1344 2782 τόπου
1391 2741 1476 2780 Bas.
1510 2764 1563 2772 —-
1620 2741 1647 2781 l.
1675 2738 1715 2783 4.
1760 2738 2107 2796 ιῖπεξαιρουμένου
2153 2742 2239 2782 Bas.
2278 2764 2327 2772 -—

399 2811 428 2852 l.
461 2811 525 2853 13.
560 2809 730 2865 Corrige
764 2810 994 2865 ἐγέννησεν.
1054 2805 1206 2859 Οὕτως
1235 2825 1280 2853 τε
1309 2807 1341 2864 ἢ
1369 2805 1490 2866 Ὀγδ.
1550 2811 1664 2852 Idem
1694 2811 1839 2853 vitium
1867 2812 1992 2853 habes
2021 2811 2062 2852 in
2096 2811 2160 2852 ed.
2190 2813 2327 2854 PetaV.

407 2881 552 2924 Colon.

513 2954 647 3010 Pag.
671 2952 801 2997 46⁰.
856 2951 883 2992 l.
912 2954 950 2992 5.
983 2951 1150 3007 Corrige,
1172 2946 1246 3002 οὓς
1271 2950 1294 2997 ὁ
1320 2953 1504 3003 Παῦλος.
1542 2979 1588 2984 -—
1650 2955 1674 2995 1.
1703 2954 1770 3007 26.
1805 2953 1972 3008 Corrige
1995 2949 2242 3007 ἐπιτήδειον.

515 3024 649 3082 Pag.
668 3023 797 3067 462.
853 3022 868 3063 l
912 3022 975 3063 11.
1011 3022 1197 3078 λέγουσιν
1229 3025 1318 3064 Bas.
1356 3048 1402 3055 —-
1463 3025 1489 3066 l.
1511 3025 1549 3068 7.
1581 3025 1632 3065 ab
1661 3024 1783 3066 inser.
1818 3019 2104 3068 κατακάθετον
2135 3025 2224 3064 Bas.
2302 3026 2305 3029 '

514 3094 805 3152 Pag.4?2.
862 3093 948 3134 l.1.
981 3089 1044 3136 ἐπ’
1076 3091 1201 3138 αὐτὸν
1235 3097 1323 3135 Bas.
1357 3119 1406 3125 —
1467 3095 1494 3135 l.
1520 3093 1580 3137 16.
1614 3100 1723 3136 Acue
1753 3095 1935 3139 κτίστου.

511 3166 644 3223 Pag.
663 3165 793 3211 474.
848 3165 875 3205 l.
900 3161 963 3205 16.
996 3165 1163 3205 Nicetas
1193 3166 1323 3207 Chon.
1353 3166 1478 3207 Thes.
1511 3166 1684 3208 Orthod.
1718 3166 1807 3207 Fid.
1837 3168 1908 3216 IV,
1939 3162 1978 3206 6.
2005 3165 2107 3205 haec
2132 3164 2192 3205 ita
2218 3179 2321 3220 pro-

401 3237 508 3277 fert:
557 3260 582 3266 —
613 3259 638 3266 -
665 3261 690 3268 -
717 3234 971 3291 ἐπιφωνοῦσι
999 3234 1130 3286 λέξεις
1156 3232 1411 3293 Ἑβραϊκούς
1441 3233 1599 3293 οὕτως,
1630 3237 1825 3294 χαμωσί.
1842 3231 2326 3294 βαέ.οἷνωόρα.μυστα-

401 3307 495 3352 δία.
516 3304 668 3361 ῥούδα.
684 3302 920 3364 κουστάβα.
938 3305 1071 3361 φογόρ
1087 3338 1096 3348 .
1114 3308 1282 3350 καλαὲί.
1342 3311 1387 3348 In
1421 3311 1578 3349 Veneto
1622 3317 1684 3349 est
1708 3308 1922 3363 Χαμοσση
1939 3336 1947 3346 .
1966 3306 2226 3359 Βααιανοορα
2241 3336 2249 3346 .
2265 3307 2324 3349 Μ.

400 3366 467 3421 ‘P.
500 3375 958 3435 Κουσταβαβοφόρ.Κ.

513 3450 647 3507 Pag.
666 3449 795 3493 478.
851 3448 878 3488 l.
906 3448 941 3490 1.
971 3446 1151 3498 πλάτους
1177 3450 1278 3490 Ven.
1314 3474 1365 3481 —-
1423 3450 1449 3490 l.
1471 3450 1509 3492 3.
1546 3452 1718 3505 Repone
1740 3449 1953 3490 articulum
1979 3445 2050 3491 τόν
2080 3456 2176 3488 ante
2199 3445 2327 3504 οἷγῦρ-

401 3534 490 3573 την.
520 3543 575 3550 -
632 3519 661 3559 l.
682 3518 722 3561 6.
766 3519 1020 3573 Μαρκοσίων
1057 3521 1143 3561 Bas,
1174 3543 1230 3550 —-
1287 3520 1314 3560 1.
1337 3520 1375 3562 9.
1419 3517 1512 3577 οὐχὶ
1541 3521 1600 3570 εἰς
1629 3523 1729 3561 Ven.
1777 3516 1853 3576 οὐχ
1887 3518 1947 3567 εἰς
1973 3519 2060 3558 Bas.
2094 3542 2147 3549 —
2206 3519 2325 3562 1.14.

401 3589 574 3643 Repono
606 3604 655 3630 ex
684 3592 785 3630 Ven.
819 3591 856 3632 οἱ
878 3587 1200 3645 ἱστορήσαντες,
1243 3583 1277 3648 ᾗ
1300 3583 1420 3640 οὗτος
1447 3591 1600 3642 ἔοικεν,
1645 3588 1791 3646 λύμην.
1855 3591 1898 3629 ln
1935 3590 2023 3628 Bas·
2054 3597 2115 3629 est
2153 3588 2322 3645 ἱστορῆ-

406 3673 551 3708 σαντες
583 3660 642 3703 ἰοῦ
675 3660 784 3703 ἔοικε
814 3659 961 3715 λύμην.
996 3685 1046 3692 -
1106 3661 1134 3700 l.
1155 3662 1222 3703 22.
1262 3661 1482 3716 προτρέποι
1514 3661 1561 3705 τό
1591 3660 1726 3709 πάθος
1755 3662 1858 3701 ven.
1894 3667 1942 3690 -'-
2003 3659 2029 3700 1.
2058 3661 2126 3704 27.
2173 3658 2325 3711 Οὕτως

411 3729 484 3772 καὶ
513 3732 614 3770 Ven-

519 3800 650 3857 Pag.
675 3802 804 3846 480.
860 3802 886 3842 1.
910 3802 945 3844 1.
979 3804 1151 3859 Repone
1192 3798 1357 3859 ὄφεως,
1387 3811 1485 3857 post
1509 3798 1762 3858 δικεφάλου,
1795 3800 1906 3856 quod
1934 3802 2077 3845 vocab.
2108 3802 2321 3846 desidera-
