2508 4134
227 1577 340 1638 Kecp.
367 1574 423 1631 η’.

229 2953 318 2989 pag.
340 2942 433 2977 1086.

459 263 561 313 494
1156 272 1357 315 SANGTI
1389 274 1669 316 EPIPHANII

460 367 670 435 δύναμιν
696 370 765 430 εἰς
790 366 920 436 δόμα
944 375 1069 436 ζωῆς
1092 376 1194 431 τοῖς
1223 368 1447 433 ἀπίστοις
1479 368 1834 437 ἀποδοθεῖσαν,
1872 373 1956 425 καὶ
1988 374 2057 435 εἷς
2084 371 2385 444 ἐπιστροφὴν

457 451 656 506 πάντων
691 459 790 506 τῶν
821 455 986 507 ἐθνῶν
1016 452 1143 524 πρὸς
1170 452 1260 522 τὴν
1290 456 1549 526 ἐπίγνωσιν
1576 463 1664 525 τῆς
1691 456 1941 525 ἀληθείας.
2023 464 2138 521 Τοῖς
2171 459 2224 512 δὲ
2256 461 2387 521 υἱοῖς

462 537 741 607 Χεττούρας
768 537 827 591 τά
855 538 1048 606 δόματα
1071 533 1135 608 ἧν
1161 540 1422 611 χρημάτων
1453 540 1691 612 ῦπαρξις,
1730 540 1909 612 χρυσός
1944 543 2028 595 καὶ
2059 541 2274 614 ἄργυρος
2299 544 2381 598 καὶ

457 622 739 691 ἱματισμὸς,
778 626 863 677 καὶ
889 623 1030 677 ἅτινα
1058 626 1110 678 ἐν
1139 629 1386 696 μυστηρίῳ
1419 623 1642 697 Ἀβραάμ
1669 626 1950 680 ἀπέκλεισεν
1978 628 2030 680 ἐν
2055 636 2161 691 ταῖς
2186 627 2383 699 πήραις,

453 711 654 776 λίβανον
677 711 760 762 καὶ
791 708 1011 779 σμύρναν
1037 711 1121 763 καὶ
1148 710 1355 781 χρυσὸν,
1407 717 1503 764 τῶν
1530 710 1613 764 διά
1636 718 1734 764 τῶν
1761 713 1998 778 βασιλέων
2028 713 2274 782 Σοδόμων
2300 715 2386 767 καὶ

457 792 743 864 Γομόρρας,
793 801 893 848 τῶν
922 797 1034 865 περὶ
1062 795 1442 866 Χοδολλογόμορ
1485 798 1569 848 καὶ
1595 795 1789 866 Βαρσοὶ,
1841 798 1922 850 καὶ
1959 803 2144 851 λοιπῶν
2173 805 2270 852 τῶν
2297 797 2385 866 τὴν

454 880 781 946 αἰχμαλωσίαν
810 876 912 934 άπὸ
939 880 1186 949 Σοδόμων
1224 883 1306 935 καὶ
1341 880 1611 951 Γομόρρων
1642 883 1727 934 καὶ
1753 886 1940 934 λοιπῶν
1971 882 2246 950 λαβόντων,
2298 884 2384 937 καὶ

454 963 819 1018 σκυλευσάντων
859 964 950 1033 τήν
989 987 1038 1018 τε
1078 969 1237 1019 ἵππον
1273 967 1358 1018 καὶ
1390 965 1842 1034 αἰχμαλωτισάντων
1871 964 1925 1019 τὸ
1955 973 2151 1034 πλῆθος
2174 974 2270 1021 τῶν
2303 966 2385 1022 ἀν-

453 1049 699 1120 θρώπων,
748 1051 832 1104 καὶ
862 1050 1263 1120 ἀφαρπαξάντων
1289 1049 1374 1112 τοὶς
1412 1049 1512 1105 άπό
1542 1050 1749 1104 ἑκάστου
1780 1056 2064 1121 περιουσίας
2088 1073 2138 1105 τε
2165 1055 2248 1106 καὶ
2272 1075 2385 1124 χρη-

454 1133 621 1203 μάτων
646 1137 730 1189 καὶ
754 1141 853 1189 τῶν
880 1134 1038 1189 ἄλλων
1065 1142 1280 1204 πλῆθος,
1321 1135 1392 1190 4ὂ
1421 1134 1570 1198 αὐτὸς
1606 1138 1628 1168 ⁵
1649 1136 1953 1206 ἀπέστρεψεν
1985 1135 2084 1191 άπό
2115 1144 2202 1206 τῆς
2226 1145 2386 1206 κοπῆς

452 1227 550 1274 τῶν
589 1223 825 1289 βασιλέων
869 1221 999 1286 τότε,
1055 1223 1139 1275 καὶ
1182 1220 1294 1274 οὔτε
1335 1219 1647 1292 ἀποστρέψαι
1685 1220 1744 1274 τά
1787 1220 1883 1290 ἤδη
1921 1227 2077 1296 κυρίῳ
2113 1229 2218 1297 θεῷ
2257 1221 2385 1277 ἀπο-

453 1307 696 1375 ταχθέντα
728 1305 1061 1375 τολμήσαντος
1102 1305 1283 1373 αὐτοῦ,
1341 1304 1499 1361 6α’λλοὶ
1537 1306 1810 1369 δεδωκότος
1843 1306 2013 1361 Ταύτά
2041 1307 2232 1378 δόματα
2265 1306 2384 1377 μετά

452 1398 551 1446 τῶν
579 1390 736 1446 ἄλλων
763 1400 865 1454 τοῖς
893 1395 1022 1454 υἱοῖς
1052 1390 1208 1445 αὐτοῦ
1234 1400 1338 1455 τοῖς
1375 1392 1476 1446 ἀπὸ
1512 1391 1817 1463 Χεττούρας,
1873 1390 1941 1456 οἷς
1969 1393 2175 1465 εὕρομεν
2201 1396 2252 1449 ἐν
2279 1401 2386 1458 ταῖς

453 1476 750 1549 παραδόσεσι
787 1484 883 1531 τῶν
914 1475 1172 1547 Ἑβραίων.
1578 1551 1580 1553 Ι

592 1561 677 1616 Ἐν
702 1564 754 1616 δὲ
780 1569 838 1636 τῇ
862 1569 950 1616 τοῦ
977 1568 1195 1632 Χριστοῦ
1228 1567 1477 1636 παρουσίᾳ
1515 1570 1613 1617 τῶν
1640 1562 1801 1618 αὐτῶν
1836 1566 2020 1620 τέκνων
2043 1572 2132 1619 τοῦ
2161 1562 2385 1637 ’Ἀβραάμ

453 1655 551 1702 τῶν
580 1647 679 1702 άπὸ
712 1647 994 1718 Χεττούρας
1029 1650 1372 1716 ἐκβληθέντων
1401 1647 1502 1703 ἀπὸ
1531 1656 1619 1703 τοῦ
1647 1647 1894 1720 Ἀβραάμ,
1943 1653 2028 1704 καὶ
2060 1648 2384 1704 ἀπελθόντων

456 1735 541 1788 καὶ
586 1733 982 1801 κατοικησάντων
1021 1736 1090 1796 εἰς
1125 1733 1183 1787 τά
1223 1736 1344 1804 μέρη
1388 1733 1447 1788 to}
1481 1733 1726 1805 Ἀραβικά
1767 1742 1853 1804 τῆς
1890 1739 2170 1806 Μαγωδίας
2205 1735 2383 1806 χώρας,

453 1825 553 1873 τῶν
577 1818 825 1873 ἐλθόντων
849 1819 1046 1889 Μάγων
1072 1817 1170 1874 ἀπὸ
1196 1825 1282 1887 τῆς
1304 1823 1535 1889 διαδοχῆς
1556 1827 1654 1874 τῶν
1675 1820 1966 1892 σπερμάτων
1989 1823 2203 1886 ἐκείνων,
2237 1843 2383 1892 προς-

455 1905 746 1974 ενηνεγμένα
771 1903 961 1973 δόματά
1000 1926 1048 1958 τε
1078 1907 1160 1958 καὶ
1193 1909 1327 1975 δῶρα
1356 1908 1424 1968 εἰς
1456 1905 1761 1975 συμμετοχήν
1787 1913 1875 1974 τῆς
1905 1906 2058 1975 αὐτῆς
2093 1909 2288 1968 ἐλπίδος
2315 1911 2385 1979 τῷ

458 1995 657 2063 Χριστῷ
683 1992 735 2044 ἐν
761 1991 984 2057 Βηθλεὲμ
1012 1988 1071 2044 τά
1100 1989 1226 2044 αὐτοὶ
1251 1994 1404 2059 δῶρα,
1443 1991 1522 2045 ὅτε
1550 1991 1636 2045 τόν
1665 1992 1846 2063 ἀστέρα
1875 1992 2172 2060 θεασάμενοι
2200 1985 2381 2060 ἦλθον·

457 2069 527 2129 ῶν
561 2074 737 2145 δώρων
780 2073 868 2142 τήν
907 2082 1041 2144 σαφῆ
1081 2076 1386 2147 παράστασιν
1425 2075 1454 2131 ὁ
1491 2076 1752 2148 προφήτης
1794 2080 2052 2147 παρίστησι
2090 2078 2243 2147 λέγων
2289 2076 2381 2143 ὅτι,

458 2162 590 2231 Πρὶν
618 2159 652 2228 ἢ
675 2167 859 2231 γνῶναι
901 2159 954 2215 τὸ
987 2165 1185 2216 παιδίον
1212 2170 1373 2216 καλεῖν
1400 2164 1587 2233 πατέρα
1613 2161 1647 2231 ἢ
1676 2164 1886 2233 μητέρα,
1940 2161 2148 2230 λήψεται
2174 2161 2383 2230 δύναμιν

457 2252 746 2314 Δαμασκοῦ,
772 2248 852 2300 καὶ
880 2245 938 2299 τοὶ
963 2246 1115 2300 σκύλα
1138 2251 1421 2318 Σαμαρείας
1443 2249 1606 2301 ἔναντι
1627 2249 1862 2316 βασιλέως
1878 2247 2165 2316 Ἀσσυρίων.
2221 2253 2385 2300 Ταῦτα

455 2331 547 2402 γάρ
578 2330 675 2385 άπὸ
707 2339 980 2400 Δαμασκοῦ
1012 2335 1065 2386 ἐν
1087 2332 1281 2403 χρόνοις
1308 2331 1554 2403 Ἀβραάμ,
1595 2330 1660 2395 ῶς
1693 2341 1955 2404 προεῖπον,
1993 2330 2093 2385 ὖπὸ
2123 2339 2222 2386 τῶν
2247 2336 2385 2401 βασι-

452 2419 575 2471 λέων
601 2423 702 2470 τῶν
735 2417 983 2472 ἐλθόντων
1011 2421 1258 2485 εἴληπται,
1306 2420 1392 2472 καὶ
1431 2417 1531 2473 ἀπὸ
1560 2422 1856 2488 Σαμαρείας.
1934 2416 2067 2471 Πότε
2099 2411 2190 2471 οὖν
2216 2419 2385 2486 ἔλαβεν

456 2500 608 2567 αὐτοὶ,
646 2504 764 2572 πρὶν
791 2502 825 2570 ἢ
845 2509 1030 2573 γνῶναι
1055 2510 1220 2557 καλεῖν
1248 2505 1434 2574 πατέρα
1462 2503 1495 2572 ἢ
1524 2507 1733 2574 μητέρα,
1771 2501 1868 2557 ἀλλ’
1896 2502 1976 2556 ὅτε
2003 2497 2164 2572 ἦλθον
2192 2506 2243 2557 οἱ
2266 2500 2385 2557 Μά-

455 2609 558 2658 γοι,
597 2589 680 2640 καὶ
707 2585 908 2655 ἤνοιξαν
932 2586 1019 2650 τοὶς
1046 2587 1210 2658 πήρας
1235 2590 1449 2655 ἑαυτῶν,
1498 2588 1532 2658 ἢ
1559 2588 1675 2652 τούς
1696 2587 1986 2659 θησαυρούς
1996 2632 2009 2654 ,
2060 2586 2127 2651 ῶς
2157 2591 2252 2657 ἔχει
2279 2590 2384 2642 ἔνια

454 2678 553 2726 τῶν
581 2670 926 2742 ἀντιγράφων,
976 2675 1060 2727 καὶ
1101 2674 1434 2745 προςήνεγκαν
1471 2674 1695 2744 σμύρναν
1724 2676 1808 2728 καὶ
1843 2678 2042 2743 λίβανον
2067 2676 2151 2727 καὶ
2177 2672 2383 2744 χρυσόν,-

459 2759 558 2810 Kal
600 2755 725 2831 ὁρᾷς
760 2764 867 2821 πῶς
916 2761 1112 2827 Ῑὲχουσι
1156 2763 1211 2812 αἱ
1250 2766 1337 2828 τῆς
1379 2759 1612 2829 ἀληθείας
1650 2760 1880 2830 φράσεις,
1930 2762 2014 2813 καὶ
2057 2759 2382 2822 ἀκολουθίαι,·

454 2840 542 2905 Ὡς
570 2844 655 2896 καὶ
684 2836 827 2897 αὗται
864 2847 919 2897 αἱ
944 2847 1148 2915 αἱρέσεις
1187 2849 1475 2908 παλλακίδες
1504 2843 1807 2916 ὑπάρχουσι,
1854 2846 1938 2899 καὶ
1966 2843 2025 2898 τά
2055 2842 2217 2897 αὐτῶν
2243 2844 2384 2897 τέκνα

458 2929 599 2996 ἔλαβε
624 2927 830 2997 δόματα,
870 2928 924 2983 τὸ
953 2928 1111 2999 ὄνομα
1139 2929 1289 2999 μόνον
1314 2935 1571 3000 λαβοῦσαι,
1611 2931 1814 2999 ὀνόματι
1845 2930 1997 2998 μόνον
2025 2935 2244 3000 Χριστοῦ
2271 2935 2383 2998 κλη-

456 3022 645 3079 θεῖσαι,
687 3015 770 3067 καὶ
796 3013 912 3077 τούς
940 3013 1134 3086 ὀλίγους
1163 3014 1261 3070 ἀπὸ
1293 3023 1379 3085 τῆς
1404 3020 1549 3079 θείας
1573 3022 1770 3086 γραφῆς
1795 3016 1971 3086 λόγους
2001 3013 2380 3082 ὖποδεξάμεναι,

456 3101 538 3152 ἵνα
575 3098 636 3152 δι’
673 3097 836 3153 αὐτῶν
869 3107 1053 3154 συνῶσι
1088 3100 1179 3170 τήν
1214 3100 1478 3170 ἀλήθειαν,
1532 3101 1620 3155 ἐὰν
1644 3104 1876 3155 θέλωσιν·
1926 3100 2045 3153 εἰδὲ
2073 3099 2141 3168 μή
2171 3101 2381 3166 θέλοιεν,

457 3182 577 3236 ἀλλά
617 3182 950 3253 άνακάμψωσι
994 3185 1119 3256 πρός
1157 3186 1244 3240 τὸν
1280 3185 1505 3258 Ἡρώδην
1547 3188 1972 3258 (παραγγέλλονται
2018 3183 2108 3255 γάρ
2158 3183 2225 3253 μή
2264 3185 2380 3238 ἀνα-

458 3270 696 3337 κάμπτειν
722 3268 849 3339 πρός
875 3268 1117 3340 Ἡρώδην,
1157 3271 1275 3325 ἀλλά
1299 3271 1360 3326 δι’
1387 3272 1532 3340 ἄλλης
1558 3270 1681 3326 όδοῦ
1707 3270 2024 3337 ἀφικνεῖσθαι
2052 3272 2122 3332 εἰς
2149 3269 2239 3338 τήν
2273 3272 2383 3324 ἑαυ-

458 3360 556 3407 τῶν
591 3358 846 3425 πατρίδα>·
900 3355 984 3408 ἐάν
1009 3357 1059 3410 δὲ
1085 3355 1153 3425 μή
1183 3357 1423 3426 ποιήσωσι
1453 3357 1512 3411 τοὶ
1540 3357 1951 3428 προςτεταγμένα,
2005 3353 2161 3424 μάτην
2189 3357 2383 3420 ἑαυτοῖς

458 3438 516 3492 τά
543 3439 758 3508 δόματα,
809 3438 876 3503 ῶς
904 3443 1107 3504 ἐκείνοις
1146 3440 1181 3510 ή
1210 3446 1417 3509 ἔλευσις,
1469 3446 1513 3496 εἰ
1546 3441 1842 3510 ἀνέκαμψαν
1873 3437 1999 3510 πρὸς
2028 3439 2113 3493 τόν
2141 3439 2381 3511 Ἡρώδην,

460 3523 542 3577 διά
572 3523 626 3578 τὸ
664 3522 847 3592 ὁμοίως
877 3525 963 3589 τοὶς
988 3525 1139 3590 αὐτάς
1170 3530 1379 3599 αἱρέσεις
1405 3525 1799 3599 παραχαράσσειν
1824 3531 1922 3577 τῶν
1954 3528 2106 3579 θείων
2135 3525 2292 3597 λόγων
2321 3524 2383 3580 τά

460 3608 746 3679 διδάγματα.

517 3749 567 3850 [kt
588 3747 622 3795 (3
659 3757 843 3796 mendum
879 3760 933 3797 est
973 3759 1063 3798 edit.
1094 3759 1231 3801 Petav.
1265 3758 1394 3798 Golon.
1509 3756 1546 3796 5.
1578 3748 1839 3808 ἀπέστρεψεν
1865 3756 1947 3796 cod.
1977 3756 2052 3797 len.
2086 3756 2194 3811 (cum
2218 3767 2383 3798 rasurae

463 3821 578 3860 repe.
