2508 4134
504 244 605 295 624
1071 253 1343 295 ADDENDA
1372 255 1444 296 ET
1478 255 1851 297 CORRIGENDA.

502 365 597 404 παρ.
623 349 700 405 τὴν
732 349 889 394 ἑαυτῶν
924 348 1081 406 πλάνην
1110 348 1255 406 ὁμοίαν
1278 350 1368 396 τινὰ
1394 352 1466 396 ἕνα
1491 332 1571 408 (sic
1584 336 1627 406 ἶ)
1657 355 1867 410 λέγοντες·
1910 352 1978 396 ἵνα
2007 352 2061 409 δή
2090 354 2421 410 παραστήσωσιν

505 421 607 461 Ven.
638 446 692 453 —
749 421 776 462 l.
797 421 835 464 6.
871 422 984 463 Corr.
1009 421 1230 477 εἰρηκέναι.
1266 448 1315 454 --
1374 423 1459 465 1..ss
1501 425 1636 480 τούτῳ
1668 424 1800 469 ἐκεῖνο
1826 426 1933 465 ven.
1960 446 2018 455 —
2071 424 2102 465 1
2123 425 2184 467 18.
2215 426 2420 480 κέκληκεν

502 491 638 532 firmat
661 494 810 534 Venet.
837 516 887 524 —-
931 492 958 532 l.
975 489 1041 533 24.
1073 490 1278 548 οἱλιαυρῶν
1304 496 1408 535 Ven.
1436 519 1489 526 —-—
1546 495 1656 537 126.
1688 494 1966 551 ἐνέργειᾙοιι
1989 519 2039 526 --
2084 491 2322 540 1δῐά.ἀλλᾶ
2346 492 2417 551 ἀρ-

501 567 573 616 γεῖ
597 565 686 603 Bas.
715 588 768 594 —
826 563 939 607 1.27
978 565 1097 607 τινῶν
1133 561 1363 608 λαλούντων
1391 566 1498 607 Ven.
1528 565 1668 607 Recte.
1699 589 1754 596 —-
1810 566 1837 606 l.
1859 564 1899 607 3.
1931 565 1983 606 ab
2010 565 2086 606 inf.
2127 563 2174 609 τό
2213 564 2419 623 χρήσιμον

501 635 604 674 Ven.
637 659 691 665 —
748 634 775 675 1.
806 633 961 689 penult
995 628 1237 679 ἀποδίδοται
1265 631 1381 692 αύτῷ
1411 634 1557 691 καιρὸς
1589 639 1693 677 Ven-

611 705 751 763 Pag-
777 706 864 749 22.
921 704 947 744 1.
968 706 1007 746 2.
1037 703 1291 760 φαντάζεται
1318 706 1390 749 καὶ
1417 704 1495 761 ορᾶ
1521 706 1671 762 ἑαυτήν
1698 709 1800 747 Ven.
1837 731 1883 737 -
1947 707 2048 749 [bid.
2078 706 2119 752 ἐν
2143 707 2422 765 ἐγγρηγόρσει

501 776 606 815 Ven.
639 800 687 806 -
747 774 833 817 1.3.
865 780 1127 830 ποντοπορεῖ,
1157 776 1230 819 καὶ
1253 779 1511 831 δημηγορεῖ,
1545 776 1616 820 καὶ
1646 776 1686 820 ἐν
1712 780 1779 820 πλ.
1804 779 1907 821 Ven.
1939 802 1993 809 -—
2049 778 2076 820 l.
2100 779 2163 822 18.
2202 775 2332 834 αύτῆν
2359 778 2421 829 εἰς

500 850 699 901 γυναῖκα·
746 841 853 889 ἀλλὰ
877 841 953 889 ούκ
981 836 1034 901 ήν
1061 845 1101 890 ἐν
1128 844 1327 891 ἐκστάσει
1357 849 1460 888 Ven.
1489 871 1546 879 —-
1602 849 1628 888 l.
1649 847 1689 889 4.
1713 848 1764 888 ab
1793 848 1868 889 inf.
1911 844 2013 903 ὑπὲρ
2047 846 2119 894 τὸν
2147 864 2187 893 κ.
2217 865 2253 892 τ.
2288 863 2324 892 σ.
2355 851 2420 893 λο-

500 915 649 972 γισμόν
687 917 792 957 ven.
821 918 961 958 Recte.
1002 940 1044 949 -
1105 919 1131 959 l.
1162 919 1319 972 penult.
1364 920 1536 973 Repone
1579 917 1602 962 ὁ
1630 918 1864 974 προφήτης.
1924 919 2127 960 Articulus
2164 920 2421 962 desideratur

502 988 627 1028 etiam
653 988 695 1029 in
725 988 794 1032 ed.
821 989 959 1030 Petav.
996 1014 1043 1019 —
1104 989 1129 1029 l.
1167 990 1239 1030 ult.
1282 991 1385 1030 Ven.
1426 989 1554 1030 verba
1584 989 1621 1032 οἱ
1650 992 1888 1045 προφῆται,
1934 987 2010 1034 ούκ
2038 989 2080 1034 ἐν
2109 989 2308 1037 ἐκστάσει
2334 1005 2421 1034 non

500 1059 641 1100 habet.
2233 1106 2240 1113 ο

612 1131 755 1188 Pag.
781 1132 867 1175 242.
926 1130 953 1170 l.
979 1133 1012 1172 1.
1060 1128 1167 1185 ὁρῶν
1209 1125 1301 1174 ἀντὶ
1340 1131 1420 1179 της
1453 1131 1549 1173 >eain
1591 1127 1706 1174 ἀκολ.
1748 1130 1870 1186 ἕτερα
1905 1131 2016 1188 παρὰ
2042 1130 2094 1178 τὰ
2121 1138 2207 1183 τοῖς
2233 1135 2337 1176 Ven.
2367 1158 2416 1166 «-

501 1202 528 1242 l.
550 1201 591 1243 3.
634 1203 740 1242 Ven.
778 1202 939 1256 plenius
981 1201 1258 1256 καξῑιεμένην,
1302 1200 1525 1256 τέσσαρσιν
1565 1199 1716 1259 ἀρχαῖς
1751 1202 1992 1258 δεδεμένην.
2023 1228 2074 1235 -
2132 1204 2158 1244 l.
2181 1206 2221 1246 5.
2259 1203 2421 1260 φρενῶν

500 1273 621 1315 abest
647 1288 669 1313 a
699 1275 805 1313 Ven.
836 1298 891 1304 —-
949 1272 1060 1313 1.11.
1105 1270 1156 1315 τά
1188 1268 1326 1315 αύτῶν
1354 1275 1456 1313 Ven.
1492 1297 1545 1304 --
1604 1273 1630 1313 Ι.
1663 1275 1722 1315 15.
1751 1269 2059 1330 πνεῦμαιᾶγιον
2083 1272 2132 1319 τό
2160 1273 2202 1318 ἐν
2231 1277 2335 1316 Ven.
2364 1299 2420 1307 —

500 1345 526 1386 l.
550 1343 614 1386 19.
644 1341 851 1398 ἀλλότριοι
878 1344 1091 1399 προφῆται
1117 1345 1221 1383 Ven.
1253 1366 1307 1374 --
1364 1343 1391 1385 l.
1411 1345 1479 1386 22.
1526 1340 1587 1393 οἷς
1617 1342 1726 1387 ἔστιν
1755 1344 1856 1388 ἰδεῖν
1882 1343 1933 1388 τὰ
1963 1347 2066 1386 Ven.
2096 1370 2150 1378 —
2205 1345 2236 1387 l.
2262 1346 2419 1401 penult.

500 1421 612 1457 Acue
636 1411 825 1473 ’Ἄγαβος
842 1424 897 1455 εἰ
924 1430 1001 1469 pro
1029 1412 1137 1457 κατὰ
1174 1413 1307 1471 σχήμ.
1339 1429 1500 1470 repone
1534 1413 1641 1470 μετὰ
1669 1413 1801 1472 σχήμ.
1862 1415 1976 1457 Idem
2001 1416 2148 1458 vitium
2176 1417 2420 1459 occurrit-in

500 1487 566 1528 ed.
598 1489 741 1528 Petav.
777 1487 922 1528 Colon.
1869 1495 1874 1500 ’
2322 1532 2333 1542 ρ

611 1559 753 1616 Pag.
780 1560 867 1602 26.
924 1558 952 1598 l.
981 1557 1016 1598 1.
1046 1556 1179 1611 ποσίν,
1210 1549 1330 1607 οὗτος
1357 1550 1406 1601 οὗ
1434 1556 1596 1612 ἔστινίή
1622 1555 1731 1613 ζώνη
1759 1553 1869 1613 ἀῦτη
1899 1557 2098 1613 δήσουσιν
2130 1559 2190 1609 εἰς
2210 1555 2420 1613 Ἱεριιυσοιρ

502 1628 592 1685 λήμ
616 1632 719 1672 Ven.
754 1654 801 1659 ——
865 1629 891 1669 1.
913 1631 951 1670 5.
993 1625 1170 1682 ἀληῖςεῖς
1208 1630 1314 1669 Ven.
1344 1652 1401 1659 —
1458 1626 1573 1671 1.16.
1617 1627 1670 1673 τὰ
1709 1629 1842 1672 ταῦτα
1879 1627 1959 1673 ὑπὸ
1992 1630 2076 1673 τοῦ
2105 1630 2291 1685 Χριστοῦ
2330 1627 2421 1686 γεγ.

501 1703 604 1742 Ven.
639 1726 692 1733 —
750 1700 776 1740 l.
798 1699 866 1741 21.
896 1698 967 1743 τὸν
993 1698 1281 1754 δοκιμάσαντα
1310 1702 1414 1740 Ven.
1448 1725 1496 1731 -
1556 1700 1582 1740 l.
1602 1702 1671 1742 22.
1702 1700 1888 1741 Restitue
1919 1715 1969 1741 ex
1993 1703 2153 1743 Veneto
2181 1701 2323 1757 τρίβου
2350 1697 2420 1745 οἶν-

499 1771 822 1826 τιδιακειμένης.
853 1795 909 1802 —-
964 1770 1078 1812 1.23.
1124 1767 1184 1819 ὦς
1224 1769 1272 1813 ἐκ
1307 1771 1378 1814 τοῦ
1419 1767 1653 1826 οἱγιωτάτου
1679 1773 1783 1812 Ven.
1818 1796 1867 1803 --
1927 1773 1954 1814 l.
1973 1771 2041 1815 26.
2086 1771 2182 1827 περὶ
2205 1775 2288 1816 τῶν
2316 1775 2418 1815 κωλ.

501 1846 607 1884 Ven.
645 1867 692 1873 -
749 1843 775 1883 l.
799 1841 866 1884 28.
911 1837 1200 1897 Εύγνωμονῶν
1228 1843 1334 1882 Ven.
1363 1866 1419 1873 —-
1476 1842 1504 1882 l.
1525 1841 1593 1884 29.
1637 1847 1745 1883 Ante
1771 1841 1840 1886 ἐπὶ
1869 1847 1956 1892 τοῖς
1979 1844 2152 1885 restitue
2179 1843 2420 1899 particulam

503 1916 601 1971 μὲν,
634 1929 738 1970 quae
769 1914 922 1955 excidit
954 1914 1079 1954 etiam
1111 1914 1162 1953 ab
1193 1912 1260 1953 ed.
1291 1915 1433 1954 Petav.
1467 1913 1613 1954 Colon.
1646 1938 1699 1944 —
1756 1914 1784 1954 l.
1815 1916 1854 1955 5.
1885 1915 1936 1955 ab
1967 1915 2042 1956 inf.
2072 1914 2297 1972 παρθενείᾳ
2330 1917 2418 1955 Bas.

616 1988 757 2045 Pag.
780 1987 866 2031 28.
925 1985 953 2025 l.
978 1985 1012 2025 1.
1060 1986 1228 2039 Repone
1270 1977 1408 2028 Οὗτοι.
1441 2010 1491 2015 -
1550 1984 1635 2027 1.6.
1677 1981 1812 2039 πάντη
1851 1984 2032 2048 ἐκήρυξε
2060 1987 2164 2027 Ven.
2193 2010 2249 2017 —
2306 1983 2419 2027 l.19.

500 2056 559 2101 Εἰ
583 2058 713 2101 τοίνυν
739 2054 843 2101 τάδε
870 2059 975 2097 Ven.
1008 2082 1057 2087 —
1116 2056 1144 2097 l.
1165 2057 1231 2098 20.
1277 2052 1383 2100 εἶδεν
1415 2055 1487 2099 καὶ
1513 2053 1560 2099 τὸ
1591 2054 1695 2100 τάδε
1733 2054 1844 2109 λέγει
1869 2055 2032 2109 κύριος.
2049 2054 2072 2099 ὁ
2097 2054 2146 2100 δὲ
2173 2056 2299 2100 Μοντ.
2330 2051 2421 2097 Ve-

500 2138 588 2169 net.
618 2153 669 2160 --
727 2128 841 2170 ].22.
870 2126 948 2177 τὰς
975 2128 1094 2177 ἓείας
1119 2129 1287 2183 γραφῆς
1316 2128 1420 2167 Ven.
1454 2151 1503 2158 —
1563 2127 1590 2167 1.
1609 2127 1647 2169 7.
1674 2126 1725 2167 ab
1747 2125 1823 2166 inf.
1856 2125 2066 2176 Μωυσέος
2087 2129 2174 2168 Bas.
2204 2152 2256 2159 —
2314 2127 2417 2169 lbid.

502 2197 772 2258 μεταβάλλων
803 2202 907 2240 Ven.

614 2273 755 2330 Pag.
773 2273 859 2316 30.
917 2271 946 2311 l.
962 2268 999 2312 4.
1034 2266 1175 2325 ὅμοιος
1201 2270 1266 2323 εἴη
1293 2268 1438 2324 ἐκείνῳ
1465 2270 1569 2309 Ven.
1601 2293 1650 2299 —
1710 2268 1738 2308 l.
1755 2270 1793 2310 5.
1826 2267 2000 2312 ἔσεσθαι
2023 2269 2152 2310 habet
2177 2269 2303 2310 etiam
2328 2270 2419 2311 Bas.

502 2366 552 2373 --
585 2342 612 2382 1.
635 2343 674 2385 6.
717 2341 864 2397 φήσας
893 2344 998 2382 Ven.
1030 2366 1080 2372 -
1140 2342 1167 2382 l.
1192 2341 1230 2383 7.
1274 2338 1673 2395 παρασκευάσαντος
1709 2341 1813 2380 Ven.
1843 2365 1895 2371 —
1954 2340 1981 2381 1.
2007 2339 2070 2381 11.
2111 2337 2142 2396 ή
2173 2337 2421 2384 ἀκολουθεία

499 2413 579 2467 τῆς
604 2415 676 2456 τοῦ
703 2410 770 2468 οἱγ.
802 2429 862 2456 πν.
892 2411 1168 2460 διδασκαλίας
1194 2414 1298 2453 Ven.
1333 2435 1382 2441 -
1441 2411 1468 2451 l.
1496 2409 1561 2451 19.
1590 2408 1637 2453 τὸ
1667 2409 1801 2465 σαφὲς
1829 2411 1894 2466 εἴη
1924 2412 2030 2452 ven.
2061 2434 2116 2443 —
2172 2412 2201 2452 l.
2221 2412 2289 2455 27.
2319 2407 2419 2456 ἐδό-

503 2483 655 2538 ξασαν,
703 2480 832 2532 αύτὸς
869 2482 917 2527 δὲ
944 2485 1046 2523 Ven.
1077 2507 1130 2514 -
1188 2482 1214 2522 l.
1239 2482 1300 2523 10.
1329 2482 1380 2523 ab
1409 2481 1485 2523 inf.
1529 2480 1675 2525 ἑαυτὸν
1715 2480 1895 2532 ἐδόξασε
1925 2482 2045 2538 μόνον
2080 2484 2183 2526 Ven.
2215 2507 2268 2515 —
2324 2482 2353 2523 l.
2379 2481 2419 2527 9.

502 2555 553 2595 ab
581 2555 657 2595 inf.
701 2553 919 2609 ἐνοικήσαν
962 2556 1067 2594 Ven.
1097 2577 1152 2584 —
1208 2553 1236 2593 l.
1258 2554 1296 2595 7.
1326 2553 1376 2594 ab
1406 2553 1481 2593 inf.
1526 2549 1738 2608 εύδὸκησε
1772 2555 1875 2594 ven.
1907 2579 1960 2585 ——-
2017 2554 2047 2596 l.
2067 2556 2105 2597 5.
2135 2554 2186 2595 ab
2213 2553 2290 2595 inf.
2333 2553 2420 2597 Ka).

503 2620 582 2680 ὅρα
610 2628 713 2667 Ven.
749 2651 797 2657 —
859 2625 885 2664 l.
912 2625 1071 2680 penult.
1117 2619 1181 2667 ὅτι
1206 2615 1331 2673 οὗτός
1357 2623 1465 2667 ἐστιν
1493 2627 1595 2664 Ven.
1625 2650 1681 2657 —
1740 2627 1786 2666 In
1811 2634 1954 2666 annot.
1979 2623 2044 2678 4.,
2079 2634 2124 2666 ut
2147 2625 2273 2666 etiam
2307 2624 2418 2676 alibi,

502 2711 622 2752 quam
656 2696 841 2738 Cornarii
871 2695 954 2736 dixi
985 2695 1215 2736 editionem
1245 2695 1475 2750 principem
1504 2710 1570 2736 me
1596 2696 1843 2752 significasse
1876 2697 2016 2737 dicere
2045 2697 2112 2737 vix
2144 2711 2245 2752 opus
2276 2705 2351 2736 est.

614 2768 753 2826 Pag.
773 2769 858 2812 32.
917 2767 943 2809 l.
962 2769 999 2809 5.
1032 2765 1237 2823 ἐκκλησίᾳ
1262 2766 1335 2809 καὶ
1359 2769 1523 2824 κεφαλῇ
1550 2769 1652 2807 ven.
1675 2793 1731 2799 -—
1786 2768 1814 2809 l.
1831 2768 1870 2810 8.
1900 2768 2089 2808 Restitue
2115 2782 2165 2808 ex
2191 2770 2292 2810 Ven.
2315 2767 2418 2822 Χρι-

503 2837 602 2889 στὸς
629 2839 717 2883 υἱὸν
749 2837 909 2882 ἑαυτὸν.
946 2863 993 2868 ——
1052 2838 1079 2878 1.
1104 2836 1165 2880 17.
1201 2839 1366 2893 Cor-rige
1389 2836 1575 2893 σ’νὸματα
1599 2835 1729 2893 ύμῶν.
1773 2839 1885 2879 Idem
1915 2839 2056 2880 vitium
2087 2839 2215 2879 estin
2243 2839 2319 2879 ed:
2337 2840 2420 2880 Pe·-

500 2920 584 2952 taxr.
617 2911 760 2952 Colon.
799 2935 842 2940 --
903 2910 930 2950 l.
953 2907 1015 2949 19.
1046 2908 1154 2952 κατὰ
1180 2907 1332 2964 Φρύγα
1362 2904 1471 2953 οὕτω
1498 2909 1731 2964 καλουμένη
1756 2912 1861 2953 Ven.
1894 2934 1945 2941 —
2004 2910 2030 2949 l.
2058 2908 2121 2950 11.
2152 2910 2202 2950 ab
2228 2909 2304 2950 inf.
2335 2907 2418 2965 φά-

502 2996 662 3025 σκουσα
690 2979 749 3036 μή
778 2978 912 3035 αὐτῆς
935 2975 1124 3035 ἀκούειν,
1170 2979 1275 3024 ἀλλὰ
1315 2981 1502 3035 Χριστοῦ
1541 2983 1645 3021 Ven.
1679 3006 1728 3012 -
1789 2982 1815 3022 l.
1833 2982 1872 3024 7.
1898 2981 1948 3021 ab
1975 2980 2050 3020 inf.
2097 2982 2143 3020 ln
2173 2983 2272 3020 Ven.
2300 2979 2420 3022 deest

504 3067 592 3094 voc.
619 3053 769 3097 δοῦλοι.
804 3077 852 3082 -—
914 3051 940 3091 1.
962 3052 1000 3093 3.
1028 3052 1079 3091 ab
1110 3051 1186 3091 inf.
1235 3052 1403 3106 Corrige
1430 3052 1585 3107 κυρίου.
1648 3054 1794 3092 Venet.
1822 3052 1950 3092 habet
1977 3049 2111 3104 αύτῆς
2137 3046 2213 3094 ούκ
2237 3046 2417 3106 ἀκούειν,

503 3119 607 3167 ἀλλά
646 3123 799 3177 κυρίου.
830 3147 884 3154 —-
941 3122 967 3162 l.
999 3123 1153 3177 penult.
1204 3125 1295 3163 Vox
1336 3122 1498 3178 ἐπίγεια
1536 3138 1557 3162 a
1600 3125 1765 3165 Veneto
1806 3123 1949 3164 abesse
1989 3121 2165 3162 videtur.
2192 3145 2246 3152 —
2315 3121 2418 3164 lbid.

504 3196 641 3251 παρῆν
668 3192 803 3248 αύτῆς
833 3196 935 3234 Ven.

615 3266 754 3323 Pag.
776 3266 862 3310 34.
920 3264 947 3305 l.
966 3266 1004 3306 5.
1038 3265 1173 3305 Verba
1198 3261 1229 3317 ή
1258 3262 1305 3309 δὲ
1328 3262 1385 3320 μή
1416 3256 1522 3307 οῦσα
1547 3263 1588 3307 ἐν
1610 3281 1673 3308 πν.
1704 3263 1812 3320 οἱγίῳ
1841 3280 1919 3306 om.
1953 3265 2055 3304 Ven.
2092 3286 2137 3293 -—
2196 3263 2223 3303 l.
2238 3261 2277 3304 6.
2310 3265 2414 3305 Ven.

504 3336 663 3391 plenius
703 3334 775 3379 καὶ
813 3331 888 3378 ούκ
919 3326 972 3390 ήν
1013 3331 1095 3390 ἄρα
1128 3333 1351 3390 προφήτης
1389 3333 1447 3390 μή
1490 3334 1643 3392 ἔχουσα
1668 3351 1732 3378 πν.
1760 3331 1887 3391 ἅγιον.
1918 3358 1972 3366 -
2028 3334 2055 3374 l.
2077 3331 2116 3374 9.
2147 3334 2301 3388 πολλῆς
2326 3333 2416 3379 ἐστι

505 3409 608 3447 Ven.
641 3432 695 3439 --
751 3407 776 3446 l.
801 3406 863 3446 11.
912 3406 1131 3457 συνετίζων
1173 3406 1245 3449 καὶ
1277 3405 1324 3450 τὸ
1367 3405 1521 3450 εἰδέναι
1556 3404 1674 3460 ήμᾶς
1697 3411 1794 3454 ποῖα
1825 3409 1926 3446 Ven.
1958 3429 2010 3435 —
2067 3404 2179 3445 1-15-
2213 3403 2259 3448 τό
2289 3401 2414 3451 αὐτὸν

505 3473 620 3533 ἅγιον
655 3493 718 3521 πν.
756 3479 859 3517 Ven.
895 3502 943 3509 -
1007 3477 1105 3518 lbid.
1151 3475 1353 3533 βούλεται.
1410 3477 1468 3520 Εἰ
1509 3476 1557 3521 δὲ
1587 3476 1673 3533 ἔχει
1703 3476 1889 3528 ἐξουσίαν
1915 3479 2085 3529 διαιρεῖν
2121 3471 2180 3524 ὣς
2210 3473 2414 3532 βούλεταιῑ

508 3548 672 3604 λέγεται
699 3547 747 3592 δὲ
768 3548 932 3602 πνεῦμα
957 3546 1155 3603 γνώσεως
1191 3547 1264 3591 καὶ
1290 3563 1352 3591 πν.
1379 3543 1597 3605 εύσεβείας
1622 3550 1724 3589 Ven.
1784 3546 1906 3598 Quod
1930 3546 2228 3587 restituendum
2255 3556 2332 3590 est.
2360 3552 2418 3579 -2-*
2477 3563 2480 3566 ⁴

503 3614 536 3662 l.
563 3617 622 3660 18.
666 3616 778 3672 παρὰ
813 3616 970 3672 πατρὸς
1005 3617 1053 3662 τὸ
1086 3618 1134 3661 ἐκ
1162 3620 1235 3662 τοῦ
1264 3617 1421 3673 πατρὸς
1449 3618 1584 3674 ἐκπορ.
1611 3621 1716 3659 Ven.
1747 3643 1794 3649 -
1854 3617 1882 3657 1.
1904 3616 1969 3658 23.
2002 3609 2226 3667 δοξάσουσι
2253 3620 2339 3659 Bas.
2359 3643 2412 3650 —

509 3689 537 3728 l.
560 3689 625 3731 27.
668 3689 919 3733 διδασκαλία
946 3691 1050 3729 Ven.
1082 3714 1134 3721 -
1193 3689 1308 3732 1.29.
1347 3691 1520 3744 γνωῧεῖν
1562 3689 1694 3744 (sic'?)
1738 3690 1888 3743 γνῶσιν
1929 3687 2027 3730 2206
2058 3689 2160 3729 ven.
2191 3713 2244 3722 --
2301 3688 2328 3730 l.
2346 3688 2411 3733 32.

510 3758 612 3799 voc.
643 3759 725 3802 τῶν
755 3768 850 3813 post
879 3757 1012 3815 λόγων
1044 3775 1124 3801 om.
1153 3762 1258 3802 Ven.
1292 3785 1343 3791 —
1402 3761 1429 3801 l.
1464 3760 1620 3815 penult.
1654 3757 1725 3801 καὶ
1756 3753 1884 3806 αύτὸς
1911 3752 2002 3812 ἅμα
2033 3760 2136 3800 Ven.

621 3827 758 3885 Peg.
778 3831 864 3874 36.
920 3830 948 3872 l.
974 3832 1007 3874 1.
1039 3830 1235 3872 Rescribe
1262 3831 1585 3885 φιλανθρωπίας.
1644 3823 1770 3871 Οὕτω
1799 3827 1882 3871 καὶ.
1943 3829 2049 3870 Illud
2075 3829 2163 3873 Καὶ
2186 3844 2262 3886 per
2293 3844 2412 3871 erro-
