2508 4134
477 271 579 324 490
1189 284 1390 328 εΑΝοΤι
1421 286 1700 328 EPIPHANH

477 378 561 433 τόν
586 378 840 449 γινώσκειν
877 379 954 434 ὅτι
989 382 1071 433 καὶ
1112 380 1213 435 ἀπὸ
1257 381 1438 435 τούτου
1469 388 1558 436 τοῦ
1594 382 1863 450 ζητήματος
1889 382 1943 437 τὸ
1974 389 2074 436 πᾶν
2097 388 2190 436 τοῦ
2214 381 2395 453 χρόνου

475 463 759 533 συνετμήθη
785 468 854 527 εἰς
878 464 964 518 τόν
992 471 1092 519 τῶν
1119 467 1192 537 ξβ’
1218 471 1395 537 γενεῶν
1433 469 1524 530 ἕως
1560 474 1779 538 Χριστοῦ
1810 466 2055 538 ἀριθμόν,
2110 467 2192 521 διὰ
2221 467 2275 521 τό
2306 489 2397 535 μη·-

475 550 577 602 κέτι
617 549 735 617 μετὰ
767 549 982 620 Χριστὸν
1018 550 1142 603 κατὰ
1179 550 1270 620 τήν
1307 550 1555 606 ὑπόθεσιν
1597 551 1780 619 ταύτην
1811 552 1895 606 διὰ
1931 558 2243 623 γενεαλογιῶν
2279 550 2398 614 τούς

473 640 566 688 τοῦ
592 635 781 703 κόσμου
806 634 1014 704 χρόνους
1042 633 1390 706 ἀριθμεῖσθαι,
1439 639 1772 704 τελειουμένου
1805 640 1856 691 έν
1881 641 1972 709 μιᾷ
2010 637 2266 693 συνενώσει
2310 643 2396 690 3τε

479 722 810 794 σημαινομένῃ
834 719 960 773 κατὰ
983 720 1038 774 τὸ
1064 728 1151 789 τῆς
1179 722 1407 784 εὐδοκίας
1432 728 1556 775 θεοῦ
1582 721 1916 789 ἀμετάστατον
1939 723 2160 789 ἔρεισμα·
2199 720 2267 785 οἷς
2293 720 2395 776 ἀπὸ

473 810 561 872 τῆς
590 804 741 873 αὐτῆς
777 804 866 872 τήν
900 812 989 859 τοῦ
1020 809 1200 869 αἰῶνος
1232 809 1506 860 συντέλειαν
1543 808 1932 874 συντεμνομένην
1967 808 2094 859 4καὶ
2123 809 2206 860 ἐπὶ
2236 806 2290 861 vd
2318 827 2399 875 με·

242 909 328 945 1³⁸3·
355 899 453 935 1⁰8³·
475 889 741 957 ταβατικὸν
775 897 865 943 τοῦ
905 892 1156 958 μέλλοντος
1192 895 1373 954 αἰῶνος
1418 892 1772 960 πληρουμένην.
1846 889 1938 944 Διό
1970 892 2118 961 λέγει,
2158 896 2274 945 Μία
2300 894 2399 946 ἔστι

473 973 731 1045 περιστερά
762 997 885 1043 μου,
923 980 1075 1029 τελεία
1105 999 1228 1045 μου,
1282 975 1349 1039 αἷς
1380 979 1471 1038 ἕως
1498 974 1650 1043 αὐτῆς
1681 981 1777 1028 τῶν
1806 975 2007 1030 πάντων
2036 977 2397 1044 τελειουμένων,

471 1059 567 1113 κόἷν
595 1082 646 1113 τε
675 1058 838 1131 χρόνοι
867 1062 952 1114 καὶ
981 1064 1149 1132 καιροὶ
1176 1064 1391 1115 ε’νιαυτοί
1417 1082 1464 1114 τε
1503 1063 1587 1114 καὶ
1617 1058 1919 1128 διαστήματα
1955 1068 2159 1132 γενεῶν,
2197 1061 2325 1116 κατοὶ
2347 1081 2398 1114 τε

472 1147 721 1214 βασιλέας,
775 1144 1083 1213 ἢῦπάτους,
1131 1146 1165 1214 ἢ
1189 1145 1550 1214 Ὀλυμπιάδας,
1602 1145 1636 1214 ἢ
1662 1144 1948 1216 ἡγεμονίας,
1998 1144 2028 1200 ὁ
2059 1146 2183 1200 αἰών
2226 1145 2401 1200 ἑαυτόν

473 1229 807 1300 άριθμήσειεν.
878 1229 1209 1302 Ὀγδοήκοντα
1247 1233 1300 1284 δὲ
1328 1233 1596 1294 παλλακαὶ,
1648 1234 1828 1294 αἵτινες
1855 1233 1905 1285 έν
1933 1234 2063 1306 μέσῳ
2095 1238 2191 1286 τῶν
2218 1235 2401 1301 βασιλί·

472 1320 575 1370 δων
600 1318 684 1370 καὶ
720 1315 817 1386 πρὸ
849 1323 936 1385 τῆς
965 1315 1207 1385 ένσάρκου
1240 1321 1510 1384 βασιλείας,
1566 1318 1782 1370 τουτέστι
1809 1323 1895 1384 τῆς
1923 1321 2153 1382 πίστεως,
2201 1319 2284 1371 καὶ
2313 1315 2396 1371 αὖ·

470 1408 558 1470 τῆς
581 1401 762 1469 ταύτης
785 1408 872 1470 τῆς
898 1402 1101 1469 νύμφης
1123 1405 1209 1455 καὶ
1234 1404 1517 1472 παρθένου,
1566 1403 1650 1455 καὶ
1677 1398 1884 1456 οἷσπίλου
1910 1424 1960 1455 τε
1986 1405 2068 1456 καὶ
2099 1408 2400 1475 περιστερᾶς,

472 1493 559 1555 τῆς
594 1486 750 1555 μόνης
785 1493 844 1561 τῇ
882 1489 1028 1558 μητρὶ
1065 1489 1147 1540 καὶ
1181 1494 1240 1561 τῇ
1279 1486 1500 1560 τεκούσῃ.

251 1672 362 1728 Κεφ.
391 1671 446 1722 ς’.
612 1656 871 1725 Ἐκκλησία
908 1656 1002 1729 γάρ
1032 1660 1162 1712 ἐστιν
1200 1656 1300 1712 οἷπὸ
1341 1665 1457 1726 μιᾶς
1496 1661 1703 1720 πίστεως
1732 1660 2052 1729 γεγενημένη,
2101 1665 2326 1726 τεχθεῖσα
2349 1658 2402 1712 δὲ

470 1740 554 1796 διά
583 1742 864 1810 πνεύματος
901 1742 1075 1815 άγίυυ,
1129 1748 1216 1812 μία
1251 1750 1311 1818 τῇ
1343 1743 1501 1818 μόνῃ,
1551 1746 1633 1797 καὶ
1674 1748 1762 1817 μία
1798 1751 1858 1818 τῇ
1895 1748 2226 1817 γεγεννηκυίᾳ.
2301 1745 2402 1797 Καὶ

471 1828 587 1886 ὅσαι
614 1827 733 1896 μετά
759 1829 943 1897 ταύτην
978 1824 1164 1897 ἦλθον,
1212 1832 1296 1883 καὶ
1340 1828 1436 1900 πρὸ
1479 1827 1658 1897 αὐτῆς,
1711 1833 2000 1892 παλλακίδες
2043 1828 2401 1898 ὠνομασμέναι,

470 1916 652 1975 αἵτινες
689 1913 743 1967 τό
786 1922 887 1968 πᾶν
932 1915 1028 1969 οὐκ
1064 1914 1310 1986 ἀλλότριαι
1336 1916 1618 1986 γεγένηνται
1659 1915 1907 1983 διαθήκης
1938 1917 2023 1968 καὶ
2058 1918 2398 1985 κληρονομίας,

470 1997 538 2067 μή
564 2002 967 2069 πεπροικισμέναι
993 2002 1045 2055 δὲ
1073 1999 1174 2055 ύπό
1208 2006 1295 2054 τοῦ
1327 2000 1493 2071 λόγου,
1529 2002 1614 2053 καὶ
1645 2000 1712 2068 μή
1742 2000 1997 2068 δεξάμεναι
2023 1998 2278 2069 ὑποδοχήν
2309 2005 2399 2054 τοῦ

472 2082 616 2155 άγίου
644 2084 948 2154 πνεύματος,
989 2085 1145 2155 μόνον
1176 2087 1228 2139 δὲ
1255 2085 1529 2151 συνάφειαν
1555 2084 1655 2139 ύπὸ
1694 2089 1971 2153 συνείδησιν
1995 2084 2121 2155 πρὸς
2145 2084 2232 2138 τόν
2252 2084 2399 2155 λόγον

473 2174 740 2240 έσχηκυῖαι.
825 2177 1004 2234 Καλῶς
1048 2171 1142 2242 γάρ
1191 2170 1221 2225 ὁ
1253 2169 1484 2241 Ἑβραῖος
1519 2169 1608 2239 τήν
1652 2174 1924 2224 παλλακίδα
1971 2173 2179 2240 ἔφρασε,
2233 2169 2400 2238 φήσας

475 2264 493 2295 ¹
514 2255 668 2325 αὐτὴν
701 2259 996 2328 Φελεγέσθα.
1076 2258 1251 2327 Φελὲγ,
1291 2257 1319 2310 ὃ
1355 2255 1670 2326 ἑρμηνεύεται
1694 2255 1871 2324 ἥμισυ,
1895 2254 2088 2319 ”Εσθα,
2126 2255 2278 2326 γυνή·
2315 2258 2400 2309 ἵνα

470 2346 611 2418 εἴπῃ,
634 2342 823 2411 ’Ήμισυ
850 2343 1099 2413 γυναικός.
1179 2342 1373 2395 2““Ὀσον
1400 2342 1487 2408 μὲν
1514 2340 1606 2412 γοὶρ
1631 2335 1749 2409 ἧκεν
1774 2344 1842 2404 εἰς
1868 2340 1953 2394 τὸν
1976 2341 2175 2412 κύριον,
2211 2340 2401 2403 πάντας

470 2431 700 2497 κέκληκεν
734 2432 802 2492 εἰς
832 2429 1111 2497 ἐλευθέριον
1135 2433 1270 2493 φῶς,
1325 2427 1513 2494 φήσας,
1562 2424 1649 2488 Ὡς
1679 2429 1803 2495 ἔχετε
1829 2425 1883 2479 vd
1912 2432 2022 2493 φῶς
2052 2424 2163 2493 μεθ’
2196 2427 2416 2491 ἑαυτῶν,

470 2517 522 2568 έν
549 2517 674 2581 φωτὶ
700 2521 1031 2583 περιπατεῖτε,
1082 2514 1166 2565 καὶ
1200 2510 1228 2565 ὁ
1258 2511 1397 2582 ἅγιος
1427 2511 1700 2574 ἀπόστολος
1724 2513 1900 2582 λέγων,
1951 2509 2112 2579 Ὑμεῖς
2137 2511 2189 2564 δὲ
2213 2509 2402 2582 ἡμέρας

470 2601 574 2653 ἐστὲ
602 2601 766 2664 τέκνα,
804 2601 888 2652 καὶ
914 2601 1059 2651 τέκνα
1087 2597 1268 2664 φωτός.
1345 2599 1444 2650 Καὶ
1473 2596 1621 2650 πάλιν
1649 2599 1700 2650 έν
1723 2603 1781 2671 τῇ
1807 2601 1922 2670 θείᾳ
1946 2603 2143 2670 γραφῇ,
2180 2593 2401 2652 Ὀποιῶν

467 2684 528 2739 τοὶ
555 2691 719 2751 φαῦλα
761 2692 893 2751 μισεῖ
930 2682 984 2736 vd
1017 2690 1151 2749 φῶς,
1204 2685 1288 2736 καὶ
1329 2683 1423 2736 οὐκ
1466 2684 1653 2753 ἔρχεται
1692 2682 1819 2752 πρὸς
1846 2681 1901 2736 τό
1932 2687 2055 2747 φῶς.
2135 2680 2279 2734 Οὕτω
2315 2683 2402 2735 καὶ

468 2774 782 2834 παλλακίδες,
820 2768 911 2823 ούκ
941 2771 992 2822 ἐν
1018 2775 1085 2842 τῷ
1111 2776 1380 2838 προφανεῖ,
1419 2765 1511 2820 οὐκ
1543 2770 1593 2821 έν
1620 2774 1680 2841 τῇ
1705 2767 1969 2831 τελειώσει,
2008 2763 2124 2820 οὐδὲ
2150 2768 2202 2820 ἐν
2228 2768 2400 2837 προικὶ

468 2855 670 2926 ἄγονται
695 2863 798 2917 τοῖς
824 2852 1090 2923 άνδράσιν,
1142 2857 1186 2907 εἰ
1211 2855 1294 2906 καὶ
1321 2852 1596 2919 συνάφειαν
1631 2861 1790 2921 σχοῖεν
1819 2856 1874 2905 αἱ
1894 2850 2037 2904 αὐταὶ
2067 2852 2193 2921 πρὸς
2220 2850 2280 2904 τοὶ
2305 2852 2400 2905 σώ-

470 2963 597 3009 ματα
622 2947 719 2994 τῶν
746 2939 959 3009 ἀνδρῶν,
999 2940 1059 2992 οὐ
1087 2941 1176 3006 μέν
1196 2943 1271 2992 τοί
1295 2960 1348 3009 γε
1372 2938 1460 3006 τήν
1489 2945 1576 3006 τῆς
1605 2940 1868 3009 ἐλευθέρας
1894 2936 2126 3008 γυναικός
2149 2935 2294 3004 τιμήν
2315 2939 2400 2991 καὶ

470 3025 738 3094 ὀνομασίαν
761 3027 844 3079 καὶ
874 3028 1135 3093 βεβαίωσιν
1163 3028 1250 3078 καὶ
1277 3022 1465 3094 φερνήν
1488 3026 1573 3077 καὶ
1601 3026 1719 3076 ἕδνα
1747 3025 1829 3077 καὶ
1856 3019 2152 3091 προικισμδν
2175 3023 2259 3074 καὶ
2285 3043 2401 3091 γνη-

469 3111 667 3179 σιότητα
696 3113 818 3179 ἔχειν
863 3109 1107 3163 δύνανται.
1187 3112 1491 3170 Παλλακίδες
1533 3115 1655 3178 γοῦν
1694 3111 1748 3161 αἱ
1786 3112 2001 3176 καθεξῆς
2040 3105 2401 3176 άριθμηθεῖσαι

470 3198 693 3266 αἱρέσεις,
734 3194 801 3258 ὥς
825 3194 925 3248 ἅνω
952 3197 1094 3262 ἔφην,
1134 3195 1443 3265 ὀγδοήκοντα
1471 3192 1537 3261 μή
1562 3196 1853 3260 θαυμαζέτω
1881 3194 1935 3245 δέ
1962 3214 2036 3253 τις
2059 3194 2103 3244 εἰ
2129 3192 2212 3244 καὶ
2240 3189 2400 3254 ἅλλοις

472 3279 712 3349 ὀνόμασιν
740 3282 917 3348 ἑκάστη
939 3281 1128 3333 τούτων
1150 3280 1456 3347 κικλήσκεται
1483 3281 1534 3332 έν
1558 3278 1737 3351 ἑκάστῃ
1761 3277 1909 3349 χώρα.
1965 3274 2104 3329 Ἀλλοὶ
2129 3278 2212 3329 καὶ
2240 3278 2397 3331 έκεῖνο

469 3368 865 3436 παρατηρητέον,
921 3365 995 3419 ὅτι
1032 3365 1264 3427 πολλάκις
1303 3363 1420 3418 καθ’
1460 3363 1640 3432 ἑαυτὴν
1679 3362 1824 3415 πάλιν
1863 3360 2041 3428 ἑκάστη
2086 3364 2270 3429 αἵρεσις
2302 3365 2399 3430 σχί-

474 3469 596 3504 σασα
637 3454 706 3513 εἶς
745 3449 899 3503 πολλοὶ
927 3453 1048 3521 μέρη
1092 3453 1177 3504 καὶ
1215 3449 1432 3518 ὀνόματα
1461 3451 1637 3515 διέστη.
1718 3445 1791 3499 Ού
1814 3445 1905 3516 γάρ
1934 3449 2032 3499 ἐστι
2060 3453 2257 3514 θαῦμα·
2298 3448 2400 3500 ἔστι

474 3536 567 3606 γάρ
592 3539 676 3590 καὶ
704 3535 872 3598 οὕτως.
944 3534 1278 3606 Ὀγδοήκοντα
1306 3536 1359 3588 δὲ
1389 3536 1471 3587 καὶ
1498 3535 1583 3587 ἕνα
1608 3530 1828 3602 ἀριθμόν
1853 3528 2161 3601 εὑρίσκομεν,
2202 3533 2288 3585 ἕνα
2311 3532 2399 3599 μὲν

526 3651 566 3709 3.
599 3654 854 3693 scribendum
883 3655 1046 3703 fortasse
1075 3653 1146 3724 τῇ,
1178 3655 1238 3692 vel
1267 3666 1327 3705 γε.
1465 3652 1654 3700 Scaliyer.
1711 3649 1819 3687 Libri
1853 3650 1970 3698 vulyo
2005 3650 2143 3689 habent
2176 3641 2286 3703 αὐτῇ
2317 3661 2398 3701 φε-

527 3711 566 3748 4.
596 3711 842 3759 Explendum
871 3711 1034 3760 fortasse
1075 3723 1178 3751 ειναι
1222 3708 1296 3750 καὶ
1339 3705 1409 3749 ἐπὶ
1465 3705 1675 3759 λέγεσθαι.
1860 3753 1883 3770 η
1996 3718 2014 3772 ’ἴ
2229 3763 2237 3771 ἡ

473 3764 557 3806 κτλ.
1524 3763 1563 3803 2.
1581 3763 1636 3804 De
1658 3761 1829 3812 formula
1858 3773 1954 3803 οσον
1982 3775 2085 3814 ηκεν
2113 3760 2173 3809 εἰς
2197 3762 2285 3802 vzde
2309 3772 2398 3802 eru-

532 3819 715 3863 CAP.V[.
750 3845 797 3851 -—
852 3822 879 3862 1.
914 3816 1047 3877 αὐτὴν
1075 3819 1312 3878 φελεγέσὲα
1338 3822 1409 3863 Ios.
