2508 4134
939 293 1119 336 INDEX
1147 291 1351 335 RERUM.

254 397 365 439 idem
405 396 549 438 Paulus
589 409 679 437 cum
721 393 802 435 suis
839 394 1114 433 Samosatenis

253 466 434 507 iudaizat
456 465 557 506 ibid.
581 488 630 497 -
686 463 796 505 aliud
818 476 939 517 quam
966 464 1114 502 Samo—

255 535 388 576 sateni
425 535 551 576 sentit
585 532 784 576 catholica
821 531 921 572 fides
946 530 999 571 de
1024 539 1115 571 tota

256 604 443 646 trinitate
471 607 566 645 609.
583 628 637 636 -
672 602 840 645 verbum
865 601 984 656 quale
1008 601 1116 641 Pau-

255 675 318 716 lus
347 677 633 716 Samosatenus
663 672 888 714 constituat
915 670 1014 712 ibid.

201 758 366 800 Peccati
408 759 505 812 fuga
545 772 621 813 per
657 765 834 798 mortem
887 754 1119 795 ostenditur

256 837 353 883 apta
381 827 647 868 similitudine
678 826 853 882 caprifici
883 828 978 866 548.

202 900 418 940 Peccatum
453 897 664 952 quomodo
705 897 747 937 in
777 895 897 938 nobis
933 894 1119 936 habitare

260 968 420 1009 dicatur
449 970 542 1007 548.

202 1039 418 1080 Peccatum
455 1051 540 1078 non
576 1045 673 1078 ante
711 1050 884 1090 corpus,
930 1034 1005 1076 sed
1038 1047 1122 1074 »una

261 1123 351 1149 cum
381 1121 554 1162 corpore
583 1115 723 1147 natum
752 1109 846 1149 573.

205 1193 425 1234 Peccatum
449 1205 569 1232 omne
594 1190 724 1232 carnis
748 1189 995 1232 adminiculo
1021 1204 1123 1245 per-

262 1261 395 1303 ficitur
418 1264 519 1309 585.

206 1332 390 1373 Peccatis
430 1346 479 1373 ac
507 1330 616 1373 vitiis
652 1340 817 1373 strenue
853 1329 1125 1372 resistendum

263 1405 358 1444 586.

205 1473 423 1514 Peccatum
447 1471 630 1514 residens
651 1471 693 1512 in
718 1485 890 1526 corpore
914 1484 1024 1512 mors
1052 1484 1124 1525 ap-

263 1541 442 1597 pellatur
469 1557 492 1583 a
521 1542 646 1584 Paulo
673 1544 770 1609 1589.

207 1627 381 1668 Peccata
421 1625 603 1682 quamvis
644 1626 687 1666 in
724 1626 924 1681 scriptura
959 1623 1126 1680 praedi-

266 1704 433 1751 cantur,
462 1705 602 1738 tamen
627 1710 710 1737 non
736 1704 961 1751 propterea
989 1708 1127 1735 caussa

263 1775 527 1822 peccatorum
557 1765 636 1808 deo
664 1765 882 1807 tribuenda
913 1768 1007 1806 281.

209 1851 371 1893 Peccati
397 1865 595 1906 quaenam
621 1850 752 1905 origo,
784 1859 827 1892 et
848 1850 956 1891 unde
984 1849 1027 1890 in
1052 1863 1128 1890 nos

266 1920 410 1962 influat
440 1924 533 1961 266.

210 1990 430 2032 Peccatum
455 1990 662 2047 quomodo
692 2005 744 2032 ex
771 1990 918 2033 arbore
957 1989 1126 2044 prodie-

266 2060 322 2102 rit
351 2064 446 2107 268.

212 2130 349 2171 Pellex
378 2145 456 2186 qua
486 2146 591 2173 voce
615 2131 724 2186 apud
749 2132 961 2172 Hebraeos
991 2128 1130 2184 expri-

269 2209 424 2251 matur,
473 2210 517 2243 et
546 2202 773 2243 Hebraicae
819 2201 931 2243 vocis
963 2209 1131 2255 etymon

273 2273 394 2311 1083.

215 2340 482 2382 Pentateuchi
521 2342 776 2384 confirmatio
823 2349 967 2383 contra
995 2341 1130 2381 Naza-

271 2424 392 2452 raeos
424 2414 489 2453 38.
518 2416 586 2454 39.

219 2480 483 2522 Pentecostes
506 2482 798 2538 quinquaginta
819 2482 974 2529 diebus,
1003 2493 1135 2533 neque

274 2549 466 2592 ieiunium
490 2562 700 2603 servatur,
742 2567 874 2608 neque
902 2565 1032 2606 genua
1057 2549 1133 2589 fle-

277 2629 443 2662 ctuntur
470 2625 592 2664 1105.
621 2646 679 2656 --
735 2631 779 2663 et
803 2620 991 2678 quotidie
1015 2633 1137 2675 syna—

275 2704 345 2731 xes
375 2690 518 2734 fluunt.

221 2759 487 2802 Pentecostes
514 2762 667 2803 festum
703 2771 801 2818 post
826 2762 978 2803 festum
1004 2759 1136 2801 mani-

278 2830 466 2885 pulorum
494 2835 592 2873 453.

222 2899 382 2955 Pepuza
403 2902 600 2957 oppidum
620 2901 834 2957 Phrygiae,
866 2902 933 2942 ubi
965 2915 1141 2955 congre—

279 2970 480 3023 gabantur
525 2972 802 3028 Cataphryges
855 2971 1142 3027 mysteriorum

280 3054 446 3081 suorum
472 3056 610 3082 caussa
634 3045 731 3083 416.
756 3066 809 3074 -
851 3042 970 3083 variis
999 3056 1047 3082 ex
1073 3042 1139 3082 lo-

285 3110 341 3152 cis
396 3110 622 3167 scripturae
678 3111 877 3165 probatur
931 3111 1143 3152 distinctio

282 3195 552 3236 personarum
579 3181 620 3222 in
650 3181 730 3222 deo
761 3181 818 3222 ib.
848 3189 892 3221 et
918 3185 1013 3222 483.

229 3266 376 3317 Petra,
407 3266 581 3307 Arabiae
602 3265 844 3320 metropolis
865 3265 982 3306 deam
1006 3264 1145 3319 Virgi-

284 3351 378 3377 nem
422 3336 547 3386 colit,
597 3336 762 3391 eiusque
800 3335 926 3394 filium
964 3337 1144 3376 Dusaren

285 3410 381 3447 444.
413 3405 646 3459 (Addend.)

231 3477 445 3518 Petronius
475 3476 600 3530 Niger
628 3475 845 3516 herbarum
875 3475 1052 3530 scriptor
1082 3479 1119 3514 3.

233 3546 379 3588 Petrus
425 3546 709 3602 apostolorum
757 3546 971 3600 princeps,

290 3631 409 3672 quem
438 3616 609 3658 fundata
637 3624 700 3656 est
729 3615 900 3656 ecclesia
927 3617 1021 3655 500.

235 3687 379 3728 Petrus
405 3687 688 3742 apostolorum
724 3685 912 3741 princeps
949 3685 1100 3726 electus
1127 3699 1151 3725 a

295 3756 458 3798 Christo
487 3761 582 3798 440.

322 3824 466 3872 Corpus
483 3825 704 3862 Haerescol.
734 3824 781 3859 11.
802 3825 838 3859 3.

1029 3558 1150 3599 super

1987 275 2087 326 769

1171 388 1434 443 Phalangium
1458 384 1765 440 tetragnathum
1788 395 1859 425 cur
1874 381 1934 424 sic
1951 380 2091 423 nomi-

1228 468 1368 499 natum
1398 460 1492 500 262.

1173 527 1378 569 Pharisaei
1407 526 1562 567 dierum
1587 539 1636 566 ac
1660 514 1883 577 mensium,
1911 522 2092 577 itemque

1228 597 1435 651 signorum
1473 594 1639 637 Zodiaci
1679 593 1845 635 nomina
1873 608 1898 634 a
1925 590 2091 634 Graecis

1228 667 1403 707 mutuati
1433 669 1498 706 34.
1530 667 1596 708 35.

1175 735 1378 776 Pharisaei
1405 734 1680 776 astronomiae
1709 732 1864 774 addicti
1893 735 1958 773 34.

1177 805 1482 846 Pharisaeorum
1523 804 1755 845 institutum
1795 800 2094 844 severissimum

1234 878 1300 915 34.

1179 944 1380 985 Pharisaei
1411 944 1518 985 unde
1546 944 1648 985 dicti
1678 948 1744 985 34.

1180 1013 1484 1055 Pharisaeorum
1508 1013 1712 1068 haeresis,
1757 1026 1860 1069 quae
1886 1020 1950 1053 est
1975 1011 2096 1053 tertia

1238 1084 1476 1125 ludaeorum
1506 1088 1572 1125 33.

1181 1146 1341 1195 Phidias
1369 1154 1411 1195 in
1438 1154 1546 1196 Iovis
1585 1154 1801 1195 simulacro
1843 1151 1941 1208 quid
1968 1151 2098 1207 egerit

1237 1227 1331 1265 542.

1183 1293 1429 1335 Philistionis
1454 1294 1567 1334 mimi
1597 1298 1692 1334 222.

1182 1364 1298 1405 Philo
1329 1363 1381 1404 de
1413 1363 1649 1405 Christianis
1679 1367 1773 1404 120.

1183 1432 1525 1488 Philosophorum
1571 1444 1708 1474 sectae
1751 1434 1862 1489 apud
1905 1435 2100 1488 Graecos,

1236 1518 1453 1559 earumque
1481 1512 1669 1544 auctores
1699 1508 1766 1543 11.

1185 1574 1531 1629 Philosophorum
1577 1583 1715 1615 sectae
1764 1574 1874 1629 apud
1921 1574 2101 1615 Graecos

1239 1659 1263 1685 a
1289 1644 1466 1686 Thalete
1502 1659 1627 1699 usque
1662 1644 1715 1686 ad
1740 1644 1957 1699 Epicurum
1981 1647 2103 1685 1086.

1239 1730 1326 1771 sqq.

1187 1787 1524 1828 photinianorum
1549 1786 1725 1827 haeresis
1750 1789 1816 1827 51.
1846 1794 1946 1845 post
1982 1786 2103 1827 chri-

1240 1858 1519 1907 stianismum,
1561 1866 1604 1896 et
1634 1860 1698 1897 71.
1740 1856 1886 1898 ordine
1925 1859 2021 1899 828.
2052 1880 2104 1888 —-

1242 1928 1350 1969 unde
1377 1928 1436 1968 sic
1465 1926 1566 1967 dicti
1594 1926 1693 1966 ibid.

1188 1998 1388 2039 Photinus
1428 1997 1536 2038 unde
1570 1996 1762 2037 oriundus
1785 2001 1880 2038 829.
1912 2021 1964 2029 -
2021 1998 2106 2039 eius

1244 2083 1359 2109 error
1371 2067 1468 2108 ibid.
1489 2091 1540 2098 -
1572 2066 1805 2122 eloquentia
1823 2067 1924 2108 ibid.
1948 2090 1997 2099 —
2027 2069 2107 2108 de-

1243 2138 1403 2194 positus
1442 2137 1595 2178 iudices
1626 2152 1649 2178 a
1681 2137 1953 2178 Constantino
1999 2137 2108 2192 petit

1243 2207 1340 2249 ibid.
1357 2232 1409 2240 —
1460 2223 1549 2249 cum
1567 2207 1713 2248 Basilio
1729 2211 1946 2263 Ancyrano
1963 2206 2109 2263 dispu-

1245 2287 1307 2320 tat
1338 2278 1438 2319 ibid.

1190 2349 1356 2390 Photini
1385 2348 1565 2389 rationes
1596 2351 1691 2388 830.
1723 2371 1776 2379 —
1833 2348 1918 2389 eius
1946 2348 2110 2390 refuta-

1245 2419 1307 2460 tio
1337 2419 1438 2461 ibid.

1194 2490 1359 2531 Photini
1377 2489 1572 2539 obiectio,
1603 2498 1646 2528 et
1671 2489 1754 2529 eius
1770 2489 1921 2530 solutio
1946 2489 2112 2530 ibid.—

1249 2575 1370 2616 quam
1393 2560 1499 2601 male
1524 2559 1697 2600 senserit
1719 2559 1771 2600 de
1796 2559 1944 2615 spiritu
1967 2570 2111 2602 sancto

1251 2635 1345 2673 833.

1198 2702 1401 2758 Phrygum
1420 2701 1506 2742 sive
1520 2700 1862 2741 Montanistarum
1879 2709 1950 2742 aut
1961 2702 2115 2743 Tasco-

1252 2773 1526 2827 drugitarum,
1570 2771 1750 2811 haeresis
1778 2774 1843 2811 28.
1870 2780 1966 2826 post
1994 2770 2115 2812 Chri-

1253 2842 1453 2884 stianismi
1485 2850 1675 2882 exortum
1709 2841 1796 2882 sive
1827 2844 1896 2882 48.
1935 2845 2032 2882 402.
2063 2865 2116 2873 ——

1253 2914 1296 2955 hi
1318 2913 1442 2954 etiam
1471 2911 1749 2966 Cataphryges
1773 2911 1875 2952 dicti
1906 2926 1987 2967 quo
2012 2920 2116 2952 tem-

1254 2998 1357 3039 pore
1373 2981 1605 3038 prodierint
1627 2982 1726 3022 ibid.
1744 3005 1799 3014 —
1839 2995 1982 3023 eorum
2009 2981 2119 3037 dog-

1255 3063 1367 3094 mata
1389 3053 1488 3093 ibid.
1512 3076 1565 3083 —
1595 3051 1648 3092 de
1662 3051 1849 3093 trinitate
1863 3051 2007 3093 eadem
2029 3065 2121 3092 cum

1257 3123 1430 3165 ecclesia
1458 3121 1644 3164 sentiunt
1673 3121 1771 3162 ibid.

1202 3193 1378 3249 Phrygia
1415 3192 1593 3240 Adusta,
1640 3206 1742 3246 qnae
1772 3200 1838 3233 est
1865 3206 1960 3248 pars
1986 3192 2120 3248 Phry-

1257 3265 1373 3317 giae,
1405 3262 1512 3303 unde
1541 3263 1652 3303 dicta
1682 3266 1774 3302 399.

1206 3333 1461 3388 phylacteria
1492 3348 1594 3387 quae
1622 3333 1811 3373 dicantur
1839 3335 1907 3374 32.

1207 3407 1307 3444 Acta
1334 3403 1454 3443 Pilati
1482 3406 1576 3443 420.

1206 3473 1322 3513 Plato
1353 3472 1475 3513 deum
1504 3472 1745 3513 effectorem
1785 3471 1964 3514 omnium
1991 3486 2128 3514 rerum

1261 3543 1433 3597 agnovit
1463 3547 1529 3583 14.

1208 3612 1407 3654 Platonici
1435 3627 1655 3668 eorumque
1702 3613 1880 3654 haeresis
1919 3613 2131 3669 gentilium

1265 3691 1431 3738 quarta,
1465 3683 1608 3723 ordine
1636 3692 1750 3724 sexta
1781 3687 1845 3724 14.

1210 3754 1325 3796 Plato
1356 3753 1436 3795 tria
1465 3753 1663 3809 principia
1692 3755 1838 3795 statuit
1869 3758 1936 3795 14.

1729 3829 1795 3880 49
