2508 4134
664 264 803 306 ΤοΜι
833 263 1041 304 Pmoms
1073 264 1206 304 PARS
1237 263 1551 305 Pos‘rssmoss.
1957 253 2058 303 647

156 377 221 404 ναι
248 363 350 402 Ven.
382 385 432 392 -—-
489 362 516 402 l.
549 362 610 405 17.
650 356 817 415 ὄλεθρον
856 360 936 413 τῆς
977 359 1133 414 σαρκός
1162 362 1264 400 Ven.
1293 384 1347 391 —
1404 361 1431 401 l.
1458 360 1525 402 20.
1555 358 1619 404 διὸ
1653 361 1693 403 εἴ
1718 375 1758 403 τι
1789 361 1887 402 Ven.
1948 358 2059 398 Idem

156 432 183 471 l.
209 432 275 473 21.
306 429 510 485 προςῶπῳ
534 430 688 485 κυρίου,
713 430 779 473 ἵνα
799 434 908 490 κκτλ.,
940 438 982 470 et
1009 430 1036 470 l.
1057 430 1123 471 22.
1154 425 1232 484 δ’ρα
1257 430 1348 479 πῶς
1373 434 1410 474 δ.
1441 446 1484 484 μ.
1514 446 1553 472 κ.
1580 428 1683 484 μετὰ
1708 428 1983 483 παράπτωμα.
2004 452 2060 460 —

156 501 185 541 I.
206 501 272 541 25.
316 497 500 555 ἆπατήρ
540 497 656 555 ὑμῶν
696 496 719 544 ὅ
752 498 988 552 ἐπουράνιος
1023 495 1157 552 οἷφίση
1202 499 1292 553 (εἰσ)
1335 497 1430 554 ύμῖν
1471 501 1575 540 Ven.
1637 499 1750 539 Idem
1791 498 1819 539 l.
1850 498 1918 540 26.
1949 493 2058 541 οῦτω

156 568 276 623 φησὶ,
305 568 393 612 Καὶ
417 568 618 624 πενθήσω
637 584 678 613 π.
705 567 800 617 τοὺς
825 567 866 611 ἐν
894 565 1003 623 ύμῖν.
1042 592 1087 599 —-
1120 568 1147 608 1.
1166 569 1232 611 27.
1265 569 1350 618 καὶ,
1383 577 1479 609 ante
1508 568 1756 621 παρέπεσαν,
1788 583 1869 610 om.
1886 570 2058 609 ven.—

158 641 186 679 I.
209 637 275 680 29.
306 633 395 692 μετ’
419 638 593 682 ἑκάστου
622 639 709 694 (εἷο)
735 640 835 678 Ven.
873 662 919 668 —
952 639 977 678 Ι.
1002 635 1041 678 4.
1073 637 1124 677 ab
1153 637 1228 677 inf.
1257 639 1433 681 τοιοῦτον
1462 638 1642 693 περιέχει
1666 635 1734 679 τὸν
1762 653 1853 694 χαρ.
1882 640 1985 679 Ven.
2004 661 2057 670 -—

155 708 183 748 1.
213 707 252 750 3.
283 708 333 748 ab
355 707 430 748 inf.
459 709 547 762 τοῦ,
577 717 672 749 ante
699 708 865 762 λουτροῦ
881 739 895 757 ,
926 723 1006 749 om.
1033 709 1156 754 Ven.‚
1190 721 1362 760 pergens
1388 708 1468 760 τῆς
1489 709 1655 760 παλιγγ.
1682 705 1741 748 ἐνὶ
1767 707 1971 763 μετανοίᾳ.
2007 731 2057 740 -

154 778 177 817 I.
207 778 361 833 penult.
401 780 484 826 πᾶς
510 776 534 821 ο“
563 773 777 832 ἅνθρωπος
814 779 914 817 Ven.
946 800 1000 807 -—
1057 777 1083 816 1.
1113 777 1184 816 ult.
1215 771 1312 819 ούδὲ
1344 776 1409 824 δὶς
1436 775 1519 819 ἐστ.
1550 776 1643 829 Χρ.,
1678 772 1763 819 ἀλλ’
1795 772 1929 828 ἅπαξ,
1961 771 2057 821 οῦτε

153 851 191 892 δ.
221 843 342 891 άπέθ.
375 844 475 900 ὑπὲρ
506 844 629 901 τῖμῶν
661 849 760 889 Ven.

260 918 391 974 Pag.
413 917 536 962 182.
594 917 618 957 l.
650 919 686 958 5.
719 917 881 960 σκοπῶν
918 914 1063 959 ἑαυτὸν
1094 917 1195 956 Ven.
1254 915 1368 955 Idem
1395 915 1422 954 l.
1451 915 1490 957 7.
1536 914 1647 954 delet
1687 914 1764 969 τήν
1798 925 1892 957 ante
1923 915 2055 970 μετά-

152 1002 271 1030 νοιαν.
315 1011 351 1016 -
414 987 438 1026 I.
463 992 501 1027 ὅ.
546 985 653 1041 μετὰ
681 988 753 1029 τοῦ
783 986 964 1029 τοιούτου
991 990 1104 1028 ποιεῖ
1141 980 1269 1033 αύτός
1305 982 1428 1038 μόνος
1465 985 1567 1024 Ven.
1628 984 1737 1024 Idem
1773 986 1797 1025 I.
1819 984 1857 1026 9.
1890 987 2056 1039 praebet

149 1057 329 1111 κρίματα
365 1051 490 1099 αύτοῦ
526 1056 598 1099 καὶ
634 1051 930 1110 άνεκδιηγητοι
958 1056 1001 1098 αἱ
1035 1052 1150 1104 ὁδοὶ,
1194 1063 1236 1095 et
1266 1055 1290 1094 l.
1318 1055 1378 1096 10.
1414 1050 1555 1107 κύριος
1594 1053 1666 1095 καὶ
1707 1052 1965 1108 άνακαλύψει
2002 1055 2054 1100 τοὶ

150 1124 308 1181 κρυπτοὶ
347 1127 439 1180 τῆς.
474 1150 523 1156 -
583 1126 610 1166 l.
641 1127 701 1168 11.
752 1127 915 1179 Repone
957 1125 1113 1165 articul.
1158 1122 1180 1167 ὁ
1218 1133 1313 1164 ante
1349 1123 1519 1171 ἔπαινος.
1560 1147 1604 1153 -
1664 1124 1690 1163 I.
1725 1125 1784 1166 17.
1814 1124 1924 1167 ἐστὶν
1955 1123 2055 1175 θεὸς

149 1196 257 1251 (sine
286 1193 325 1247 ὁ)
360 1198 458 1236 Ven.
496 1219 550 1226 —
618 1194 644 1235 1.
676 1184 735 1236 18.
781 1194 987 1248 σωτηρίαν
1031 1193 1103 1237 καὶ
1141 1193 1447 1248 φιλανθρωπίαν
1490 1195 1589 1232 Ven.
1650 1193 1760 1233 Idem
1788 1195 1815 1234 1.
1844 1197 1910 1235 20.
1944 1196 2055 1236 delet

145 1268 226 1320 τῆς
253 1276 348 1306 ante
376 1265 602 1319 μετανοίας.
635 1288 685 1295 -—
744 1265 769 1305 l.
796 1265 860 1306 23.
895 1261 1171 1318 περισσότερα
1192 1266 1294 1304 Ven.
1353 1264 1468 1303 Idem
1498 1263 1619 1317 paulo
1646 1272 1741 1317 post
1769 1263 2054 1320 διαβαστάξει.

146 1335 266 1388 Φησὶ
289 1333 395 1389 γὰρ,
438 1333 551 1389 Γυνὴ
579 1334 744 1378 δέδεται
771 1332 888 1389 νόμῳ
919 1331 985 1389 ἐφ’
1015 1330 1111 1378 ὅσον
1141 1335 1218 1388 (ita
1247 1334 1388 1387 corrig.
1416 1334 1455 1372 in
1489 1333 1625 1386 editis)
1658 1348 1721 1388 χρ.
1755 1357 1804 1364 --
1864 1334 1890 1374 I.
1919 1336 1984 1375 25.
2016 1326 2053 1391 ᾦ

145 1405 256 1448 θέλει
283 1408 383 1446 Ven.
444 1405 555 1445 Idem
586 1405 609 1444 I.
635 1404 700 1446 26.
739 1403 783 1448 τὰ
826 1402 1039 1457 ἐλεύθερον
1073 1400 1171 1447 άπὸ.
1207 1427 1253 1433 -
1313 1403 1337 1443 l.
1370 1404 1408 1446 7.
1439 1403 1489 1442 ab
1520 1402 1594 1443 inf.
1641 1400 1869 1452 ἀπόστολος
1911 1400 2051 1454 αὐτὸς,

144 1474 215 1517 καὶ
242 1474 350 1529 φησὶ
379 1476 481 1515 Ven.
515 1498 561 1505 —-
598 1474 680 1515 1.5.
710 1475 760 1515 ab
785 1475 860 1514 inf.
892 1470 997 1517 ἀλλὰ
1027 1473 1068 1516 έν
1093 1470 1277 1529 εύνομίᾳ,
1308 1472 1348 1515 έν
1375 1472 1601 1528 παρρησίᾳ,
1634 1481 1675 1512 et
1706 1473 1731 1512 l.
1749 1473 1787 1515 3.
1819 1472 1859 1516 έν
1891 1472 2050 1528 ἐλεημ,

146 1544 186 1587 ἐν
218 1545 409 1600 σπουδῇ,
439 1543 480 1587 ἐν
509 1540 634 1600 οἷγαθ.
668 1546 768 1584 Ven.

254 1615 383 1671 Pag.
404 1615 530 1658 184.
586 1614 612 1654 l·
629 1615 667 1656 2.
699 1612 958 1668 σύγγνωστον
983 1615 1016 1652 V
1021 1627 1085 1655 en.
1113 1613 1231 1653 acuit.
1264 1637 1315 1643 -
1373 1613 1400 1652 l.
1430 1614 1468 1654 3.
1499 1610 1765 1656 διδάσκονται
1789 1612 1861 1656 καὶ
1884 1616 2051 1656 κατελε-

142 1684 282 1727 οῦνται
309 1684 385 1733 (ita
410 1692 451 1724 et
482 1684 588 1737 Bas.)
615 1685 715 1724 Ven.
775 1684 888 1724 Idem
914 1684 939 1724 I.
969 1685 1007 1724 5.
1041 1681 1308 1737 κηρύγματος
1334 1683 1407 1725 καὶ
1443 1683 1594 1736 καθαρ.
1626 1692 1667 1722 et
1694 1684 1815 1737 paulo
1842 1695 1934 1738 post
1962 1683 2052 1726 ἐστὶ

141 1753 213 1796 καὶ
238 1752 438 1807 καθαρὸς.
469 1777 523 1784 -—
580 1753 606 1792 l.
634 1754 670 1795 7.
716 1751 739 1797 ὁ
767 1751 951 1806 καθαρὸν
994 1751 1138 1796 ἑαυτὸν
1174 1750 1394 1807 ἀποφήνας
1430 1754 1530 1792 Ven.
1560 1776 1615 1783 —-
1672 1753 1698 1792 l.
1722 1753 1760 1794 9.
1803 1750 2049 1806 νομιζόντων

141 1821 211 1868 διὰ
237 1823 277 1866 ἔν
299 1839 352 1872 τι,
380 1822 417 1865 εἰ
435 1822 509 1865 καὶ
531 1814 583 1875 ἦν
610 1819 688 1873 άλ.,
716 1822 809 1877 περὶ
833 1821 985 1871 παντὸς
1001 1825 1073 1866 τοῦ
1099 1823 1197 1865 λαοῦ
1222 1820 1269 1865 τὸ
1297 1818 1495 1876 κηρυγμα
1524 1817 1657 1871 οῦτως
1679 1817 1854 1877 φάσκων
1879 1825 1979 1862 Ven.
1998 1848 2050 1854 --

141 1893 168 1933 1.
202 1895 259 1935 11.
291 1895 368 1933 Pro
398 1894 546 1947 γνῶμα
572 1893 706 1932 scribe
734 1894 896 1947 γνῶναι.
936 1918 978 1924 —
1042 1892 1141 1932 Ibid.
1188 1889 1365 1946 ὑπάρχει
1393 1890 1510 1947 πάσῃ
1540 1893 1681 1948 ψυχῇ,
1711 1887 1742 1945 ἢ
1771 1891 1818 1935 τὸ
1849 1891 1920 1936 διὰ
1948 1891 2047 1935 τού-

141 1977 211 2005 του
236 1959 424 2016 ἐνάρετον
454 1964 556 2002 Ven.
591 1986 639 1993 -
696 1962 724 2002 l.
759 1963 820 2003 15».
852 1961 1157 2017 ἐμπορεύεσθαι
1195 1961 1329 2001 firmat
1362 1962 1506 2002 Veneti
1545 1962 1782 2002 auctoritas.
1818 1986 1865 1992 ·—
1924 1962 1950 2001 l·
1985 1963 2045 2006 17·

143 2071 483 2130 συντριβήσεται,
515 2069 624 2118 οὕτω
651 2071 682 2127 ’ἦ
712 2076 812 2113 Ven.
875 2074 985 2113 Idem
1013 2074 1040 2113 1.
1078 2073 1135 2116 18.
1165 2073 1351 2128 πλήθους
1388 2045 1539 2122 πάντῖς
1578 2074 1615 2116 οἱ
1656 2074 1728 2116 καὶ
1768 2073 1938 2127 ἔμποροι
1977 2074 2049 2116 καὶ

140 2144 378 2187 πλεονέκται
419 2143 491 2186 καὶ
526 2159 611 2187 τοκ.
656 2143 846 2198 (μέθυσοι
885 2144 1033 2198 abest).
1083 2168 1127 2174 —
1188 2144 1310 2185 1.2Ο.
1357 2144 1527 2198 Repone
1576 2143 1648 2186 καὶ
1686 2141 1737 2186 τὰ
1777 2141 1949 2192 τούτοις.
1996 2168 2045 2174 -

140 2214 167 2254 l.
193 2214 260 2255 23.
292 2213 474 2267 ἔγνωσαν
510 2213 557 2258 δὲ
583 2206 694 2257 οῦτοι
749 2215 850 2254 Ven.
896 2214 1032 2253 Recte.
1068 2237 1116 2244 --
1175 2213 1201 2253 1.
1223 2214 1288 2254 25.
1335 2215 1413 2253 Pro
1455 2212 1593 2255 ἑαυτοὶ
1631 2214 1788 2267 con-rige
1835 2210 1962 2256 αὐτοὶ.
1995 2238 2046 2244 -

142 2283 167 2323 l.
190 2284 255 2327 27.
287 2283 360 2325 καὶ
406 2280 460 2327 δι’
497 2280 648 2332 αύτούς
687 2283 858 2337 ἐλεῆσαι
895 2285 996 2323 Ven.
1034 2308 1079 2313 »-
1139 2283 1163 2323 l.
1196 2283 1264 2325 28.
1294 2283 1467 2339 Δέχεται
1511 2281 1584 2336 μὲν
1613 2274 1681 2325 οῦν
1712 2285 1813 2325 Ven.
1846 2307 1896 2313 -
1955 2283 1982 2323 l.
2006 2283 2047 2326 6.

142 2354 192 2394 ab
233 2354 308 2394 inf.
355 2353 400 2402 ὁ,
446 2362 541 2394 ante
581 2351 697 2403 υἱὸς,
739 2367 805 2393 om
836 2355 934 2392 Ven.
978 2377 1020 2383 —
1077 2353 1104 2392 l.
1135 2355 1173 2394 5.
1213 2353 1264 2392 ab
1290 2353 1363 2392 inf.
1420 2350 1441 2397 ὁ
1480 2349 1598 2407 ἅγιος
1645 2352 1808 2406 Πέτρος
1848 2355 1951 2394 ven,
1997 2378 2050 2384 ..-

142 2423 169 2463 1.
194 2423 236 2466 3.
262 2424 312 2463 ab
337 2423 410 2463 inf.
454 2419 724 2479 ᾠκοδόμηται
750 2425 851 2464 Ven.
883 2447 933 2453 ——
993 2424 1018 2463 I.
1048 2423 1200 2477 penult.
1231 2421 1413 2475 Χριστὸν
1442 2420 1609 2476 Ἰησοῦν
1632 2423 1704 2465 τοῦ
1738 2423 1835 2465 θεοῦ
1864 2425 1965 2463 Ven.
1997 2447 2047 2454 —·

140 2492 168 2533 l.
198 2493 269 2532 ult.
303 2494 494 2533 Rescribe
520 2489 735 2547 ἀσφαλοῦς
757 2507 806 2532 ex
833 2495 1004 2533 Veneto.
1063 2489 1258 2548 α’σφαλῆς
1280 2493 1433 2533 habent
1461 2507 1602 2533 omnes
1631 2493 1743 2532 editi.

251 2564 383 2620 Pag,
413 2563 551 2607 186..
595 2563 674 2604 1.1.
706 2560 767 2605 T&
795 2563 926 2616 (quod-
951 2564 990 2602 in
1016 2563 1093 2619 Τῷ
1118 2572 1274 2603 mutare
1304 2578 1385 2603 non
1411 2578 1513 2617 opus
1543 2563 1646 2614 erat)
1680 2563 1805 2605 εἰπεῖν
1835 2561 1920 2606 υἱὸν
1949 2564 2047 2606 θεοῦ

143 2635 177 2684 ζ.
204 2630 309 2687 μετὰ
332 2629 574 2686 προςθηκης
602 2633 679 2683 τῆς
707 2632 871 2681 Ζῶντος
898 2631 1048 2683 ἔδειξεν
1083 2635 1180 2673 Ven.
1216 2657 1263 2664 —-
1323 2633 1349 2673 l.
1380 2633 1419 2675 6.
1451 2632 1695 2685 ψεύσασθαι
1723 2629 1834 2685 ύμᾶς
1859 2631 1905 2676 τό
1937 2628 2048 2686 ἅγιον

139 2717 201 2744 πν,
232 2703 333 2741 Ven.
364 2724 419 2731 —-
475 2702 501 2742 l.
534 2702 571 2744 7.
606 2702 741 2741 Verba
779 2701 851 2743 καὶ
886 2698 961 2744 οῦκ
999 2699 1211 2756 ἀλλότριον
1253 2704 1351 2746 θεοῦ
1396 2718 1474 2744 om.
1510 2704 1611 2743 Ven.
1670 2703 1784 2743 Idem
1815 2703 1840 2742 I.
1866 2705 1906 2743 ὅ.
1936 2701 2049 2744 οἰκο-

139 2772 252 2826 δομῆ
280 2772 392 2825 (sie).
428 2795 471 2800 ——
534 2772 560 2811 l.
586 2770 625 2812 9.
655 2770 985 2824 ἐπιστρέψαντα,
1028 2770 1248 2826 εύρεθέντα
1277 2773 1324 2817 δὲ
1352 2771 1431 2816 ύπό
1466 2775 1566 2813 Ven.
1599 2796 1648 2802 -
1708 2772 1733 2810 l.
1771 2773 1829 2812 10.
1861 2772 2049 2825 Ποίμανε

139 2840 191 2884 τὰ
220 2837 340 2894 άρνία
369 2856 471 2895 μου,
503 2840 599 2890 καὶ,
643 2841 829 2895 Ποίμανε
865 2840 915 2883 τὰ
947 2840 1135 2897 πρόβατά
1166 2858 1242 2896 μου
1269 2845 1370 2883 Ven.
1404 2866 1460 2874 —
1516 2843 1544 2882 l.
1576 2843 1635 2884 13.
1672 2842 1836 2895 Corrige
1867 2837 2048 2895 εύθεμε-

141 2912 311 2959 λίωτος,
354 2920 398 2950 ut
438 2919 500 2950 est
537 2911 657 2950 etiam
696 2911 735 2950 in
773 2913 950 2951 Veneto.
1010 2909 1366 2966 εύθεμελιιότατος
1403 2912 1545 2952 vitium
1587 2912 1787 2951 editorum
1835 2926 2047 2951 commune

141 2991 214 3022 est.
250 3006 302 3012 —-
359 2981 385 3021 l.
414 2980 474 3022 1³4.
521 2975 618 3024 Ιὅσον
657 2979 865 3034 ἐμπνέωσι
899 2982 999 3021 Ven.
1035 3006 1083 3012 -—-
1143 2982 1167 3021 l.
1196 2983 1254 3024 17.
1286 2982 1378 3022 dele
1407 2997 1566 3022 comma
1592 2991 1686 3035 post
1715 2976 1886 3037 ᾄσματι.
1944 2981 2046 3023 Ibid.

141 3053 242 3092 Ven.
276 3051 444 3105 praebet
474 3045 581 3103 αῦτη
606 3047 636 3102 η“
665 3046 822 3104 νύμφη.
860 3074 907 3080 —-
966 3051 993 3090 l.
1026 3053 1084 3092 13.
1116 3047 1365 3105 ἀδελφιδοῦς
1396 3068 1472 3105 μου
1503 3053 1605 3092 Ven.
1637 3076 1686 3082 —
1745 3051 1769 3089 I.
1800 3051 1865 3090 22.
1899 3048 1922 3093 ὁ
1951 3065 2045 3092 και-

141 3120 213 3176 ρός
237 3122 318 3176 τῆς
344 3121 538 3175 φθογγῆς
569 3119 753 3174 ἔφθακε,
795 3117 913 3174 φωνή
944 3121 1016 3162 τοῦ
1040 3122 1246 3174 τρυγῶνος
1281 3122 1375 3176 (sic)
1408 3124 1508 3162 Ven.
1541 3146 1594 3152 -
1651 3121 1676 3160 l.
1710 3122 1774 3161 25.
1811 3120 1945 3159 Verba
1974 3119 2046 3161 καὶ

141 3188 360 3244 θαλάσσης
385 3215 438 3221 —-
475 3215 515 3219 -
546 3186 664 3231 ύετοῦ
696 3187 929 3237 διελθόντος
952 3204 1030 3230 om.
1059 3192 1158 3230 Ven.
1190 3215 1244 3222 --
1300 3191 1327 3231 l.
1352 3191 1417 3233 32.
1451 3188 1730 3244 κηρύγματος.
1788 3185 1968 3244 Ἐπειδὴ
1999 3189 2046 3233 δὲ

143 3258 270 3309 εύθύς
309 3263 421 3303 κεκλ.
449 3258 526 3313 τήν
563 3257 767 3313 τοσαύτην
808 3261 907 3299 Ven.
952 3283 991 3288 --
1056 3260 1081 3299 l.
1110 3262 1148 3301 5.
1176 3261 1226 3300 ab
1258 3262 1332 3301 inf.
1373 3257 1503 3303 Ἐλθὲ
1533 3259 1573 3302 ἐν
1605 3260 1823 3314 μετανοίᾳ,
1856 3268 1897 3298 et
1921 3260 2044 3314 paulo

141 3339 234 3385 post
260 3330 300 3373 ἐν
327 3327 563 3384 πολειότητι
587 3344 684 3384 (pro
711 3329 957 3383 τελειότητι)
990 3331 1087 3369 Ven.
1134 3329 1244 3369 Idem
1271 3331 1296 3370 1.
1318 3331 1474 3385 penult..
1504 3326 1590 3383 τ’]’δη
1617 3327 1663 3372 τὸ
1693 3331 1802 3371 θεῖον
1830 3326 1975 3384 λόγιον.
1995 3354 2044 3361 -

139 3401 165 3441 l.
199 3401 351 3454 penult.
386 3404 429 3441 In
457 3402 615 3440 Veneto
645 3415 724 3440 non
756 3408 993 3453 comparent
1020 3399 1142 3439 verba
1171 3398 1277 3452 μετὰ
1304 3398 1380 3452 την
1406 3415 1472 3453 πρ.
1502 3398 1712 3453 μετάνοιαν
1737 3398 1820 3441 καὶ.

254 3472 385 3528 Pag.
409 3472 535 3514 188.
592 3471 618 3510 1.
653 3471 686 3509 1.
720 3469 854 3523 λέγει,
898 3465 1104 3517 Ἀνάστα,
1148 3466 1178 3521 ηε
1206 3469 1377 3522 πλησίον
1402 3485 1506 3523 μου,
1551 3464 1658 3522 καλή
1689 3485 1790 3522 μου,
1821 3468 2044 3524 περιστερά

142 3556 218 3594 μου
249 3542 348 3580 ven.
411 3540 520 3580 Idem
566 3541 590 3579 I.
621 3544 659 3580 2.
690 3540 801 3578 delet
848 3537 894 3581 δὲ
931 3547 1026 3578 ante
1068 3536 1267 3592 δεύτερον.
1303 3563 1350 3569 —
1413 3539 1438 3578 I.
1461 3540 1498 3580 3.
1540 3537 1579 3580 έν
1605 3539 1659 3593 τῇ
1687 3538 1859 3596 δευτέρᾳ
1896 3537 2045 3595 κλήσει

142 3605 299 3662 οὕτως,
327 3605 534 3661 Ἀνάστα,
567 3608 687 3657 ἐλθὲ,
718 3606 747 3661 η
777 3611 843 3650 πλ.
876 3610 975 3647 ven.
1009 3633 1060 3639 —
1117 3609 1144 3648 1.
1165 3608 1203 3650 6.
1246 3608 1438 3662 δευτέραν
1475 3604 1521 3651 ού
1558 3609 1683 3648 habet
1708 3608 1831 3648 etium
1863 3611 1961 3650 Ven.
1991 3635 2042 3641 ——

139 3679 165 3718 1.
197 3679 233 3719 7.
276 3675 379 3721 άλλά
418 3679 456 3721 ἐν
491 3678 636 3735 πρώτῃ
673 3675 751 3722 ἀπὸ
799 3680 898 3717 Ven.
945 3702 981 3708 -
1042 3679 1068 3718 I.
1099 3679 1159 3719 12.
1201 3678 1570 3734 προτειχίσματος,
1614 3678 1818 3721 τουτέστιν
1850 3677 1918 3722 τὸν
1955 3678 2041 3723 υἱὸν

140 3747 230 3803 πρὶν
270 3750 511 3806 κλεισθῆναι
548 3751 649 3792 Ven.
710 3748 821 3790 Idem
860 3748 956 3790 ibid.
997 3748 1088 3801 πρὶν
1130 3748 1244 3791 εἴσω.
1281 3771 1327 3779 -
1401 3748 1425 3787 1.
1461 3749 1522 3791 13.
1566 3748 1828 3805 έπιδέξηται,
1858 3749 2044 3794 τουτέστι
