2508 4134
552 297 775 340 PANARn
805 297 909 337 Lm.
942 297 1014 336 m.
1045 296 1177 337 ToM.
1205 298 1236 337 1.
1270 297 1431 337 HAER.
1460 296 1656 337 Lxxvr.
1937 280 2041 332 239

149 399 254 449 sine
291 396 386 447 ullo
426 395 521 446 fine
559 395 836 463 dignitatem
876 410 1007 445 suam
1053 393 1266 457 obtinet,
1324 393 1498 445 nullam
1539 393 1598 443 ob
1644 392 1783 444 aliam
1824 407 2041 443 caussam

150 497 287 549 quam
315 481 438 547 quod
466 496 552 548 per
569 496 680 530 sese
709 479 827 528 deus
852 495 906 528 ac
928 494 1014 546 per
1037 493 1148 527 sese
1168 477 1489 545 sempiternus
1509 486 1601 539 est,
1637 476 1782 544 igitur
1808 485 1857 527 et
1883 473 2045 543 genita

149 563 339 615 soboles
365 562 786 614 consubstantialis
815 562 936 623 erit,
986 578 1090 610 cum
1124 559 1442 610 indesinentis
1471 561 1556 610 abs
1588 569 1634 610 te
1662 578 1835 610 nomen
1863 559 1930 609 illi
1962 557 2046 608 tri-

148 648 347 712 buatur3
388 647 779 715 quemadmodum
809 645 976 695 callide
1004 662 1060 694 ac
1099 644 1392 694 veteratorie
1433 643 1532 692 filio
1566 644 1844 711 gratificans
1875 643 2046 712 proba-

148 731 306 782 biliter
331 732 387 781 de
413 730 517 781 eius
550 739 721 780 natura
749 727 1019 797 disputasti.
1079 725 1230 778 Dabis
1261 727 1350 777 hoc
1381 726 1546 793 igitur,
1588 727 1665 776 vel
1692 727 1871 777 invitus
1899 735 1952 776 nt
1975 725 2048 776 in-

146 814 332 865 finitum
354 812 466 865 illud
497 823 545 864 et
571 812 1053 882 incomprehensibile
1083 828 1254 861 nomen
1278 810 1595 860 indesinentis
1623 810 1816 861 omnino
1842 813 2043 861 fateare.

147 898 226 949 An
250 915 344 949 non
374 898 519 966 igitur
545 896 966 949 consubstantialis
997 896 1120 946 erit?
1158 894 1366 962 Quando
1394 893 1461 944 ita
1493 894 1641 943 iocari
1669 894 1801 943 visus
1832 911 1903 958 es,
1937 895 2045 945 dum

146 981 384 1049 sacrilega
421 982 739 1051 appellatione
768 980 960 1032 veritati
993 980 1192 1030 illudere
1224 987 1424 1029 conatus
1465 995 1550 1041 eS,
1603 978 1669 1029 ita
1699 986 1856 1028 tamen
1888 986 1938 1028 ut
1967 978 2046 1030 illa

145 1066 268 1135 ipsa,
310 1065 480 1133 quibus
510 1083 625 1117 usus
657 1083 707 1116 es
727 1104 740 1128 ,
785 1074 828 1115 te
860 1064 1010 1115 verba
1035 1064 1344 1131 redarguant.
1421 1061 1523 1112 Aut
1547 1060 1674 1112 enim
1698 1061 1836 1111 linem
1867 1061 2043 1111 habere

146 1158 330 1200 statues
362 1150 492 1201 illum
533 1167 670 1218 quem
700 1167 786 1218 per
814 1166 1044 1199 summam
1088 1146 1424 1198 contumeliam
1464 1144 1733 1196 substantia
1772 1145 2046 1213 discrepare

106 1261 111 1271 ι
147 1235 379 1297 voluisti,
422 1244 532 1298 aut,
572 1234 612 1284 si
640 1251 879 1301 nunquam
917 1233 1139 1283 desinere
1170 1231 1381 1294 sentias,
1435 1230 1636 1280 eundem
1671 1229 1798 1280 nulla
1824 1247 1887 1280 ex
1914 1239 2047 1297 parte

147 1327 411 1381 mutatum,
468 1326 549 1369 aut
589 1318 830 1368 diversum
860 1317 918 1368 ab
950 1316 1268 1367 indesinentis
1295 1313 1422 1365 illins
1452 1314 1684 1381 dignitate
1723 1312 1935 1382 profiteri
1968 1330 2047 1362 co·

147 1401 298 1470 geris,
372 1400 547 1469 Neque
578 1402 704 1452 enim
737 1401 918 1451 veritas
958 1401 1135 1468 patitur
1164 1400 1231 1450 uti
1272 1399 1395 1449 filius
1429 1398 1570 1448 finem
1615 1414 1821 1466 unquam
1864 1396 2048 1447 habitu·

147 1504 230 1537 rus
259 1486 583 1537 existimetur.
663 1489 884 1548 Quoniam
914 1489 1056 1550 regni
1077 1488 1249 1549 zpsz'nS,
1303 1484 1370 1534 ait
1412 1483 1681 1551 scriptura,
1738 1500 1828 1531 non
1859 1484 1953 1530 erit
1975 1482 2046 1545 fi—

146 1574 248 1631 m's,·
290 1587 348 1620 eo
379 1570 502 1637 quod
533 1587 639 1620 cum
675 1581 810 1638 patre
839 1586 893 1619 ac
924 1569 1095 1637 spiritu
1127 1575 1295 1618 sancto
1324 1575 1556 1635 perpetuo
1586 1575 1777 1633 regnat.
1854 1563 2048 1615 Etenim

147 1653 366 1721 quicquid
409 1653 593 1703 initium
640 1653 807 1716 babet,
869 1653 1010 1703 finem
1052 1652 1192 1703 etiam
1242 1650 1464 1713 habebit,
1519 1651 1560 1701 si
1595 1651 1639 1701 ei
1675 1649 1868 1700 libuerit
1897 1649 1974 1716 qui
2006 1649 2048 1698 ei

147 1739 269 1806 quod
296 1737 484 1788 initium
528 1737 704 1787 habere
735 1737 908 1788 dicitur
936 1746 986 1788 ut
1015 1745 1148 1788 esset
1175 1735 1356 1787 tribuit.
1435 1732 1575 1802 Quod
1615 1734 1801 1802 quidem
1837 1751 1941 1784 cum
1972 1750 2052 1784 ce-

146 1823 265 1873 teris
294 1822 340 1872 in
374 1821 518 1873 rebus
550 1838 716 1872 verum
748 1822 837 1884 sit,
893 1821 985 1871 dici
1016 1821 1073 1871 de
1108 1821 1203 1871 filio
1232 1838 1326 1870 non
1356 1821 1542 1887 potest.
1619 1817 1711 1869 Est
1745 1820 1870 1871 enim
1901 1821 1959 1871 ab
1993 1838 2050 1871 eo

147 1923 339 1975 semper
367 1906 444 1973 qui
474 1914 575 1968 est,
618 1915 664 1956 et
692 1906 812 1974 apud
845 1907 1077 1968 eundem,
1123 1922 1212 1955 nec
1242 1922 1449 1972 unquam
1479 1920 1588 1955 esse
1617 1904 1809 1955 desinit.
1886 1902 2051 1971 Quare

147 1999 196 2041 et
240 1989 664 2042 consubstantialis
709 1999 842 2052 erat,
899 1998 948 2040 et
987 1998 1086 2052 est,
1141 1989 1326 2057 eritque
1370 1997 1628 2058 perpetu0,
1687 1989 1819 2040 solus
1859 2007 1885 2040 e
1923 1990 2047 2052 solo,

148 2090 237 2126 nec
269 2074 365 2125 ulla
405 2074 454 2125 in
484 2091 536 2125 re
568 2074 625 2124 ab
653 2073 780 2124 illius
819 2074 1091 2125 substantia
1135 2074 1376 2124 diversus.
1455 2071 1553 2124 Sed
1588 2090 1673 2142 pro
1706 2074 1949 2124 nominum
1980 2074 2049 2124 di-

146 2158 329 2225 gnitate
359 2158 584 2209 divinitas
617 2159 665 2209 in
695 2158 944 2209 identitate
979 2167 1292 2226 perseverat,
1352 2175 1446 2208 non
1488 2157 1581 2207 ulla
1623 2158 1906 2208 confusione
1940 2175 2051 2209 coa-

146 2242 363 2306 lescens,
406 2260 560 2311 neque
591 2241 682 2293 sibi
707 2242 825 2311 ipsi,
870 2242 1001 2293 velut
1027 2241 1308 2310 principium
1341 2242 1596 2310 quoddam,
1639 2251 1691 2292 ut
1721 2242 1783 2292 sit
1811 2242 2046 2305 tribuenS,

149 2343 305 2394 neque
347 2325 599 2395 quicquam
643 2328 716 2377 sui
760 2326 987 2377 dissimile
1029 2327 1074 2376 in
1107 2326 1313 2393 seipsam
1361 2326 1637 2377 admittenS.
1715 2323 1852 2392 Quae
1892 2336 1939 2377 et
1978 2338 2051 2377 est

148 2426 368 2479 semper,
425 2419 473 2461 et
501 2428 609 2462 esse
639 2428 879 2478 nunquam
915 2410 1117 2473 desinit,
1172 2410 1264 2460 sibi
1292 2411 1381 2479 ipsi
1412 2411 1736 2474 convenienS‚
1796 2412 1843 2461 in
1878 2411 2052 2480 sempi-

151 2502 286 2545 terna
327 2494 558 2562 dignitate
586 2495 734 2563 patris
765 2496 823 2545 ad
845 2495 1019 2557 filium,
1070 2494 1151 2545 filii
1177 2495 1234 2545 ad
1262 2503 1472 2563 patrem,
1533 2495 1687 2546 sancti
1718 2495 1913 2564 spiritus
1943 2514 2051 2546 cum

147 2586 315 2647 patre,
373 2587 420 2629 et
447 2578 545 2629 lilio
583 2578 687 2629 sine
724 2579 819 2629 ulla
859 2579 1210 2647 interruptione
1242 2580 1534 2631 consistens.
1610 2577 1787 2647 Neque
1817 2579 1943 2631 enim
1974 2597 2051 2631 se-

150 2679 255 2714 eum
286 2663 387 2732 ipsa
417 2662 683 2731 comparari
719 2662 908 2714 trinitas
945 2671 1132 2732 potest,
1188 2681 1310 2731 quae
1342 2681 1531 2715 omnem
1573 2664 1815 2732 dignitatis
1856 2664 2052 2715 divisio-

152 2764 260 2799 nem
300 2747 505 2816 respuit.

287 2831 421 2883 Aetii
453 2828 611 2899 Caput
638 2828 702 2881 V.
757 2828 812 2881 Si
838 2829 1080 2898 ingenitus
1108 2832 1375 2884 substantia
1401 2833 1518 2884 deus
1547 2841 1648 2897 est,
1690 2833 1813 2902 quod
1838 2830 2049 2900 genitum

151 2924 351 2968 estnon
382 2915 693 2967 distractione
736 2915 934 2982 quadam
973 2916 1267 2968 substantiae
1306 2918 1517 2985 genitum
1560 2926 1660 2980 est,
1713 2918 1798 2967 sed
1839 2916 1896 2966 ab
1938 2915 2050 2965 sub-

151 3000 357 3064 stantia,
412 3018 437 3050 a
467 3018 556 3068 qua
591 2999 866 3068 productum
900 3008 1004 3061 est,
1062 3002 1291 3053 manavit.
1368 3000 1556 3070 Quippe
1596 3001 1793 3052 eandem
1828 2999 2050 3051 substan—

153 3085 265 3135 tiam
305 3085 514 3152 genitam
557 3083 699 3134 simul
736 3091 784 3133 et
821 3083 1082 3151 ingenitam
1122 3101 1230 3136 esse
1270 3085 1398 3136 nulla
1435 3103 1540 3136 cum
1580 3086 1756 3154 pietate
1794 3083 2050 3134 coniuncta

152 3170 276 3220 ratio
316 3169 507 3237 patitur.
1073 3164 1075 3166 ¹

293 3250 493 3305 Confut.
524 3250 590 3304 V.
633 3250 994 3320 Saepenumero
1022 3252 1139 3302 baec
1164 3252 1362 3319 ingeniti
1380 3252 1625 3320 genitique
1650 3252 1882 3304 vocabula
1910 3252 2049 3303 nobis

154 3336 431 3399 obtrusisti‚
483 3336 556 3386 dei
589 3353 762 3386 nomen
792 3335 1059 3386 insolenter
1084 3335 1333 3399 innotans,
1375 3354 1479 3386 cum
1509 3337 1556 3386 in
1602 3336 1726 3386 omni
1754 3352 1934 3402 genere
1962 3336 2049 3386 im-

154 3419 403 3489 probitatis
431 3421 756 3490 consepultam
785 3430 991 3471 mentem
1018 3419 1214 3469 habeaS.
1255 3418 1320 3469 Et
1345 3419 1531 3487 quidem
1558 3418 1670 3470 illud
1694 3419 1925 3487 indigenti
1950 3422 2049 3472 cui-

154 3558 276 3599 finem
302 3573 442 3600 eorum
469 3559 536 3615 qui
565 3575 587 3600 a
612 3568 655 3600 te
678 3559 929 3613 blasphemia
955 3557 1075 3612 petiti
1128 3561 1252 3609 princ.

153 3623 263 3665 sunt,
294 3615 407 3656 velut
424 3615 624 3656 diversam
649 3615 861 3656 essentiam
884 3615 1072 3654 habeant.
1185 3614 1224 3654 9.
1257 3614 1376 3654 Verba
1398 3611 1470 3655 καὶ
1493 3611 1581 3656 ἔστι
1605 3616 1870 3658 desiderantur
1895 3620 1935 3658 in
1960 3620 2050 3659 edit.

210 3671 248 3713 7.
291 3669 369 3715 ποῦ
403 3683 476 3722 pro
502 3671 581 3714 πᾶν
607 3677 711 3713 extat
737 3675 775 3713 in
803 3676 958 3721 utroque
984 3672 1079 3710 libro
1134 3672 1277 3710 Petam
1302 3672 1433 3709 Coton.
1462 3675 1575 3721 repet.

153 3737 244 3767 mss.
1182 3727 1242 3766 10.
1275 3723 1498 3779 συναλιφῆν
1516 3729 1626 3767 codd.
1649 3739 1736 3768 mss.
1758 3733 1792 3768 et
1810 3731 1898 3770 edit.
1920 3733 2047 3780 prin-c.

210 3785 250 3823 8.
303 3780 609 3837 παρισχημένος
654 3784 763 3824 codd.
806 3794 897 3823 mss.
940 3786 974 3822 et
1014 3782 1070 3822 ed.
1131 3781 1307 3836 (ubique)
1339 3779 1585 3837 συναλοιφὴν
1614 3786 1701 3825 edit.
1731 3787 1865 3826 Petav.

2081 1493 2171 1529 Luc.
2195 1497 2227 1539 1,
2249 1497 2299 1532 33.
