2508 4134
556 290 778 332 PANARII
805 290 910 331 LIB.
932 290 1004 332 111.
1032 290 1167 330 ToM.
1192 290 1244 330 11.
1276 288 1439 329 HAER.
1470 288 1652 327 LXXX.
1960 275 2060 324 479

159 389 376 457 agnovit,
418 389 640 456 ideoque,
683 398 729 438 ut
759 405 863 439 eam
894 388 1246 450 consolaretur,
1289 386 1426 436 officii
1455 386 1609 453 legem
1643 384 1882 453 paululum
1906 391 2062 433 trans-

158 490 358 540 gressus
390 480 492 535 est,
545 489 602 523 ac
631 481 823 541 propter
846 470 971 522 illius
1003 471 1252 534 solatium,
1307 471 1430 537 quod
1462 471 1520 520 ab
1549 487 1603 519 ea
1633 470 1801 532 fiebat,
1853 469 1910 519 ad
1942 475 2061 517 tem-

159 574 244 626 pus
287 565 360 607 est
403 573 603 625 passus,
662 574 765 606 cum
807 556 953 623 pedes
994 572 1108 605 suos
1142 571 1167 602 a
1200 553 1399 603 muliere
1438 562 1629 622 praeter
1667 551 2063 602 consuetudinem

158 639 403 690 attrectari
437 640 697 690 calamitati
725 639 874 708 ipsius
904 656 960 688 ac
992 638 1139 690 luctui
1169 654 1255 706 par
1283 647 1424 704 atque
1455 637 1654 704 aequale
1684 653 1792 687 esse
1821 635 2059 686 crederet.

158 721 344 790 Verum
372 723 481 790 quid
513 741 605 791 ego
632 723 808 774 diutius
840 722 887 773 in
918 723 1012 773 illis
1041 721 1305 772 refutandis
1333 721 1594 784 immoror,
1644 720 1722 787 qui
1752 738 1920 770 canum
1953 737 2063 788 por-

158 824 388 858 corumve
417 807 693 876 spurcitiam
726 806 1004 857 imitantur?
1077 802 1219 872 Quod
1253 813 1411 855 autem
1453 801 1697 855 Christum
1730 821 1782 853 se
1816 821 1927 854 esse
1959 804 2062 871 qui·

157 891 274 942 libet
299 909 364 942 ex
402 890 507 941 istis
541 891 746 954 asserit,
801 889 907 958 quis
945 890 1155 959 prudens
1198 907 1292 939 non
1327 888 1437 938 illud
1476 888 1695 938 insaniae
1735 887 2061 956 plenissimum

156 974 448 1025 arbitretur?
484 984 565 1025 aut
592 993 698 1025 cum
727 992 782 1026 se
809 974 1065 1043 prophetas
1095 990 1203 1023 esse
1232 973 1462 1023 narrant?
1535 971 1676 1039 Quod
1704 973 1830 1022 enim
1856 972 2059 1042 prophe-

156 1060 252 1110 tiae
279 1076 434 1126 genus
463 1061 584 1128 apud
617 1059 723 1110 illos
752 1061 981 1128 apparet?
1054 1056 1310 1124 Quodnam
1337 1074 1484 1118 vere,
1541 1066 1592 1106 ut
1624 1074 1651 1106 a
1686 1053 1883 1108 Christo
1912 1075 2062 1124 quon·

157 1143 292 1206 dam,
345 1142 623 1193 admirabile
669 1152 744 1193 est
782 1144 839 1194 ab
886 1142 977 1193 illis
1025 1159 1143 1210 opus
1187 1141 1398 1191 editum?
1473 1138 1612 1206 Quod
1658 1141 1696 1191 si
1742 1141 1946 1209 ipsemet
1990 1150 2063 1191 est

159 1224 403 1289 ChristuS,
447 1244 645 1294 ecquem
679 1228 725 1277 in
753 1228 992 1278 dominum
1023 1225 1238 1294 speravit
1265 1243 1321 1275 ac
1346 1225 1580 1275 credidit?
1653 1223 1789 1291 Quae
1819 1233 1930 1275 sunt
1957 1224 2063 1275 illae

158 1312 347 1362 tandem
376 1311 557 1362 erroris
579 1311 807 1380 ineptiae,
847 1327 1032 1379 quaeve
1057 1309 1339 1360 stolidorum
1367 1308 1610 1359 hominum
1638 1310 1893 1377 dogmata?
1963 1306 2061 1360 Sed

157 1396 392 1447 adversus
428 1395 570 1446 istam
608 1395 831 1447 haeresin
870 1395 1116 1462 hucusque
1153 1395 1423 1461 disputasse
1461 1393 1580 1444 satis
1619 1401 1710 1444 est.

298 1477 390 1530 Hic
434 1497 524 1547 ego
570 1488 812 1548 postremo
858 1481 944 1530 toti
987 1497 1015 1530 a
1052 1496 1127 1529 me
1167 1479 1299 1547 operi
1346 1486 1571 1546 suscepto
1615 1478 1753 1528 finem
1797 1478 2055 1546 imponam.
2091 1486 2188 1541 Cap.
2221 1488 2275 1527 X.

156 1561 215 1614 In
244 1582 337 1631 quo
362 1564 655 1631 singularem
694 1582 811 1632 ergo
842 1581 930 1614 uos
961 1563 1107 1614 divini
1145 1562 1352 1613 numinis
1381 1579 1518 1631 opem
1547 1580 1602 1613 ac
1631 1564 1953 1630 praesentiam
1984 1581 2064 1614 su-

159 1665 264 1698 mus
307 1648 529 1716 experti,
586 1649 708 1715 quod
755 1665 819 1699 ex
849 1657 951 1698 toto
989 1647 1177 1710 animn,
1231 1665 1285 1697 ac
1319 1655 1477 1697 mente
1508 1647 1755 1707 confiteri,
1814 1647 2063 1715 eidemque

158 1732 351 1783 domino
383 1733 564 1800 gratias
596 1750 742 1800 agere
775 1732 1034 1795 debemus,
1090 1731 1471 1799 quandoquidem
1504 1732 1584 1782 illo
1616 1732 1810 1782 iuvante
1845 1732 2065 1799 quicquid

157 1825 404 1885 receptum
429 1835 456 1867 a
481 1817 619 1868 nobis
645 1817 1026 1886 promissumque
1055 1816 1161 1879 fuit,
1206 1816 1409 1866 feliciter
1433 1816 1490 1866 ad
1518 1817 1702 1866 exitum
1729 1817 2061 1884 perduximus,

157 1917 214 1950 ac
251 1918 358 1951 cum
391 1901 618 1952 haereses
663 1918 830 1951 omnes
871 1899 1185 1969 exposuimus
1228 1899 1668 1967 refutavimusque,
1723 1910 1818 1951 tum
1860 1901 1969 1968 quid
2006 1901 2063 1951 ab

159 2001 442 2052 unaquaque
481 1994 680 2053 geratur
716 2003 802 2054 pro
845 1985 1015 2036 virium
1061 1992 1333 2035 nostrarum
1373 1984 1697 2035 imbecillitate
1732 1986 2060 2053 patefecimus,

158 2064 388 2119 Ceterum
427 2088 532 2120 cum
562 2069 809 2137 octoginta
849 2069 1145 2132 haereseon,
1205 2086 1323 2136 quas
1352 2068 1400 2118 in
1428 2068 1592 2119 orbem
1633 2078 1873 2120 terrarum
1911 2071 2063 2121 intro·

157 2152 324 2205 ductas
354 2154 411 2203 ad
444 2153 721 2217 hancdiem
754 2154 1053 2215 audivimus,
1095 2170 1388 2220 quarumque
1423 2170 1670 2204 numerum
1706 2163 1754 2204 et
1785 2155 2062 2224 appellatio-

158 2253 273 2300 nes,
329 2238 664 2289 nonnullarum
705 2238 847 2289 etiam
891 2238 1086 2288 decreta
1115 2246 1162 2286 et
1203 2247 1516 2305 argumenta,
1570 2238 1946 2307 affectionesque
1985 2259 2066 2290 eo-

159 2321 444 2387 gnovimuS,
499 2340 633 2385 cum,
686 2321 911 2390 inquam,
971 2322 1158 2372 illarum
1207 2321 1420 2389 origines
1468 2338 1760 2391 caussasque
1809 2325 1935 2375 nulla
1989 2343 2062 2389 re,

160 2406 315 2472 quoad
346 2406 446 2456 lieri
474 2407 654 2474 potuit,
696 2407 1039 2475 praetermissa
1062 2406 1387 2470 docuerimus,
1431 2408 1743 2459 vehementer
1773 2409 1885 2459 illud
1916 2410 2065 2460 admi-

159 2490 255 2540 rari
299 2490 424 2540 subit
465 2491 589 2557 quod
627 2491 674 2540 in
711 2491 862 2542 sacris
893 2491 1044 2542 literis
1069 2492 1370 2542 continetur:
1430 2482 1690 2557 Sexaginta
1712 2505 1824 2543 sunt
1848 2499 2058 2559 reginae,
2087 2500 2239 2547 Cant-6,
2262 2503 2296 2538 ⁷.

159 2583 205 2622 ct
229 2578 498 2638 octuaginta
530 2577 836 2635 concubinae,
889 2587 934 2624 et
970 2579 1339 2625 adolescentulae
1378 2595 1574 2642 quarum
1613 2581 1772 2627 nullus
1806 2589 1880 2628 est
1907 2598 2063 2630 nume-

158 2676 270 2718 rus,·
324 2677 415 2708 una
441 2669 513 2707 est
538 2661 744 2708 columba
782 2678 905 2719 mea,
955 2663 1164 2727 perfecta
1206 2680 1321 2711 mea.
1401 2660 1476 2712 De
1523 2662 1595 2712 his
1633 2663 1781 2730 igitur
1818 2665 2062 2733 octoginta

159 2742 406 2810 pellicibus
446 2743 676 2794 hactenus
722 2743 936 2811 egimus,
994 2743 1332 2809 Barbarismo,
1378 2745 1704 2811 Hellenismo‚
1761 2745 2061 2818 Scythismo,

160 2823 430 2890 ludaismo,
471 2836 520 2877 et
550 2825 913 2892 Samaritismo,
970 2847 1090 2897 quae
1134 2849 1338 2881 uxorum
1383 2831 1575 2881 minime
1616 2831 1935 2899 legitimarum
1977 2852 2063 2884 no-

161 2910 286 2960 mina
317 2921 456 2975 sunt,
514 2910 778 2962 cuiusmodi
818 2930 971 2980 neque
1002 2915 1059 2964 ab
1090 2933 1205 2981 rege
1239 2916 1398 2966 dotem
1441 2925 1757 2983 acceperunt,
1814 2935 1969 2985 neque
2014 2919 2063 2968 in

160 2995 433 3046 testamenti
482 2996 654 3046 tabulis
695 3014 799 3046 cum
834 2996 940 3046 filiis
981 2998 1184 3049 heredes
1216 2999 1424 3067 scriptae
1458 3008 1587 3050 sunt.
1667 2999 1856 3051 Etenim
1886 3001 1926 3051 si
1953 3019 2062 3070 pro-

160 3079 263 3148 prie
293 3080 422 3147 loqui
453 3081 685 3142 velimus,
738 3077 938 3131 LXXV
969 3090 1081 3131 sunt
1107 3082 1366 3145 haereses,
1420 3101 1619 3150 quarum
1649 3094 1825 3134 matres
1854 3086 2061 3153 quinque

160 3172 290 3227 sunt,
332 3177 441 3232 puta
471 3163 817 3226 Helleuismus,
860 3164 963 3215 sive
994 3166 1242 3232 gentilium
1275 3176 1426 3226 secta,
1469 3185 1495 3218 a
1525 3186 1614 3235 qua
1643 3170 1847 3234 gentiles
1874 3170 2059 3220 oriundi

161 3257 302 3312 sunt,
360 3246 657 3310 Iudaismus,
714 3249 835 3298 unde
878 3249 1035 3299 ludaei
1075 3258 1123 3299 et
1162 3249 1418 3313 haereses,
1475 3269 1531 3302 ae
1574 3250 1861 3304 Samaritica
1904 3263 2057 3318 secta,

162 3333 286 3383 unde
315 3329 706 3395 Samaritismus,
759 3343 805 3382 et
834 3331 1254 3384 Christianismus.
1333 3336 1410 3385 Ab
1450 3335 1521 3386 his
1551 3337 1682 3387 velut
1718 3337 1837 3387 rami
1871 3337 2061 3405 quidam

162 3425 414 3485 separatae
445 3417 670 3468 haereses
699 3418 894 3467 avulsae
928 3426 1055 3467 sunt.
1134 3415 1271 3483 Quae
1304 3418 1416 3468 licet
1448 3416 1629 3470 Christi
1662 3438 1835 3471 nomen
1869 3440 1980 3490 prae
2007 3441 2060 3474 se

164 3502 350 3564 serant,
406 3501 519 3551 nihil
559 3511 717 3551 tamen
763 3503 819 3551 ad
862 3502 990 3551 illum
1030 3502 1298 3569 pertinent,
1354 3503 1437 3552 sed
1471 3504 1641 3570 partim
1674 3504 1862 3571 longius
1892 3506 2062 3558 abillo

164 3584 356 3647 distant,
397 3585 564 3652 partim
590 3586 829 3636 minimam
854 3586 912 3635 ob
941 3603 1160 3635 caussam
1188 3586 1247 3635 ob
1276 3586 1403 3635 omni
1426 3587 1553 3636 illius
1588 3588 1851 3639 hereditate
1877 3590 2063 3642 alienas

164 3687 219 3720 ac
248 3669 527 3738 peregrinas
569 3687 622 3720 se
667 3670 869 3733 faciunt,
926 3687 1015 3720 una
1054 3687 1158 3720 cum
1191 3669 1401 3737 ipsarum
1442 3670 1636 3734 liberis,
1689 3689 1795 3723 cum
1837 3673 2063 3727 videlicet.

220 3782 257 3822 ὃ.
289 3776 393 3824 αὐτοὶ
424 3783 507 3821 cod.
534 3783 693 3832 Rhediy.
