2508 4134
460 275 683 315 PANARn
713 275 815 316 Lm.
840 275 908 315 111.
952 273 1085 315 ToM.
1109 274 1157 314 n.
1200 274 1389 314 expos,
1419 273 1522 313 Fu).
1556 273 1789 314 CATHoL.
1971 261 2072 312 487

177 372 346 423 unicae
373 371 575 438 virginis
604 372 730 422 illius
761 389 816 421 ac
842 370 1175 422 sanctissimae
1204 379 1250 419 et
1282 371 1550 421 innocentis
1580 370 1827 420 columbae
1858 369 1962 419 fidei
1995 369 2073 419 fir-

175 464 492 520 mamentum3
545 457 603 506 de
643 472 731 524 qua
766 455 984 505 dominus
1027 455 1178 504 sancti
1212 454 1407 521 spiritus
1444 454 1602 504 afflatu
1645 472 1730 522 per
1762 451 2071 505 Salomonem

176 538 292 589 haec
318 539 364 588 in
399 536 707 590 Canticorum
756 534 961 588 Cantica
991 537 1304 604 significavit:
1347 541 1607 602 Sexaginta
1639 547 1747 587 sunl
1773 542 1987 602 reginae,
2029 547 2078 587 et
2099 547 2205 583 Cant.
2224 548 2257 594 6,
2272 549 2302 582 τ.

173 625 407 687 octoginta
428 625 647 687 pellet-es,
701 632 750 671 et
769 624 1137 671 adolescentulae
1167 638 1359 686 quarum
1389 624 1546 670 nullus
1575 631 1644 669 est
1678 640 1926 670 numerus:
1981 638 2073 671 una

171 716 241 755 est
263 707 470 755 columba
497 724 621 766 mea,
657 707 866 773 perfecta
892 723 1006 754 mea.
1087 703 1176 756 Ubi
1207 704 1278 753 bis
1307 703 1384 754 illa
1416 704 1617 770 repetita
1646 705 1877 754 vocabula
1904 722 2001 754 mea
2025 713 2073 754 et

172 807 286 839 mea.
365 788 521 839 Huius
550 790 674 839 enim
707 789 951 850 columba,
1007 788 1144 838 huius
1179 797 1252 838 est
1287 788 1363 838 illa
1392 789 1635 855 perlecta,
1692 796 1742 837 ut
1770 797 1961 838 ceterae
1991 806 2073 857 ap-

172 873 408 940 pellentur
429 873 495 922 ita
526 873 734 940 quidem,
777 873 968 922 minime
998 881 1155 922 tamen
1186 872 1299 932 sint,
1342 872 1442 939 ipsa
1476 888 1592 921 vero
1618 888 1676 921 eo
1706 872 1896 921 nomine
1922 873 2073 940 dupli-

171 957 291 1007 citer
316 955 543 1024 insignita
571 956 651 1007 sit.
730 955 893 1024 Quare
925 974 1029 1006 cum
1059 956 1116 1005 de
1144 955 1248 1006 aliis
1279 956 1577 1022 loqueretur,
1613 973 1705 1005 non
1738 955 1877 1017 dixit,
1922 952 2073 1006 Octo-

169 1040 299 1107 ginta
339 1049 452 1090 sunt
490 1040 683 1108 pellices
733 1056 899 1102 meae,
956 1057 1122 1089 verum
1168 1038 1350 1107 reginis
1395 1038 1573 1088 eximia
1624 1039 1700 1088 illa
1753 1038 2072 1105 appellatione

170 1125 439 1194 proximum
468 1124 698 1192 quendam
729 1123 956 1196 honorem
990 1123 1232 1185 attribuit,
1291 1123 1485 1190 pellices
1517 1140 1635 1172 vero
1665 1139 1863 1190 prorsus
1889 1122 2072 1172 alienas

170 1225 278 1259 esse
304 1207 585 1258 declaravit.
639 1207 903 1258 Amborum
930 1224 1073 1274 porro
1098 1224 1346 1257 numerum
1373 1225 1478 1256 cum
1508 1205 1785 1257 nominatim
1813 1206 2073 1258 habeamus

169 1309 475 1361 expressum,
518 1291 919 1358 contemplatione
949 1299 1113 1340 nostra
1143 1290 1360 1341 altiorem
1393 1292 1447 1340 ad
1482 1307 1676 1340 sensum
1704 1299 1874 1341 evecta
1902 1291 2073 1341 nonni-

169 1377 232 1427 hil
259 1376 476 1444 expolire
501 1375 626 1425 istud
650 1375 738 1425 hoc
762 1375 867 1424 loco
896 1374 1128 1442 cogimur,
1172 1384 1221 1425 ut
1246 1392 1305 1424 ne
1335 1383 1557 1442 tanquam
1588 1374 1805 1441 frigidum
1836 1375 2073 1443 ineptum-

169 1477 261 1528 que
294 1469 681 1528 praetereamus,
739 1459 822 1508 sed
856 1476 977 1526 quae
1011 1459 1261 1521 dicuntur,
1316 1476 1378 1508 ex
1410 1458 1477 1508 rei
1512 1459 1716 1507 veritate
1755 1475 1810 1507 ac
1849 1475 2071 1510 verarum

169 1544 458 1595 auctoritate
495 1543 835 1611 scripturarum
874 1559 988 1593 vera
1043 1543 1188 1592 animi
1241 1542 1643 1611 contemplatione
1701 1544 2069 1610 perpendamus,

166 1626 360 1678 Etenim
398 1627 681 1694 ubicumque
712 1643 939 1676 numerus
968 1628 1266 1695 concipitur,
1321 1627 1586 1677 oscitanter
1630 1626 1947 1694 praetermitti
1976 1645 2070 1677 non

167 1712 336 1774 debet,
390 1727 543 1779 neque
591 1711 712 1777 quod
762 1711 824 1760 ita
872 1710 1317 1778 comprehenditur,
1374 1728 1546 1760 vanum
1590 1710 1808 1777 quiddam
1851 1720 1896 1760 et
1928 1712 2072 1761 inane

166 1796 317 1846 videri
348 1803 429 1846 aut
457 1795 660 1845 otiosum
691 1793 980 1844 existimari.
1055 1793 1277 1862 Reginae
1320 1813 1462 1862 porro
1502 1803 1613 1844 sunt
1640 1812 1762 1862 quae
1798 1794 1888 1845 iam
1929 1804 2073 1846 antea

164 1872 328 1947 stirpis
355 1878 402 1929 in
434 1879 562 1928 serie
593 1886 872 1928 numeratae
903 1887 1016 1928 sunt
1053 1881 1260 1929 animae.
1339 1877 1403 1930 Ut
1444 1879 1568 1929 enim
1612 1896 1775 1945 regem
1818 1877 2071 1930 innumera

165 1963 413 2014 multitudo
449 1963 732 2025 comitatur,
786 1980 986 2029 cumque
1025 1980 1116 2012 rex
1156 1963 1323 2031 capitis
1361 1963 1514 2012 instar
1547 1963 1637 2025 sit,
1698 1962 1895 2027 perinde
1927 1971 2070 2030 atque

163 2047 211 2097 in
236 2064 466 2115 corpore,
510 2063 613 2104 cum
651 2045 785 2113 plura
815 2047 1026 2097 membra
1057 2046 1180 2108 sint,
1238 2047 1393 2115 capite
1418 2047 1521 2115 ipso
1553 2046 1741 2096 censeri
1777 2064 1898 2097 unus
1927 2047 2070 2097 homo

163 2131 500 2198 numerarique
531 2130 683 2192 solet,
725 2129 795 2180 sic
826 2130 882 2179 ab
909 2148 1003 2180 uno
1032 2148 1147 2198 rege
1177 2131 1425 2181 multitudo
1458 2130 1612 2181 omnis
1639 2130 1851 2180 subiecta
1882 2131 1980 2198 regi
2012 2131 2071 2182 ad

164 2215 366 2265 eundem
406 2214 535 2265 illum
574 2215 832 2264 referetur.

303 2296 628 2365 Quamobrem
664 2299 863 2365 reginae
907 2298 1098 2348 nomine
1142 2300 1393 2365 generatio
1431 2299 1479 2349 in
1524 2297 1720 2351 Christo
1767 2299 2066 2363 continetur3

163 2400 258 2432 non
286 2383 407 2449 quod
439 2382 594 2432 omnis
623 2382 872 2448 generatio
903 2382 1202 2450 regnaverit,
1245 2384 1327 2433 sed
1359 2384 1481 2450 quod
1510 2401 1600 2434 una
1629 2385 1861 2434 duntaxat
1892 2383 2070 2433 domini

163 2465 439 2532 cognitione
475 2465 690 2533 praedita
731 2483 794 2515 ex
828 2466 915 2516 viri
955 2467 1094 2516 unius
1130 2467 1451 2534 appellatione
1484 2467 1666 2535 regiam
1701 2468 1978 2534 dignitatem
2008 2467 2071 2516 sit

162 2551 474 2616 ordinemque
518 2559 797 2599 consecuta.
874 2548 1098 2617 Exempli
1141 2551 1296 2617 gratia
1324 2551 1539 2601 Adamus
1568 2570 1673 2601 cum
1709 2560 1804 2601 tota
1837 2549 2069 2619 progenie

163 2634 329 2700 regina
361 2650 451 2682 una
482 2632 774 2694 censebitur,
818 2633 1037 2700 illiusque
1070 2635 1379 2702 principatus,
1425 2644 1471 2684 et
1502 2635 1559 2685 ab
1589 2653 1646 2685 eo
1677 2636 1927 2685 deductum
1959 2635 2070 2684 stir-

161 2718 232 2786 pis
260 2717 477 2779 initium,
534 2734 680 2784 penes
713 2734 831 2783 quos
865 2718 997 2783 regia
1037 2719 1243 2784 dignitas
1272 2720 1460 2780 extitit,
1520 2737 1624 2769 cum
1656 2720 1714 2769 iis
1746 2720 1823 2786 qui
1852 2737 1956 2769 cum
1989 2718 2070 2768 illo

161 2800 518 2867 coniunguntur
566 2808 759 2868 propter
799 2801 872 2850 dei
916 2802 1270 2867 cognitionem,
1327 2804 1545 2871 quodque
1586 2804 1765 2871 primns
1801 2802 2010 2853 omnium
2041 2819 2068 2851 a

161 2887 251 2936 deo
281 2885 391 2952 fingi
419 2884 707 2950 formarique
739 2884 996 2946 meruerit,
1050 2894 1145 2935 tum
1178 2888 1300 2953 quod
1332 2888 1656 2955 poenitentiae
1694 2887 1871 2955 primus
1902 2902 2069 2935 exem-

162 2971 286 3036 plum
326 2967 538 3029 dederit,
595 2977 644 3017 ut
674 2985 736 3017 ex
785 2968 888 3016 eius
928 2968 1125 3018 historia
1158 2979 1364 3021 constat.
1441 2969 1560 3021 Post
1590 2972 1829 3021 Adamum
1864 2969 2064 3031 Setbus,

162 3063 210 3103 et
246 3052 459 3104 universi
488 3052 544 3101 ad
575 3069 682 3101 eum
710 3051 934 3118 adscripti
966 3053 1212 3103 mortales.
1290 3053 1411 3105 Item
1445 3054 1607 3115 Enos,
1649 3052 1868 3116 Cai'nan,
1909 3051 2068 3103 Male-

162 3137 283 3199 leel,
328 3135 496 3198 lared,
540 3134 737 3196 Enoch,
777 3132 1083 3198 Mathusala,
1135 3135 1380 3200 Lamech,
1421 3137 1552 3189 Noe‘.
1632 3138 1814 3188 Horum
1856 3137 2065 3187 omnium

161 3230 438 3292 sanctorum
480 3220 721 3280 virorum,
774 3219 851 3285 qui
897 3219 1171 3285 singillatim
1220 3239 1305 3288 per
1340 3223 1682 3287 generationes
1726 3231 2063 3284 recensentur,

162 3322 457 3372 quorumque
488 3321 712 3354 numerus
742 3304 863 3369 apud
896 3301 1194 3353 Matthaeum
1230 3305 1374 3355 initus
1402 3316 1504 3367 est,
1558 3325 1585 3356 a
1613 3324 1703 3372 quo
1735 3304 1879 3355 LXll
1921 3323 2067 3373 geue-

161 3389 376 3438 ratioues
417 3406 472 3438 ac
506 3397 690 3456 patrum
735 3386 948 3453 origines
993 3387 1391 3453 praestantiorum
1428 3390 1637 3439 virorum
1674 3389 1944 3441 nominibus
1979 3408 2067 3442 ex-

163 3489 358 3539 pressae
391 3481 531 3534 sunt,
589 3472 665 3538 qui
703 3471 777 3519 dei
813 3470 1026 3519 notitiam
1063 3471 1219 3538 adepti
1255 3482 1394 3534 suut,
1448 3482 1528 3522 aut
1558 3473 1679 3539 quod
1708 3474 1753 3522 in
1789 3475 1944 3541 aliqua
1975 3475 2067 3525 alia

163 3573 215 3605 re
243 3556 498 3622 insiguiter
528 3564 668 3622 atque
704 3554 880 3604 eximie
919 3571 1028 3603 sese
1056 3565 1338 3621 gesserunt,
1398 3556 1578 3622 regium
1610 3565 1656 3606 et
1689 3558 1991 3624 splendorem
2019 3568 2068 3610 et

161 3693 420 3747 φερουμένων
440 3697 1085 3745 habeatcod.Rhedi9.d1·9noscere
1198 3695 1235 3735 3.
1267 3698 1442 3735 Fortasse
1473 3687 1528 3738 ὧν
1561 3692 1581 3738 0‘
1612 3695 1848 3751 κατάλογος.

162 3763 237 3791 ποη
262 3754 381 3801 potui.

2103 2317 2198 2370 Cap.
2228 2319 2294 2358 lV.

2105 3069 2243 3104 Matth.
2269 3070 2299 3104 1.
