2508 4134
697 278 836 320 TOM1
865 277 1074 319 Pmoms
1104 280 1236 320 PARS
1266 280 1442 321 Paron.
1908 267 2010 322 609

123 376 342 432 ἐράντισεν.
375 401 427 408 -
483 376 509 416 l.
528 375 595 418 29.
638 373 710 418 καὶ
746 370 927 423 οἷναστάς
961 375 1033 417 καὶ
1072 374 1279 430 θεώμενος
1316 378 1420 418 Ven.
1459 391 1548 418 cum
1577 376 1706 418 vatic.
1766 376 1893 418 Paulo
1919 386 2016 432 post

122 448 246 489 iidem
274 446 366 487 libri
396 453 621 486 consonant
648 445 689 485 in
718 444 962 498 imperfecto
993 443 1189 498 ἔκρυπτε,
1221 445 1295 486 nisi
1326 446 1437 500 quod
1465 448 1567 487 Ven.
1601 445 1793 499 ἔκρυπτεν
1821 447 1959 487 habet.

232 518 374 573 Pag.
394 515 520 559 258.
573 514 601 555 l.
619 514 660 555 2.
687 508 755 556 ἀεὶ
776 511 951 568 ἐνεργῶν
969 518 1054 562 τοῖς
1076 509 1290 568 οἷγαπῶσιν
1313 517 1412 556 Ven.
1437 540 1484 546 —-
1519 516 1545 555 l.
1563 514 1600 556 9.
1629 511 1841 559 Ἰουδαίων
1869 515 2016 569 ἔπρατ-

121 602 188 631 τεν
214 589 314 627 Ven.
347 609 395 616 -—
453 585 480 624 l.
505 585 564 626 11.
608 577 655 632 ὃς
679 582 902 637 λεληθότος
929 585 1031 624 Ven.
1062 607 1116 613 —
1172 583 1200 623 l.
1227 584 1286 625 12.
1333 586 1377 624 In
1407 585 1587 638 margine
1630 585 1721 625 libri
1752 586 1900 626 Veneti
1939 601 2017 626 an-

123 665 309 698 notatum
332 655 503 709 legiturt
536 651 663 702 Τινάς
686 649 854 696 ἐκάλουν
875 647 1070 696 Ἰουδαῖοι
1091 648 1367 702 ἀποστόλους·
1398 653 1469 696 καὶ
1495 649 1560 698 ’ὅτι
1582 653 1644 709 (2)
1668 649 1835 709 ἀξίωμα
1857 646 1909 709 ’ἦν
1936 652 2014 697 ύπὸ

121 725 192 770 τὸν
217 718 484 780 πατριάρχην.
545 724 607 765 Cf.
629 737 750 777 supra
775 722 827 762 ad
853 737 945 777 pag.
963 721 1075 773 246„
1105 722 1173 762 ubi
1196 722 1339 763 similia
1369 724 1648 764 occurrebant.
1670 748 1723 755 —
1781 724 1807 764 l.
1833 722 1892 765 14.
1924 722 2018 766 ἐπε-

122 795 231 838 τέλει
268 809 335 848 πρ.
364 808 406 836 π.
435 794 517 836 τῶν
546 790 885 843 κατασταὲῐέντων
915 794 1015 832 Ven.
1046 816 1102 823 -—
1157 792 1182 831 1.
1206 792 1266 833 18.
1313 789 1458 846 μικρὸν
1489 795 1589 832 Ven.
1621 817 1673 823 —
1731 794 1757 834 l.
1774 793 1840 835 27.
1870 790 2019 836 κυανόν

123 863 193 908 τὸν
219 866 323 906 Ven.
355 887 406 894 --
476 862 579 904 Ibid.
621 864 720 903 ven.
749 856 1071 917 ἅπαρπαχὲέντα
1096 860 1328 915 ἐτόπασαν,
1372 877 1431 915 μη
1458 860 1763 916 παραπόλωλεν.
1796 886 1848 892 -
1917 862 1945 902 l.
1977 863 2018 905 7.

125 943 168 975 et
195 934 235 976 8.
266 935 456 988 φιλοῠται
482 932 608 973 habet
636 933 738 973 Ven.
772 956 820 963 -
877 931 904 971 l.
937 932 987 973 10
1015 939 1057 971 et
1089 932 1151 972 11.
1186 928 1386 985 σωτήριον
1417 933 1518 972 ven.

239 1004 380 1061 Pag.
398 1003 523 1047 260.
577 1002 604 1042 l.
622 1000 659 1043 4.
693 1003 825 1057 βασιλ.
852 998 1173 1055 προστήσασθαι
1200 1001 1278 1054 Χρ.
1305 1003 1409 1042 Ven.
1441 1025 1491 1033 -
1550 1001 1576 1041 1.
1595 1001 1634 1042 9.
1664 1017 1751 1044 τινα
1777 1018 1859 1044 non
1888 1017 2021 1057 agno-

125 1074 203 1116 scit
230 1076 356 1122 Ven.‚
405 1072 471 1127 qui
514 1085 591 1126 pro
629 1065 753 1113 ἄλλου
786 1069 926 1119 ἔθνους
955 1070 1119 1111 exhibet
1145 1065 1243 1113 ἄλλο
1269 1072 1384 1114 εὲενον
1413 1071 1529 1126 (sic).
1558 1096 1608 1102 —
1667 1071 1693 1112 l.
1718 1075 1782 1114 15.
1812 1072 2021 1126 διαμείναν

127 1146 228 1184 Ven.
261 1167 313 1175 --
370 1143 399 1183 1.
429 1142 488 1184 17.
531 1141 666 1180 Verba
690 1138 759 1184 διὰ
789 1138 1060 1196 τετραπῆχων
1085 1140 1201 1180 abest
1229 1156 1251 1180 a
1279 1143 1378 1180 Ven.
1410 1164 1463 1171 -
1521 1141 1548 1181 l.
1574 1140 1633 1181 18.
1674 1137 2024 1196 οἷνεγηγερμένους

125 1216 229 1255 ven.
259 1237 313 1244 —-
369 1211 469 1252 Ibid.
512 1205 606 1266 ἅρχ.
636 1208 836 1263 ποιμινοὶς
865 1209 927 1264 (7)
955 1210 1036 1264 τῆς
1065 1208 1175 1253 ἐκκλ.
1205 1212 1308 1250 Ven.
1341 1234 1390 1240 —
1451 1210 1475 1250 l.
1497 1210 1563 1251 23.
1609 1211 1775 1265 Corrige
1803 1211 2021 1266 Μαγείαίς.

125 1285 205 1325 Pro
233 1279 446 1338 ἀπείχοντο
469 1281 510 1321 in
540 1282 644 1322 Ven.
671 1287 734 1319 est
759 1276 994 1335 ἀπέσχοντο.
1027 1304 1079 1311 ,-
1137 1280 1164 1320 l.
1185 1280 1250 1322 27.
1282 1278 1613 1334 ἐπιτεταγμένοι,
1643 1280 1755 1335 φημὶ
1783 1279 1830 1325 δὲ
1852 1277 1899 1324 ού
1922 1281 2024 1324 πᾶσι

127 1354 220 1396 τοῦν
251 1355 350 1392 Ven.
386 1376 433 1382 -
491 1351 517 1392 l.
537 1350 604 1393 30.
637 1348 678 1392 ἐν
706 1345 864 1404 οἶγγείῳ
895 1351 996 1389 Ven.
1032 1374 1084 1380 —
1143 1350 1170 1390 l.
1189 1350 1256 1392 35.
1287 1345 1444 1405 οἷγγείῳ
1477 1352 1576 1389 Ven.

236 1423 376 1478 Pag.
397 1420 522 1465 262.
577 1420 603 1461 l.
630 1416 694 1461 14.
722 1417 800 1472 τὴν
827 1419 1008 1473 ἱστορίαν
1034 1419 1112 1473 τῆς
1140 1419 1200 1468 εἰς
1223 1421 1328 1460 Ven.
1360 1444 1413 1450 —
1470 1420 1497 1460 1.
1522 1419 1581 1461 16.
1614 1417 1690 1476 ούχ
1721 1417 1815 1463 ὅλου
1846 1420 1893 1464 δὲ
1916 1423 2026 1474 πλη-

131 1490 354 1546 ρεστάτου,
400 1486 505 1534 ἇλλοὶ
540 1489 827 1543 νενοθευμένου
866 1488 938 1531 καὶ
976 1485 1369 1544 ἤκρωτηριασμένου
1410 1491 1510 1530 Ven.
1541 1514 1594 1520 —-
1651 1489 1760 1531 1824.
1790 1491 1926 1531 Verba
1956 1490 2028 1533 καὶ

126 1558 290 1606 Ἰούδαν
317 1558 387 1603 τὸν
412 1556 686 1613 Ἰσκαριώτην
714 1573 796 1599 non
825 1559 1011 1613 agnoscit
1031 1562 1133 1599 Ven.
1165 1585 1218 1590 —
1274 1560 1301 1600 l.
1321 1560 1386 1600 25.
1417 1555 1536 1612 ἤκολ.
1565 1575 1641 1614 μου
1668 1562 1771 1602 Ven.
1802 1583 1848 1592 -
1910 1561 1938 1600 1.
1959 1561 2024 1603 32.

130 1631 303 1687 ἐγκρίδα
331 1629 372 1673 ἐν
402 1631 491 1684 μελ.
519 1631 622 1671 Ven.
652 1653 703 1660 —-
763 1628 791 1669 l.
819 1629 892 1669 ult.
923 1630 994 1672 τοῦ
1025 1630 1122 1672 ᾓεοῢ
1153 1644 1232 1673 om.
1261 1632 1364 1671 Ven.

243 1702 382 1757 Pag.
407 1698 534 1744 264.
589 1699 616 1740 l.
634 1699 673 1741 3.
709 1699 875 1753 Corrige
915 1697 1142 1753 γεγέννηκά
1171 1714 1230 1742 σε.
1261 1724 1313 1731 -
1370 1700 1396 1740 l.
1416 1702 1453 1741 ὁ.
1498 1703 1589 1741 Vox
1619 1698 1736 1754 κύριε
1770 1714 1853 1740 non
1879 1699 2028 1754 legitur

131 1772 172 1811 in
199 1773 304 1812 Ven.
334 1795 385 1802 -
441 1770 471 1811 1.
498 1770 559 1812 17.
588 1769 830 1822 προείπομεν
859 1771 961 1809 Ven.
996 1793 1042 1799 —
1101 1770 1202 1810 Ibid.
1233 1771 1404 1824 Repone
1430 1769 1470 1812 ἐν
1495 1770 1596 1813 εἴδει
1622 1772 1877 1824 περιστερᾶς.
1938 1772 2029 1812 Vox

133 1843 236 1885 εἴδει
259 1842 355 1894 (pro
381 1854 461 1895 quo
487 1839 529 1879 in
554 1838 618 1880 ed.
645 1840 782 1879 Petav.
812 1839 934 1879 Paris.
960 1839 1155 1880 mendose
1193 1838 1296 1894 ἔδει)
1326 1841 1472 1881 omissa
1500 1848 1564 1880 est
1587 1840 1627 1880 in
1654 1840 1753 1880 edit.
1782 1842 1918 1880 Petav.
1950 1841 2029 1881 Co-

133 1913 217 1953 lon.
246 1919 375 1966 repet.
404 1905 475 1941 --’
514 1908 541 1951 l.
560 1909 626 1950 21.
655 1903 799 1962 οἷναγγ.
825 1904 939 1964 αύτῷ
971 1911 1074 1950 Ven.
1134 1909 1255 1959 Quod
1277 1911 1558 1965 reponendum
1586 1918 1658 1951 est.
1689 1934 1739 1940 —
1799 1910 1828 1952 l.
1846 1908 1912 1951 24.
1945 1907 2029 1965 μὴ’-

130 1996 209 2036 τηρ
239 1980 312 2024 καὶ
339 1977 513 2033 ἀδελφοὶ
541 1978 580 2021 οἱ
605 1992 644 2020 π.
676 1979 779 2019 Ven.

243 2051 385 2108 Pag,
413 2049 539 2093 266.
592 2048 620 2088 1.
642 2048 682 2090 7.
725 2045 921 2102 ἐρωτῆση
964 2051 1061 2089 Ven.
1093 2073 1146 2080 -
1215 2050 1243 2090 l.
1268 2049 1306 2092 9.
1353 2051 1531 2099 συνετῶς
1570 2052 1670 2090 Ven.
1700 2075 1754 2081 —
1812 2050 1913 2090 lbid.
1958 2050 2030 2093 καὶ

136 2121 341 2176 ἐπιμιξίας
369 2116 573 2172 σωμάτων
602 2118 704 2158 Ven.
730 2141 783 2149 —
824 2118 849 2157 l.
866 2118 933 2159 22.
964 2119 1098 2159 Verba
1121 2118 1193 2161 καὶ
1223 2115 1333 2162 οὕτω
1360 2136 1398 2163 κ.
1429 2119 1513 2163 ἐκλ.
1543 2118 1629 2163 υἱὸν
1655 2121 1693 2162 5.
1717 2120 1924 2174 κληῇέντα
1946 2134 2028 2160 non

135 2198 373 2246 comparent
399 2190 441 2229 in
464 2191 568 2229 Ven.
600 2211 650 2219 —
707 2187 734 2228 l.
758 2183 824 2228 24.
854 2182 958 2230 οἷλλοὶ
985 2188 1203 2231 κεκτίσῖεαι
1229 2192 1329 2229 Ven.
1363 2214 1415 2220 —
1472 2190 1499 2230 l.
1517 2190 1582 2230 25.
1626 2190 1760 2230 Verba
1790 2191 1956 2243 μείζονα
1983 2188 2031 2232 δὲ

136 2254 401 2304 αύτῶνῖὅντα
431 2273 513 2299 non
540 2258 729 2311 leguntur
754 2257 794 2297 in
823 2259 927 2298 Ven.
955 2282 1007 2288 ——-
1065 2259 1091 2299 l.
1111 2260 1177 2301 28.
1202 2251 1360 2302 ῗΗλῧεν
1390 2262 1494 2300 Ven.
1525 2283 1578 2291 -—-
1634 2260 1744 2302 1.30.
1788 2258 1907 2304 δόλια
1938 2259 2030 2303 ἐπι-

134 2328 321 2385 νοήματα
358 2329 483 2370 habet
519 2327 641 2368 etiam
677 2330 778 2369 Ven.
809 2351 860 2359 —-
918 2328 943 2367 l.
966 2328 1032 2370 31.
1076 2324 1271 2385 ἀσεβείας
1307 2329 1463 2384 ἔμπλεα
1505 2328 1689 2378 ἐνδέντες
1731 2325 1776 2372 ού
1816 2329 2033 2386 παρέργως

138 2403 242 2442 Ven.
300 2399 420 2450 Quod
449 2398 614 2439 omnino
640 2398 923 2452 reponendum
954 2407 1030 2439 est.

250 2485 391 2540 Γᾶς.
409 2482 535 2526 268.
589 2481 615 2521 l.
635 2482 673 2524 7.
705 2481 856 2535 μηκέτι
876 2479 1053 2538 λαβόντα
1079 2480 1155 2535 τὴν
1183 2480 1374 2538 τοιαύτην
1405 2481 1535 2538 κόρην
1564 2486 1665 2524 Ven.
1697 2509 1748 2515 -—
1806 2484 1835 2525 l.
1855 2484 1892 2525 8.
1929 2484 2033 2525 Cor-

139 2556 225 2609 rige
247 2553 498 2608 περιτομῆς,
541 2566 616 2605 pro
647 2566 728 2605 quo
767 2566 915 2606 operae
943 2567 1157 2607 perperam
1183 2551 1396 2607 ἐπιτομῆς.
1455 2553 1568 2594 Idem
1597 2554 1739 2594 vitium
1764 2554 1966 2608 reperitur
1992 2555 2034 2595 in

140 2625 240 2665 edit.
269 2626 409 2676 Petav.
441 2621 585 2661 Colon.
614 2634 700 2675 rep.
732 2646 780 2652 —
841 2622 866 2661 l.
897 2623 958 2663 ll.
992 2622 1174 2663 Alterum
1201 2622 1370 2680 πτωχός
1398 2638 1476 2665 om.
1506 2624 1548 2663 in
1574 2626 1676 2665 Ven.
1707 2649 1760 2656 —
1818 2624 1931 2666 1.21.
1962 2620 2035 2667 αύ-

139 2699 225 2742 τοῖς
248 2690 514 2747 φυλάττεται;
531 2685 668 2732 ’Ὀταν
697 2692 799 2731 Ven.
834 2715 878 2722 -
938 2691 965 2731 l.
986 2694 1054 2734 22.
1087 2692 1252 2747 Corrige
1274 2709 1347 2743 τις,
1380 2709 1470 2734 cum
1495 2708 1644 2749 operae
1672 2695 1866 2737 mendose
1892 2694 2033 2735 reddi-

143 2764 278 2804 derint
305 2777 355 2804 τι.
386 2786 437 2792 —-
469 2760 495 2802 l.
516 2760 583 2800 28.
615 2761 651 2802 οἱ
678 2756 747 2803 ἀπ’
785 2758 910 2803 αὐτοῦ
942 2763 1042 2802 Ven.

252 2833 392 2889 Pag.
414 2831 540 2875 270.
596 2831 623 2870 l.
643 2830 681 2872 3.
712 2826 806 2884 παρ’
833 2830 960 2887 ἑτέρῳ
988 2834 1087 2872 Ven.
1119 2857 1174 2864 —-
1232 2834 1332 2874 Ibid.
1366 2835 1534 2888 Repone
1561 2849 1609 2874 ex
1637 2836 1795 2874 Veneto
1822 2831 1943 2888 ἡμῶν
1975 2831 2041 2887 μὴ

145 2903 351 2958 εἰρῆσὲαι.
383 2925 436 2933 -
493 2901 519 2940 l.
541 2897 579 2941 4.
612 2899 729 2956 ἔσχεν
756 2898 802 2944 τὸ
834 2903 933 2941 ven.
994 2903 1115 2952 Quod
1143 2903 1195 2943 ad
1222 2911 1363 2944 annot.
1396 2904 1579 2954 adtinet,
1612 2904 1859 2944 mouendum
1884 2912 1945 2943 est
1970 2903 2036 2943 vi·-

142 2974 244 3013 tium
272 2971 318 3016 τὸ
353 2969 439 3027 εἶχε
465 2979 602 3011 extare
625 2970 665 3009 in
696 2971 757 3010 ed.
784 2972 922 3011 Petav.
951 2972 1091 3012 Colon.
1119 2982 1262 3027 repet„
1293 2988 1375 3014 non
1401 2974 1442 3014 in
1471 2974 1534 3014 ed.
1564 2976 1699 3014 Petav.
1727 2975 1851 3014 Paris.
1873 2998 1924 3004 —-
1954 2973 1981 3013 1.
1997 2972 2035 3015 6.

143 3042 385 3100 Ναβατείας
411 3043 511 3082 Ven.
541 3039 740 3088 ναυατέας
782 3042 867 3081 Bas.
898 3065 950 3071 -—
1006 3041 1033 3081 l.
1062 3041 1100 3083 9.
1134 3045 1177 3082 In
1205 3052 1345 3084 annot.
1381 3044 1446 3098 (3)
1478 3052 1572 3097 post
1614 3057 1703 3084 voc.
1730 3047 1881 3085 Pelavii
1908 3043 2039 3083 insere

148 3116 274 3155 Colon.
302 3117 417 3163 repet.
474 3112 580 3151 Nam
607 3110 648 3149 in
677 3109 738 3150 ed.
764 3111 900 3150 Petav.
938 3111 1060 3151 Paris.
1087 3120 1198 3151 recte
1221 3113 1371 3166 leg-itur
1410 3107 1685 3156 διδασκάλων.
1716 3138 1769 3145 —-
1826 3114 1852 3157 1,
1879 3115 1940 3154 10.
1966 3105 2038 3155 οὗ-

145 3198 206 3225 τοι
229 3196 307 3224 om.
337 3184 437 3222 Ven.
496 3181 558 3221 Ab
585 3180 728 3220 eodem
750 3179 855 3220 libro
884 3180 1029 3219 absunt
1060 3196 1162 3236 quae
1188 3182 1309 3236 paulo
1336 3192 1431 3237 post
1455 3192 1677 3237 sequuntur
1701 3183 1824 3223 verba
1849 3182 1920 3224 καὶ
1947 3179 2040 3238 ούχὶ

146 3251 379 3306 ἐκκλησίαν.
411 3275 461 3282 -
520 3250 547 3290 l.
572 3252 634 3312 11.
666 3246 790 3304 γάμῳ
820 3248 1075 3302 ἐπιτρέπουσι
1101 3249 1177 3299 τὰς
1207 3265 1351 3306 συναφ.
1379 3254 1479 3293 Ven.
1510 3277 1560 3283 —
1619 3253 1646 3293 l.
1673 3251 1734 3294 14.
1764 3249 1902 3300 ἀδεῶς
1928 3250 2040 3306 ἐφίε-

147 3335 224 3364 ται.
281 3318 474 3376 Ἃβραάμ
499 3322 603 3361 Ven.
634 3343 681 3350 —-
741 3319 768 3358 l.
793 3318 854 3360 16.
896 3320 1031 3360 Verba
1076 3316 1192 3364 ούδὲν
1229 3319 1275 3364 ’δὲ
1317 3316 1416 3364 ὅντα
1454 3322 1599 3362 absunt
1635 3337 1658 3362 a
1687 3324 1790 3362 Ven.
1821 3346 1873 3353 —-
1930 3321 1956 3361 l.
1979 3320 2039 3364 17.

150 3387 288 3434 ούκέτι
315 3405 395 3431 om.
425 3392 525 3431 Ven.
549 3413 602 3421 --
658 3389 686 3431 l.
705 3388 771 3430 26.
803 3389 874 3431 καὶ
901 3388 1081 3442 Χριστὸν
1111 3404 1190 3430 om.
1220 3392 1320 3432 ven.
1343 3414 1398 3421 -
1456 3392 1555 3431 lbid.
1587 3391 1834 3445 προείπαμεν
1863 3392 1966 3431 Ven.
1988 3415 2040 3421 —·

149 3462 176 3501 l.
205 3460 265 3502 19.
296 3475 385 3503 τινα
412 3458 518 3515 ῥητοὶ
542 3455 663 3515 οἷποβ.
694 3460 795 3500 Ven.
825 3483 879 3490 -
935 3460 961 3500 l.
981 3460 1045 3501 20.
1078 3460 1212 3501 Verba
1239 3459 1332 3514 περὶ
1356 3458 1556 3516 ἐμψύχων
1585 3458 1781 3517 βρώσεως
1809 3461 2042 3501 desideran-

153 3539 219 3571 tur
247 3531 288 3570 in
318 3533 421 3571 Ven.

263 3600 401 3657 Peg.
421 3601 545 3646 272.
601 3601 627 3640 l.
651 3601 683 3641 1.
717 3598 1018 3654 ἐπιγράφεσθαι
1041 3600 1146 3639 Ven.
1168 3624 1219 3630 -—
1278 3599 1303 3639 1.
1326 3600 1365 3642 3.
1398 3600 1572 3653 Σαμῴῶ
1600 3602 1702 3641 ven.
1726 3624 1781 3631 —
1836 3600 1864 3641 1.
1883 3599 1910 3643 6
1936 3609 1976 3641 et
2004 3602 2041 3645 7.

155 3667 366 3724 ἄπατηλοῦ
407 3672 509 3711 ven.
538 3694 591 3702 --
659 3670 771 3712 1.11.
815 3666 1001 3725 ὑπολάβῃ
1044 3671 1146 3711 Ven.
1174 3693 1230 3700 —-
1298 3670 1323 3710 l.
1348 3670 1409 3710 12.
1451 3666 1556 3718 &re
1594 3668 1641 3712 τὸ
1682 3671 1785 3710 Ven.
1821 3694 1874 3702 -
1930 3670 2039 3712 l.13.

155 3739 279 3794 κρέας
302 3754 392 3780 cum
416 3740 547 3781 Vatic.
571 3748 708 3780 tuetur
735 3740 856 3780 etiam
880 3742 982 3781 Ven.
1013 3764 1064 3772 —-
1121 3741 1148 3780 l.
1170 3739 1232 3781 19.
1264 3738 1453 3791 ἐποίησεν
1475 3742 1575 3781 Ven.
1606 3765 1657 3772 —
1714 3741 1741 3782 l.
1764 3741 1830 3782 22.
1866 3739 2041 3797 ἐλέγχων

158 3811 259 3852 Ven.
288 3833 341 3840 —
395 3808 424 3848 1.
447 3810 512 3851 25.
549 3809 743 3852 ἐθέσπισε
772 3812 872 3852 Ven.
905 3832 959 3840 —
1014 3809 1041 3849 l.
1060 3809 1126 3852 30.
1158 3804 1324 3863 ἐλέγοιτ’
1351 3804 1398 3852 ἒὶν
1427 3812 1529 3853 Ven.

241 3877 386 3922 eorpus
403 3876 624 3913 Haereseol.
654 3877 700 3913 11.
723 3878 754 3913 3.
1006 3886 1013 3893 ·
1644 3883 1709 3934 39
