<?xml version="1.0" encoding="UTF-8"?>
<!DOCTYPE html PUBLIC "-//W3C//DTD XHTML 1.0 Transitional//EN"
    "http://www.w3.org/TR/xhtml1/DTD/xhtml1-transitional.dtd">
<html xmlns="http://www.w3.org/1999/xhtml" xml:lang="en" lang="en">
 <head>
  <title>
</title>
<meta http-equiv="Content-Type" content="text/html;charset=utf-8" />
  <meta name='ocr-system' content='tesseract 3.04.00' />
  <meta name='ocr-capabilities' content='ocr_page ocr_carea ocr_par ocr_line ocrx_word'/>
</head>
<body>
  <div class='ocr_page' id='page_1' title='image "./pt3corporishaere02epipuoft_0278.png"; bbox 0 0 2508 4134; ppageno 0'>
   <div class='ocr_carea' id='block_1_1' title="bbox 219 1006 397 1052">
    <p class='ocr_par' dir='ltr' id='par_1_1' title="bbox 219 1006 397 1052">
     <span class='ocr_line' id='line_1_1' title="bbox 219 1006 397 1052; baseline 0.011 -12"><span class='ocrx_word' id='word_1_1' title='bbox 219 1017 303 1052; x_wconf 76' lang='lat' dir='ltr'>pag.</span> <span class='ocrx_word' id='word_1_2' title='bbox 323 1006 397 1042; x_wconf 81' lang='lat'><strong>958.</strong></span> 
     </span>
    </p>
   </div>
   <div class='ocr_carea' id='block_1_2' title="bbox 425 287 1653 339">
    <p class='ocr_par' dir='ltr' id='par_1_2' title="bbox 425 287 1653 339">
     <span class='ocr_line' id='line_1_2' title="bbox 425 287 1653 339; baseline -0.001 0"><span class='ocrx_word' id='word_1_3' title='bbox 425 287 528 339; x_wconf 84' lang='lat'><em>268</em></span> <span class='ocrx_word' id='word_1_4' title='bbox 1138 295 1341 337; x_wconf 75' lang='lat' dir='ltr'><strong>SANc‘m</strong></span> <span class='ocrx_word' id='word_1_5' title='bbox 1371 296 1653 338; x_wconf 77' lang='lat' dir='ltr'><strong>EPIPHANII</strong></span> 
     </span>
    </p>
   </div>
   <div class='ocr_carea' id='block_1_3' title="bbox 422 389 2358 1579">
    <p class='ocr_par' dir='ltr' id='par_1_3' title="bbox 422 389 2358 1579">
     <span class='ocr_line' id='line_1_3' title="bbox 424 389 2355 464; baseline 0.002 -17"><span class='ocrx_word' id='word_1_6' title='bbox 424 391 701 461; x_wconf 80' lang='grc' dir='ltr'><em>ἕνδημήσας</em></span> <span class='ocrx_word' id='word_1_7' title='bbox 723 393 886 446; x_wconf 72' lang='grc' dir='ltr'><em>ἔδωκα</em></span> <span class='ocrx_word' id='word_1_8' title='bbox 914 389 1033 459; x_wconf 79' lang='grc' dir='ltr'><em>ὖμῖν</em></span> <span class='ocrx_word' id='word_1_9' title='bbox 1063 390 1154 445; x_wconf 79' lang='grc' dir='ltr'><em>6τὸ</em></span> <span class='ocrx_word' id='word_1_10' title='bbox 1181 394 1438 462; x_wconf 86' lang='grc' dir='ltr'><em>γενέσθαι,</em></span> <span class='ocrx_word' id='word_1_11' title='bbox 1490 394 1575 448; x_wconf 79' lang='grc' dir='ltr'><em>διὰ</em></span> <span class='ocrx_word' id='word_1_12' title='bbox 1599 399 1689 448; x_wconf 88' lang='grc' dir='ltr'><em>τοῦ</em></span> <span class='ocrx_word' id='word_1_13' title='bbox 1718 396 1896 464; x_wconf 79' lang='grc' dir='ltr'><em>ῥητοῦ,</em></span> <span class='ocrx_word' id='word_1_14' title='bbox 1933 392 2157 449; x_wconf 82' lang='grc' dir='ltr'><em>Ἔδωκεν</em></span> <span class='ocrx_word' id='word_1_15' title='bbox 2183 395 2355 463; x_wconf 77' lang='grc' dir='ltr'><em>αὐτοῖς</em></span> 
     </span>
     <span class='ocr_line' id='line_1_4' title="bbox 425 477 2356 552; baseline 0.002 -19"><span class='ocrx_word' id='word_1_16' title='bbox 425 482 650 542; x_wconf 78' lang='grc' dir='ltr'><strong><em>ἐξουσίαν</em></strong></span> <span class='ocrx_word' id='word_1_17' title='bbox 678 478 825 531; x_wconf 86' lang='grc' dir='ltr'><em>τέκνα</em></span> <span class='ocrx_word' id='word_1_18' title='bbox 853 483 980 531; x_wconf 83' lang='grc' dir='ltr'><em>θεοῦ</em></span> <span class='ocrx_word' id='word_1_19' title='bbox 1001 479 1246 548; x_wconf 89' lang='grc' dir='ltr'><em>γενέσθαι.</em></span> <span class='ocrx_word' id='word_1_20' title='bbox 1321 478 1509 551; x_wconf 80' lang='grc' dir='ltr'><em>Διόπερ</em></span> <span class='ocrx_word' id='word_1_21' title='bbox 1537 481 1621 534; x_wconf 86' lang='grc' dir='ltr'><em>καὶ</em></span> <span class='ocrx_word' id='word_1_22' title='bbox 1648 479 1800 542; x_wconf 79' lang='grc' dir='ltr'><em>αὐτός</em></span> <span class='ocrx_word' id='word_1_23' title='bbox 1827 477 1942 550; x_wconf 89' lang='grc' dir='ltr'><em>παρ’</em></span> <span class='ocrx_word' id='word_1_24' title='bbox 1969 477 2136 543; x_wconf 74' lang='grc' dir='ltr'><em>αὐτοῖς</em></span> <span class='ocrx_word' id='word_1_25' title='bbox 2159 480 2356 552; x_wconf 86' lang='grc' dir='ltr'><em>γενόμε-</em></span> 
     </span>
     <span class='ocr_line' id='line_1_5' title="bbox 423 561 2355 638; baseline 0.002 -21"><span class='ocrx_word' id='word_1_26' title='bbox 423 586 509 626; x_wconf 85' lang='grc' dir='ltr'><em>νος</em></span> <span class='ocrx_word' id='word_1_27' title='bbox 536 561 736 633; x_wconf 75' lang='grc' dir='ltr'><em>μορφήν</em></span> <span class='ocrx_word' id='word_1_28' title='bbox 762 562 946 617; x_wconf 83' lang='grc' dir='ltr'><em>δούλου</em></span> <span class='ocrx_word' id='word_1_29' title='bbox 971 565 1140 632; x_wconf 74' lang='grc' dir='ltr'><em>ἔλαβε,</em></span> <span class='ocrx_word' id='word_1_30' title='bbox 1177 564 1480 635; x_wconf 78' lang='grc' dir='ltr'><em>προσφάτως</em></span> <span class='ocrx_word' id='word_1_31' title='bbox 1504 564 1774 638; x_wconf 78' lang='grc' dir='ltr'><em>προσφάτῳ</em></span> <span class='ocrx_word' id='word_1_32' title='bbox 1806 566 2219 634; x_wconf 79' lang='grc' dir='ltr'><em>ἔπικοινωνήσας,</em></span> <span class='ocrx_word' id='word_1_33' title='bbox 2255 571 2355 620; x_wconf 72' lang='grc' dir='ltr'><em>τῶν</em></span> 
     </span>
     <span class='ocr_line' id='line_1_6' title="bbox 425 647 2355 722; baseline 0.002 -20"><span class='ocrx_word' id='word_1_34' title='bbox 425 647 754 719; x_wconf 83' lang='grc' dir='ltr'><em>ἆρχαῑζόντων</em></span> <span class='ocrx_word' id='word_1_35' title='bbox 783 647 1062 717; x_wconf 84' lang='grc' dir='ltr'><em>7μενόντων</em></span> <span class='ocrx_word' id='word_1_36' title='bbox 1085 652 1137 703; x_wconf 83' lang='grc' dir='ltr'><em>ἔν</em></span> <span class='ocrx_word' id='word_1_37' title='bbox 1167 649 1439 718; x_wconf 87' lang='grc' dir='ltr'><em>ταυτότητι,</em></span> <span class='ocrx_word' id='word_1_38' title='bbox 1478 653 1563 704; x_wconf 86' lang='grc' dir='ltr'><em>καὶ</em></span> <span class='ocrx_word' id='word_1_39' title='bbox 1591 649 1660 719; x_wconf 78' lang='grc' dir='ltr'><em>μὴ</em></span> <span class='ocrx_word' id='word_1_40' title='bbox 1687 652 1755 713; x_wconf 87' lang='grc' dir='ltr'><em>είς</em></span> <span class='ocrx_word' id='word_1_41' title='bbox 1784 650 2015 722; x_wconf 85' lang='grc' dir='ltr'><em>σύγχυσιν</em></span> <span class='ocrx_word' id='word_1_42' title='bbox 2037 650 2355 720; x_wconf 85' lang='grc' dir='ltr'><em>μεταβαινόν-</em></span> 
     </span>
     <span class='ocr_line' id='line_1_7' title="bbox 422 731 2356 808; baseline 0.002 -20"><span class='ocrx_word' id='word_1_43' title='bbox 422 757 543 800; x_wconf 87' lang='grc' dir='ltr'><em>των,</em></span> <span class='ocrx_word' id='word_1_44' title='bbox 594 737 720 788; x_wconf 83' lang='grc' dir='ltr'><em>υἷῶν</em></span> <span class='ocrx_word' id='word_1_45' title='bbox 757 735 845 802; x_wconf 84' lang='grc' dir='ltr'><em>μὲν</em></span> <span class='ocrx_word' id='word_1_46' title='bbox 875 731 1162 799; x_wconf 73' lang='grc' dir='ltr'><em>ἀνθρώπων</em></span> <span class='ocrx_word' id='word_1_47' title='bbox 1190 734 1274 789; x_wconf 74' lang='grc' dir='ltr'><em>διά</em></span> <span class='ocrx_word' id='word_1_48' title='bbox 1296 742 1385 804; x_wconf 88' lang='grc' dir='ltr'><em>τῆς</em></span> <span class='ocrx_word' id='word_1_49' title='bbox 1411 742 1615 805; x_wconf 83' lang='grc' dir='ltr'><em>μετοχῆς</em></span> <span class='ocrx_word' id='word_1_50' title='bbox 1643 739 1713 798; x_wconf 88' lang='grc' dir='ltr'><em>εἷς</em></span> <span class='ocrx_word' id='word_1_51' title='bbox 1742 735 2037 808; x_wconf 78' lang='grc' dir='ltr'><em>ἀφθαρσίαν</em></span> <span class='ocrx_word' id='word_1_52' title='bbox 2068 741 2356 806; x_wconf 87' lang='grc' dir='ltr'><em>μεταβαλλο-</em></span> 
     </span>
     <span class='ocr_line' id='line_1_8' title="bbox 423 818 2356 895; baseline 0.001 -20"><span class='ocrx_word' id='word_1_53' title='bbox 423 823 613 890; x_wconf 82' lang='grc' dir='ltr'><em>μένων,</em></span> <span class='ocrx_word' id='word_1_54' title='bbox 649 818 748 873; x_wconf 81' lang='grc' dir='ltr'><em>οἶλλ’</em></span> <span class='ocrx_word' id='word_1_55' title='bbox 776 818 868 874; x_wconf 75' lang='grc' dir='ltr'><em>οὐκ</em></span> <span class='ocrx_word' id='word_1_56' title='bbox 893 822 961 882; x_wconf 84' lang='grc' dir='ltr'><em>εἰς</em></span> <span class='ocrx_word' id='word_1_57' title='bbox 985 818 1346 889; x_wconf 81' lang='grc' dir='ltr'><em>ὁμοουσιότητα</em></span> <span class='ocrx_word' id='word_1_58' title='bbox 1371 823 1768 890; x_wconf 89' lang='grc' dir='ltr'><em>συνενουμένων,</em></span> <span class='ocrx_word' id='word_1_59' title='bbox 1806 824 1889 875; x_wconf 80' lang='grc' dir='ltr'><em>καὶ</em></span> <span class='ocrx_word' id='word_1_60' title='bbox 1919 828 2009 876; x_wconf 89' lang='grc' dir='ltr'><em>τοῦ</em></span> <span class='ocrx_word' id='word_1_61' title='bbox 2037 821 2128 891; x_wconf 77' lang='grc' dir='ltr'><em>τὴν</em></span> <span class='ocrx_word' id='word_1_62' title='bbox 2153 820 2356 895; x_wconf 82' lang='grc' dir='ltr'><em>μορφὴν</em></span> 
     </span>
     <span class='ocr_line' id='line_1_9' title="bbox 424 904 2355 978; baseline 0.001 -17"><span class='ocrx_word' id='word_1_63' title='bbox 424 906 605 961; x_wconf 81' lang='grc' dir='ltr'><em>δούλου</em></span> <span class='ocrx_word' id='word_1_64' title='bbox 627 904 867 974; x_wconf 80' lang='grc' dir='ltr'><em>λαβόντος</em></span> <span class='ocrx_word' id='word_1_65' title='bbox 897 904 979 959; x_wconf 74' lang='grc' dir='ltr'><em>διὰ</em></span> <span class='ocrx_word' id='word_1_66' title='bbox 1005 913 1098 959; x_wconf 86' lang='grc' dir='ltr'><em>τοῦ</em></span> <span class='ocrx_word' id='word_1_67' title='bbox 1125 908 1213 974; x_wconf 81' lang='grc' dir='ltr'><em>μὲν</em></span> <span class='ocrx_word' id='word_1_68' title='bbox 1241 907 1528 975; x_wconf 76' lang='grc' dir='ltr'><em>Λαβόντος,</em></span> <span class='ocrx_word' id='word_1_69' title='bbox 1556 905 1611 961; x_wconf 79' lang='grc' dir='ltr'><em>τὸ</em></span> <span class='ocrx_word' id='word_1_70' title='bbox 1640 906 1932 978; x_wconf 89' lang='grc' dir='ltr'><em>πρόσφατον</em></span> <span class='ocrx_word' id='word_1_71' title='bbox 1953 911 2233 976; x_wconf 81' lang='grc' dir='ltr'><em>δηλοῦντος,</em></span> <span class='ocrx_word' id='word_1_72' title='bbox 2271 907 2355 962; x_wconf 76' lang='grc' dir='ltr'><em>διᾶ</em></span> 
     </span>
     <span class='ocr_line' id='line_1_10' title="bbox 425 990 2354 1066; baseline -0.001 -19"><span class='ocrx_word' id='word_1_73' title='bbox 425 995 477 1048; x_wconf 83' lang='grc' dir='ltr'><em>δὲ</em></span> <span class='ocrx_word' id='word_1_74' title='bbox 501 998 614 1058; x_wconf 85' lang='grc' dir='ltr'><em>τοῦ,</em></span> <span class='ocrx_word' id='word_1_75' title='bbox 659 991 744 1045; x_wconf 87' lang='lat' dir='ltr'><em>&#39;Ev</em></span> <span class='ocrx_word' id='word_1_76' title='bbox 781 998 950 1066; x_wconf 84' lang='grc' dir='ltr'><em>μορφῇ</em></span> <span class='ocrx_word' id='word_1_77' title='bbox 991 998 1120 1046; x_wconf 84' lang='grc' dir='ltr'><em>θεοῦ</em></span> <span class='ocrx_word' id='word_1_78' title='bbox 1154 990 1489 1063; x_wconf 71' lang='grc' dir='ltr'><em>ὑπάρχοντος,</em></span> <span class='ocrx_word' id='word_1_79' title='bbox 1546 995 1615 1055; x_wconf 83' lang='grc' dir='ltr'><em>εἰς</em></span> <span class='ocrx_word' id='word_1_80' title='bbox 1642 992 1831 1063; x_wconf 74' lang='grc' dir='ltr'><em>τροπὴν</em></span> <span class='ocrx_word' id='word_1_81' title='bbox 1867 991 1935 1062; x_wconf 80' lang='grc' dir='ltr'><em>μὴ</em></span> <span class='ocrx_word' id='word_1_82' title='bbox 1973 995 2354 1065; x_wconf 80' lang='grc' dir='ltr'><em>παρερχομένου.</em></span> 
     </span>
     <span class='ocr_line' id='line_1_11' title="bbox 431 1076 2357 1151; baseline 0.001 -18"><span class='ocrx_word' id='word_1_83' title='bbox 431 1078 631 1133; x_wconf 84' lang='grc' dir='ltr'><em>Τούτων</em></span> <span class='ocrx_word' id='word_1_84' title='bbox 657 1079 710 1131; x_wconf 84' lang='grc' dir='ltr'><em>δὲ</em></span> <span class='ocrx_word' id='word_1_85' title='bbox 743 1077 901 1140; x_wconf 71' lang='grc' dir='ltr'><em>οὕτως</em></span> <span class='ocrx_word' id='word_1_86' title='bbox 939 1076 1123 1143; x_wconf 77' lang='grc' dir='ltr'><em>ὄντων,</em></span> <span class='ocrx_word' id='word_1_87' title='bbox 1174 1080 1259 1131; x_wconf 87' lang='grc' dir='ltr'><em>καὶ</em></span> <span class='ocrx_word' id='word_1_88' title='bbox 1288 1080 1340 1131; x_wconf 82' lang='grc' dir='ltr'><em>έν</em></span> <span class='ocrx_word' id='word_1_89' title='bbox 1366 1081 1520 1151; x_wconf 78' lang='grc' dir='ltr'><em>τελείᾳ</em></span> <span class='ocrx_word' id='word_1_90' title='bbox 1549 1077 1724 1148; x_wconf 78' lang='grc' dir='ltr'><em>γνώσει</em></span> <span class='ocrx_word' id='word_1_91' title='bbox 1758 1077 1916 1142; x_wconf 68' lang='grc' dir='ltr'><em>οὕτως</em></span> <span class='ocrx_word' id='word_1_92' title='bbox 1945 1078 2082 1150; x_wconf 74' lang='grc' dir='ltr'><em>παρά</em></span> <span class='ocrx_word' id='word_1_93' title='bbox 2107 1087 2213 1143; x_wconf 85' lang='grc' dir='ltr'><em>τοῖς</em></span> <span class='ocrx_word' id='word_1_94' title='bbox 2240 1087 2357 1134; x_wconf 85' lang='grc' dir='ltr'><em>θεο-</em></span> 
     </span>
     <span class='ocr_line' id='line_1_12' title="bbox 424 1161 2355 1234; baseline 0 -15"><span class='ocrx_word' id='word_1_95' title='bbox 424 1164 677 1226; x_wconf 88' lang='grc' dir='ltr'><em>διδάκτοις</em></span> <span class='ocrx_word' id='word_1_96' title='bbox 702 1170 876 1230; x_wconf 78' lang='grc' dir='ltr'><em>σαφῶς</em></span> <span class='ocrx_word' id='word_1_97' title='bbox 902 1161 1337 1234; x_wconf 76' lang='grc' dir='ltr'><em>ὁμολογουμένων,</em></span> <span class='ocrx_word' id='word_1_98' title='bbox 1376 1161 1492 1217; x_wconf 76' lang='grc' dir='ltr'><em>οὔτε</em></span> <span class='ocrx_word' id='word_1_99' title='bbox 1520 1162 1600 1230; x_wconf 78' lang='grc' dir='ltr'><em>τό,</em></span> <span class='ocrx_word' id='word_1_100' title='bbox 1659 1163 1783 1226; x_wconf 85' lang='grc' dir='ltr'><em>Θεός</em></span> <span class='ocrx_word' id='word_1_101' title='bbox 1810 1186 1905 1232; x_wconf 92' lang='grc' dir='ltr'><em>μου</em></span> <span class='ocrx_word' id='word_1_102' title='bbox 1933 1167 2018 1218; x_wconf 86' lang='grc' dir='ltr'><em>καὶ</em></span> <span class='ocrx_word' id='word_1_103' title='bbox 2049 1164 2170 1228; x_wconf 79' lang='grc' dir='ltr'><em>θεὸς</em></span> <span class='ocrx_word' id='word_1_104' title='bbox 2196 1163 2355 1234; x_wconf 67' lang='grc' dir='ltr'><em>ὑμῶν,</em></span> 
     </span>
     <span class='ocr_line' id='line_1_13' title="bbox 428 1246 2358 1322; baseline -0.001 -17"><span class='ocrx_word' id='word_1_105' title='bbox 428 1259 451 1289; x_wconf 80' lang='lat'>⁸</span> <span class='ocrx_word' id='word_1_106' title='bbox 468 1250 598 1316; x_wconf 77' lang='grc' dir='ltr'><em>οὔτε,</em></span> <span class='ocrx_word' id='word_1_107' title='bbox 625 1248 680 1303; x_wconf 85' lang='lat' dir='ltr'><em>‘O</em></span> <span class='ocrx_word' id='word_1_108' title='bbox 705 1248 865 1319; x_wconf 83' lang='grc' dir='ltr'><em>πατήρ</em></span> <span class='ocrx_word' id='word_1_109' title='bbox 891 1271 989 1317; x_wconf 93' lang='grc' dir='ltr'><em>μου</em></span> <span class='ocrx_word' id='word_1_110' title='bbox 1013 1250 1098 1302; x_wconf 88' lang='grc' dir='ltr'><em>καὶ</em></span> <span class='ocrx_word' id='word_1_111' title='bbox 1124 1247 1284 1320; x_wconf 83' lang='grc' dir='ltr'><em>πατὴρ</em></span> <span class='ocrx_word' id='word_1_112' title='bbox 1318 1246 1475 1317; x_wconf 76' lang='grc' dir='ltr'><em>ὑμῶν,</em></span> <span class='ocrx_word' id='word_1_113' title='bbox 1516 1247 1617 1303; x_wconf 80' lang='grc' dir='ltr'><em>ἀπό</em></span> <span class='ocrx_word' id='word_1_114' title='bbox 1657 1255 1746 1318; x_wconf 88' lang='grc' dir='ltr'><em>τῆς</em></span> <span class='ocrx_word' id='word_1_115' title='bbox 1774 1248 1898 1303; x_wconf 76' lang='grc' dir='ltr'><em>κατά</em></span> <span class='ocrx_word' id='word_1_116' title='bbox 1927 1249 1981 1304; x_wconf 78' lang='grc' dir='ltr'><em>τό</em></span> <span class='ocrx_word' id='word_1_117' title='bbox 2016 1249 2218 1322; x_wconf 74' lang='grc' dir='ltr'><em>εὔλογον</em></span> <span class='ocrx_word' id='word_1_118' title='bbox 2253 1252 2358 1304; x_wconf 82' lang='grc' dir='ltr'><em>ἐπι-</em></span> 
     </span>
     <span class='ocr_line' id='line_1_14' title="bbox 424 1332 2358 1405; baseline -0.001 -14"><span class='ocrx_word' id='word_1_119' title='bbox 424 1339 686 1398; x_wconf 90' lang='grc' dir='ltr'><em>κοινωνίας</em></span> <span class='ocrx_word' id='word_1_120' title='bbox 723 1333 806 1388; x_wconf 71' lang='grc' dir='ltr'><em>διὰ</em></span> <span class='ocrx_word' id='word_1_121' title='bbox 845 1341 935 1388; x_wconf 90' lang='grc' dir='ltr'><em>τοῦ</em></span> <span class='ocrx_word' id='word_1_122' title='bbox 973 1332 1242 1402; x_wconf 80' lang='grc' dir='ltr'><em>ὁμωνύμου</em></span> <span class='ocrx_word' id='word_1_123' title='bbox 1275 1338 1450 1389; x_wconf 84' lang='grc' dir='ltr'><em>διοίσει</em></span> <span class='ocrx_word' id='word_1_124' title='bbox 1485 1342 1572 1404; x_wconf 90' lang='grc' dir='ltr'><em>τῆς</em></span> <span class='ocrx_word' id='word_1_125' title='bbox 1600 1335 1913 1405; x_wconf 82' lang='grc' dir='ltr'><em>ἀκραιφνοῦς</em></span> <span class='ocrx_word' id='word_1_126' title='bbox 1939 1334 2112 1398; x_wconf 78' lang='grc' dir='ltr'><em>οὐσίας</em></span> <span class='ocrx_word' id='word_1_127' title='bbox 2139 1333 2240 1390; x_wconf 75' lang='grc' dir='ltr'><em>ἀπό</em></span> <span class='ocrx_word' id='word_1_128' title='bbox 2271 1341 2358 1404; x_wconf 86' lang='grc' dir='ltr'><em>τῆς</em></span> 
     </span>
     <span class='ocr_line' id='line_1_15' title="bbox 423 1419 2357 1494; baseline -0.001 -18"><span class='ocrx_word' id='word_1_129' title='bbox 423 1421 667 1494; x_wconf 75' lang='grc' dir='ltr'><em>ὑπεροχῆς</em></span> <span class='ocrx_word' id='word_1_130' title='bbox 694 1427 782 1489; x_wconf 87' lang='grc' dir='ltr'><em>τῆς</em></span> <span class='ocrx_word' id='word_1_131' title='bbox 805 1423 933 1483; x_wconf 87' lang='grc' dir='ltr'><em>ἰδίας</em></span> <span class='ocrx_word' id='word_1_132' title='bbox 962 1420 1206 1488; x_wconf 84' lang='grc' dir='ltr'><em>ἰδιότητος</em></span> <span class='ocrx_word' id='word_1_133' title='bbox 1232 1419 1419 1492; x_wconf 77' lang='grc' dir='ltr'><em>πατρὸς</em></span> <span class='ocrx_word' id='word_1_134' title='bbox 1446 1419 1574 1493; x_wconf 77' lang='grc' dir='ltr'><em>πρός</em></span> <span class='ocrx_word' id='word_1_135' title='bbox 1598 1420 1726 1487; x_wconf 84' lang='grc' dir='ltr'><em>υίὸν,</em></span> <span class='ocrx_word' id='word_1_136' title='bbox 1754 1422 1837 1474; x_wconf 85' lang='grc' dir='ltr'><em>καὶ</em></span> <span class='ocrx_word' id='word_1_137' title='bbox 1858 1424 1972 1475; x_wconf 79' lang='grc' dir='ltr'><em>υἱοῦ</em></span> <span class='ocrx_word' id='word_1_138' title='bbox 1998 1419 2124 1493; x_wconf 82' lang='grc' dir='ltr'><em>πρός</em></span> <span class='ocrx_word' id='word_1_139' title='bbox 2151 1422 2357 1494; x_wconf 78' lang='grc' dir='ltr'><em>πατέρα,</em></span> 
     </span>
     <span class='ocr_line' id='line_1_16' title="bbox 423 1504 1292 1579; baseline -0.001 -17"><span class='ocrx_word' id='word_1_140' title='bbox 423 1510 509 1562; x_wconf 87' lang='grc' dir='ltr'><em>καὶ</em></span> <span class='ocrx_word' id='word_1_141' title='bbox 545 1506 690 1579; x_wconf 81' lang='grc' dir='ltr'><em>άγίου</em></span> <span class='ocrx_word' id='word_1_142' title='bbox 728 1505 1007 1575; x_wconf 79' lang='grc' dir='ltr'><em>πνεύματος</em></span> <span class='ocrx_word' id='word_1_143' title='bbox 1046 1504 1292 1569; x_wconf 72' lang='grc' dir='ltr'><em>ὦςαύτως.</em></span> 
     </span>
    </p>
   </div>
   <div class='ocr_carea' id='block_1_4' title="bbox 420 1848 2358 2349">
    <p class='ocr_par' dir='ltr' id='par_1_4' title="bbox 420 1848 2358 2349">
     <span class='ocr_line' id='line_1_17' title="bbox 567 1848 2356 1921; baseline 0.001 -16"><span class='ocrx_word' id='word_1_144' title='bbox 567 1850 755 1919; x_wconf 86' lang='grc' dir='ltr'><em>Κεφάλ.</em></span> <span class='ocrx_word' id='word_1_145' title='bbox 778 1852 975 1904; x_wconf 86' lang='grc' dir='ltr'><em>Ἀετίου</em></span> <span class='ocrx_word' id='word_1_146' title='bbox 1003 1848 1079 1918; x_wconf 87' lang='grc' dir='ltr'><em>ιη’.</em></span> <span class='ocrx_word' id='word_1_147' title='bbox 1120 1853 1191 1903; x_wconf 85' lang='grc' dir='ltr'><em>Εἰ</em></span> <span class='ocrx_word' id='word_1_148' title='bbox 1212 1848 1241 1919; x_wconf 80' lang='grc' dir='ltr'><em>ἦ</em></span> <span class='ocrx_word' id='word_1_149' title='bbox 1262 1850 1527 1921; x_wconf 83' lang='grc' dir='ltr'><em>ἆγέννητος</em></span> <span class='ocrx_word' id='word_1_150' title='bbox 1556 1848 1701 1904; x_wconf 75' lang='grc' dir='ltr'><em>οὐσία</em></span> <span class='ocrx_word' id='word_1_151' title='bbox 1726 1853 1955 1921; x_wconf 85' lang='grc' dir='ltr'><em>κρείττων</em></span> <span class='ocrx_word' id='word_1_152' title='bbox 1980 1851 2081 1904; x_wconf 80' lang='grc' dir='ltr'><em>ἐστὶ</em></span> <span class='ocrx_word' id='word_1_153' title='bbox 2109 1852 2356 1921; x_wconf 84' lang='grc' dir='ltr'><em>γενέσεως,</em></span> 
     </span>
     <span class='ocr_line' id='line_1_18' title="bbox 423 1933 2358 2007; baseline -0.002 -14"><span class='ocrx_word' id='word_1_154' title='bbox 423 1942 625 1993; x_wconf 72' lang='grc' dir='ltr'><em>οἴκοθεν</em></span> <span class='ocrx_word' id='word_1_155' title='bbox 652 1940 830 2006; x_wconf 74' lang='grc' dir='ltr'><em>ἔχουσα</em></span> <span class='ocrx_word' id='word_1_156' title='bbox 856 1936 910 1990; x_wconf 85' lang='grc' dir='ltr'>τὸ</span> <span class='ocrx_word' id='word_1_157' title='bbox 937 1944 1171 2006; x_wconf 87' lang='grc' dir='ltr'><em>κρεῖττον,</em></span> <span class='ocrx_word' id='word_1_158' title='bbox 1212 1934 1480 1989; x_wconf 79' lang='grc' dir='ltr'><em>αὕτοουσία</em></span> <span class='ocrx_word' id='word_1_159' title='bbox 1507 1938 1637 1990; x_wconf 81' lang='grc' dir='ltr'><em>ἐστὶν</em></span> <span class='ocrx_word' id='word_1_160' title='bbox 1663 1934 1941 2006; x_wconf 82' lang='grc' dir='ltr'><em>άγέννητος.</em></span> <span class='ocrx_word' id='word_1_161' title='bbox 2022 1933 2098 1989; x_wconf 75' lang='grc' dir='ltr'><em>Οὐ</em></span> <span class='ocrx_word' id='word_1_162' title='bbox 2121 1934 2213 2007; x_wconf 76' lang='grc' dir='ltr'><em>γάρ</em></span> <span class='ocrx_word' id='word_1_163' title='bbox 2239 1940 2358 2005; x_wconf 88' lang='grc' dir='ltr'><em>βου-</em></span> 
     </span>
     <span class='ocr_line' id='line_1_19' title="bbox 420 2020 2355 2093; baseline -0.001 -15"><span class='ocrx_word' id='word_1_164' title='bbox 420 2024 623 2092; x_wconf 89' lang='grc' dir='ltr'><em>λόμενος</em></span> <span class='ocrx_word' id='word_1_165' title='bbox 650 2023 725 2078; x_wconf 79' lang='grc' dir='ltr'><em>ὅτι</em></span> <span class='ocrx_word' id='word_1_166' title='bbox 750 2023 975 2092; x_wconf 85' lang='grc' dir='ltr'><em>βούλεται</em></span> <span class='ocrx_word' id='word_1_167' title='bbox 1004 2020 1231 2093; x_wconf 82' lang='grc' dir='ltr'><em>γενέσεώς</em></span> <span class='ocrx_word' id='word_1_168' title='bbox 1255 2024 1356 2075; x_wconf 80' lang='grc' dir='ltr'><em>ἐστι</em></span> <span class='ocrx_word' id='word_1_169' title='bbox 1383 2025 1629 2092; x_wconf 82' lang='grc' dir='ltr'><em>κρείττων,</em></span> <span class='ocrx_word' id='word_1_170' title='bbox 1670 2020 1768 2075; x_wconf 79' lang='grc' dir='ltr'><em>ἀλλ’</em></span> <span class='ocrx_word' id='word_1_171' title='bbox 1799 2021 1876 2075; x_wconf 75' lang='grc' dir='ltr'><em>ὅτι</em></span> <span class='ocrx_word' id='word_1_172' title='bbox 1902 2022 2140 2088; x_wconf 85' lang='grc' dir='ltr'><em>πέφυκεν.</em></span> <span class='ocrx_word' id='word_1_173' title='bbox 2215 2020 2355 2077; x_wconf 74' lang='grc' dir='ltr'><em>Αὐτὸ</em></span> 
     </span>
     <span class='ocr_line' id='line_1_20' title="bbox 421 2105 2358 2181; baseline -0.002 -16"><span class='ocrx_word' id='word_1_174' title='bbox 421 2105 513 2165; x_wconf 82' lang='grc' dir='ltr'><em>οὖν</em></span> <span class='ocrx_word' id='word_1_175' title='bbox 555 2107 846 2179; x_wconf 65' lang='grc' dir='ltr'><em>’ὑπάρχουσα</em></span> <span class='ocrx_word' id='word_1_176' title='bbox 889 2108 1035 2163; x_wconf 79' lang='grc' dir='ltr'><em>οὐσία</em></span> <span class='ocrx_word' id='word_1_177' title='bbox 1072 2106 1333 2178; x_wconf 85' lang='grc' dir='ltr'><em>άγέννητος</em></span> <span class='ocrx_word' id='word_1_178' title='bbox 1371 2105 1400 2161; x_wconf 81' lang='grc' dir='ltr'><em>ό</em></span> <span class='ocrx_word' id='word_1_179' title='bbox 1426 2106 1548 2170; x_wconf 78' lang='grc' dir='ltr'><em>θεός</em></span> <span class='ocrx_word' id='word_1_180' title='bbox 1579 2105 1742 2160; x_wconf 76' lang='grc' dir='ltr'><em>οὐδενὶ</em></span> <span class='ocrx_word' id='word_1_181' title='bbox 1781 2107 1910 2181; x_wconf 81' lang='grc' dir='ltr'><em>λόγῳ</em></span> <span class='ocrx_word' id='word_1_182' title='bbox 1957 2110 2203 2180; x_wconf 76' lang='grc' dir='ltr'><em>ἐπιτρέπει</em></span> <span class='ocrx_word' id='word_1_183' title='bbox 2240 2105 2358 2162; x_wconf 86' lang='grc' dir='ltr'><em>καθ’</em></span> 
     </span>
     <span class='ocr_line' id='line_1_21' title="bbox 421 2191 2356 2266; baseline -0.001 -17"><span class='ocrx_word' id='word_1_184' title='bbox 421 2198 598 2264; x_wconf 77' lang='grc' dir='ltr'><em>ἑαυτῆς</em></span> <span class='ocrx_word' id='word_1_185' title='bbox 630 2197 818 2266; x_wconf 89' lang='grc' dir='ltr'><em>γένεσιν</em></span> <span class='ocrx_word' id='word_1_186' title='bbox 849 2197 1136 2262; x_wconf 80' lang='grc' dir='ltr'><em>ἐπινοῆσαι,</em></span> <span class='ocrx_word' id='word_1_187' title='bbox 1189 2191 1399 2246; x_wconf 70' lang='grc' dir='ltr'><em>αἰθοῦσα</em></span> <span class='ocrx_word' id='word_1_188' title='bbox 1440 2195 1682 2264; x_wconf 88' lang='grc' dir='ltr'><em>φέρεσθαι</em></span> <span class='ocrx_word' id='word_1_189' title='bbox 1711 2192 1834 2247; x_wconf 73' lang='grc' dir='ltr'><em>κατὰ</em></span> <span class='ocrx_word' id='word_1_190' title='bbox 1868 2200 1968 2248; x_wconf 80' lang='grc' dir='ltr'><em>τῶν</em></span> <span class='ocrx_word' id='word_1_191' title='bbox 1992 2200 2235 2265; x_wconf 71' lang='grc' dir='ltr'><em>γεννητῶν</em></span> <span class='ocrx_word' id='word_1_192' title='bbox 2261 2199 2356 2247; x_wconf 79' lang='grc' dir='ltr'><em>πᾶ-</em></span> 
     </span>
     <span class='ocr_line' id='line_1_22' title="bbox 423 2277 1691 2349; baseline -0.006 -13"><span class='ocrx_word' id='word_1_193' title='bbox 423 2300 515 2336; x_wconf 90' lang='grc' dir='ltr'><em>σαν</em></span> <span class='ocrx_word' id='word_1_194' title='bbox 547 2283 762 2346; x_wconf 77' lang='grc' dir='ltr'><em>ἐξέτασιν</em></span> <span class='ocrx_word' id='word_1_195' title='bbox 798 2282 884 2334; x_wconf 88' lang='grc' dir='ltr'><em>καὶ</em></span> <span class='ocrx_word' id='word_1_196' title='bbox 920 2279 1084 2333; x_wconf 86' lang='grc' dir='ltr'><em>πάντα</em></span> <span class='ocrx_word' id='word_1_197' title='bbox 1119 2277 1364 2349; x_wconf 88' lang='grc' dir='ltr'><em>λογισμόν.</em></span> <span class='ocrx_word' id='word_1_198' title='bbox 1690 2294 1691 2297; x_wconf 75' lang='grc'>’</span> 
     </span>
    </p>
   </div>
   <div class='ocr_carea' id='block_1_5' title="bbox 418 2448 2358 3461">
    <p class='ocr_par' dir='ltr' id='par_1_5' title="bbox 418 2448 2358 3461">
     <span class='ocr_line' id='line_1_23' title="bbox 558 2448 2357 2523; baseline -0.001 -18"><span class='ocrx_word' id='word_1_199' title='bbox 558 2452 748 2523; x_wconf 80' lang='grc' dir='ltr'><em>Ἀνατρ.</em></span> <span class='ocrx_word' id='word_1_200' title='bbox 797 2458 911 2513; x_wconf 88' lang='grc' dir='ltr'><em>Τοῖς</em></span> <span class='ocrx_word' id='word_1_201' title='bbox 933 2448 1100 2513; x_wconf 76' lang='grc' dir='ltr'><em>αὐτοῖς</em></span> <span class='ocrx_word' id='word_1_202' title='bbox 1131 2448 1262 2518; x_wconf 77' lang='grc' dir='ltr'><em>ἡμᾶς</em></span> <span class='ocrx_word' id='word_1_203' title='bbox 1297 2456 1531 2518; x_wconf 85' lang='grc' dir='ltr'><em>σκυλμοῖς</em></span> <span class='ocrx_word' id='word_1_204' title='bbox 1563 2451 1846 2520; x_wconf 84' lang='grc' dir='ltr'><em>περιέβαλεν</em></span> <span class='ocrx_word' id='word_1_205' title='bbox 1877 2449 2088 2514; x_wconf 83' lang='grc' dir='ltr'><em>Ἀέτιος,</em></span> <span class='ocrx_word' id='word_1_206' title='bbox 2127 2455 2357 2504; x_wconf 87' lang='grc' dir='ltr'><em>ταυτολο-</em></span> 
     </span>
     <span class='ocr_line' id='line_1_24' title="bbox 418 2533 2358 2610; baseline -0.001 -18"><span class='ocrx_word' id='word_1_207' title='bbox 418 2546 522 2610; x_wconf 89' lang='grc' dir='ltr'><em>γεῖν</em></span> <span class='ocrx_word' id='word_1_208' title='bbox 549 2536 698 2606; x_wconf 78' lang='grc' dir='ltr'><em>ἡμᾶς,</em></span> <span class='ocrx_word' id='word_1_209' title='bbox 738 2535 806 2599; x_wconf 73' lang='grc' dir='ltr'><em>ὥς</em></span> <span class='ocrx_word' id='word_1_210' title='bbox 840 2539 990 2604; x_wconf 76' lang='grc' dir='ltr'><em>ἔφην,</em></span> <span class='ocrx_word' id='word_1_211' title='bbox 1028 2538 1111 2589; x_wconf 84' lang='grc' dir='ltr'><em>καὶ</em></span> <span class='ocrx_word' id='word_1_212' title='bbox 1144 2534 1379 2597; x_wconf 80' lang='grc' dir='ltr'><em>πολλάκις</em></span> <span class='ocrx_word' id='word_1_213' title='bbox 1405 2536 1792 2606; x_wconf 81' lang='grc' dir='ltr'><em>παρασκευάζων</em></span> <span class='ocrx_word' id='word_1_214' title='bbox 1819 2534 1899 2589; x_wconf 75' lang='grc' dir='ltr'><em>διά</em></span> <span class='ocrx_word' id='word_1_215' title='bbox 1931 2534 2020 2604; x_wconf 79' lang='grc' dir='ltr'><em>τὴν</em></span> <span class='ocrx_word' id='word_1_216' title='bbox 2052 2538 2101 2600; x_wconf 79' lang='grc' dir='ltr'><em>ἐξ</em></span> <span class='ocrx_word' id='word_1_217' title='bbox 2130 2533 2358 2607; x_wconf 66' lang='grc' dir='ltr'><em>ὑπαρχῆς</em></span> 
     </span>
     <span class='ocr_line' id='line_1_25' title="bbox 419 2619 2358 2693; baseline -0.002 -15"><span class='ocrx_word' id='word_1_218' title='bbox 419 2623 529 2693; x_wconf 78' lang='grc' dir='ltr'><em>ἅχρι</em></span> <span class='ocrx_word' id='word_1_219' title='bbox 552 2625 718 2686; x_wconf 82' lang='grc' dir='ltr'><em>τέλους</em></span> <span class='ocrx_word' id='word_1_220' title='bbox 746 2623 905 2676; x_wconf 80' lang='grc' dir='ltr'><em>αὐτοῦ</em></span> <span class='ocrx_word' id='word_1_221' title='bbox 932 2623 1044 2692; x_wconf 87' lang='grc' dir='ltr'><em>περὶ</em></span> <span class='ocrx_word' id='word_1_222' title='bbox 1075 2628 1172 2675; x_wconf 83' lang='grc' dir='ltr'><em>τῶν</em></span> <span class='ocrx_word' id='word_1_223' title='bbox 1200 2621 1366 2674; x_wconf 78' lang='grc' dir='ltr'><em>αὐτῶν</em></span> <span class='ocrx_word' id='word_1_224' title='bbox 1393 2625 1722 2691; x_wconf 85' lang='grc' dir='ltr'><em>ταυτολογίαν.</em></span> <span class='ocrx_word' id='word_1_225' title='bbox 1781 2621 1855 2676; x_wconf 80' lang='grc' dir='ltr'><em>Οὐ</em></span> <span class='ocrx_word' id='word_1_226' title='bbox 1875 2621 1968 2692; x_wconf 89' lang='grc' dir='ltr'><em>γάρ</em></span> <span class='ocrx_word' id='word_1_227' title='bbox 1993 2642 2113 2675; x_wconf 89' lang='grc' dir='ltr'><em>ποτε</em></span> <span class='ocrx_word' id='word_1_228' title='bbox 2137 2619 2172 2689; x_wconf 83' lang='grc' dir='ltr'><em>ἦ</em></span> <span class='ocrx_word' id='word_1_229' title='bbox 2198 2625 2358 2684; x_wconf 87' lang='grc' dir='ltr'><em>πίστις</em></span> 
     </span>
     <span class='ocr_line' id='line_1_26' title="bbox 419 2704 2354 2778; baseline -0.002 -15"><span class='ocrx_word' id='word_1_230' title='bbox 419 2708 452 2778; x_wconf 78' lang='grc' dir='ltr'><em>ἦ</em></span> <span class='ocrx_word' id='word_1_231' title='bbox 480 2710 637 2763; x_wconf 87' lang='grc' dir='ltr'><em>πάντα</em></span> <span class='ocrx_word' id='word_1_232' title='bbox 679 2707 851 2762; x_wconf 82' lang='grc' dir='ltr'><em>πιστόν</em></span> <span class='ocrx_word' id='word_1_233' title='bbox 891 2706 1114 2772; x_wconf 78' lang='grc' dir='ltr'><em>σώζουσα</em></span> <span class='ocrx_word' id='word_1_234' title='bbox 1149 2709 1204 2760; x_wconf 80' lang='grc' dir='ltr'><em>ἐκ</em></span> <span class='ocrx_word' id='word_1_235' title='bbox 1237 2713 1600 2776; x_wconf 86' lang='grc' dir='ltr'><em>συλλογιστικῆς</em></span> <span class='ocrx_word' id='word_1_236' title='bbox 1628 2704 1868 2770; x_wconf 72' lang='grc' dir='ltr'><em>ὑπονοίας</em></span> <span class='ocrx_word' id='word_1_237' title='bbox 1898 2705 2186 2777; x_wconf 78' lang='grc' dir='ltr'><em>ἀνθρώπων</em></span> <span class='ocrx_word' id='word_1_238' title='bbox 2219 2707 2354 2760; x_wconf 84' lang='grc' dir='ltr'><em>συνέ-</em></span> 
     </span>
     <span class='ocr_line' id='line_1_27' title="bbox 420 2789 2357 2864; baseline -0.002 -15"><span class='ocrx_word' id='word_1_239' title='bbox 420 2814 618 2864; x_wconf 82' lang='grc' dir='ltr'><em>στηκεν·</em></span> <span class='ocrx_word' id='word_1_240' title='bbox 651 2792 820 2862; x_wconf 79' lang='grc' dir='ltr'><em>ἐπειδὴ</em></span> <span class='ocrx_word' id='word_1_241' title='bbox 847 2792 938 2864; x_wconf 77' lang='grc' dir='ltr'><em>γάρ</em></span> <span class='ocrx_word' id='word_1_242' title='bbox 962 2796 1243 2859; x_wconf 80' lang='grc' dir='ltr'><em>ἐπισφαλεῖς</em></span> <span class='ocrx_word' id='word_1_243' title='bbox 1268 2795 1390 2846; x_wconf 85' lang='grc' dir='ltr'><em>εἰσιν</em></span> <span class='ocrx_word' id='word_1_244' title='bbox 1415 2795 1469 2845; x_wconf 81' lang='grc' dir='ltr'><em>αἱ</em></span> <span class='ocrx_word' id='word_1_245' title='bbox 1490 2798 1589 2845; x_wconf 80' lang='grc' dir='ltr'><em>τῶν</em></span> <span class='ocrx_word' id='word_1_246' title='bbox 1612 2792 1904 2863; x_wconf 77' lang='grc' dir='ltr'><em>ἀνθρώπων</em></span> <span class='ocrx_word' id='word_1_247' title='bbox 1929 2790 2161 2858; x_wconf 86' lang='grc' dir='ltr'><em>διάνοιαι,</em></span> <span class='ocrx_word' id='word_1_248' title='bbox 2188 2793 2274 2864; x_wconf 81' lang='grc' dir='ltr'><em>καὶ</em></span> <span class='ocrx_word' id='word_1_249' title='bbox 2297 2789 2357 2846; x_wconf 78' lang='grc' dir='ltr'><em>οὐ</em></span> 
     </span>
     <span class='ocr_line' id='line_1_28' title="bbox 423 2876 2356 2950; baseline -0.003 -15"><span class='ocrx_word' id='word_1_250' title='bbox 423 2879 694 2949; x_wconf 86' lang='grc' dir='ltr'><em>δυνάμεναι</em></span> <span class='ocrx_word' id='word_1_251' title='bbox 731 2878 857 2950; x_wconf 76' lang='grc' dir='ltr'><em>πρός</em></span> <span class='ocrx_word' id='word_1_252' title='bbox 887 2877 940 2932; x_wconf 74' lang='lat' dir='ltr'><em>vd</em></span> <span class='ocrx_word' id='word_1_253' title='bbox 970 2877 1174 2949; x_wconf 69' lang='grc' dir='ltr'><em>ἄπειρον</em></span> <span class='ocrx_word' id='word_1_254' title='bbox 1196 2885 1285 2947; x_wconf 85' lang='grc' dir='ltr'><em>τῆς</em></span> <span class='ocrx_word' id='word_1_255' title='bbox 1310 2884 1399 2932; x_wconf 87' lang='grc' dir='ltr'><em>τοῦ</em></span> <span class='ocrx_word' id='word_1_256' title='bbox 1429 2884 1554 2932; x_wconf 84' lang='grc' dir='ltr'><em>θεοῦ</em></span> <span class='ocrx_word' id='word_1_257' title='bbox 1594 2876 1765 2941; x_wconf 79' lang='grc' dir='ltr'><em>οὐσίας</em></span> <span class='ocrx_word' id='word_1_258' title='bbox 1798 2880 2178 2932; x_wconf 81' lang='grc' dir='ltr'><em>ἒπεκτείνεσθαι.</em></span> <span class='ocrx_word' id='word_1_259' title='bbox 2254 2879 2356 2930; x_wconf 78' lang='grc' dir='ltr'><em>Καὶ</em></span> 
     </span>
     <span class='ocr_line' id='line_1_29' title="bbox 421 2961 2357 3038; baseline -0.002 -18"><span class='ocrx_word' id='word_1_260' title='bbox 421 2965 514 3038; x_wconf 77' lang='grc' dir='ltr'><em>γάρ</em></span> <span class='ocrx_word' id='word_1_261' title='bbox 545 2965 600 3020; x_wconf 84' lang='grc' dir='ltr'>τὸ</span> <span class='ocrx_word' id='word_1_262' title='bbox 626 2971 727 3019; x_wconf 74' lang='grc' dir='ltr'><em>πᾶν</em></span> <span class='ocrx_word' id='word_1_263' title='bbox 749 2971 837 3033; x_wconf 87' lang='grc' dir='ltr'><em>τῆς</em></span> <span class='ocrx_word' id='word_1_264' title='bbox 868 2968 1108 3035; x_wconf 86' lang='grc' dir='ltr'><em>σωτηρίας</em></span> <span class='ocrx_word' id='word_1_265' title='bbox 1138 2962 1281 3032; x_wconf 76' lang='grc' dir='ltr'><em>ἡμῶν</em></span> <span class='ocrx_word' id='word_1_266' title='bbox 1312 2969 1533 3034; x_wconf 87' lang='grc' dir='ltr'><em>Χριστοῦ</em></span> <span class='ocrx_word' id='word_1_267' title='bbox 1572 2962 1775 3028; x_wconf 79' lang='grc' dir='ltr'><em>ζωτικὸν</em></span> <span class='ocrx_word' id='word_1_268' title='bbox 1801 2961 2071 3033; x_wconf 83' lang='grc' dir='ltr'><em>μυστήριον</em></span> <span class='ocrx_word' id='word_1_269' title='bbox 2099 2961 2357 3025; x_wconf 85' lang='grc' dir='ltr'><em>Ἰουδαίοις</em></span> 
     </span>
     <span class='ocr_line' id='line_1_30' title="bbox 424 3046 2355 3120; baseline -0.002 -14"><span class='ocrx_word' id='word_1_270' title='bbox 424 3054 511 3120; x_wconf 80' lang='grc' dir='ltr'><em>μὲν</em></span> <span class='ocrx_word' id='word_1_271' title='bbox 543 3050 845 3116; x_wconf 88' lang='grc' dir='ltr'><em>σκάνδαλον,</em></span> <span class='ocrx_word' id='word_1_272' title='bbox 869 3050 1075 3119; x_wconf 74' lang='grc' dir='ltr'><em>’Ἕλλησι</em></span> <span class='ocrx_word' id='word_1_273' title='bbox 1104 3051 1155 3103; x_wconf 80' lang='grc' dir='ltr'><em>δὲ</em></span> <span class='ocrx_word' id='word_1_274' title='bbox 1181 3052 1373 3119; x_wconf 88' lang='grc' dir='ltr'><em>μωρία,</em></span> <span class='ocrx_word' id='word_1_275' title='bbox 1426 3046 1545 3117; x_wconf 73' lang='grc' dir='ltr'><em>ἡμῖν</em></span> <span class='ocrx_word' id='word_1_276' title='bbox 1573 3050 1623 3103; x_wconf 84' lang='grc' dir='ltr'><em>δὲ</em></span> <span class='ocrx_word' id='word_1_277' title='bbox 1652 3057 1757 3111; x_wconf 89' lang='grc' dir='ltr'><em>τοῖς</em></span> <span class='ocrx_word' id='word_1_278' title='bbox 1788 3055 1985 3117; x_wconf 86' lang='grc' dir='ltr'><em>κλητοῖς</em></span> <span class='ocrx_word' id='word_1_279' title='bbox 2014 3046 2278 3111; x_wconf 88' lang='grc' dir='ltr'><em>Ἰουδαίοις</em></span> <span class='ocrx_word' id='word_1_280' title='bbox 2304 3069 2355 3102; x_wconf 91' lang='grc' dir='ltr'><em>τε</em></span> 
     </span>
     <span class='ocr_line' id='line_1_31' title="bbox 421 3131 2356 3207; baseline -0.002 -17"><span class='ocrx_word' id='word_1_281' title='bbox 421 3140 504 3191; x_wconf 80' lang='grc' dir='ltr'><em>καὶ</em></span> <span class='ocrx_word' id='word_1_282' title='bbox 520 3137 723 3206; x_wconf 73' lang='grc' dir='ltr'><em>’Ἕλλησι</em></span> <span class='ocrx_word' id='word_1_283' title='bbox 758 3135 969 3207; x_wconf 82' lang='grc' dir='ltr'><em>Χριστός</em></span> <span class='ocrx_word' id='word_1_284' title='bbox 999 3142 1125 3189; x_wconf 90' lang='grc' dir='ltr'><em>θεοῦ</em></span> <span class='ocrx_word' id='word_1_285' title='bbox 1154 3134 1364 3203; x_wconf 85' lang='grc' dir='ltr'><em>δύναμις</em></span> <span class='ocrx_word' id='word_1_286' title='bbox 1385 3137 1468 3188; x_wconf 86' lang='grc' dir='ltr'><em>καὶ</em></span> <span class='ocrx_word' id='word_1_287' title='bbox 1494 3140 1620 3188; x_wconf 86' lang='grc' dir='ltr'><em>θεοῦ</em></span> <span class='ocrx_word' id='word_1_288' title='bbox 1646 3137 1819 3201; x_wconf 92' lang='grc' dir='ltr'><em>σοφία·</em></span> <span class='ocrx_word' id='word_1_289' title='bbox 1875 3132 1949 3187; x_wconf 78' lang='grc' dir='ltr'><em>ὅτι</em></span> <span class='ocrx_word' id='word_1_290' title='bbox 1983 3131 2039 3186; x_wconf 82' lang='grc' dir='ltr'>τὸ</span> <span class='ocrx_word' id='word_1_291' title='bbox 2073 3131 2241 3204; x_wconf 80' lang='grc' dir='ltr'><em>μωρόν</em></span> <span class='ocrx_word' id='word_1_292' title='bbox 2266 3138 2356 3188; x_wconf 91' lang='grc' dir='ltr'><em>τοῦ</em></span> 
     </span>
     <span class='ocr_line' id='line_1_32' title="bbox 421 3217 2355 3292; baseline -0.002 -16"><span class='ocrx_word' id='word_1_293' title='bbox 421 3229 548 3276; x_wconf 88' lang='grc' dir='ltr'><em>θεοῦ</em></span> <span class='ocrx_word' id='word_1_294' title='bbox 578 3221 866 3292; x_wconf 74' lang='grc' dir='ltr'><em>σοφώτερον</em></span> <span class='ocrx_word' id='word_1_295' title='bbox 889 3228 984 3275; x_wconf 80' lang='grc' dir='ltr'><em>τῶν</em></span> <span class='ocrx_word' id='word_1_296' title='bbox 1011 3220 1299 3290; x_wconf 80' lang='grc' dir='ltr'><em>ἀνθρώπων</em></span> <span class='ocrx_word' id='word_1_297' title='bbox 1329 3222 1458 3285; x_wconf 76' lang='grc' dir='ltr'><em>ἐστὶ,</em></span> <span class='ocrx_word' id='word_1_298' title='bbox 1509 3221 1594 3273; x_wconf 87' lang='grc' dir='ltr'><em>καὶ</em></span> <span class='ocrx_word' id='word_1_299' title='bbox 1622 3218 1676 3273; x_wconf 82' lang='grc' dir='ltr'><em>τὸ</em></span> <span class='ocrx_word' id='word_1_300' title='bbox 1708 3217 1912 3280; x_wconf 82' lang='grc' dir='ltr'><em>άσθενὲς</em></span> <span class='ocrx_word' id='word_1_301' title='bbox 1943 3224 2033 3271; x_wconf 90' lang='grc' dir='ltr'><em>τοῦ</em></span> <span class='ocrx_word' id='word_1_302' title='bbox 2066 3224 2191 3272; x_wconf 87' lang='grc' dir='ltr'><em>θεοῦ</em></span> <span class='ocrx_word' id='word_1_303' title='bbox 2224 3221 2355 3287; x_wconf 85' lang='grc' dir='ltr'><em>ἰσχυ-</em></span> 
     </span>
     <span class='ocr_line' id='line_1_33' title="bbox 424 3298 2357 3379; baseline -0.003 -17"><span class='ocrx_word' id='word_1_304' title='bbox 424 3308 623 3379; x_wconf 88' lang='grc' dir='ltr'><em>ρότερον</em></span> <span class='ocrx_word' id='word_1_305' title='bbox 648 3315 745 3362; x_wconf 79' lang='grc' dir='ltr'><em>τῶν</em></span> <span class='ocrx_word' id='word_1_306' title='bbox 778 3307 1064 3378; x_wconf 77' lang='grc' dir='ltr'><em>ἀνθρώπων</em></span> <span class='ocrx_word' id='word_1_307' title='bbox 1092 3309 1202 3360; x_wconf 81' lang='grc' dir='ltr'><em>ἐστί.</em></span> <span class='ocrx_word' id='word_1_308' title='bbox 1281 3312 1403 3368; x_wconf 82' lang='grc' dir='ltr'><em>Πῶς</em></span> <span class='ocrx_word' id='word_1_309' title='bbox 1432 3298 1524 3358; x_wconf 76' lang='grc' dir='ltr'><em>οῦν</em></span> <span class='ocrx_word' id='word_1_310' title='bbox 1548 3305 1641 3359; x_wconf 83' lang='grc' dir='ltr'><em>οὐκ</em></span> <span class='ocrx_word' id='word_1_311' title='bbox 1663 3301 1726 3358; x_wconf 60' lang='lat' dir='ltr'><em>&amp;iv</em></span> <span class='ocrx_word' id='word_1_312' title='bbox 1749 3326 1821 3365; x_wconf 91' lang='grc' dir='ltr'><em>τις</em></span> <span class='ocrx_word' id='word_1_313' title='bbox 1846 3302 1932 3357; x_wconf 83' lang='grc' dir='ltr'><em>τόν</em></span> <span class='ocrx_word' id='word_1_314' title='bbox 1957 3301 2140 3357; x_wconf 86' lang='grc' dir='ltr'><em>Ἀέτιον</em></span> <span class='ocrx_word' id='word_1_315' title='bbox 2169 3306 2221 3358; x_wconf 82' lang='grc' dir='ltr'><em>έν</em></span> <span class='ocrx_word' id='word_1_316' title='bbox 2252 3311 2357 3367; x_wconf 91' lang='grc' dir='ltr'><em>τοῖς</em></span> 
     </span>
     <span class='ocr_line' id='line_1_34' title="bbox 419 3387 2352 3461; baseline -0.002 -16"><span class='ocrx_word' id='word_1_317' title='bbox 419 3393 678 3456; x_wconf 87' lang='grc' dir='ltr'><em>Ἰουδαίοις</em></span> <span class='ocrx_word' id='word_1_318' title='bbox 707 3395 795 3461; x_wconf 82' lang='grc' dir='ltr'><em>μὲν</em></span> <span class='ocrx_word' id='word_1_319' title='bbox 824 3392 906 3446; x_wconf 78' lang='grc' dir='ltr'><em>διά</em></span> <span class='ocrx_word' id='word_1_320' title='bbox 937 3391 990 3446; x_wconf 81' lang='grc' dir='ltr'><em>τό</em></span> <span class='ocrx_word' id='word_1_321' title='bbox 1022 3393 1296 3446; x_wconf 83' lang='grc' dir='ltr'><em>σκάνδαλον</em></span> <span class='ocrx_word' id='word_1_322' title='bbox 1325 3397 1422 3444; x_wconf 76' lang='grc' dir='ltr'><em>τῶν</em></span> <span class='ocrx_word' id='word_1_323' title='bbox 1453 3391 1609 3443; x_wconf 79' lang='grc' dir='ltr'><em>αὐτοῦ</em></span> <span class='ocrx_word' id='word_1_324' title='bbox 1636 3394 1964 3458; x_wconf 77' lang='grc' dir='ltr'><em>συλλογισμῶν</em></span> <span class='ocrx_word' id='word_1_325' title='bbox 1995 3387 2352 3457; x_wconf 86' lang='grc' dir='ltr'><em>καταστήσειεν,</em></span> 
     </span>
    </p>
   </div>
   <div class='ocr_carea' id='block_1_6' title="bbox 409 3471 2355 3547">
    <p class='ocr_par' dir='ltr' id='par_1_6' title="bbox 409 3471 2355 3547">
     <span class='ocr_line' id='line_1_35' title="bbox 409 3471 2355 3547; baseline -0.003 -16"><span class='ocrx_word' id='word_1_326' title='bbox 409 3479 622 3547; x_wconf 79' lang='grc' dir='ltr'><em>ΓἘλληνα</em></span> <span class='ocrx_word' id='word_1_327' title='bbox 654 3480 706 3532; x_wconf 83' lang='grc' dir='ltr'><em>δὲ</em></span> <span class='ocrx_word' id='word_1_328' title='bbox 732 3478 814 3532; x_wconf 76' lang='grc' dir='ltr'><em>διά</em></span> <span class='ocrx_word' id='word_1_329' title='bbox 842 3479 896 3532; x_wconf 81' lang='grc' dir='ltr'><em>τὸ</em></span> <span class='ocrx_word' id='word_1_330' title='bbox 931 3481 983 3532; x_wconf 81' lang='grc' dir='ltr'><em>ἐκ</em></span> <span class='ocrx_word' id='word_1_331' title='bbox 1011 3484 1097 3545; x_wconf 91' lang='grc' dir='ltr'><em>τῆς</em></span> <span class='ocrx_word' id='word_1_332' title='bbox 1129 3480 1254 3539; x_wconf 82' lang='grc' dir='ltr'><em>ἰδίας</em></span> <span class='ocrx_word' id='word_1_333' title='bbox 1287 3479 1611 3542; x_wconf 81' lang='grc' dir='ltr'><em>έθελοσοφίας</em></span> <span class='ocrx_word' id='word_1_334' title='bbox 1650 3477 1839 3544; x_wconf 87' lang='grc' dir='ltr'><em>μωρίαν</em></span> <span class='ocrx_word' id='word_1_335' title='bbox 1874 3471 2104 3543; x_wconf 73' lang='grc' dir='ltr'><em>ἡγεῖσθαι</em></span> <span class='ocrx_word' id='word_1_336' title='bbox 2147 3472 2236 3542; x_wconf 81' lang='grc' dir='ltr'><em>τὴν</em></span> <span class='ocrx_word' id='word_1_337' title='bbox 2267 3479 2355 3527; x_wconf 91' lang='grc' dir='ltr'><em>τοῦ</em></span> 
     </span>
    </p>
   </div>
   <div class='ocr_carea' id='block_1_7' title="bbox 424 3558 2353 3633">
    <p class='ocr_par' dir='ltr' id='par_1_7' title="bbox 424 3558 2353 3633">
     <span class='ocr_line' id='line_1_36' title="bbox 424 3558 2353 3633; baseline -0.002 -18"><span class='ocrx_word' id='word_1_338' title='bbox 424 3572 550 3616; x_wconf 85' lang='grc' dir='ltr'><em>θεοῦ</em></span> <span class='ocrx_word' id='word_1_339' title='bbox 590 3563 859 3632; x_wconf 64' lang='grc' dir='ltr'><em>ἀλήθειαν,</em></span> <span class='ocrx_word' id='word_1_340' title='bbox 936 3565 1037 3616; x_wconf 88' lang='grc' dir='ltr'><em>Καὶ</em></span> <span class='ocrx_word' id='word_1_341' title='bbox 1081 3562 1173 3633; x_wconf 80' lang='grc' dir='ltr'><em>γάρ</em></span> <span class='ocrx_word' id='word_1_342' title='bbox 1221 3560 1291 3624; x_wconf 84' lang='grc' dir='ltr'><em>εἷς</em></span> <span class='ocrx_word' id='word_1_343' title='bbox 1329 3563 1413 3615; x_wconf 86' lang='grc' dir='ltr'><em>καὶ</em></span> <span class='ocrx_word' id='word_1_344' title='bbox 1452 3564 1682 3630; x_wconf 87' lang='grc' dir='ltr'><em>κρείττων</em></span> <span class='ocrx_word' id='word_1_345' title='bbox 1719 3558 1880 3626; x_wconf 89' lang='grc' dir='ltr'><em>πάσης</em></span> <span class='ocrx_word' id='word_1_346' title='bbox 1919 3563 2118 3622; x_wconf 89' lang='grc' dir='ltr'><em>κτίσεως</em></span> <span class='ocrx_word' id='word_1_347' title='bbox 2158 3560 2242 3613; x_wconf 88' lang='grc' dir='ltr'><em>καὶ</em></span> <span class='ocrx_word' id='word_1_348' title='bbox 2268 3562 2353 3626; x_wconf 89' lang='grc' dir='ltr'><em>δη-</em></span> 
     </span>
    </p>
   </div>
   <div class='ocr_carea' id='block_1_8' title="bbox 426 3673 2355 3907">
    <p class='ocr_par' dir='ltr' id='par_1_8' title="bbox 426 3673 2355 3907">
     <span class='ocr_line' id='line_1_37' title="bbox 481 3673 2355 3733; baseline -0.004 -12"><span class='ocrx_word' id='word_1_349' title='bbox 481 3678 519 3721; x_wconf 85' lang='grc'><em>6-</em></span> <span class='ocrx_word' id='word_1_350' title='bbox 548 3681 710 3731; x_wconf 78' lang='lat' dir='ltr'><strong>„Deest</strong></span> <span class='ocrx_word' id='word_1_351' title='bbox 728 3679 962 3731; x_wconf 77' lang='grc' dir='ltr'><em>κοινωνοὺς,</em></span> <span class='ocrx_word' id='word_1_352' title='bbox 985 3688 1055 3721; x_wconf 80' lang='lat' dir='ltr'><em>aut</em></span> <span class='ocrx_word' id='word_1_353' title='bbox 1073 3678 1206 3721; x_wconf 80' lang='lat' dir='ltr'><strong>simile</strong></span> <span class='ocrx_word' id='word_1_354' title='bbox 1233 3677 1362 3733; x_wconf 88' lang='lat' dir='ltr'>quid“</span> <span class='ocrx_word' id='word_1_355' title='bbox 1421 3691 1544 3732; x_wconf 85' lang='lat' dir='ltr'>quam</span> <span class='ocrx_word' id='word_1_356' title='bbox 1572 3689 1648 3730; x_wconf 83' lang='lat' dir='ltr'><em>ego</em></span> <span class='ocrx_word' id='word_1_357' title='bbox 1678 3689 1818 3717; x_wconf 81' lang='lat' dir='ltr'>amore</span> <span class='ocrx_word' id='word_1_358' title='bbox 1842 3675 2054 3716; x_wconf 88' lang='lat' dir='ltr'>hominum</span> <span class='ocrx_word' id='word_1_359' title='bbox 2075 3675 2220 3715; x_wconf 86' lang='lat' dir='ltr'><strong>ductus</strong></span> <span class='ocrx_word' id='word_1_360' title='bbox 2244 3673 2355 3729; x_wconf 88' lang='lat' dir='ltr'>apud</span> 
     </span>
     <span class='ocr_line' id='line_1_38' title="bbox 426 3731 2353 3788; baseline -0.002 -13"><span class='ocrx_word' id='word_1_361' title='bbox 426 3740 626 3776; x_wconf 79' lang='lat' dir='ltr'><em>annotavit</em></span> <span class='ocrx_word' id='word_1_362' title='bbox 652 3741 846 3778; x_wconf 80' lang='lat' dir='ltr'><em>Petavius.</em></span> <span class='ocrx_word' id='word_1_363' title='bbox 905 3739 1095 3788; x_wconf 82' lang='lat' dir='ltr'><strong><em>Equidem</em></strong></span> <span class='ocrx_word' id='word_1_364' title='bbox 1129 3738 1226 3777; x_wconf 78' lang='lat' dir='ltr'><strong><em>nihil</em></strong></span> <span class='ocrx_word' id='word_1_365' title='bbox 1260 3738 1362 3776; x_wconf 76' lang='lat' dir='ltr'><strong><em>exci—</em></strong></span> <span class='ocrx_word' id='word_1_366' title='bbox 1421 3748 1496 3774; x_wconf 87' lang='lat' dir='ltr'><em>vos</em></span> <span class='ocrx_word' id='word_1_367' title='bbox 1521 3746 1713 3787; x_wconf 86' lang='lat' dir='ltr'>praesens</span> <span class='ocrx_word' id='word_1_368' title='bbox 1740 3731 1836 3771; x_wconf 84' lang='lat' dir='ltr'>dedi</span> <span class='ocrx_word' id='word_1_369' title='bbox 1862 3732 1979 3773; x_wconf 89' lang='lat' dir='ltr'>vobis</span> <span class='ocrx_word' id='word_1_370' title='bbox 2011 3740 2055 3773; x_wconf 88' lang='lat' dir='ltr'><em>ut</em></span> <span class='ocrx_word' id='word_1_371' title='bbox 2078 3731 2245 3781; x_wconf 84' lang='lat' dir='ltr'>fieretis,</span> <span class='ocrx_word' id='word_1_372' title='bbox 2276 3745 2353 3772; x_wconf 81' lang='lat' dir='ltr'><em>ve-</em></span> 
     </span>
     <span class='ocr_line' id='line_1_39' title="bbox 427 3789 1872 3846; baseline -0.003 -13"><span class='ocrx_word' id='word_1_373' title='bbox 427 3795 527 3833; x_wconf 74' lang='lat' dir='ltr'><strong><em>disse</em></strong></span> <span class='ocrx_word' id='word_1_374' title='bbox 550 3797 669 3843; x_wconf 76' lang='lat' dir='ltr'><em>puto,</em></span> <span class='ocrx_word' id='word_1_375' title='bbox 713 3796 779 3834; x_wconf 81' lang='lat' dir='ltr'><em>sed</em></span> <span class='ocrx_word' id='word_1_376' title='bbox 809 3796 1097 3835; x_wconf 80' lang='lat' dir='ltr'><strong><em>rescribendum</em></strong></span> <span class='ocrx_word' id='word_1_377' title='bbox 1124 3789 1220 3846; x_wconf 66' lang='grc' dir='ltr'><em>ὑμῖν</em></span> <span class='ocrx_word' id='word_1_378' title='bbox 1253 3791 1366 3839; x_wconf 79' lang='grc' dir='ltr'><em>ἔντος</em></span> <span class='ocrx_word' id='word_1_379' title='bbox 1421 3790 1484 3830; x_wconf 86' lang='lat' dir='ltr'><em>lut</em></span> <span class='ocrx_word' id='word_1_380' title='bbox 1513 3789 1668 3830; x_wconf 83' lang='lat' dir='ltr'><strong>dictum</strong></span> <span class='ocrx_word' id='word_1_381' title='bbox 1700 3797 1764 3830; x_wconf 84' lang='lat' dir='ltr'><em>est</em></span> <span class='ocrx_word' id='word_1_382' title='bbox 1790 3793 1872 3831; x_wconf 72' lang='lat' dir='ltr'><strong><em>cett.</em></strong></span> 
     </span>
     <span class='ocr_line' id='line_1_40' title="bbox 427 3848 1364 3907; baseline -0.003 -16"><span class='ocrx_word' id='word_1_383' title='bbox 427 3848 635 3907; x_wconf 58' lang='grc' dir='ltr'><em>γενέσθαι.</em></span> <span class='ocrx_word' id='word_1_384' title='bbox 713 3851 925 3892; x_wconf 82' lang='lat' dir='ltr'><strong><em>Cornarius</em></strong></span> <span class='ocrx_word' id='word_1_385' title='bbox 958 3853 1072 3892; x_wconf 76' lang='lat' dir='ltr'><strong><em>vertit</em></strong></span> <span class='ocrx_word' id='word_1_386' title='bbox 1109 3849 1364 3900; x_wconf 84' lang='lat' dir='ltr'><strong>societatem,</strong></span> 
     </span>
    </p>
   </div>
  </div>
 </body>
</html>
