2508 4134
243 397 332 434 pag.
355 387 431 424 826.

210 1419 322 1477 Κεφ.
349 1417 417 1465 ιδ’.

224 2944 308 2980 pag.
331 2934 406 2972 827.

447 263 515 316 34
1161 267 1368 309 SANCTI
1397 267 1683 309 EPIPHANH

457 369 557 439 μὴν
577 371 756 438 ἕτερος.
834 367 936 418 Καὶ
959 367 1284 434 περιλείπεται
1318 361 1419 417 ἀπό
1447 369 1548 424 τοῖν
1572 365 1798 417 ἐπακτῶν
1825 361 2005 435 ἡμέραι
2027 369 2110 430 ἓξ,
2160 368 2248 421 καὶ
2271 360 2402 437 ὧραι

448 456 527 523 ιη’.
604 451 1017 522 Προςτιθεμένων
1052 449 1110 502 δὲ
1148 449 1338 503 τούτων
1366 454 1435 522 τῷ
1474 448 1673 521 ἑβδόμῳ
1704 450 1801 503 ἔτει
1843 454 1991 512 3ταῖς
2013 449 2108 516 ια’,
2152 459 2263 514 ταῖς
2294 449 2394 507 ἀπό

446 546 537 594 τοῦ
564 541 733 601 ἔτους,
771 537 857 589 καὶ
890 534 1044 604 ὥραις
1066 536 1220 603 τρισὶ,
1259 538 1477 604 γίνονται
1505 540 1532 570 4
1553 534 1760 587 ἐπακταὶ
1788 531 1868 602 ιη’,
1908 527 2032 604 ὧραι
2061 536 2153 589 κα’.
2236 543 2316 609 Τῷ
2341 537 2396 590 δὲ

447 624 613 697 ὀγδόῳ
639 626 730 676 ἔτει
755 621 1155 689 προςτιθεμένων
1180 617 1328 675 πάλιν
1349 625 1449 672 τῶν
1473 617 1537 672 ια’
1561 615 1782 688 ἡμερῶν,
1817 620 1903 672 καὶ
1930 617 2064 689 ὁρῶν
2088 621 2148 691 γ’,
2174 625 2393 691 γίνονται

446 708 624 778 ἡμέραι
655 705 750 774 κη’,
783 707 990 760 ἐπακταὶ
1015 707 1101 758 καὶ
1128 698 1254 773 ὧραι
1276 703 1371 769 κδ’,
1409 707 1466 757 αἳ
1491 709 1724 757 ποιοῦσιν
1747 700 1936 774 ἡμέρας
1961 703 2023 773 β’.
2091 704 2177 772 Ἐκ
2203 705 2395 762 τούτων

443 801 545 847 τῶν
572 790 718 862 (δρῶν
745 791 1152 862 προςτιθεμένων
1177 797 1288 852 ταῖς
1312 787 1390 857 κη’
1419 786 1629 859 ἡμέραις
1652 792 1871 858 γίνονται
1897 787 2028 857 ὅμοῦ
2049 789 2133 844 λ’·’
2155 793 2241 853 καὶ
2269 809 2390 860 συμ-

443 882 605 947 βαίνει
641 875 767 931 κατά
798 876 892 931 ’τδν
927 875 1111 948 ὄγδοον
1150 873 1379 929 ἐνιαυτόν
1410 873 1824 942 ἐμβολιμεύεσθαι
1854 873 1943 937 τάς
1970 873 2011 928 λ’
2044 872 2256 946 ἡμέρας,
2306 875 2395 932 τόν

444 965 531 1017 ἕνα
556 970 688 1032 μῆνα
717 965 788 1025 εἰς
812 961 873 1016 τοὶ
896 961 989 1016 δύο
1015 964 1128 1029 ἔτη,
1182 962 1268 1014 καὶ
1297 959 1458 1022 οὕτως
1492 958 1618 1014 κατά
1646 963 1880 1029 περίοδον
1919 957 2268 1031 ὄκταετηρίδος
2292 961 2393 1016 ἐνε-

442 1050 663 1117 νήκοντα
684 1045 896 1117 ἡμέραι,
948 1048 1128 1109 οἵτινές
1167 1048 1259 1099 εἶσι
1289 1046 1611 1115 πληρέστατοι
1640 1043 1897 1113 ἐμβόλιμοι
1940 1051 2092 1114 μῆνες
2129 1054 2289 1118 τρεῖς,
2341 1051 2394 1102 οἳ

442 1132 820 1204 γίνονται-κατὰ
849 1137 959 1204 τρία
995 1135 1079 1200 ἔτη
1107 1131 1206 1199 μὴν
1238 1128 1333 1195 εἷς,
1381 1131 1466 1184 καὶ
1491 1128 1618 1184 κατά
1644 1129 1737 1183 δύο
1769 1128 1828 1183 τοὶ
1859 1129 2042 1202 ὕστερα
2066 1133 2151 1199 ἔτη
2179 1130 2279 1200 μὴν
2307 1128 2391 1197 εἷς.

439 1217 524 1272 Ἐν
552 1219 749 1282 τούτοις
793 1226 897 1281 τοῖς
935 1219 1095 1287 τρισὶν
1118 1219 1405 1285 ἐμβολίμοις
1440 1221 1540 1269 τῶν
1570 1221 1719 1283 τριῶν
1749 1216 2034 1270 συστάσεων
2062 1219 2310 1284 διαφωνεῖ
2332 1216 2388 1272 τό

444 1303 624 1374 Πάσχα
661 1302 798 1370 παρά
832 1301 1095 1364 Ἰουδαίοις
1131 1323 1182 1355 τε
1218 1302 1302 1355 καὶ
1346 1306 1696 1371 Χριστιανοῖς,
1734 1303 1821 1354 καὶ
1857 1308 1963 1364 τοῖς
1999 1299 2173 1366 ἀλλοις.
2366 1361 2369 1365 ,

584 1387 668 1442 Ἑν
695 1389 893 1451 τούτοις
919 1386 953 1456 ἦ
979 1386 1212 1458 διαλλαγὴ
1238 1385 1375 1457 παρά
1397 1393 1501 1448 τοῖς
1528 1387 1911 1456 προειρημένοις
1934 1384 2209 1450 Αύδιανοῖς
2234 1391 2390 1459 γίγνε-

438 1497 546 1540 ται,
584 1477 668 1528 καὶ
696 1481 948 1528 πλανώσιν
974 1471 1162 1542 ἀνδρας
1192 1474 1276 1526 καὶ
1308 1478 1576 1543 γυναῖκας,
1629 1473 1680 1525 ἐν
1712 1470 1876 1545 τούτῳ
1899 1477 1967 1545 τῷ
1993 1474 2129 1542 μέρει
2152 1472 2388 1542 σεμνυνό-

441 1581 575 1629 μενοι
599 1559 726 1613 κατά
753 1558 845 1628 τὴν
869 1559 1150 1629 παράδοσιν
1184 1564 1199 1594 ¹
1217 1556 1307 1625 τὴν
1338 1554 1567 1626 ἀπαρχῆς
1596 1558 1994 1625 ἐπιτελουμένην,
2032 1559 2118 1611 καὶ
2145 1557 2271 1612 κατά
2299 1556 2390 1628 τὴν

441 1645 682 1709 Διάταξιν
732 1652 832 1699 τῶν
875 1643 1208 1708 Ἀποστόλων,
1261 1645 1548 1711 2μηδεμιᾶς
1585 1639 1838 1711 ἀκριβείας
1872 1644 2216 1712 προςέχοντες,
2263 1644 2387 1713 μηδὲ

439 1730 755 1799 ἐπιστάμενοι
782 1729 836 1784 τό
864 1731 1021 1797 σαφὲς
1051 1736 1137 1797 τῆς
1169 1731 1221 1782 ἐν
1252 1727 1486 1791 Διατάξει
1513 1733 1614 1781 τῶν
1640 1725 1950 1781 Ἀποστόλων
1976 1730 2275 1796 ἐπιμελείας,
2324 1723 2387 1798 ἧς

437 1816 734 1884 ἐποιήσαντο
751 1858 765 1881 ,
819 1815 880 1870 οὐ
909 1814 994 1869 διά
1023 1813 1078 1868 τὸ
1113 1813 1312 1876 πάντως
1339 1813 1476 1883 ι’ίγειν
1502 1811 1619 1875 τούς
1652 1811 1927 1875 Ἰουδαίους
1955 1812 2076 1881 μετά
2115 1813 2385 1885 ἀκριβείας,

435 1899 554 1955 ἀλλά
598 1900 682 1955 διά
724 1899 778 1955 τδ
825 1903 1041 1969 ἐκτεμεῖν
1080 1898 1170 1968 τήν
1200 1901 1506 1966 φιλονεικίαν
1531 1904 1633 1951 τῶν
1663 1901 1980 1966 βουλομένων
2017 1897 2137 1952 καθ’
2175 1898 2386 1963 ἑαυτούς

442 1993 464 2023 ³
484 1988 692 2040 ἕκαστον
716 1989 967 2052 ἐπιτελεῖν,
1005 1987 1091 2040 καὶ
1117 1983 1187 2053 μὴ
1214 1987 1267 2039 ἐν
1289 1982 1514 2057 ὁμονοίᾳ.
1575 1982 1672 2036 ιῈν
1698 1982 1790 2054 γὰρ
1821 1983 2000 2052 Πάσχα
2025 1983 2243 2054 Χριστός
2264 1984 2381 2054 βού-

432 2078 592 2138 λεται,
644 2074 730 2126 καὶ
774 2078 921 2126 τοῦτο
955 2075 1216 2142 λογίζεται,
1265 2071 1352 2123 καὶ
1394 2069 1708 2137 προςδέχεται
1742 2067 1830 2122 τόν
1867 2057 2196 2135 ἀφιλονείκως
2226 2073 2382 2138 ἐπιτε-

431 2163 612 2210 λοῦντα
631 2200 644 2222 ,
684 2158 774 2224 μέν
805 2161 883 2210 τοί
913 2178 965 2227 γε
998 2154 1117 2224 μετά
1147 2161 1244 2208 τῶν
1271 2152 1388 2222 μετά
1416 2152 1669 2222 ἀκριβείας
1706 2152 2018 2220 ποιούντων,
2069 2155 2197 2224 μετὰ
2220 2155 2382 2226 πάσης

430 2248 521 2309 τῆς
553 2239 695 2311 ἀγίας
725 2244 1010 2309 ἐκκλησίας,
1062 2246 1151 2308 τῆς
1182 2238 1308 2293 κατά
1339 2238 1554 2301 πολλοὺς
1576 2239 1795 2308 τρόπους
1823 2239 1913 2308 τὴν
1940 2240 2116 2309 ἑορτήν
2142 2239 2378 2312 ἀγούσης.

435 2328 537 2379 Καὶ
579 2328 626 2378 εἰ
654 2328 742 2393 μὲν
782 2325 882 2379 ἀπὸ
918 2329 1302 2380 Κωνσταντίνου
1346 2326 1551 2392 ἐσχίσθη
1583 2322 1639 2377 τό
1671 2323 1873 2394 Πάσχα,
1925 2324 2148 2380 πιθανόν
2183 2320 2249 2395 ἦν
2275 2334 2380 2390 τοῖς

431 2417 578 2464 τοῦτο
604 2418 1018 2478 συκοφαντοῦσιν.
1091 2409 1295 2477 Ἐπειδὴ
1324 2410 1377 2462 δὲ
1402 2408 1500 2478 πρό
1529 2415 1620 2462 τοῦ
1647 2415 2028 2465 Κωνσταντίνου
2055 2411 2116 2465 τά
2143 2415 2379 2481 σχίσματα

428 2489 520 2563 ἦν,
560 2497 646 2549 καὶ
674 2489 739 2563 ἦν
768 2496 939 2564 χλεύη,
989 2494 1236 2564 Ἑλλήνων
1273 2494 1515 2565 λεγόντων
1548 2496 1634 2548 καὶ
1667 2495 1998 2563 χλευαζόντων
2021 2494 2111 2565 τὴν
2136 2499 2188 2551 ἐν
2214 2503 2272 2572 τῇ
2299 2499 2377 2552 ἐκ·

428 2585 603 2653 κλησίᾳ
649 2584 955 2647 διαφωνίαν,
1010 2582 1093 2634 ἐπὶ
1142 2585 1523 2634 Κωνσταντίνου
1572 2581 1626 2634 δὲ
1675 2579 1758 2634 διά
1807 2588 1895 2650 τῆς
1945 2588 2045 2636 τῶν
2093 2582 2379 2638 ἐπισκόπων

430 2669 660 2733 σπουδῆς
685 2665 958 2734 συνηνώθη
986 2672 1169 2733 μᾶλλον
1193 2664 1250 2718 τό
1275 2672 1451 2733 σχίσμα
1479 2668 1548 2728 εἰς
1573 2669 1688 2733 μίαν
1713 2664 1971 2735 ὁμόνοιαν,
2008 2671 2055 2721 τί
2080 2660 2173 2721 οὖν
2194 2667 2376 2722 τούτου

429 2751 530 2803 ἐστὶ
556 2750 973 2821 προύργιαίτερον
1005 2752 1089 2803 καὶ
1129 2752 1506 2820 4χαριὲστερον,
1561 2750 1663 2804 ἀπό
1691 2757 1781 2821 γῆς
1804 2752 2031 2821 περάτων
2060 2754 2113 2807 ἐν
2141 2759 2230 2826 μιᾷ
2259 2750 2377 2821 ἦμέ-

430 2857 495 2908 ρᾳ
524 2833 849 2889 ἀπαλλάττειν
874 2834 994 2889 λαὸν
1016 2839 1140 2908 θεῷ,
1179 2843 1467 2902 συμφωνεῖν
1494 2857 1542 2889 τε
1569 2838 1653 2889 καὶ
1682 2834 1968 2907 ἀγρυπνεῖν,
1996 2839 2082 2891 καὶ
2107 2837 2198 2901 τάς
2222 2836 2377 2902 αύτάς

430 2917 620 2990 ἡμέρας
649 2926 673 2959 5
691 2923 802 2983 ἴσας
830 2922 1023 2990 φέρειν,
1061 2922 1116 2973 ἔν
1146 2941 1197 2973 τε
1228 2920 1524 2991 ἀγρυπνίαις
1552 2923 1634 2975 καὶ
1664 2922 1872 2990 δεήσεσι,
1909 2925 1995 2977 καὶ
2021 2920 2251 2996 ὁμονοίᾳ,
2289 2925 2374 2978 καὶ

425 3010 650 3078 λατρεία,
688 3009 885 3078 νηστείᾳ
913 3027 963 3058 τε
990 3006 1072 3058 καὶ
1111 3009 1420 3078 ξηροφαγίᾳ,
1458 3008 1543 3060 καὶ
1578 3003 1776 3081 ἁγνείᾳ,
1813 3009 1897 3061 καὶ
1929 3015 2038 3070 ταῖς
2067 3005 2236 3071 ἄλλαις
2265 3017 2374 3071 ταῖς

425 3089 551 3144 κατά
584 3090 673 3158 τὴν
719 3089 1131 3158 6πανσεβοὶσμιον
1159 3090 1343 3158 ταύτην
1369 3089 1558 3162 ἡμέραν
1592 3092 1814 3163 ἀγαθαῖς
1842 3098 1947 3164 θεῷ
1989 3091 2371 3162 εύαρεστήσεσιν.

421 3172 623 3238 Ἵκανῶς
663 3176 717 3230 δὲ
749 3178 874 3243 ἔχειν
914 3179 1093 3243 νομίζω
1117 3181 1205 3244 τῆς
1233 3173 1358 3229 κατά
1384 3182 1530 3231 τοῦτο
1568 3177 1624 3232 τδ
1653 3176 1814 3247 τάγμα
1843 3184 1943 3231 τῶν
1969 3175 2242 3231 Αύδιανῶν
2266 3181 2371 3243 δια-

427 3263 639 3324 φωνίας.

481 3457 522 3499 3.
551 3463 644 3508 ταῖς
674 3459 764 3504 ἔντε
791 3465 942 3510 καταῖς
969 3463 1054 3503 cod.
1084 3464 1249 3513 Rhedi9.
1421 3467 1537 3504 etiam
1564 3462 1777 3518 μηδεμίαν
1795 3459 2011 3520 ἀκριβείαν
2027 3462 2286 3520 προέχοντες,
2307 3468 2369 3508 vel

479 3510 520 3554 4·
550 3518 742 3568 „cor-rifle
771 3516 949 3561 ἐπακταὶ
979 3515 1027 3568 ιζ’
1046 3524 1074 3543 “
1134 3522 1267 3560 Pelav.
1421 3523 1547 3561 simile
1574 3522 1680 3572 quid.

481 3569 566 3610 CA?
609 3572 723 3613 XIV.
749 3596 805 3604 -—
857 3578 888 3616 Ι.
916 3575 998 3629 τῆς
1021 3578 1159 3616 vitium
1195 3581 1250 3616 est
1274 3577 1364 3617 edit.
1479 3579 1519 3619 3.
1551 3574 1724 3619 ἕκαστον
1752 3589 1829 3616 non
1857 3578 2033 3627 aynoseit
2061 3578 2144 3618 cod.
2173 3579 2336 3631 Rhedz'y.

423 3625 561 3667 Pelav.
596 3629 724 3668 Colon.
752 3635 869 3680 repet.
1478 3630 1656 3674 4.-1.1·1›n·
1690 3634 1830 3673 habent
1866 3631 2150 3687 χαριέστατον.
2207 3636 2252 3676 In
2278 3636 2363 3676 cod.

481 3685 520 3722 2.
554 3684 781 3724 Emendatio
806 3689 954 3727 incerta
986 3692 1051 3728 est.
1110 3689 1256 3729 Licebit
1282 3704 1364 3743 μη·
1421 3691 1582 3740 Rhediy.
1620 3690 1760 3739 leyitur
1795 3686 1833 3730 τί
1865 3687 1916 3731 δέ
1952 3686 2044 3731 ἐστι
2083 3688 2365 3746 προγιαίτερον

422 3735 553 3792 δεμίᾳ
579 3733 776 3795 ἀκριβείᾳ
791 3742 1058 3798 προςέχοντες
1081 3757 1171 3785 cum
1189 3748 1366 3796 petavio,
1419 3742 1568 3789 τούτου
1598 3742 1672 3787 καὶ
1699 3743 1982 3800 χαριέστατον.

420 3795 546 3834 licebit
573 3795 768 3851 μηδεμίᾳ
790 3791 986 3855 ἀκριβείᾳ
1005 3800 1266 3855 προέχοντες,
1296 3806 1367 3843 aut
1476 3802 1516 3844 5.
1537 3802 1724 3853 suspicor
1746 3800 1863 3850 ἴσως.
1894 3802 2026 3842 Etiam
2050 3802 2287 3845 carnarium
2302 3805 2364 3846 υἰ-
