2508 4134
542 296 769 337 ΡΑΝΛΒΠ
798 296 903 336 Lm.
925 297 996 335 iu.
1024 297 1159 338 τοΜ.
1184 298 1216 338 1.
1244 297 1407 339 HAER.
1433 298 1627 339 Lxxvi.
1918 283 2017 336 283

129 402 262 454 taxat
286 394 450 444 insunt
477 409 598 461 qnae
630 392 847 459 dignitati
877 393 1003 444 illius
1032 402 1114 443 aut
1145 394 1330 444 laudem
1372 395 1870 464 praedicationemque
1905 410 2019 444 con-

126 486 320 546 gruunt.
395 474 635 527 Nimirum
683 476 762 526 uni
797 493 854 526 ae
883 476 1113 543 singulari
1149 476 1419 542 divinitati,
1477 497 1567 530 una
1600 480 1728 543 lauS,
1780 486 1828 528 et
1857 478 2020 545 singu-

126 560 240 628 laris
272 560 426 611 honor
453 560 783 610 attribuendus
817 568 920 610 est:
970 563 1028 610 Ut
1057 563 1286 610 honorent
1293 563 1482 626 filium,
1533 567 1657 612 sieut
1679 566 1910 613 honorant
1933 579 2017 627 pa-

127 655 269 704 trem,
325 652 371 694 et
406 654 456 693 ut
488 661 548 693 ne
579 643 974 695 contumeliosum
1022 645 1240 711 quiddam
1281 644 1328 693 in
1363 645 1578 711 spiritum
1611 646 1815 710 iaciant,
1867 647 2015 696 inter-

125 726 432 778 minationem
463 728 590 778 illam
619 728 788 791 veriti,
831 745 949 795 qnae
976 726 1243 778 istiusmodi
1277 728 1466 790 scelus,
1508 729 1573 779 uti
1608 747 1692 797 par
1720 739 1819 793 est,
1859 748 1942 780 nec
1967 733 2015 780 in

116 815 363 878 praesenti
388 814 599 872 saeculo,
653 830 736 862 nec
766 815 812 861 z'n
833 814 1007 878 futuro
1030 815 1375 861 condonandum
1411 812 1631 862 edicitur.
1710 811 1873 879 Quare
1906 813 2020 864 nihil

123 897 170 946 in
202 895 414 946 trinitate
452 896 664 963 cogitare
707 895 980 958 diversum,
1034 912 1187 963 neque
1226 896 1359 946 salva
1394 896 1568 963 pietate
1602 898 1782 947 sentire
1811 907 1892 947 aut
1921 898 2021 966 opi-

124 979 226 1030 nari
258 978 388 1030 licet.
465 976 647 1029 Verum
682 988 727 1029 et
756 979 802 1029 in
834 988 966 1048 patre
1010 988 1221 1047 patrem,
1279 979 1397 1029 etin
1426 978 1521 1029 filio
1552 980 1736 1041 lilium,
1777 989 1825 1031 et
1854 981 1899 1031 in
1927 982 2022 1050 spi-

124 1066 218 1116 ritu
249 1073 416 1115 sancto
448 1063 663 1132 spiritum
701 1071 918 1114 sanctum
961 1080 1224 1131 agnoscere
1262 1081 1349 1114 nos
1380 1072 1589 1132 oportet.
1669 1063 1808 1114 Hunc
1843 1065 1887 1114 in
1920 1084 2019 1115 mo-

124 1149 231 1199 dum
261 1147 501 1217 profiteri,
544 1155 592 1197 et
615 1147 676 1196 ita
709 1165 772 1197 ex
801 1147 869 1197 rei
904 1147 1108 1197 veritate
1138 1147 1349 1198 iudicare
1377 1165 1579 1198 necesse
1606 1157 1707 1209 est,
1761 1167 1845 1217 pro
1871 1166 1929 1199 eo
1964 1167 2018 1199 ac

126 1241 502 1283 consentaneum
540 1240 616 1281 est
654 1232 732 1281 uni
770 1231 969 1282 trinitati
1013 1231 1308 1282 adorationis
1340 1233 1571 1299 praebere
1613 1233 1786 1283 cultum
1826 1242 1873 1283 et
1897 1234 2022 1283 illius

127 1307 744 1383 maiestatem'agnoscere.
823 1314 988 1383 ltaque
1025 1333 1114 1366 nec
1142 1316 1402 1384 ingenitum
1434 1334 1552 1385 opus
1584 1316 1725 1367 babet
1749 1318 1931 1384 genito,
1973 1326 2024 1367 ut

127 1401 300 1468 aliquid
333 1409 535 1451 naturae
563 1416 681 1449 suae
709 1400 955 1460 conferat,
1014 1400 1212 1468 eiusque
1245 1402 1350 1451 dum
1382 1401 1530 1469 ipsam
1559 1401 1772 1452 declarat
1800 1401 2024 1469 quodam-

125 1486 264 1535 modo
305 1502 478 1535 caussa
518 1493 802 1545 censeatur,
862 1501 1015 1552 neque
1050 1484 1197 1552 geniti
1241 1485 1505 1536 substantia
1540 1486 1785 1553 ingenitae
1824 1494 2024 1536 naturae

129 1578 230 1630 est,
272 1577 355 1618 aut
392 1568 565 1618 dicitnr
601 1568 814 1618 affectio.

273 1650 336 1702 ΙΙ.
416 1649 605 1721 Quippe
637 1651 823 1702 trinitas
851 1652 920 1702 rei
950 1652 1121 1702 nullius
1150 1645 1360 1719 indiget,
1404 1670 1491 1703 nec
1521 1653 1662 1704 ullius
1692 1654 2020 1704 accessionem

123 1737 350 1805 postulat.
428 1732 550 1787 Cum
585 1735 709 1785 enim
755 1735 940 1786 trinitas
983 1737 1042 1786 ab
1081 1746 1282 1787 aeterno
1330 1738 1503 1800 fuerit,
1560 1755 1666 1788 cum
1717 1739 1828 1788 nillil
1870 1739 2022 1789 adhuc

123 1829 392 1871 creatarum
431 1837 591 1869 rerum
630 1818 893 1882 existeret,
948 1838 1041 1870 non
1080 1821 1261 1871 idcirco
1305 1831 1495 1884 tamen,
1550 1841 1643 1890 quo
1686 1823 1815 1874 velut
1850 1823 2022 1873 sortito

122 1904 211 1955 sibi
241 1903 414 1972 aliquid
447 1904 671 1965 cederet,
726 1912 808 1953 aut
845 1921 998 1954 novae
1032 1905 1232 1955 alicuius
1263 1907 1623 1974 appellationis,
1679 1908 1753 1958 vel
1784 1908 1840 1970 ad
1871 1906 2023 1973 digni-

124 1997 269 2039 tatem
298 2005 433 2038 suam
461 1987 759 2038 accessionis
786 2005 980 2057 compos
1010 1990 1175 2053 lieret,
1218 2007 1374 2040 rerum
1402 1991 1610 2041 omnium
1640 1991 2022 2060 procreationem

121 2073 169 2122 in
204 2072 410 2123 animum
443 2072 634 2122 induxit
671 2081 836 2140 pater,
879 2074 1000 2122 adeo
1032 2085 1082 2123 ut
1113 2074 1297 2124 coelum
1332 2083 1633 2143 terramque,
1679 2085 1724 2126 et
1756 2075 2022 2144 aspectabi-

122 2157 182 2207 lia
207 2155 395 2220 onmia,
427 2139 588 2224 ‘eaque
616 2150 743 2224 quae
771 2156 923 2207 visum
953 2158 1166 2225 fugiunt,
1211 2176 1295 2227 per
1326 2159 1467 2209 lilium
1498 2169 1713 2222 crearet,
1767 2160 2022 2227 omniaque

122 2258 244 2309 quae
285 2240 570 2291 condiderat
609 2240 779 2308 spiritu
820 2258 908 2291 suo
951 2242 1318 2305 corroboraret,
1375 2261 1467 2311 quo
1505 2261 1569 2294 ex
1604 2245 1682 2294 illa
1725 2244 2021 2295 conditarum

121 2342 280 2375 rerum
310 2325 584 2388 creatione,
627 2341 920 2392 operumque
949 2326 1262 2377 fabricatione
1298 2327 1474 2395 aliquid
1506 2329 1552 2379 in
1587 2329 1735 2397 patris
1773 2329 2022 2379 utilitatem

122 2410 433 2470 redundaret,
476 2409 552 2475 qui
583 2417 775 2458 creator
801 2418 848 2458 et
876 2410 1055 2460 artifex
1085 2411 1441 2475 nominaretur,
1482 2413 1560 2464 vel
1590 2413 1857 2463 accessisse
1884 2413 2024 2463 intel-

123 2493 355 2560 ligeretur
383 2492 439 2543 ad
471 2491 643 2553 filium,
687 2509 772 2559 per
800 2510 967 2560 quem,
1011 2503 1059 2544 et
1084 2512 1111 2545 a
1141 2514 1234 2562 quo
1263 2505 1456 2547 creatae
1487 2515 1565 2548 res
1598 2498 1855 2565 productae
1889 2506 2019 2560 sunt,

121 2576 200 2628 vel
231 2575 436 2643 denique
462 2575 519 2626 ad
548 2575 766 2643 spiritum
799 2586 1016 2628 sanctum
1036 2618 1048 2641 ,
1105 2580 1181 2646 qui
1213 2581 1378 2630 eadem
1406 2581 1484 2632 illa
1515 2581 1832 2632 confirmavit.
1908 2579 2023 2632 Non

122 2660 336 2711 enimab
370 2659 622 2710 affectione
653 2660 809 2727 aliqua
838 2678 1106 2713 conversus
1144 2664 1191 2713 in
1229 2664 1428 2715 alteram
1458 2667 1603 2728 deus,
1644 2674 1692 2716 et
1724 2675 1892 2716 natura
1916 2666 2027 2716 sub·

122 2743 392 2811 stantiaque
441 2753 675 2806 mutatus,
732 2744 866 2795 velut
906 2745 1279 2812 cogitabundus,
1338 2758 1420 2799 aut
1460 2751 1515 2800 ad
1558 2750 1695 2801 aliam
1735 2751 2021 2800 sententiam

122 2828 397 2891 traductus,
452 2845 573 2895 quae
613 2828 803 2878 molitus
840 2837 913 2877 est
941 2829 1120 2880 effecit.
1199 2829 1387 2902 Quippe
1422 2835 1499 2902 qui
1537 2835 1582 2884 in
1621 2852 1730 2885 sese
1766 2835 2024 2884 fabricandi

123 2913 218 2963 vim
263 2911 479 2963 habuerit
515 2929 734 2979 semper,
796 2929 996 2979 eamque
1041 2915 1330 2981 perfectam,
1389 2935 1478 2967 uec
1516 2919 1621 2968 ullis
1651 2918 1834 2986 gloriae
1868 2918 2025 2968 incre-

124 2996 297 3046 mentis
335 2996 622 3062 augendam.
701 2994 944 3062 Quocirca
973 3000 1393 3066 quemadmodum,
1449 3019 1553 3052 cum
1587 3003 1643 3052 de
1672 3002 1846 3052 crealis
1880 3002 2023 3052 rebus

126 3079 340 3146 agimus,
400 3079 495 3129 tale
525 3080 742 3147 quiddam
773 3081 830 3129 de
858 3080 946 3129 deo
981 3082 1214 3147 suspicari
1250 3087 1414 3147 nel'as,
1467 3087 1601 3153 quasi
1640 3087 1830 3136 divinae
1857 3103 2023 3135 essen-

121 3164 214 3214 tiae
248 3164 527 3231 gloriaeque
557 3164 782 3215 maiestas
825 3164 926 3213 eius
961 3164 1230 3217 affectionis
1264 3168 1602 3237 dignitatisque
1637 3170 1728 3232 sit,
1788 3187 1909 3236 quae
1937 3170 2022 3220 ali-

120 3247 228 3315 quid
259 3248 565 3298 extrinsecus
599 3249 842 3298 vindicare
872 3247 962 3297 sibi
994 3249 1170 3315 possit,
1212 3250 1276 3300 ita
1307 3261 1355 3302 et
1384 3254 1675 3303 refellendus
1704 3253 1796 3303 erit
1824 3253 2016 3315 Ae'tiuS,

121 3331 198 3398 qui
229 3332 672 3383 ratiocinationibus
714 3332 812 3381 suis
856 3331 1063 3380 divinam
1107 3341 1322 3384 naturam
1373 3336 1778 3404 comprehendere
1823 3338 2019 3404 cupiens

120 3414 319 3483 ingeniti
364 3416 604 3483 genitique
648 3415 1014 3484 proprietatibus
1049 3414 1259 3466 abutitur
1294 3436 1350 3468 ea
1385 3420 1733 3487 disputatione,
1789 3439 1928 3487 quam
1962 3422 2018 3471 de

173 3554 212 3596 8.
245 3560 303 3594 An
333 3554 491 3596 αἶ’τιονί)
1096 3558 1354 3597 emendatione
1388 3561 1550 3600 Petavii.
1611 3562 1820 3601 Cornarius
1846 3565 1955 3602 vertit
1982 3570 2023 3602 et

173 3608 212 3650 9.
241 3613 301 3651 Ita
326 3616 568 3651 correxerunt
597 3613 803 3652 Cornarius
830 3617 942 3679 atque
966 3614 1037 3651 Pe·
1095 3611 1201 3650 idem
1232 3614 1479 3666 assumptive
1510 3615 1561 3653 ‹le
1590 3615 1672 3654 filio
1702 3615 1967 3671 intelligatur.

118 3669 256 3706 tavius.
314 3669 354 3706 ln
382 3669 488 3706 libris
516 3670 630 3717 vutyo
659 3670 796 3717 leyicur
823 3682 885 3709 ου.
1158 3668 1213 3707 11.
1248 3668 1479 3726 μεταβολὴν
1522 3675 1708 3719 suspicati
1745 3678 1832 3713 sunt
1873 3676 2019 3715 Corna-

179 3722 238 3762 10.
283 3716 337 3775 ἦ,
379 3724 481 3772 quod
506 3726 621 3773 vul90
650 3726 774 3773 abest,
815 3725 965 3773 reposui
992 3735 1038 3764 ex
1093 3725 1173 3818 {ius
1203 3726 1318 3774 (certe
1348 3730 1381 3766 is
1408 3731 1516 3768 vertit
1556 3728 1843 3782 mutationem)
1882 3735 1916 3772 et
1946 3734 2019 3774 Pe-

1110 3790 1232 3820 avlus.

2056 574 2183 609 loann.

2061 618 2081 652 5
2092 643 2103 662 ‚
2122 617 2177 651 ²3.

2071 740 2209 777 Matth.

2086 786 2139 827 12,
2156 784 2208 819 32.
