2508 4134
544 312 769 353 PANARII
796 312 900 352 mn.
924 312 996 351 m.
1029 312 1162 352 TOM.
1187 312 1216 350 1.
1245 311 1411 351 HAER.
1432 311 1626 352 Lxxvs.
1934 298 2034 350 285

138 410 392 462 affectione
437 417 485 461 et
514 409 783 461 substantia
826 409 963 460 nobis
1009 408 1247 472 obtrudit3
1301 427 1405 459 cum
1449 409 1562 459 illud
1601 408 1649 459 in
1686 409 1912 459 confesso
1952 407 2034 471 sit,

137 503 326 545 creatas
355 510 435 545 res
471 510 638 545 omnes
675 510 783 545 esse
815 511 868 545 re
904 511 1049 557 vera,
1104 510 1260 560 neque
1290 502 1446 561 tamen
1474 493 1533 542 ob
1565 494 1707 543 ullum
1739 492 2036 543 commodum

135 586 216 630 aut
238 578 586 630 incrementum
618 579 801 647 gloriae
829 595 854 627 a
884 578 1002 641 dec,
1056 577 1134 644 qui
1165 577 1290 627 nulla
1328 594 1380 626 re
1413 595 1531 645 opus
1563 577 1730 640 habet,
1788 576 2037 643 excogita-

134 671 208 714 tas
237 661 413 727 fuisse3
464 681 559 713 non
587 680 727 714 secus
758 671 900 730 atque
929 662 976 712 in
1007 662 1151 712 unico
1185 662 1260 712 dei
1294 661 1418 724 filio,
1472 661 1668 728 eiusque
1696 670 1862 712 sancto
1897 660 2038 730 spiri-

135 756 205 812 tu,
246 748 381 797 nefas
408 756 483 797 est
505 765 610 798 cum
640 755 907 798 creatarum
935 763 1094 797 rerum
1124 746 1399 796 conditione
1423 745 1531 795 illos
1562 746 1851 813 adaequare.
1931 744 2036 797 Dici

137 831 262 882 enim
305 831 430 882 istud
471 831 601 883 nullo
640 833 780 883 modo
814 840 991 900 potest.
1069 831 1137 880 At
1177 847 1293 881 vero
1335 829 1604 880 rationibus
1649 831 2036 898 syllogismisque

137 915 238 967 suis
265 933 352 967 nos
390 916 670 984 aggreditur
695 915 900 979 Ae‘tiuS‚
943 916 999 966 de
1032 915 1323 966 coelestibus
1350 915 1494 965 rebus
1525 914 1773 981 garriens,
1815 923 1862 964 et
1892 917 2037 966 auda-

136 1009 239 1051 cter
269 1000 326 1051 ad
357 1000 606 1070 superiora
636 1001 962 1063 contendens,
1006 1008 1147 1067 atque
1179 999 1237 1049 ab
1267 998 1578 1049 inferioribus
1613 999 1848 1049 creaturis
1878 1000 2037 1068 petitis

136 1085 435 1152 argumentis
464 1103 552 1136 nos
582 1101 893 1154 oppugnanS‚
944 1103 1048 1135 cum
1078 1093 1234 1135 tamen
1269 1082 1369 1134 suis
1401 1082 1495 1133 illis
1526 1082 1861 1151 disputationis
1893 1101 2034 1152 argu-

137 1169 214 1220 tiis
243 1169 358 1220 nihil
396 1170 590 1220 omnino
624 1177 922 1238 promoveat.
999 1167 1261 1219 Hominum
1301 1167 1472 1236 quippe
1515 1167 1747 1236 sapientia
1787 1169 2034 1237 praeterit,

135 1253 341 1304 humana
370 1254 686 1304 ratiocinandi
732 1253 806 1304 vis
835 1271 891 1304 ac
921 1253 1157 1304 subtilitas
1200 1254 1481 1322 consepulta
1510 1252 1662 1303 iacet:
1718 1254 1907 1312 Eoez'bz't‚
1963 1253 2033 1302 in-

136 1338 267 1406 quit,
321 1342 517 1404 sper-itus
543 1342 641 1388 eius
669 1349 717 1388 et
742 1348 1003 1388 revertemr
1035 1342 1082 1387 z'n
1105 1341 1343 1403 pulverem
1378 1356 1528 1388 suum.
1608 1335 2034 1406 Syllogismorum,

133 1422 358 1491 inquani,
417 1423 636 1474 acunuua
683 1422 842 1474 onusta
875 1421 1362 1490 honnnuniingenfis
1397 1422 2030 1491 excogstauipraeuneunn

136 1507 450 1576 hominesque
478 1507 659 1576 pariter
686 1525 792 1558 cum
821 1508 901 1558 illa
927 1506 1058 1558 Ae’tii
1091 1507 1460 1557 ratiocinatione
1479 1547 1492 1571 ,
1536 1516 1583 1558 et
1611 1507 1840 1558 affectato
1870 1515 2039 1558 contra

135 1592 272 1643 fidem
319 1590 593 1643 calliditatis
636 1592 857 1643 artificio.
933 1596 1100 1641 Manet
1135 1601 1292 1642 autem
1336 1609 1395 1643 ea
1429 1610 1567 1660 quam
1601 1592 1894 1662 syllogismis
1937 1591 2037 1643 suis

134 1676 486 1727 circumvenire
525 1685 754 1740 conatur,
781 1679 938 1742 fide-S,
979 1695 1111 1742 ερας,
1154 1686 1202 1725 et
1235 1681 1435 1737 carz'taS,
1478 1678 1546 1728 uti
1583 1677 1812 1746 scriptum
1852 1685 1944 1728 est.

276 1761 407 1812 Aetii
438 1757 596 1829 Caput
625 1758 804 1811 ΧΧΙΙ.
880 1759 934 1812 Si
973 1761 1235 1812 substantia
1282 1762 1435 1812 omnis
1477 1762 1690 1830 ingenita
1730 1762 1819 1826 sit,
1875 1763 2033 1813 cuius-

135 1845 260 1896 modi
293 1853 367 1896 est
391 1845 733 1914 omnipotentis
765 1845 869 1909 dei,
912 1846 1019 1914 quid
1054 1845 1225 1896 attinet
1253 1846 1373 1896 hanc
1403 1847 1589 1915 quidem
1621 1847 1924 1916 passionibus
1953 1847 2037 1898 ob-

136 1930 364 1995 noxiam,
426 1930 555 1981 illam
588 1947 717 1993 *vero
759 1940 1008 1999 expertem
1052 1932 1373 1982 asseverare?
1459 1929 1601 1998 Quod
1642 1932 1682 1982 si
1724 1932 2037 1982 attributione

136 2015 608 2083 quadanlingenstae
637 2024 867 2079 naturae,
910 2015 1062 2066 astera
1090 2015 1385 2083 quantssate,
1427 2017 1679 2084 quantau3,
1738 2016 2038 2084 atque‹unni

134 2101 333 2169 prorsus
383 2109 546 2151 manet
581 2100 860 2169 [mutatione
908 2100 1156 2169 superior,
1216 2101 1366 2151 altera
1418 2100 1751 2152 affectionibus
1802 2102 2034 2166 obnoxia,

135 2188 256 2251 quae
284 2193 441 2235 tamen
468 2183 570 2253 ipsa
589 2223 602 2248 ‚
644 2193 696 2235 ut
724 2184 1007 2236 immutabili
1036 2185 1332 2236 substantiae
1366 2185 1641 2237 conditione
1670 2186 1759 2251 sit,
1802 2186 2035 2238 beneficio

137 2269 337 2335 quodam
362 2269 562 2320 alterius
587 2269 649 2320 sit
677 2270 877 2338 adepta,
930 2270 970 2320 si
999 2270 1141 2331 haec,
1193 2271 1418 2339 inquam,
1470 2271 1536 2321 ita
1575 2288 1627 2322 se
1666 2271 1901 2335 habeant,
1956 2281 2038 2322 aut

137 2369 280 2416 casu,
334 2370 391 2404 ac
423 2353 619 2405 fortuito
646 2354 694 2404 id
725 2353 988 2422 contigisse
1022 2356 1273 2406 dicendum
1316 2365 1418 2420 est,
1473 2365 1554 2407 aut
1584 2356 1697 2407 illud
1733 2373 2037 2424 consequens

138 2445 241 2500 est,
281 2445 332 2488 ut
356 2447 404 2487 et
430 2454 489 2488 ea
513 2455 634 2506 quae
664 2438 764 2506 agit
786 2438 1034 2508 ingenita,
1088 2449 1136 2491 et
1169 2457 1290 2509 quae
1325 2442 1635 2492 mutationem
1664 2441 1841 2510 patitur
1874 2441 2037 2510 genita

138 2530 412 2572 censeatur.

281 2603 481 2658 Consut.
514 2603 689 2656 ΧΧΙΙ.
767 2604 808 2657 1.
849 2607 1024 2676 Neque
1056 2609 1371 2662 substantiam
1409 2628 1597 2662 omnem
1627 2611 1889 2679 ingenitam
1927 2627 2036 2663 esse

138 2690 365 2754 dicimuS,
419 2708 509 2742 nec
539 2707 727 2741 omnem
762 2708 788 2740 a
817 2692 906 2742 deo
943 2694 1182 2760 genitam,
1237 2696 1459 2764 quoniam
1498 2696 1573 2765 qui
1604 2696 1748 2746 filium
1777 2714 1913 2747 suum
1953 2714 2037 2764 ge-

137 2775 268 2839 nuit,
323 2784 373 2826 et
399 2792 425 2825 a
454 2792 507 2826 se
540 2775 645 2844 ipso
688 2774 904 2843 spiritum
939 2787 1155 2829 sanctum
1185 2780 1370 2846 emisit,
1423 2781 1553 2831 illum
1589 2780 1782 2849 inquam
1817 2781 2034 2849 spiritum

138 2859 217 2927 qui
246 2877 411 2911 eorum
439 2877 559 2928 quae
590 2860 668 2910 filii
692 2869 803 2911 suut
826 2860 1067 2930 particeps
1087 2863 1193 2928 fuit,
1235 2882 1328 2915 non
1360 2883 1546 2929 omneS,
1588 2867 1671 2916 sed
1702 2884 1844 2916 unum
1868 2866 2036 2916 dunta-

138 2953 224 2995 xat
247 2943 443 3013 genuit3
484 2945 608 2995 unde
636 2953 683 2995 et
708 2944 982 3012 unigenitus
1011 2955 1114 3011 est,
1155 2957 1202 2998 et
1228 2967 1376 3000 unum
1401 2950 1560 3001 emisit
1588 2968 1615 3001 a
1646 2968 1698 3001 se
1731 2950 1867 3018 ipso,
1910 2950 2035 3000 unde

138 3028 334 3097 spiritus
377 3038 591 3090 sanctus.
666 3026 766 3079 Per
803 3047 945 3080 unum
994 3048 1136 3099 porro
1177 3034 1388 3098 creavit,
1446 3035 1566 3085 etin
1604 3048 1699 3085 uno
1734 3033 2035 3084 confirmavit

139 3129 338 3177 omnes,
382 3131 580 3182 quorum
609 3113 686 3163 alii
713 3114 976 3181 generandi
1005 3115 1098 3165 vim
1124 3115 1329 3180 habent,
1385 3127 1433 3168 et
1466 3128 1574 3186 post
1600 3119 1798 3187 primam
1828 3117 2034 3167 creatio·-

140 3214 250 3248 nem
282 3196 508 3267 deinceps
532 3206 858 3266 generantur,
900 3198 979 3248 alii
1008 3199 1077 3249 sic
1106 3201 1256 3250 creati
1290 3211 1402 3252 sunt
1432 3214 1483 3252 ut
1511 3219 1664 3271 neque
1691 3201 1908 3270 gignant,
1952 3219 2035 3251 ne-

139 3299 231 3350 que
260 3282 538 3350 gignantur.
618 3281 799 3333 Verum
840 3282 1054 3332 increata
1096 3283 1323 3336 trinitatis
1368 3286 1637 3337 substantia
1678 3287 1819 3353 longe
1863 3285 1921 3335 ab
1963 3285 2035 3336 his

138 3366 359 3418 omnihus
384 3366 542 3430 abest,
584 3384 704 3435 quae
734 3367 792 3418 ab
822 3367 927 3435 ipsa
954 3366 1166 3417 trinitate
1196 3378 1357 3419 creata
1386 3379 1515 3435 sunt,
1556 3388 1650 3421 non
1681 3369 1863 3437 genita.
1920 3367 2035 3420 Ideo

137 3450 367 3502 trinitatis
393 3451 504 3502 illud
529 3452 771 3520 proprium
801 3460 905 3516 est,
946 3459 997 3501 ut
1026 3468 1179 3518 neque
1205 3453 1300 3520 pati
1329 3454 1598 3522 quicquam,
1638 3471 1793 3522 neque
1823 3470 2035 3506 commu-

137 3588 310 3639 habere,
360 3605 409 3631 eo
453 3591 563 3645 quod
605 3601 755 3646 sponte
795 3607 865 3632 sua
906 3592 1057 3633 amicus
1114 3588 1203 3643 (τὸν
1231 3596 1390 3634 articulo
1417 3594 1571 3648 omisso)
1599 3591 1651 3637 τὰ
1675 3591 1780 3638 κατὰ
1807 3593 1883 3644 τὰς
1903 3610 2035 3650 προει-

136 3645 339 3699 permittit
367 3661 414 3686 ea
444 3661 547 3701 quae
574 3657 668 3687 sunt
698 3649 935 3702 praedicta,
977 3653 1059 3689 cett.
1117 3646 1309 3701 ρημένας.
1630 3697 1647 3705 ἡ

193 3699 231 3742 4.
261 3705 322 3743 Ita
346 3703 457 3743 codd.
487 3716 575 3744 mss.
636 3707 739 3745 Edita·
767 3707 903 3746 habent
932 3700 1056 3747 uetito-
1170 3703 1206 3744 6.
1242 3706 1361 3755 Vulyo
1390 3699 1420 3758 ἦ
1450 3703 1497 3748 τό
1530 3701 1567 3759 γ’
1598 3705 1679 3748 οὖν.

141 3756 272 3811 μάτῳ.
1169 3758 1207 3801 7.
1238 3762 1308 3803 τοῦ
1339 3764 1481 3802 excidit
1507 3765 1555 3802 ab
1585 3765 1671 3803 edit.
1702 3766 1866 3805 Petavii.

195 3815 233 3854 5.
276 3816 408 3864 Supra
439 3817 554 3866 vulyo
587 3820 691 3857 extat
724 3819 909 3867 scriptum
945 3815 1059 3871 φίλον
1652 3819 1655 3825 ’

2086 1268 2226 1304 Psalm.

2082 1314 2157 1357 1⁰3,
2183 1314 2232 1347 14.

2092 1690 2120 1725 1.
2138 1690 2225 1725 Cor.

2076 1734 2130 1778 13,
2154 1734 2205 1768 18.

2083 3376 2223 3432 Mattli.

2087 3439 2139 3483 12,
2161 3440 2214 3475 32.
