2508 4134
262 1670 347 1707 pag.
370 1660 466 1698 105⁰.

262 2180 375 2237 Κεφ.
402 2175 474 2234 ιη’.

486 256 590 306 432
1201 266 1403 309 εΑΝοΤι
1434 267 1715 310 EPIPHANH

484 363 655 426 ἔθετο,
694 359 812 414 ἄλλα
845 360 1175 432 Πρωτότοκον
1201 363 1368 431 μόνον.
1451 359 1612 428 Οὗτος
1640 364 1730 436 γάρ
1756 367 1886 420 ἐστιν
1915 364 1944 420 ὅ
1983 371 2006 403 ⁵
2025 364 2160 437 παρὰ
2186 372 2255 439 τῷ
2288 366 2411 420 ἄπο-

484 446 636 519 στόλῳ
667 448 920 516 εἰρημένος
951 447 1280 519 Πρωτότοκος
1321 448 1485 518 πάσης
1512 454 1735 518 κτίσεως,
1787 450 1856 520 μὴ
1885 452 2198 520 συνημμένος
2224 457 2284 525 τῇ
2314 454 2411 504 κτί-

484 552 572 598 σει,
612 530 731 585 ἆλλοὶ
755 530 851 602 πρό
879 536 1080 596 κτίσεως
1107 536 1463 604 γεγεννημένος.
1544 536 1619 590 Οὐ
1648 535 1741 607 γαρ
1767 534 1871 589 εἶπε
1900 536 2292 607 Πρωτόκτιστος,
2329 534 2415 589 ἆλ-

483 616 544 670 λά
586 616 948 689 Πρωτότοκος,
1000 621 1347 689 διαιρουμένης
1391 627 1482 690 τῆς
1521 620 1844 692 ἀναγνώσεως
1884 623 1963 675 ἐπὶ
2002 620 2056 676 τδ
2097 623 2289 690 βέλτιον
2331 622 2416 675 καὶ

486 702 873 774 ἀσφαλέστερον,
921 709 1012 758 τοῦ
1051 711 1249 775 πρῶτον
1289 707 1377 774 μὲν
1405 708 1586 776 λέγειν,
1641 706 1984 775 πρωτότοκος,
2038 708 2204 760 ἔπειτα
2233 704 2416 774 ὑποβε-

485 793 700 859 βηκυῖαν
738 791 891 860 λέγειν
929 788 1019 858 τήν
1056 793 1226 844 κτίσιν.
1309 790 1375 845 Τὸ
1418 793 1506 860 μὲν
1545 790 1639 862 γοέρ
1685 790 2012 862 Πρωτότοκος
2051 793 2134 844 ἐπὶ
2173 798 2263 845 τοῦ
2301 791 2418 846 υἴοῦ

484 873 803 943 λαμβάνεται,
842 873 876 943 ή
904 875 957 928 δὲ
984 878 1137 938 κτίσις
1162 874 1246 929 διὰ
1272 883 1359 930 τοῦ
1389 880 1519 930 υἱοῦ.
1592 874 1846 947 Ἐγέννησε
1876 880 2047 930 τοίνυν
2073 875 2159 931 τόν
2187 876 2299 930 υἰδν
2325 876 2416 930 αὗ-

483 967 573 1028 τῆς
602 959 689 1015 τὸν
716 960 1059 1031 πρωτότοκον·
1114 961 1208 1015 οὐκ
1233 962 1387 1029 αὐτῆς
1416 963 1468 1015 δὲ
1499 969 1522 999 ⁶
1541 960 1594 1015 τὸ
1631 960 1973 1032 πρωτότοκον,
2029 960 2098 1025 ὥς
2128 962 2282 1030 αὐτῆς
2309 969 2416 1030 μελ-

484 1045 665 1114 λούσης
689 1044 834 1100 &mov
861 1051 1093 1100 κυΐσκειν.
1175 1049 1278 1100 Καὶ
1301 1045 1394 1101 ούκ
1421 1045 1527 1121 ᾔδει
1553 1045 1734 1115 αὐτήν·
1787 1047 1948 1101 πόθεν
1977 1046 2069 1118 γάρ
2103 1046 2209 1122 ᾔδει
2237 1046 2321 1102 ὅτι·
2340 1069 2417 1101 το-

486 1131 672 1201 σαύτην
709 1130 852 1202 χοίριν
891 1131 1100 1199 λήψεται
1140 1131 1291 1203 γυνή,
1342 1130 1376 1200 ἢ
1405 1131 1567 1186 πόθεν
1600 1131 1704 1207 ᾔδει
1732 1133 1809 1187 ὅτι
1835 1132 2067 1202 τοιαύτην
2096 1132 2248 1198 δόξαν
2276 1136 2415 1197 δοξα-

485 1217 720 1286 σθήσεται
762 1219 1043 1288 παρθένος,
1095 1225 1306 1288 γυναῖκα
1338 1218 1425 1286 μὲν
1452 1216 1562 1291 ᾔδει
1587 1217 1740 1287 αὐτὴν
1766 1225 1827 1293 τῇ
1852 1218 2049 1285 πλάσει,
2099 1220 2183 1273 καὶ
2209 1217 2417 1287 θήλειαν

485 1311 546 1379 τῇ
571 1303 742 1372 φύσει,
780 1306 864 1356 καὶ
894 1306 949 1357 ἐκ
980 1301 1384 1374 μητρός”Αννης,
1423 1305 1507 1357 καὶ
1537 1306 1592 1358 ἐκ
1626 1303 1812 1375 πατρὸς
1836 1302 2083 1373 Ἰωακεὶμ,
2125 1306 2414 1375 Τσυγγὲνισ-

485 1410 578 1445 σαν
604 1391 656 1444 δὲ
685 1395 773 1458 τῆς
800 1386 1078 1457 Ἐλισάβετ,
1131 1390 1180 1452 ἐξ
1208 1391 1351 1443 οἷ’κου
1376 1390 1463 1442 καὶ
1488 1397 1700 1461 πατριᾶς
1723 1396 1811 1444 τοῦ
1845 1392 2036 1459 Δαβὶδ,
2089 1388 2182 1444 οὐκ
2224 1388 2327 1464 ᾔδει
2364 1390 2417 1443 δὲ

488 1476 565 1531 ὅτι
592 1473 825 1543 τοιαύτην
851 1473 1005 1538 δόξαν
1029 1473 1354 1542 τιμηθήσεταί
1383 1497 1456 1537 τις
1481 1477 1562 1529 ἐπὶ
1590 1482 1679 1545 τῆς
1703 1480 1819 1547 γῆς,
1858 1474 2063 1544 μάλιστα
2082 1473 2226 1547 γυνή.
2306 1474 2416 1528 Οὔκ

487 1561 594 1637 ᾔδει
627 1555 718 1615 οὗν
749 1558 932 1628 αὐτὴν,
984 1562 1076 1622 ἕως
1105 1554 1166 1614 οὗ
1192 1558 1289 1614 εἶδε
1313 1559 1368 1614 τδ
1399 1567 1587 1629 θαῦμα.
1667 1560 1774 1616 Οὔκ
1813 1560 1920 1636 ᾔδει
1950 1562 2105 1630 αὐτῆς
2131 1560 2186 1615 τὸ
2222 1566 2416 1629 θαῦμα,

490 1650 582 1711 ἕως
614 1647 731 1701 ὅτου
764 1644 862 1699 εἶδε
894 1644 948 1699 τὸ
988 1648 1337 1717 γεγεννημένον
1382 1649 1431 1710 ἐξ
1467 1647 1634 1715 αὐτῆς.
1695 1647 1815 1700 ‘'Ots
1857 1648 1910 1701 δὲ
1942 1649 2129 1712 ἔτεκεν,
2181 1648 2304 1718 ἔγνω
2331 1647 2417 1700 καὶ

487 1732 576 1802 τήν
600 1739 690 1786 τοῦ
718 1737 845 1786 θεοῦ
875 1729 1021 1800 τιμὴν
1038 1775 1051 1797 ,
1089 1731 1164 1787 ὅτι
1195 1730 1320 1801 αὐτὴ
1347 1726 1409 1800 ἦν
1436 1730 1469 1800 ἡ
1496 1731 1773 1798 ἀκούσασα,
1830 1738 1986 1805 Χαῖρε
2024 1732 2407 1804 κεχαριτωμένη·

490 1817 518 1873 ὁ
553 1818 728 1891 κύριος
764 1816 884 1886 μετὰ
922 1824 1027 1872 σοῦ.

635 2162 778 2233 Αὕτη
806 2163 936 2218 ἐστὶν
966 2158 998 2232 ἦ
1024 2160 1159 2234 παροὶ
1193 2163 1280 2231 μὲν
1307 2170 1367 2237 τῇ
1396 2159 1510 2237 Εὕα
1538 2164 1900 2231 σημαινομένη,
1938 2159 2000 2215 δι’
2029 2163 2309 2232 αἰνίγματος
2335 2167 2418 2214 λα-

490 2256 646 2320 βοῦσα
689 2251 743 2305 τὸ
789 2257 1049 2304 καλεῖσθαι
1095 2248 1254 2319 μήτηρ
1294 2250 1500 2313 ζεόντων.
1572 2246 1705 2302 Ἐκεῖ
1740 2249 1827 2317 μὲν
1865 2246 1956 2319 γοὶρ
1999 2247 2185 2315 Μήτηρ
2225 2244 2421 2311 ζώντων

490 2339 742 2405 κέκληται,
794 2338 878 2390 καὶ
912 2334 1030 2405 μετὰ
1059 2334 1113 2388 τό
1145 2333 1385 2400 ἀκοῦσαι,
1436 2340 1508 2403 Γῆ
1538 2332 1608 2400 εἴ,
1661 2336 1746 2388 καὶ
1775 2337 1843 2397 εἷς
1869 2340 1961 2404 γῆν
1986 2332 2254 2407 ἀπελεύσῃ,
2301 2331 2420 2402 μετὰ

492 2422 583 2491 τὴν
623 2421 919 2493 παράβασιν.
997 2422 1098 2473 Καὶ
1138 2416 1201 2488 ἧν
1231 2427 1406 2487 θαῦμα
1437 2419 1514 2473 ’ὅτι
1545 2418 1663 2488 μετά
1695 2419 1785 2488 τήν
1812 2419 2095 2491 παράβασιν
2121 2417 2303 2487 ταύτην
2331 2416 2421 2487 τὴν

494 2508 702 2578 μεγάλην
741 2509 875 2575 ἔσχεν
917 2508 1215 2574 ἐπωνυμίαν.
1292 2507 1391 2558 Καὶ
1422 2503 1545 2559 κατᾶ
1579 2507 1667 2573 μὲν
1705 2505 1759 2559 τό
1802 2504 2072 2574 αἰσθητόν,
2123 2503 2208 2558 ἀπ’
2235 2506 2422 2571 ἐκείνης

491 2600 579 2662 τῆς
607 2591 748 2655 Εὔας
782 2598 916 2645 πᾶσα
947 2598 1045 2645 τῶν
1083 2590 1372 2663 ἀνθρώπων
1398 2589 1432 2659 ἦ
1459 2593 1683 2662 γέννησις
1717 2593 1796 2645 ἐπὶ
1827 2598 1919 2662 γῆς
1945 2591 2238 2662 γεγέννηται.
2299 2582 2423 2642 Ὧιδε

492 2680 546 2733 δὲ
579 2678 783 2747 ἀληθῶς
822 2675 922 2731 &nd
964 2681 1171 2748 Μαρίας
1219 2677 1377 2745 1αύτη
1413 2701 1445 2745 η
1491 2675 1588 2745 ζωὴ
1630 2683 1739 2751 2τῷ
1774 2677 1944 2751 κόσμω
1980 2678 2284 2748 γεγέννηται·
2336 2677 2422 2728 ἵνα

491 2771 648 2830 ζωντα
684 2762 920 2837 γεννήση,
972 2786 1052 2816 και
1094 2765 1316 2835 γέννηται
1347 2761 1381 2832 ἦ
1412 2766 1592 2833 Μαρία
1619 2763 1777 2834 μήτηρ
1810 2762 2015 2827 ζωντων.
2091 2759 2169 2815 Δι’
2197 2763 2421 2831 αἰνίγμα-

493 2874 577 2914 τος
608 2844 700 2905 οὖν
735 2874 768 2918 η
799 2852 978 2919 Μαρία
1010 2849 1197 2920 Μήτηρ
1235 2848 1430 2914 ζωντων
1467 2850 1708 2917 κέκληται.
1788 2850 1915 2919 Περὶ
1955 2870 2046 2918 γαρ
2084 2852 2181 2899 τῶν
2214 2844 2306 2899 δύο
2336 2863 2420 2916 γυ-

494 2942 679 2992 ναικῶν
712 2937 951 3004 3ἐλέχθη,
1010 2941 1094 2998 Τίς
1132 2937 1315 2989 δέδωκε
1343 2936 1538 3006 γυναικὶ
1566 2939 1774 3000 σοφίαν,
1831 2958 1863 3001 η
1894 2930 2198 2999 ποικιλτικήν
2219 2929 2423 2998 ἐπιστή-

495 3046 616 3092 μην,
667 3020 837 3089 ἐπειδὴ
868 3020 960 3092 γὰρ
987 3019 1218 3091 ἡπρώτη
1260 3019 1395 3089 σοφή
1431 3019 1544 3073 Εὔα
1577 3018 1857 3087 ὑφαίνουσα
1898 3016 2064 3087 ἱμάτια
2102 3016 2162 3069 τοὶ
2205 3015 2422 3085 αἰσθητοὶ

497 3107 579 3162 διὰ
607 3106 694 3161 τὸν
717 3105 909 3174 Ἀδάμ,
963 3106 1112 3177 ’ὅνπερ
1144 3105 1445 3177 ἐγύμνωσεν·
1486 3106 1613 3179 αὐτῇ
1640 3104 1732 3176 γοὲρ
1771 3102 1928 3172 ἐδόθη
1960 3096 2106 3164 οὗτος
2132 3099 2160 3155 ὁ
2187 3101 2420 3170 κάματος.

494 3192 694 3269 Ἐπειδὴ
738 3191 829 3264 γάρ
858 3191 919 3246 δι’
958 3193 1110 3260 αὐτῆς
1148 3190 1460 3263 ήγύμνωσις
1497 3191 1694 3263 εὕρηται
1707 3234 1720 3256 ,
1772 3187 1898 3263 αὐτῇ
1937 3189 2131 3242 δέδοται
2175 3187 2422 3256 4ἇμφιεν-

498 3280 631 3333 νύειν
673 3278 726 3333 τὸ
767 3285 908 3348 σῶμα
950 3277 1003 3332 τό
1047 3276 1291 3346 αἰσθητόν
1321 3276 1403 3330 διοὲ
1442 3275 1529 3344 τὴν
1557 3276 1805 3347 γύμνωσιν
1842 3273 1932 3342 τὴν
1963 3272 2226 3342 αἰσθητήν·
2279 3279 2340 3346 τῇ
2369 3271 2422 3326 δὲ

499 3369 678 3438 Μαρία
707 3366 904 3419 δέδοται
935 3362 1034 3418 fiad
1064 3370 1217 3429 θεοῦ,
1257 3363 1394 3425 ὅπως
1424 3364 1537 3435 τέκῃ
1563 3360 1682 3430 ἡμῖν
1712 3361 1883 3431 ἀρνίον
1913 3360 1997 3412 καὶ
2021 3357 2298 3428 πρόβατον,
2335 3359 2419 3411 καὶ

499 3453 554 3506 ἐκ
577 3458 665 3519 τῆς
693 3449 841 3518 δόξης
879 3450 1035 3504 αὐτοῦ
1065 3456 1156 3503 τοῦ
1192 3447 1363 3518 ἀρνίου
1398 3449 1482 3500 καὶ
1514 3445 1766 3519 προβάτου
1791 3446 1987 3515 γένηται
2026 3442 2171 3513 ἡμῖν,
2220 3440 2287 3506 ὥς
2315 3440 2419 3497 ἆπδ

556 3554 595 3595 5.
624 3550 737 3606 παρὰ
774 3555 822 3594 ed
864 3556 996 3594 Petav.
1055 3551 1151 3606 περὶ
1187 3553 1298 3592 codd.
1343 3563 1433 3592 mss.
1492 3548 1657 3604 συγγένι
1695 3549 1843 3598 aliquot
1879 3548 2094 3587 litterarum
2132 3549 2259 3598 spatio
2296 3558 2422 3588 vacuo

498 3614 655 3661 uterque
683 3615 717 3650 et
745 3611 804 3650 ed.
834 3613 959 3660 princ.
1490 3609 1629 3648 relicto.

553 3665 594 3708 6.
626 3664 696 3709 τὸν
723 3669 945 3717 suspicatus
972 3671 1025 3707 est
1053 3668 1247 3707 petavius.
1547 3662 1643 3701 CAP.
1669 3661 1824 3700 XV111.
1845 3683 1897 3691 --
1959 3655 2137 3715 1.αὖτῆ
2169 3662 2319 3701 volebat
2346 3660 2421 3701 Pe-

555 3721 595 3764 7
626 3721 900 3776 συγγένισσαν
928 3725 1039 3764 codd.
1070 3734 1160 3762 mss.
1190 3724 1293 3772 Ien.‚
1334 3722 1434 3761 Rhe·
1488 3721 1630 3760 tavius.

501 3779 581 3828 diy.
611 3783 645 3818 et
674 3780 830 3829 Paris„
861 3791 909 3820 ex
937 3792 1011 3830 quo
1040 3780 1226 3820 Petavius
1248 3751 1293 3817 id'
1316 3789 1432 3817 voca·
1545 3775 1582 3815 2
1612 3772 1684 3815 τοῦ
1715 3769 1877 3826 κόσμου
1907 3775 1989 3813 cod.
2023 3775 2183 3824 Rhediy.

501 3836 634 3875 bulum
676 3837 847 3876 restituit.
920 3837 965 3876 In
1000 3837 1089 3877 edit.
1127 3836 1253 3885 princ.
1296 3835 1434 3884 leyitur
1544 3829 1583 3873 3
1613 3827 1794 3885 ἐλέγχὲη
1826 3830 1907 3872 cod.
1938 3830 2098 3881 Rhediy.
