2508 4134
636 284 774 327 ToMI
802 283 1010 324 Pmoms
1039 283 1174 324 PARS
1203 283 1516 325 PosTEmoR.
1924 270 2021 321 641

130 399 249 440 μενος
275 386 394 433 ven„
427 383 494 438 qui
519 382 642 438 paulo
671 389 767 437 post
795 379 909 421 delet
936 378 1015 434 γὰρ
1042 389 1137 434 post
1167 380 1292 435 μένει.
1323 404 1373 411 -
1417 379 1523 422 1.19.
1555 374 1894 434 ὑπερεντυγχάνει
1923 374 2026 430 ὑπὲρ

126 450 248 508 ῆμῶν
280 467 384 496 στεν.
416 455 518 493 Ven.
575 448 686 493 Ideni
725 451 831 491 liber
875 464 956 490 om.
996 450 1118 504 paulo
1159 459 1256 504 post
1296 450 1411 490 artic.
1451 449 1513 505 τῷ
1555 457 1651 504 post
1691 446 1938 504 ἐντυγχάνει.
1971 470 2025 478 -

127 524 154 564 l.
172 521 239 565 24.
271 523 343 567 τοῦ
370 519 539 576 Ἱέρακα
565 521 638 565 καὶ
667 536 716 564 αις
747 519 838 573 (sic,
869 519 979 574 quod
1008 519 1105 574 quid
1132 519 1333 572 significet
1365 519 1431 559 alii
1461 519 1658 567 divinent)
1687 516 1765 571 τῆν
1795 512 2028 571 ἀνατροπὴν

126 593 321 647 ποιοῦμαι
348 594 451 633 ven.
480 617 536 624 -—
589 592 616 632 l.
643 589 711 634 26.
740 590 871 645 Μελχ.
903 587 976 631 καὶ
1006 583 1122 631 ἄλλοι
1150 590 1252 629 Ven.
1292 614 1332 620 -·-
1392 589 1418 628 1.
1446 589 1514 629 28.
1553 588 1782 642 νομίζουσιν
1812 583 1914 629 εἶναι
1942 584 2029 629 υἱὸν

126 663 199 706 τοῦ
228 662 331 705 Νῶε
368 660 439 705 τὸν
480 660 587 716 Σήμ
615 663 716 702 Ven.
748 684 804 692 —
859 659 886 700 1.
912 659 979 701 30.
1017 654 1151 701 πάντα
1191 656 1267 712 τῆν
1310 655 1513 714 άλήῇειαν
1554 660 1656 698 Ven.
1688 681 1743 689 —
1798 656 1824 696 1.
1853 656 1922 697 31.
1955 654 2027 708 ἔτη

128 729 311 786 ἑκάστης
337 734 420 775 τῶν
447 731 633 785 πατέρων
657 731 772 784 ζωῆς
797 729 868 773 καὶ
892 728 1093 783 διαδοχῆς
1120 723 1407 782 οἷριὲιμῆσασα.
1454 723 1563 770 ΓὈτε
1587 725 1665 781 γὰρ
1695 722 1813 783 Ἀβρ.
1846 723 2029 781 ὑπῆρχεν

127 800 198 856 πη’
227 796 259 856 ῆ
287 800 360 844 καὶ
387 800 630 857 ἐνενήκοντα
658 803 760 842 Ven.
805 799 919 841 Idem
944 798 1066 854 paulo
1095 805 1190 852 post
1219 798 1330 838 delet
1355 791 1387 850 ἦ
1414 806 1509 838 ante
1539 796 1719 840 ἐλάσσω.
1749 820 1802 829 —-
1859 795 1886 836 l.
1907 798 1948 837 ὃ.
1978 794 2029 835 ab

127 913 204 954 inf.
233 910 347 969 αύτῷ
380 910 585 967 ὑπηντᾶτο
613 912 685 957 καὶ
714 911 904 969 ἐξέβαλεν
935 911 1034 965 (sic)
1065 906 1180 967 αύτῷ
1212 904 1361 963 ἄρτους
1389 911 1492 950 Ven.
1522 932 1579 940 —
1635 909 1663 949 l.
1687 908 1714 951 3
1740 917 1782 949 et
1809 908 1848 950 2.
1877 907 1928 948 ab
1955 907 2030 947 inf.

131 983 304 1038 αἵματος
333 978 459 1026 αὑτοῦ
489 985 561 1026 τοῦ
592 982 641 1026 ἐκ
669 985 748 1038 τῆς
775 985 840 1026 πλ.
874 978 999 1026 αὑτοῦ
1032 978 1251 1034 ρεύσαντος
1281 979 1341 1028 εἰς
1368 977 1463 1022 κάξτ.
1498 981 1598 1019 Ven.

240 1054 371 1110 Pag.
400 1054 526 1098 138.
581 1053 609 1094 l.
638 1054 677 1094 2.
709 1047 754 1107 ἦ,
785 1061 880 1094 ante
909 1048 1104 1100 ἐλάσσω,
1135 1064 1214 1091 om.
1249 1051 1347 1089 Ven.
1379 1074 1423 1079 —
1488 1049 1516 1090 1.
1542 1049 1581 1090 3.
1611 1046 1900 1103 ἑβδομήκοντα
1929 1047 2032 1091 ἐτῶν

129 1126 230 1164 Ven.
262 1146 314 1154 -
371 1122 397 1163 l.
425 1122 466 1164 6.
494 1123 670 1177 πρῶτον,
699 1131 796 1177 post
823 1118 1189 1170 πεντακοσιοστόν,
1220 1133 1297 1159 om.
1329 1120 1431 1159 ven.
1492 1118 1603 1158 Idem
1628 1119 1730 1159 liber
1757 1118 1855 1159 ibid.
1888 1115 2032 1171 Φαλὲγ

130 1192 179 1237 δὲ
204 1191 397 1247 ἐγέννησε
422 1190 492 1235 τὸν
511 1185 690 1247 Ῥαγαῦ,
721 1184 778 1235 ῶν
807 1188 886 1246 ρλε’
920 1190 1039 1240 ἐτῶν,
1070 1190 1143 1234 καὶ
1170 1190 1333 1245 γέγονεν
1365 1188 1437 1242 ἔτη
1464 1186 1662 1238 ἑξακόσια
1687 1186 2032 1242 τριακονταέννεα.

121 1259 259 1320 ’Έβερ
301 1261 349 1306 δὲ
387 1260 582 1317 ἐγέννησε
622 1260 692 1305 τὸν
722 1259 866 1315 Φαλὲγ
907 1260 947 1304 ἐν
988 1260 1071 1304 ἔτει
1113 1257 1212 1315 ρλδ’.
1253 1284 1294 1290 —-
1353 1259 1382 1299 1.
1410 1261 1450 1301 8.
1480 1256 1627 1300 Σαλλά
1661 1255 1709 1301 δὲ
1741 1256 1936 1311 ἐγέννησε
1963 1254 2034 1300 τόν

121 1327 259 1389 ’Έβερ
292 1334 392 1373 Ven.
422 1357 475 1363 —
530 1332 557 1373 l.
583 1331 624 1374 9.
653 1329 845 1386 ῆλικίας,
891 1330 963 1374 καὶ
993 1330 1162 1385 γέγοναν
1206 1328 1426 1372 ἐννακόσια
1467 1325 1724 1378 πεντήκοντα
1768 1326 1853 1381 ἔτη.
1912 1324 2035 1379 Κηνοὶ

131 1401 180 1447 δὲ
209 1401 350 1457 ἐγέννα
377 1399 446 1444 τὸν
475 1399 611 1450 Σαλά,
643 1400 732 1450 ἔτος
756 1400 948 1456 κατάγων
980 1398 1042 1454 pff
1074 1401 1153 1454 τῆς
1182 1396 1307 1443 αὑτοῦ
1343 1402 1468 1452 ζωῆς,
1501 1396 1573 1440 καὶ
1601 1397 1767 1451 γέγοναν
1796 1397 1906 1452 χίλια
1935 1396 2035 1438 τέσ-

134 1487 242 1527 σαρα
271 1471 357 1525 ἔτη.
414 1468 633 1526 Ἀρφαξάἓ
662 1469 711 1514 δὲ
739 1469 842 1514 ἐτῶν
873 1468 929 1525 ρε’
961 1465 1018 1513 ῶν
1047 1468 1242 1524 ἐγέννησε
1269 1468 1339 1512 τὸν
1367 1467 1526 1523 Κηνάν,
1556 1467 1628 1510 καὶ
1654 1466 1821 1522 γέγοναν
1842 1466 1954 1522 χίλια
1979 1464 2033 1520 ρλ’

134 1543 220 1597 ἔτη.
280 1540 389 1596 Σῆμ
417 1539 466 1585 δὲ
495 1538 556 1597 ρβ’
590 1539 673 1583 ἔτει
708 1541 789 1595 τῆς
817 1537 943 1584 αὑτοῦ
988 1541 1126 1594 ζωῆς,
1170 1537 1191 1583 ὁ
1221 1539 1513 1594 προειρημένος
1541 1536 1614 1580 καὶ
1642 1551 1817 1591 φαντασ.
1850 1539 1952 1577 ven.
1982 1560 2037 1568 -

132 1613 161 1653 1.
199 1614 257 1654 12.
300 1608 405 1666 ὁμοῦ
433 1610 602 1665 γέγοναν
644 1609 716 1665 ἔτη
758 1611 871 1666 χίλια
907 1607 1104 1654 διακόσια
1132 1607 1512 1664 τεσσαράκονταένα
1553 1610 1643 1664 (sic)
1677 1611 1777 1649 Ven.
1808 1631 1863 1639 —
1918 1607 1946 1647 1.
1976 1606 2037 1648 13.

134 1684 267 1738 Μελχ.
302 1678 356 1725 δι’
387 1673 443 1724 ῶν
473 1677 555 1724 άπὸ
592 1681 673 1734 τῆς
702 1681 836 1734 κοπῆς
863 1680 945 1723 τῶν
973 1680 1066 1734 περὶ
1094 1676 1291 1735 Ἀμαφάρ
1323 1679 1395 1722 καὶ
1426 1676 1589 1735 Ἀρηὸχ
1620 1678 1693 1721 καὶ
1721 1673 2037 1730 Χοδολλογομὸρ

134 1752 207 1796 καὶ
242 1749 388 1806 Θάγαρ
418 1751 500 1794 τῶν
542 1750 743 1805 βασιλέων
772 1753 874 1792 Ven.
908 1774 958 1781 --
1015 1751 1043 1790 l.
1076 1750 1140 1793 16.
1182 1746 1287 1793 άλλά
1319 1747 1465 1793 ἑκατὸν
1508 1748 1623 1792 ἐννέα
1653 1747 1724 1800 ἔτη
1757 1741 1813 1790 ὢν
1845 1745 2040 1801 ἐγέννησε

135 1824 237 1863 Ven.
268 1846 318 1852 -—
377 1821 404 1861 l.
439 1822 498 1863 17.
530 1820 602 1863 καὶ
629 1819 755 1875 ἔζησε
781 1818 886 1875 μετὰ
914 1821 1060 1870 ταῦτα,
1089 1819 1217 1875 φησὶν
1246 1817 1276 1875 ῆ
1308 1819 1402 1863 θεία
1429 1816 1586 1874 γραφὴ,
1619 1817 1691 1871 ἔτη
1723 1815 1796 1860 καὶ
1826 1815 2039 1871 ἐγέννησεν

138 1894 243 1933 Ven.
272 1916 327 1923 —-
368 1891 395 1930 l.
427 1889 486 1932 19.
519 1888 719 1941 ἑξακόσια
747 1890 820 1933 καὶ
846 1887 922 1934 δύο
947 1890 1018 1944 ἔτη
1048 1892 1150 1931 Ven.
1182 1915 1232 1922 --
1277 1891 1304 1930 1.
1333 1891 1400 1932 20.
1431 1887 1596 1944 φὲῑάσαι
1626 1888 1687 1936 εἰς
1715 1887 1827 1943 χίλια
1854 1885 1926 1928 καὶ
1952 1889 2042 1929 δια-

135 1959 261 2006 κόσια
288 1957 599 2015 τεσσαράκοντα
628 1960 700 2003 καὶ
730 1959 799 2003 ἕνα
832 1960 921 2015 (εἰσ)
955 1960 1054 2014 ἔτη,
1082 1960 1150 2003 ἵνα
1180 1958 1202 2003 ὁ
1232 1958 1339 2016 Σῆμ
1368 1962 1472 2001 ven.
1531 1959 1645 1999 Idem
1670 1958 1773 1998 liber
1799 1957 1922 2012 paulo
1947 1963 2043 2010 post

133 2032 232 2073 ibid.
264 2031 336 2073 τοῦ
382 2030 486 2073 Νῶε
526 2032 596 2072 τοῦ
643 2027 720 2084 πρὸ
766 2030 872 2074 δέκα
913 2031 1061 2084 γενεῶν
1105 2035 1176 2073 τοῦ
1219 2027 1414 2086 Ἀβραάμ
1444 2028 1621 2083 κληῇείη
1651 2028 1785 2083 Μελχ.
1815 2042 1854 2070 π.
1886 2024 2043 2074 τούτοις

137 2099 243 2156 μετὰ
271 2100 376 2144 δέκα
404 2097 574 2155 γενεάς,
619 2099 691 2153 ἔτη
723 2099 771 2143 δὲ
800 2100 912 2156 χίλια
951 2099 1149 2144 διακόσια
1176 2098 1485 2154 τεσσαράκοντα
1517 2098 1599 2142 ἕνα.
1653 2097 1741 2140 Καὶ
1770 2088 1805 2139 ὦ
1835 2097 1915 2149 τῆς
1941 2098 2041 2139 πολ-

136 2172 216 2225 λῆς
242 2171 324 2214 τῶν
353 2165 455 2224 άνὶἴρ
484 2172 551 2213 πλ.
594 2193 642 2201 --
701 2170 728 2210 l.
760 2171 826 2212 23.
858 2166 1118 2225 ἀντιγράφων
1142 2167 1232 2214 άντὶ
1258 2170 1337 2225 τῆς
1359 2167 1440 2213 άπὸ
1471 2169 1543 2212 τοῦ
1572 2165 1680 2223 Σῆμ
1708 2164 1777 2220 ῆλ.
1809 2164 1948 2219 (ἐξότε
1974 2180 2043 2220 γε-

134 2241 326 2296 γέννηται
353 2237 376 2283 ὁ
406 2235 539 2289 αὑτὸς
566 2237 674 2294 Σήμ
703 2239 869 2285 desunt.)
902 2242 1002 2280 Ven.
1036 2264 1086 2271 —-
1144 2241 1171 2281 l.
1201 2242 1267 2282 25.
1293 2241 1366 2283 τοῦ
1395 2241 1527 2295 Μελχ.
1546 2271 1556 2290 ,
1586 2234 1682 2291 ῆτις
1709 2229 1761 2291 ῆν
1793 2237 1832 2280 ἐν
1861 2234 1931 2291 πη’
1962 2236 2045 2279 ἔτει

135 2313 215 2365 τῆς
244 2307 370 2353 αὑτοῦ
404 2307 543 2362 ζὼῆς,
585 2303 616 2364 ῆ
647 2306 909 2363 ἐννενήκοντα
937 2310 1091 2364 γίνεται
1117 2309 1317 2361 ἑξακόσια
1345 2307 1588 2354 εἰκοσιοκτώ
1620 2307 1693 2361 ἔτη
1720 2307 1848 2350 πλείω
1876 2306 2043 2350 ἐλάσσω

136 2383 238 2423 Ven.
270 2405 322 2411 -
379 2380 404 2420 l.
435 2379 501 2422 29.
531 2378 787 2436 πανταχόθεν
813 2378 885 2422 καὶ
910 2377 939 2434 ῆ
965 2380 1048 2423 τῶν
1075 2381 1190 2435 Σαμ.
1215 2383 1316 2422 Ven.
1347 2405 1402 2413 —
1458 2381 1486 2420 l.
1516 2378 1585 2423 34.
1617 2385 1725 2421 Ante
1759 2375 1895 2432 Ῥαὰβ
1922 2377 2043 2417 resti-

137 2460 208 2492 tue
236 2450 360 2491 verba
400 2447 481 2504 γὰρ
510 2448 607 2498 καὶ,
653 2464 755 2504 quae
785 2449 1025 2490 exciderunt
1054 2451 1177 2492 etiam
1206 2452 1248 2492 in
1288 2451 1352 2492 ed.
1389 2453 1527 2492 Petav.
1559 2451 1648 2491 Col.
1682 2473 1733 2481 -
1805 2448 1908 2489 lbid.
1942 2449 2045 2488 Ven.

140 2519 308 2576 Ζαμβρὶ
331 2519 559 2574 γέγραπται
587 2517 660 2561 καὶ
683 2517 862 2575 Χεεβιῆ.
895 2543 945 2551 -
1001 2521 1028 2561 l.
1055 2521 1122 2564 36.
1152 2519 1221 2565 διὰ
1249 2522 1328 2574 τῆς
1357 2519 1489 2575 θύρας
1521 2522 1621 2562 Ven.
1654 2543 1705 2552 -
1763 2520 1791 2560 l.
1816 2519 1886 2559 ult.
1919 2513 2045 2562 αὑτὸν

140 2590 350 2646 νομίζουσι
378 2603 423 2644 φ.
452 2586 523 2632 τὸν
552 2586 639 2631 υἱὸν
668 2603 706 2631 τ.
737 2590 793 2642 3„
824 2587 864 2632 ἐν
897 2589 1010 2634 εἰδέα
1038 2589 1087 2634 δὲ
1115 2586 1336 2644 ἀνθρώπου
1366 2593 1471 2632 Ven.

247 2662 378 2717 Pag.
408 2659 533 2703 140.
587 2658 616 2698 l.
644 2657 685 2699 2.
716 2654 833 2701 αὑτοὶ
872 2662 943 2702 τοῦ
986 2660 1279 2715 προειρημένου
1310 2663 1413 2702 Ven.
1446 2685 1497 2693 —
1556 2662 1583 2702 l.
1612 2661 1652 2704 3.
1695 2655 2046 2715 Ἀφομοιούμενος

146 2733 252 2771 Ven.
294 2726 631 2784 Ἀφομοιωμένος
657 2730 745 2768 Bas.
779 2753 830 2759 —
889 2729 917 2769 1.
939 2732 976 2771 5.
1012 2731 1179 2785 Corrige
1207 2728 1494 2786 Ἰσραηλιτῶν.
1528 2755 1581 2764 -
1637 2732 1663 2772 1.
1693 2731 1733 2774 6.
1763 2730 1808 2781 ἐξ
1831 2727 1947 2784 civim.
1971 2725 2050 2772 ἅλ-

144 2803 237 2843 λων.
297 2796 469 2841 Τούτων
498 2796 660 2841 πάντων
688 2796 758 2842 τὸν
788 2797 1013 2854 κατάλογον
1042 2798 1314 2856 ποιησάμενοι
1352 2800 1421 2845 διὰ
1450 2800 1524 2856 τῆν
1570 2801 1725 2856 αἵρεσιν
1767 2799 1922 2852 ταύτην
1952 2798 2051 2841 ἐπε-

145 2869 391 2925 μνήσὸημεν
421 2870 524 2909 Ven.
554 2891 610 2899 —
665 2868 692 2908 1.
725 2870 774 2910 10
803 2875 844 2908 et
875 2870 937 2911 11.
981 2868 1085 2924 πρὸς
1124 2869 1193 2914 τὸν
1232 2870 1327 2914 θεὸν
1357 2870 1490 2926 λέγει,
1522 2870 1595 2915 καὶ
1630 2866 1682 2913 δι’
1714 2866 1839 2911 αὑτοῦ
1864 2870 1964 2909 Ven.
1996 2891 2049 2899 —-

143 2940 171 2982 1.
200 2943 260 2982 12.
292 2935 354 2982 ἐπ’
379 2934 479 2981 αύτό
510 2939 629 2981 τοῦτο
654 2951 826 2981 καταστ.
858 2940 962 2979 Ven.
996 2964 1049 2971 --
1103 2941 1132 2981 1.
1161 2942 1223 2983 12.
1253 2956 1314 2984 πν.
1341 2956 1403 2990 τις
1431 2936 1487 2985 ὦν
1513 2939 1585 2985 καὶ
1608 2940 1667 2988 εἰς
1694 2937 1919 2993 ἱερωσύνην
1949 2939 2047 2981 θεοῦ

143 3024 316 3064 τεταγμ.
349 3011 448 3049 Ven.
485 3033 533 3040 —
590 3008 616 3049 l.
645 3009 707 3052 16.
741 3006 875 3058 ὁδῶν,
906 3018 1002 3063 post
1030 3008 1078 3052 ἐκ
1106 3011 1291 3064 πολλῶν,
1323 3026 1402 3052 om.
1427 3013 1530 3053 Ven.
1558 3036 1612 3044 ·-
1668 3012 1695 3051 1.
1723 3012 1789 3052 20.
1823 3010 2052 3062 Θεωρεῖται

144 3095 186 3124 π.
215 3072 357 3129 οὑτος,
402 3078 474 3121 καὶ
511 3073 574 3121 ὅτι
599 3076 646 3122 τό
673 3071 805 3131 ῆσσον
833 3077 880 3121 ἐκ
908 3093 943 3121 τ.
974 3095 1014 3133 μ.
1045 3076 1298 3134 εὐλογεῖται,
1344 3081 1415 3124 καὶ
1440 3080 1509 3125 διὰ
1539 3082 1656 3124 τοῦτο
1683 3082 1786 3122 Ven.
1821 3104 1877 3112 —
1932 3079 1958 3119 l.
1983 3079 2049 3119 22.

145 3144 265 3198 δ’πως
289 3146 381 3205 τὺχ.
411 3147 484 3190 καὶ
523 3144 643 3191 αὑτοὶ
669 3145 795 3202 ῆμεῖς
832 3145 926 3201 παρ’
969 3146 1095 3192 αὑτοῦ
1122 3151 1221 3191 Ven.
1252 3175 1306 3181 —
1363 3152 1389 3191 l.
1416 3150 1482 3193 24.
1514 3151 1602 3194 Καὶ
1637 3143 1672 3194 ὦ
1714 3155 1870 3205 ματαῐα
1908 3148 2052 3191 πασῶν

149 3220 229 3274 αἱρ.
248 3216 278 3274 ῆ
307 3216 478 3265 διάνοια.
522 3214 634 3262 Ἰδοὺ
659 3215 740 3282 γάρ
767 3217 838 3260 καὶ
862 3210 972 3261 οὑτοι
995 3220 1096 3260 Ven.
1117 3244 1171 3251 —
1213 3220 1319 3262 l.25.
1353 3218 1493 3272 αὑτοῦ,
1523 3230 1619 3276 post
1647 3220 1756 3276 ἰδίῳ,
1785 3222 1979 3261 om.Ven.
1998 3242 2054 3249 —

146 3290 175 3331 1.
202 3290 270 3333 27.
298 3289 384 3340 τοῦ,
415 3297 513 3330 ante
539 3285 709 3342 πατρὸς,
740 3302 819 3328 om.
843 3289 943 3328 Ven.
974 3311 1027 3318 —
1084 3289 1111 3328 l.
1135 3290 1200 3330 28.
1232 3294 1452 3346 διηγεῖται,
1484 3284 1520 3347 ᾦ
1548 3289 1655 3334 εἶπεν
1686 3288 1707 3334 ὁ
1735 3288 1890 3343 πατὴρ,
1916 3285 2055 3340 Homi-

152 3374 289 3414 σωμεν
317 3361 419 3400 ven.
447 3383 502 3390 —
557 3358 586 3400 1.
612 3358 683 3400 30.
727 3354 818 3413 ούχὶ
859 3358 920 3413 τῷ
964 3358 1096 3414 Μελχ.
1152 3359 1209 3402 Εἰ
1239 3358 1310 3413 μὲν
1338 3359 1417 3415 γὰρ
1448 3360 1519 3403 καὶ
1547 3358 1683 3414 ἱερεύς
1721 3360 1809 3403 ἐστι
1853 3359 1924 3401 τοῦ
1954 3359 2052 3400 3εοῦ

150 3431 222 3473 τοῦ
249 3426 444 3482 ὑψίστου,
473 3424 579 3471 άλλά
603 3428 675 3471 καὶ
705 3427 745 3470 ἐν
772 3429 825 3484 τῆ
855 3428 941 3484 ἰδίᾳ
963 3429 1084 3484 γενεᾷ
1111 3428 1342 3483 γεγένηται,
1372 3430 1444 3472 καὶ
1476 3426 1551 3472 ούκ
1583 3430 1700 3485 ἔσχεν
1730 3427 1929 3485 διαδοχήν
1953 3430 2055 3470 ven.

152 3499 256 3540 lbid.
285 3514 361 3554 pro
390 3498 499 3542 ἐστιν
527 3500 642 3552 (ante
677 3499 750 3541 τοῦ
783 3496 979 3553 ὑψίστου)
1016 3513 1119 3540 corr.
1148 3498 1248 3541 ἐστι.
1279 3524 1332 3532 .-
1389 3500 1415 3539 l.
1442 3500 1509 3542 32.
1540 3496 1621 3543 άπό
1651 3497 1821 3554 ούρανοῦ
1849 3501 1949 3540 ven.
2009 3502 2056 3539 Ia

154 3569 300 3610 eodem
328 3569 435 3610 libro
464 3569 586 3623 paulo
617 3577 711 3623 post
740 3568 1024 3609 desiderantur
1051 3569 1176 3609 verba
1205 3570 1266 3624 τῷ
1292 3566 1499 3626 Ἃβραάμ.
1529 3594 1583 3601 -
1624 3570 1652 3610 l.
1679 3573 1718 3612 5.
1748 3571 1798 3611 ab
1826 3570 1902 3610 inf.
1935 3566 2057 3623 ἀλλά,

153 3635 405 3694 Ἐξῆνεγκέν
429 3653 475 3682 τε
501 3634 617 3696 αὑτῶ
647 3639 719 3682 καὶ
746 3643 832 3687 τοῖς
855 3640 957 3679 Ven.
982 3661 1037 3669 —
1063 3638 1092 3679 1.
1107 3636 1148 3680 4.
1169 3639 1218 3679 ab
1240 3639 1316 3678 inf.
1350 3642 1442 3695 βασ.
1472 3636 1775 3694 ἀποδεξάμενος
1797 3639 1865 3683 τὸν
1892 3636 2055 3695 διερχό--
2092 3663 2095 3667 ⁴

158 3724 274 3765 μενον
298 3711 398 3750 Ven.
431 3733 479 3739 —
526 3709 554 3749 1.
575 3710 616 3752 3.
645 3710 695 3750 ab
722 3709 794 3749 inf.
826 3710 1051 3763 προςοῦσαν
1083 3704 1197 3766 αύτῷ
1221 3709 1280 3763 τῷ
1305 3704 1498 3765 Ἀβραὰμ
1522 3708 1782 3765 δικαιοσύνην
1814 3712 1914 3751 Ven.

267 3781 397 3837 Pag.
421 3780 546 3824 142.
601 3779 628 3819 l.
651 3780 691 3821 3.
720 3777 819 3833 μὲν,
853 3786 949 3833 post
977 3775 1239 3833 ἀπέστρεψε,
1271 3793 1349 3819 om.
1377 3780 1477 3820 Ven.
1508 3804 1561 3811 -
1618 3781 1644 3822 l.
1672 3782 1710 3823 3.
1743 3779 1848 3835 μετὰ
1872 3784 1950 3836 τῆς
1974 3777 2053 3824 πά-

243 3847 387 3892 Gorpus
406 3847 631 3883 Haereseol.
663 3847 709 3882 11.
732 3849 763 3882 3.
1654 3857 1716 3905 41
