2508 4134
525 295 749 336 PANARn
778 295 879 335 Lm.
901 296 971 335 111.
1002 297 1135 338 ΤοΜ.
1165 298 1216 337 n.
1247 297 1410 337 HAER.
1441 297 1658 339 Lxxvn.
1935 286 2035 338 363

142 396 290 464 igitur
324 393 492 444 iisdem
527 400 664 443 crant
702 391 950 442 nobiscum
989 393 1320 467 affectionibus
1358 395 1589 446 obnoxii?
1659 391 1842 446 Verum
1878 393 2038 445 omnia

145 496 198 531 se
227 494 370 547 posse
409 493 496 546 per
533 492 670 539 sese,
723 475 921 543 fierique
953 475 1103 543 ipsius
1143 485 1290 540 nutu,
1344 479 1422 529 vel
1458 497 1554 530 non
1589 479 1691 530 fieri
1732 495 1875 547 posse
1920 478 2038 528 deus

144 562 403 615 ostendere
436 559 607 611 voluit.
681 559 757 610 Ac
794 575 855 609 ne
888 559 1110 611 fortassis
1150 560 1292 627 aliqui
1332 561 1390 612 ob
1417 564 1648 630 stupenda
1684 563 1765 614 illa
1802 561 2035 632 prodigia,

145 662 265 715 quae
311 644 360 695 in
401 644 592 695 illorum
625 643 828 711 gratiam
870 660 896 693 a
927 644 1017 693 deo
1045 644 1168 693 facta
1200 644 1417 708 fuerant,
1474 647 1673 714 amplius
1704 646 1918 714 quiddam
1953 646 2038 696 hu-

143 746 285 780 mana
329 728 603 779 conditione
645 726 694 778 in
738 725 832 777 illis
872 725 1094 777 extitisse
1141 727 1388 791 crederet,
1441 738 1493 779 ut
1533 730 1641 780 huic
1680 732 1834 780 errori
1874 738 2041 781 nostra

142 829 312 864 caussa
344 811 648 874 consuleret,
689 809 926 880 scriptura
952 828 1089 862 sacra
1117 811 1187 862 sic
1215 811 1469 880 praecipit:
1521 815 1700 863 Habeat
1730 819 2290 881 unusquisqueneutaaaa.

135 900 367 964 paxillum
388 898 595 963 ferreum
623 899 669 945 z’n
698 913 819 945 zona
846 913 932 944 sua
944 933 959 955 ,
1002 904 1058 944 ut
1074 913 1175 944 eum
1204 899 1251 945 in
1276 898 1432 961 aliquo
1460 899 1558 945 loeo
1586 901 1828 958 desederit,
1856 901 2033 966 sode‘at,

141 991 189 1031 et
209 990 390 1030 stercus
414 998 545 1029 suum
574 983 781 1045 operiat.-
832 983 1046 1045 quoniam
1064 982 1266 1045 populus
1298 990 1487 1029 sanctus
1517 985 1627 1030 estis
1655 992 1700 1030 et
1725 986 1933 1032 dominus
1958 985 2040 1031 lm-

143 1068 263 1116 bitat
283 1069 331 1115 in
359 1068 504 1114 medlo
530 1074 806 1113 castrorum.
887 1060 1040 1129 Quam
1083 1063 1131 1113 in
1157 1080 1256 1114 rem
1285 1062 1499 1115 Hebraei
1529 1066 1762 1132 quandam
1789 1066 2038 1117 historiam

141 1158 543 1212 commemorant,
601 1148 800 1215 figuram
846 1147 971 1197 illam
1013 1165 1068 1198 ac
1115 1156 1277 1216 typum
1324 1147 1566 1216 aliquanto
1613 1150 1840 1217 temporis
1884 1149 2039 1217 spatio

141 1250 514 1303 perseverasse,
566 1232 787 1300 quamdiu
829 1231 946 1281 deus
987 1231 1032 1281 in
1079 1231 1150 1282 his
1197 1232 1285 1282 hoc
1324 1232 1591 1300 prodigium
1637 1234 1824 1284 efficere
1863 1234 2034 1285 voluit.

141 1318 218 1370 Ac
246 1318 358 1369 licet
389 1315 612 1368 carnibus
642 1324 692 1366 et
722 1315 1047 1366 coturnicibus
1078 1324 1421 1381 vescerentur,
1474 1335 1714 1385 nunquam
1752 1326 1913 1368 tamen
1956 1334 2040 1385 per

142 1402 255 1454 illud
294 1410 479 1470 tempus
517 1399 750 1450 eiusmodi
789 1408 988 1450 naturae
1027 1401 1342 1451 necessitates
1381 1410 1612 1470 expertos
1649 1401 1758 1453 illos
1797 1401 1965 1452 fnisse.

286 1483 386 1536 lam
426 1501 544 1536 vero
583 1484 623 1535 si
656 1501 680 1533 a
713 1481 903 1534 ludaeis
950 1485 1007 1534 ad
1042 1485 1274 1536 maiorum
1316 1502 1511 1536 suorum
1545 1487 1691 1538 decus
1729 1495 1778 1537 et
1813 1486 2035 1554 gloriam,

141 1569 219 1620 vel
264 1570 321 1619 ad
361 1569 590 1636 gratiam,
644 1567 736 1619 ista
776 1568 1044 1635 finguntur,
1097 1570 1173 1619 vel
1215 1586 1279 1620 ex
1319 1571 1389 1620 rei
1430 1571 1634 1621 veritate
1676 1570 2031 1639 praedicantur,

143 1670 426 1722 quamquam
452 1652 669 1704 homines
702 1652 808 1702 illos
842 1652 989 1703 fuisse
1024 1670 1223 1720 quorum
1250 1654 1495 1720 dignitatis
1525 1655 1839 1723 patrocinium
1872 1672 2038 1706 susce-

143 1746 347 1807 perunt,
388 1745 438 1787 et
462 1735 826 1804 corruptibileS,
869 1754 965 1786 non
995 1737 1110 1787 deos
1139 1738 1222 1788 sed
1255 1755 1319 1788 ex
1348 1756 1492 1790 carne
1521 1740 1752 1808 sanguine
1786 1740 2039 1806 animaque

145 1821 436 1890 compositos
473 1819 695 1871 extitisse
729 1838 824 1870 non
866 1821 1162 1885 dubitemus,
1220 1823 1325 1890 quis
1363 1832 1456 1873 tam
1500 1824 1682 1875 atrocia
1721 1833 1769 1874 et
1801 1823 2041 1873 horrenda

144 1907 201 1958 de
227 1903 425 1957 Christo
453 1905 625 1972 deique
648 1904 799 1955 verbo
826 1905 1025 1955 coelitus
1050 1906 1229 1974 allapso
1256 1924 1311 1956 ac
1336 1908 1392 1957 de
1417 1908 1626 1975 gloriosa
1652 1925 1862 1975 veraque
1890 1907 2039 1976 ipsius

142 1990 475 2041 incarnatione
513 1989 680 2039 iactari
710 1988 767 2038 ab
795 1988 887 2039 illis
919 1988 1159 2056 patienter
1188 1991 1378 2040 audiat?
1451 1989 1560 2057 Qua
1588 1993 1773 2060 quidem
1804 1992 1851 2042 in
1883 1991 2041 2042 incar-

2123 1504 2221 1557 Cap.

2090 1561 2226 1602 XVII.

144 2075 337 2126 natione
379 2074 521 2137 illud,
575 2073 696 2141 quod
741 2073 915 2122 dictum
960 2083 1063 2137 est,
1119 2074 1362 2143 implevit,
1419 2080 1637 2126 Teutalus
1668 2095 1758 2142 per·
1797 2080 1947 2126 omnia
1990 2087 2044 2126 ut
2061 2092 2288 2136 Hebr.4‚15.

140 2162 300 2219 homo,
352 2161 522 2224 absque
551 2167 760 2224 peceato.
839 2155 1032 2207 Etenim
1073 2157 1185 2209 licet
1223 2169 1390 2210 nostra
1430 2178 1574 2211 carne
1616 2161 1857 2229 praeditus
1893 2162 2035 2223 foret,

142 2252 328 2311 poterat
365 2242 672 2294 nihilominus
716 2241 793 2291 illa
831 2240 965 2309 ipsa,
1020 2260 1140 2310 quae
1168 2261 1194 2293 a
1224 2244 1361 2293 nobis
1393 2244 1626 2296 habentur
1654 2245 1784 2308 vilia,
1826 2255 2039 2314 praeter-

139 2328 360 2388 mittere,
414 2344 564 2395 eaque
590 2335 839 2395 praestare
877 2326 1061 2389 solum,
1117 2345 1237 2394 quae
1269 2328 1544 2379 honestiora
1583 2347 1638 2380 ac
1671 2329 1860 2381 divinae
1892 2330 2041 2379 maie-

141 2411 251 2460 stati
289 2428 500 2478 congrua
544 2410 857 2473 videbantur,
911 2419 1074 2478 utpote
1120 2429 1206 2479 per
1247 2429 1385 2480 quem
1428 2422 1475 2463 et
1517 2411 1842 2465 lsrae'lilarum
1883 2413 2039 2483 capilli

140 2511 237 2544 nou
279 2494 617 2556 excreverint,
672 2511 760 2544 nec
792 2512 956 2544 eorum
987 2497 1274 2546 vestimenta
1304 2497 1472 2548 sordes
1500 2498 1860 2563 contraxerint3
1918 2517 2038 2567 quae

142 2578 328 2641 omnia,
370 2578 410 2628 si
439 2578 680 2628 traditioni
711 2578 979 2642 credimuS,
1022 2580 1113 2630 illis
1140 2580 1435 2631 acciderunt.
1514 2580 1653 2649 Quod
1684 2593 1839 2634 autem
1876 2594 2039 2635 vestes

142 2662 383 2713 hominum
422 2662 638 2713 manibus
684 2671 939 2712 contextas
975 2660 1198 2714 Christus
1233 2665 1478 2728 habuerit,
1534 2676 1673 2717 extra
1706 2686 1894 2718 omnem
1927 2687 2041 2718 con-

141 2747 426 2798 troversiam
466 2755 556 2797 est.
631 2750 806 2796 Parte‘tz'
837 2757 948 2795 sunt
983 2752 1100 2796 enim
1142 2753 1405 2798 vestz'menla
1442 2755 1565 2811 eius,
1616 2761 1662 2800 et
1696 2770 1835 2816 super
1864 2763 2028 2802 vestem

139 2836 237 2881 eius
259 2836 484 2881 miserunt
513 2840 697 2880 sortem.
778 2828 915 2896 Quod
945 2831 984 2879 si
1011 2830 1248 2882 hominum
1278 2835 1481 2885 artificio
1510 2836 1659 2886 vestis
1686 2844 1789 2886 erat
1813 2836 1889 2886 illa
1916 2855 2031 2886 con-

142 2917 294 2978 fecta,
349 2916 511 2983 utique
540 2932 565 2964 c
598 2914 704 2964 lana
739 2913 930 2981 linoque
971 2924 1199 2966 contexta
1233 2918 1406 2968 fuerat.
1486 2917 1621 2984 Quae
1654 2929 1813 2970 autem
1846 2937 1910 2971 ex
1939 2920 2035 2970 lino

140 3009 304 3051 essent
350 3000 520 3050 lanave
562 3000 680 3048 facta
702 3037 714 3059 ,
766 2998 938 3066 opinor
968 2999 1121 3048 anima
1154 3018 1207 3050 ac
1238 3018 1383 3051 sensu
1422 3004 1668 3054 carebant.
1748 3002 1927 3054 Verum
1959 3004 2037 3054 ubi

140 3085 401 3135 divinitatis
427 3101 543 3135 suae
574 3083 833 3150 potentiam
860 3082 1070 3133 indicare
1104 3084 1257 3135 visum
1285 3094 1385 3148 est,
1441 3089 1781 3138 transformato
1813 3105 2033 3156 corpore,

138 3173 321 3219 Faciem
361 3187 491 3218 suam
529 3171 641 3217 sole's
679 3172 830 3216 inslar
863 3170 1199 3231 splendentem,
1254 3188 1310 3219 ac
1349 3176 1615 3221 vestimenta
1641 3190 1725 3220 seca
1761 3176 1880 3221 nives
1915 3191 2039 3222 more

138 3257 380 3303 candentia
417 3256 703 3302 monstravit.
783 3250 915 3301 Nihil
948 3260 1022 3301 est
1050 3253 1174 3302 enim
1206 3272 1299 3303 non
1333 3257 1629 3323 praepotenti
1666 3257 1754 3305 deo
1790 3256 2033 3323 possibile,

139 3346 190 3388 ut
227 3338 300 3388 vel
339 3355 394 3388 ea
442 3354 658 3404 quoque,
713 3353 835 3403 quae
874 3353 1021 3385 sensu
1062 3354 1117 3386 ac
1158 3338 1325 3405 spiritu
1377 3348 1602 3401 careant,
1657 3349 1925 3403 momento,
1981 3359 2036 3392 ac

140 3430 333 3490 praeter
371 3438 558 3473 omnem
595 3420 978 3488 expectationem
1010 3419 1057 3470 in
1088 3421 1286 3488 gloriam
1319 3424 1470 3490 possit
1496 3423 1894 3491 splendoremque
1923 3443 2035 3476 con-

139 3515 350 3556 vertere.
430 3505 839 3572 Quemadmodum
880 3504 927 3554 in
964 3502 1149 3573 Moysis
1191 3506 1356 3572 virga,
1416 3515 1463 3556 et
1492 3505 1817 3557 lsraelitarum
1851 3509 2035 3559 calcea-

139 3590 310 3641 mentis
349 3591 575 3640 ostendit.
652 3588 742 3639 Est
781 3589 904 3639 enim
946 3590 1065 3656 apud
1110 3606 1274 3638 omnes
1307 3589 1350 3639 in
1382 3592 1606 3640 confesso
1650 3592 1893 3659 apostolos
1924 3611 2035 3644 san-

139 3728 196 3768 tia
225 3742 272 3768 ac
308 3728 443 3768 inania
484 3728 535 3768 ad
564 3729 731 3782 gloriam
760 3744 807 3768 ac
838 3729 1061 3768 claritatem
1121 3726 1237 3776 θίξιν,
1269 3730 1371 3768 haer.
1389 3725 1455 3778 64,
1479 3728 1533 3772 66
1560 3736 1593 3771 et
1618 3731 1685 3777 69.
1711 3735 1938 3786 simplicitur
1958 3729 2034 3778 ὑπὸ

139 3792 396 3827 transmutet.
458 3786 655 3837 Haer.31‚
682 3790 713 3827 l.
747 3788 846 3826 dixit
871 3781 948 3828 ὑπὸ
969 3784 1062 3839 μίαν
1120 3782 1221 3836 :algua
1238 3816 1250 3834 ,
1283 3788 1337 3825 uti
1363 3787 1398 3827 h.
1426 3787 1451 3826 l.

2095 2753 2224 2789 Ioann.

2095 2798 2148 2840 19,
2172 2799 2224 2833 14.

2139 2845 2177 2874 et

2088 2882 2225 2916 Psalm.

2099 2926 2154 2969 21,
2180 2925 2229 2959 19.
