<?xml version="1.0" encoding="UTF-8"?>
<!DOCTYPE html PUBLIC "-//W3C//DTD XHTML 1.0 Transitional//EN"
    "http://www.w3.org/TR/xhtml1/DTD/xhtml1-transitional.dtd">
<html xmlns="http://www.w3.org/1999/xhtml" xml:lang="en" lang="en">
 <head>
  <title>
</title>
<meta http-equiv="Content-Type" content="text/html;charset=utf-8" />
  <meta name='ocr-system' content='tesseract 3.04.00' />
  <meta name='ocr-capabilities' content='ocr_page ocr_carea ocr_par ocr_line ocrx_word'/>
</head>
<body>
  <div class='ocr_page' id='page_1' title='image "./pt3corporishaere02epipuoft_0136.png"; bbox 0 0 2508 4134; ppageno 0'>
   <div class='ocr_carea' id='block_1_1' title="bbox 242 625 432 672">
    <p class='ocr_par' dir='ltr' id='par_1_1' title="bbox 242 625 432 672">
     <span class='ocr_line' id='line_1_1' title="bbox 242 625 432 672; baseline 0.005 -12"><span class='ocrx_word' id='word_1_1' title='bbox 242 634 328 672; x_wconf 75' lang='lat' dir='ltr'><strong><em>pag.</em></strong></span> <span class='ocrx_word' id='word_1_2' title='bbox 357 625 432 661; x_wconf 73' lang='lat' dir='ltr'><strong><em>ew.</em></strong></span> 
     </span>
    </p>
   </div>
   <div class='ocr_carea' id='block_1_2' title="bbox 244 3470 423 3517">
    <p class='ocr_par' dir='ltr' id='par_1_2' title="bbox 244 3470 423 3517">
     <span class='ocr_line' id='line_1_2' title="bbox 244 3470 423 3517; baseline 0 -12"><span class='ocrx_word' id='word_1_3' title='bbox 244 3480 329 3517; x_wconf 77' lang='lat' dir='ltr'>pag.</span> <span class='ocrx_word' id='word_1_4' title='bbox 344 3470 423 3506; x_wconf 77' lang='grc'><strong><em>878.</em></strong></span> 
     </span>
    </p>
   </div>
   <div class='ocr_carea' id='block_1_3' title="bbox 460 258 1688 316">
    <p class='ocr_par' dir='ltr' id='par_1_3' title="bbox 460 258 1688 316">
     <span class='ocr_line' id='line_1_3' title="bbox 460 258 1688 316; baseline 0.002 -5"><span class='ocrx_word' id='word_1_5' title='bbox 460 258 560 312; x_wconf 83' lang='grc'><strong><em>126</em></strong></span> <span class='ocrx_word' id='word_1_6' title='bbox 1168 269 1374 313; x_wconf 81' lang='lat' dir='ltr'>SANCTI</span> <span class='ocrx_word' id='word_1_7' title='bbox 1401 273 1688 316; x_wconf 78' lang='lat' dir='ltr'>EPIPHANII</span> 
     </span>
    </p>
   </div>
   <div class='ocr_carea' id='block_1_4' title="bbox 455 363 2399 866">
    <p class='ocr_par' dir='ltr' id='par_1_4' title="bbox 455 363 2399 866">
     <span class='ocr_line' id='line_1_4' title="bbox 457 363 2397 439; baseline 0.003 -18"><span class='ocrx_word' id='word_1_8' title='bbox 457 365 550 422; x_wconf 76' lang='grc' dir='ltr'><strong><em>οῦκ</em></strong></span> <span class='ocrx_word' id='word_1_9' title='bbox 577 369 696 420; x_wconf 87' lang='grc' dir='ltr'><strong><em>εἰσιν</em></strong></span> <span class='ocrx_word' id='word_1_10' title='bbox 723 364 1036 434; x_wconf 88' lang='grc' dir='ltr'><strong><em>ἀκουόμενοι.</em></strong></span> <span class='ocrx_word' id='word_1_11' title='bbox 1090 363 1292 436; x_wconf 73' lang='grc' dir='ltr'><strong><em>Ἐπειδὴ</em></strong></span> <span class='ocrx_word' id='word_1_12' title='bbox 1317 367 1372 423; x_wconf 76' lang='grc' dir='ltr'><strong><em>τὸ</em></strong></span> <span class='ocrx_word' id='word_1_13' title='bbox 1401 375 1544 438; x_wconf 88' lang='grc' dir='ltr'><strong><em>σῶμα</em></strong></span> <span class='ocrx_word' id='word_1_14' title='bbox 1567 369 1658 438; x_wconf 82' lang='grc' dir='ltr'><strong><em>οὐχ</em></strong></span> <span class='ocrx_word' id='word_1_15' title='bbox 1683 371 1736 423; x_wconf 76' lang='grc' dir='ltr'><strong><em>ἕν</em></strong></span> <span class='ocrx_word' id='word_1_16' title='bbox 1761 370 1859 423; x_wconf 79' lang='grc' dir='ltr'><strong><em>ἔστι</em></strong></span> <span class='ocrx_word' id='word_1_17' title='bbox 1884 370 2045 437; x_wconf 84' lang='grc' dir='ltr'><strong><em>μέλος,</em></strong></span> <span class='ocrx_word' id='word_1_18' title='bbox 2064 368 2191 425; x_wconf 78' lang='grc' dir='ltr'><strong><em>-ἀλλά</em></strong></span> <span class='ocrx_word' id='word_1_19' title='bbox 2220 371 2397 439; x_wconf 67' lang='grc' dir='ltr'><strong><em>πολλαὶ,</em></strong></span> 
     </span>
     <span class='ocr_line' id='line_1_5' title="bbox 456 448 2399 531; baseline 0.003 -25"><span class='ocrx_word' id='word_1_20' title='bbox 456 451 616 506; x_wconf 88' lang='grc' dir='ltr'><strong><em>πάντα</em></strong></span> <span class='ocrx_word' id='word_1_21' title='bbox 641 452 693 505; x_wconf 82' lang='grc' dir='ltr'><strong><em>δὲ</em></strong></span> <span class='ocrx_word' id='word_1_22' title='bbox 720 457 936 524; x_wconf 76' lang='grc' dir='ltr'><strong><em>μεριμνᾷ</em></strong></span> <span class='ocrx_word' id='word_1_23' title='bbox 968 448 1092 523; x_wconf 70' lang='grc' dir='ltr'><strong><em>ὑπὲρ</em></strong></span> <span class='ocrx_word' id='word_1_24' title='bbox 1130 450 1343 522; x_wconf 88' lang='grc' dir='ltr'><strong><em>ἀλλήλων</em></strong></span> <span class='ocrx_word' id='word_1_25' title='bbox 1376 453 1435 508; x_wconf 76' lang='grc' dir='ltr'><strong><em>τά</em></strong></span> <span class='ocrx_word' id='word_1_26' title='bbox 1460 456 1602 523; x_wconf 91' lang='grc' dir='ltr'><strong><em>μέλη,</em></strong></span> <span class='ocrx_word' id='word_1_27' title='bbox 1657 457 1739 508; x_wconf 78' lang='grc' dir='ltr'><strong><em>ἵνα</em></strong></span> <span class='ocrx_word' id='word_1_28' title='bbox 1770 453 2042 523; x_wconf 80' lang='grc' dir='ltr'><strong><em>μήσχίσμα</em></strong></span> <span class='ocrx_word' id='word_1_29' title='bbox 2071 449 2105 529; x_wconf 78' lang='grc' dir='ltr'><strong><em>ᾖ</em></strong></span> <span class='ocrx_word' id='word_1_30' title='bbox 2129 458 2182 511; x_wconf 78' lang='grc' dir='ltr'><strong><em>ἐν</em></strong></span> <span class='ocrx_word' id='word_1_31' title='bbox 2208 463 2277 531; x_wconf 81' lang='grc' dir='ltr'><strong><em>τῷ</em></strong></span> <span class='ocrx_word' id='word_1_32' title='bbox 2304 457 2399 512; x_wconf 71' lang='lat'>‹5025-</span> 
     </span>
     <span class='ocr_line' id='line_1_6' title="bbox 456 535 2398 611; baseline 0.005 -22"><span class='ocrx_word' id='word_1_33' title='bbox 456 559 595 605; x_wconf 91' lang='grc' dir='ltr'><strong><em>ματι,</em></strong></span> <span class='ocrx_word' id='word_1_34' title='bbox 645 538 729 590; x_wconf 88' lang='grc' dir='ltr'><strong><em>καὶ</em></strong></span> <span class='ocrx_word' id='word_1_35' title='bbox 757 536 819 590; x_wconf 84' lang='grc' dir='ltr'><strong><em>οὗ</em></strong></span> <span class='ocrx_word' id='word_1_36' title='bbox 855 535 1059 591; x_wconf 86' lang='grc' dir='ltr'><strong><em>δύναται</em></strong></span> <span class='ocrx_word' id='word_1_37' title='bbox 1085 540 1240 592; x_wconf 84' lang='grc' dir='ltr'><strong><em>εἰπεῖν</em></strong></span> <span class='ocrx_word' id='word_1_38' title='bbox 1278 537 1312 608; x_wconf 82' lang='grc' dir='ltr'><em>ἦ</em></span> <span class='ocrx_word' id='word_1_39' title='bbox 1340 539 1529 609; x_wconf 82' lang='grc' dir='ltr'><strong><em>κεφαλὴ</em></strong></span> <span class='ocrx_word' id='word_1_40' title='bbox 1561 548 1666 602; x_wconf 88' lang='grc' dir='ltr'><strong><em>τοῖς</em></strong></span> <span class='ocrx_word' id='word_1_41' title='bbox 1693 542 1867 605; x_wconf 80' lang='grc' dir='ltr'><strong><em>ποσὶν,</em></strong></span> <span class='ocrx_word' id='word_1_42' title='bbox 1922 544 2107 611; x_wconf 81' lang='grc' dir='ltr'><strong><em>Χρείαν</em></strong></span> <span class='ocrx_word' id='word_1_43' title='bbox 2133 540 2275 611; x_wconf 68' lang='grc' dir='ltr'><strong><em>ὑμῶν</em></strong></span> <span class='ocrx_word' id='word_1_44' title='bbox 2301 542 2398 598; x_wconf 77' lang='grc' dir='ltr'><strong><em>οὐκ</em></strong></span> 
     </span>
     <span class='ocr_line' id='line_1_7' title="bbox 457 619 2397 702; baseline 0.004 -26"><span class='ocrx_word' id='word_1_45' title='bbox 457 624 575 691; x_wconf 75' lang='grc' dir='ltr'><strong><em>ἔχω,</em></strong></span> <span class='ocrx_word' id='word_1_46' title='bbox 626 619 724 675; x_wconf 85' lang='grc' dir='ltr'><strong><em>ἀλλ’</em></strong></span> <span class='ocrx_word' id='word_1_47' title='bbox 754 619 783 675; x_wconf 82' lang='grc' dir='ltr'>ὁ</span> <span class='ocrx_word' id='word_1_48' title='bbox 808 619 929 685; x_wconf 75' lang='grc' dir='ltr'><strong><em>θεὸς</em></strong></span> <span class='ocrx_word' id='word_1_49' title='bbox 956 625 1244 695; x_wconf 88' lang='grc' dir='ltr'><strong><em>συνεκέρασε</em></strong></span> <span class='ocrx_word' id='word_1_50' title='bbox 1271 623 1324 678; x_wconf 80' lang='grc' dir='ltr'><strong><em>τό</em></strong></span> <span class='ocrx_word' id='word_1_51' title='bbox 1359 631 1526 693; x_wconf 89' lang='grc' dir='ltr'><strong><em>σῶμα,</em></strong></span> <span class='ocrx_word' id='word_1_52' title='bbox 1581 624 1812 688; x_wconf 74' lang='grc' dir='ltr'><strong><em>δεδωκώς</em></strong></span> <span class='ocrx_word' id='word_1_53' title='bbox 1841 631 1911 699; x_wconf 74' lang='grc' dir='ltr'><strong><em>τῷ</em></strong></span> <span class='ocrx_word' id='word_1_54' title='bbox 1938 624 2280 702; x_wconf 69' lang='grc' dir='ltr'><strong><em>ὑστερουμένῳ</em></strong></span> <span class='ocrx_word' id='word_1_55' title='bbox 2314 650 2397 684; x_wconf 90' lang='grc' dir='ltr'><strong><em>πε-</em></strong></span> 
     </span>
     <span class='ocr_line' id='line_1_8' title="bbox 458 703 2397 788; baseline 0.004 -28"><span class='ocrx_word' id='word_1_56' title='bbox 458 708 743 778; x_wconf 88' lang='grc' dir='ltr'><strong><em>ρισσοτέραν</em></strong></span> <span class='ocrx_word' id='word_1_57' title='bbox 767 705 938 777; x_wconf 81' lang='grc' dir='ltr'><strong><em>τιμήν,</em></strong></span> <span class='ocrx_word' id='word_1_58' title='bbox 993 709 1068 763; x_wconf 76' lang='grc' dir='ltr'><strong><em>ὅτι</em></strong></span> <span class='ocrx_word' id='word_1_59' title='bbox 1095 710 1183 778; x_wconf 81' lang='grc' dir='ltr'><strong><em>μὲν</em></strong></span> <span class='ocrx_word' id='word_1_60' title='bbox 1209 703 1301 764; x_wconf 77' lang='grc' dir='ltr'><strong><em>οὗν</em></strong></span> <span class='ocrx_word' id='word_1_61' title='bbox 1327 709 1667 782; x_wconf 87' lang='grc' dir='ltr'><strong><em>ἀπαραίτητόν</em></strong></span> <span class='ocrx_word' id='word_1_62' title='bbox 1709 713 1807 765; x_wconf 77' lang='grc' dir='ltr'><strong><em>ἐστι</em></strong></span> <span class='ocrx_word' id='word_1_63' title='bbox 1847 713 2121 787; x_wconf 76' lang='grc' dir='ltr'><strong><em>κινουμένῳ</em></strong></span> <span class='ocrx_word' id='word_1_64' title='bbox 2155 715 2302 768; x_wconf 77' lang='grc' dir='ltr'><strong><em>παντὶ</em></strong></span> <span class='ocrx_word' id='word_1_65' title='bbox 2328 720 2397 788; x_wconf 79' lang='grc' dir='ltr'><strong><em>τῷ</em></strong></span> 
     </span>
     <span class='ocr_line' id='line_1_9' title="bbox 455 791 1753 866; baseline 0.004 -20"><span class='ocrx_word' id='word_1_66' title='bbox 455 791 643 862; x_wconf 75' lang='grc' dir='ltr'><strong><em>σώματι</em></strong></span> <span class='ocrx_word' id='word_1_67' title='bbox 679 791 747 862; x_wconf 78' lang='grc' dir='ltr'><strong><em>μή</em></strong></span> <span class='ocrx_word' id='word_1_68' title='bbox 785 802 1155 865; x_wconf 79' lang='grc' dir='ltr'><strong><em>συγκινεῖσθαι,</em></strong></span> <span class='ocrx_word' id='word_1_69' title='bbox 1193 794 1412 850; x_wconf 72' lang='grc' dir='ltr'><strong><em>αὐτόθεν</em></strong></span> <span class='ocrx_word' id='word_1_70' title='bbox 1452 795 1604 866; x_wconf 85' lang='grc' dir='ltr'><strong><em>δῆλόν</em></strong></span> <span class='ocrx_word' id='word_1_71' title='bbox 1641 798 1753 851; x_wconf 79' lang='grc' dir='ltr'><strong><em>ἐστι.</em></strong></span> 
     </span>
    </p>
   </div>
   <div class='ocr_carea' id='block_1_5' title="bbox 451 1048 2399 3608">
    <p class='ocr_par' dir='ltr' id='par_1_5' title="bbox 451 1048 2399 3608">
     <span class='ocr_line' id='line_1_10' title="bbox 605 1048 2397 1125; baseline 0.003 -22"><span class='ocrx_word' id='word_1_72' title='bbox 605 1053 724 1104; x_wconf 84' lang='grc' dir='ltr'><strong><em>Τίνα</em></strong></span> <span class='ocrx_word' id='word_1_73' title='bbox 751 1048 794 1104; x_wconf 90' lang='grc' dir='ltr'><strong><em>δ’</em></strong></span> <span class='ocrx_word' id='word_1_74' title='bbox 818 1048 881 1105; x_wconf 73' lang='grc' dir='ltr'><strong><em>ἀν</em></strong></span> <span class='ocrx_word' id='word_1_75' title='bbox 902 1073 976 1114; x_wconf 89' lang='grc' dir='ltr'><strong><em>τις</em></strong></span> <span class='ocrx_word' id='word_1_76' title='bbox 1005 1058 1095 1106; x_wconf 91' lang='grc' dir='ltr'><strong><em>τοῦ</em></strong></span> <span class='ocrx_word' id='word_1_77' title='bbox 1120 1050 1272 1123; x_wconf 80' lang='grc' dir='ltr'><strong><em>λόγου</em></strong></span> <span class='ocrx_word' id='word_1_78' title='bbox 1296 1059 1387 1107; x_wconf 89' lang='grc' dir='ltr'><strong><em>τοῦ</em></strong></span> <span class='ocrx_word' id='word_1_79' title='bbox 1418 1051 1547 1124; x_wconf 75' lang='grc' dir='ltr'><strong><em>πρὸς</em></strong></span> <span class='ocrx_word' id='word_1_80' title='bbox 1571 1051 1703 1122; x_wconf 79' lang='grc' dir='ltr'><strong><em>ήμᾶς</em></strong></span> <span class='ocrx_word' id='word_1_81' title='bbox 1731 1051 1884 1123; x_wconf 76' lang='grc' dir='ltr'><strong><em>ἀρχὴν</em></strong></span> <span class='ocrx_word' id='word_1_82' title='bbox 1910 1052 2195 1123; x_wconf 75' lang='grc' dir='ltr'><strong><em>ποιήσαιτος</em></strong></span> <span class='ocrx_word' id='word_1_83' title='bbox 2246 1054 2280 1124; x_wconf 81' lang='grc' dir='ltr'><em>ἢ</em></span> <span class='ocrx_word' id='word_1_84' title='bbox 2311 1058 2397 1125; x_wconf 60' lang='lat'><strong><em>62⁴2·-</em></strong></span> 
     </span>
     <span class='ocr_line' id='line_1_11' title="bbox 454 1133 2398 1212; baseline 0.004 -24"><span class='ocrx_word' id='word_1_85' title='bbox 454 1141 541 1189; x_wconf 92' lang='grc' dir='ltr'><strong><em>λον</em></strong></span> <span class='ocrx_word' id='word_1_86' title='bbox 568 1133 637 1199; x_wconf 77' lang='grc' dir='ltr'><strong><em>ῶς</em></strong></span> <span class='ocrx_word' id='word_1_87' title='bbox 672 1134 859 1200; x_wconf 77' lang='grc' dir='ltr'><strong><em>παντὸς</em></strong></span> <span class='ocrx_word' id='word_1_88' title='bbox 897 1136 1174 1208; x_wconf 79' lang='grc' dir='ltr'><strong><em>ἀρχομένου</em></strong></span> <span class='ocrx_word' id='word_1_89' title='bbox 1210 1141 1296 1191; x_wconf 84' lang='grc' dir='ltr'><strong><em>καὶ</em></strong></span> <span class='ocrx_word' id='word_1_90' title='bbox 1335 1137 1486 1209; x_wconf 85' lang='grc' dir='ltr'><strong><em>λόγου</em></strong></span> <span class='ocrx_word' id='word_1_91' title='bbox 1514 1141 1596 1192; x_wconf 83' lang='grc' dir='ltr'><strong><em>καὶ</em></strong></span> <span class='ocrx_word' id='word_1_92' title='bbox 1625 1141 1773 1210; x_wconf 71' lang='grc' dir='ltr'><strong><em>ἔργου</em></strong></span> <span class='ocrx_word' id='word_1_93' title='bbox 1810 1139 2045 1211; x_wconf 82' lang='grc' dir='ltr'><strong><em>προςήκει</em></strong></span> <span class='ocrx_word' id='word_1_94' title='bbox 2081 1139 2169 1209; x_wconf 79' lang='grc' dir='ltr'><strong><em>τήν</em></strong></span> <span class='ocrx_word' id='word_1_95' title='bbox 2199 1139 2398 1212; x_wconf 81' lang='grc' dir='ltr'><strong><em>εἰρήνην</em></strong></span> 
     </span>
     <span class='ocr_line' id='line_1_12' title="bbox 454 1218 2399 1296; baseline 0.003 -21"><span class='ocrx_word' id='word_1_96' title='bbox 454 1218 607 1291; x_wconf 79' lang='grc' dir='ltr'><strong><em>ἀρχὴν</em></strong></span> <span class='ocrx_word' id='word_1_97' title='bbox 640 1230 894 1276; x_wconf 83' lang='grc' dir='ltr'><strong><em>ποιεῖσθαι</em></strong></span> <span class='ocrx_word' id='word_1_98' title='bbox 919 1225 998 1277; x_wconf 79' lang='grc' dir='ltr'><strong><em>καὶ</em></strong></span> <span class='ocrx_word' id='word_1_99' title='bbox 1031 1225 1188 1289; x_wconf 85' lang='grc' dir='ltr'><strong><em>τέλος,</em></strong></span> <span class='ocrx_word' id='word_1_100' title='bbox 1238 1224 1324 1277; x_wconf 88' lang='grc' dir='ltr'><strong><em>καὶ</em></strong></span> <span class='ocrx_word' id='word_1_101' title='bbox 1364 1221 1448 1277; x_wconf 85' lang='grc' dir='ltr'><strong><em>ἀπ’</em></strong></span> <span class='ocrx_word' id='word_1_102' title='bbox 1485 1222 1639 1293; x_wconf 79' lang='grc' dir='ltr'><strong><em>αὐτῆς</em></strong></span> <span class='ocrx_word' id='word_1_103' title='bbox 1678 1224 1982 1295; x_wconf 80' lang='grc' dir='ltr'><strong><em>ἀρχομένους</em></strong></span> <span class='ocrx_word' id='word_1_104' title='bbox 2023 1227 2108 1279; x_wconf 85' lang='grc' dir='ltr'><strong><em>καὶ</em></strong></span> <span class='ocrx_word' id='word_1_105' title='bbox 2138 1229 2207 1289; x_wconf 82' lang='grc' dir='ltr'><strong><em>εἰς</em></strong></span> <span class='ocrx_word' id='word_1_106' title='bbox 2241 1225 2399 1296; x_wconf 76' lang='grc' dir='ltr'><strong><em>αὐτὴν</em></strong></span> 
     </span>
     <span class='ocr_line' id='line_1_13' title="bbox 454 1307 2396 1383; baseline 0.003 -24"><span class='ocrx_word' id='word_1_107' title='bbox 454 1307 771 1378; x_wconf 70' lang='grc' dir='ltr'><strong><em>καταλήγεινς</em></strong></span> <span class='ocrx_word' id='word_1_108' title='bbox 832 1315 989 1363; x_wconf 88' lang='grc' dir='ltr'><strong><em>Τοῦτο</em></strong></span> <span class='ocrx_word' id='word_1_109' title='bbox 1016 1307 1110 1379; x_wconf 84' lang='grc' dir='ltr'><strong><em>γάρ</em></strong></span> <span class='ocrx_word' id='word_1_110' title='bbox 1148 1327 1271 1376; x_wconf 90' lang='grc' dir='ltr'><strong><em>φησι</em></strong></span> <span class='ocrx_word' id='word_1_111' title='bbox 1309 1307 1340 1363; x_wconf 81' lang='grc' dir='ltr'><em>ὅ</em></span> <span class='ocrx_word' id='word_1_112' title='bbox 1367 1308 1643 1373; x_wconf 80' lang='grc' dir='ltr'><strong><em>ἀπόστολος</em></strong></span> <span class='ocrx_word' id='word_1_113' title='bbox 1669 1308 2016 1379; x_wconf 80' lang='grc' dir='ltr'><strong><em>ἀποβήσεσθαι</em></strong></span> <span class='ocrx_word' id='word_1_114' title='bbox 2040 1313 2108 1374; x_wconf 87' lang='grc' dir='ltr'><strong><em>εἰς</em></strong></span> <span class='ocrx_word' id='word_1_115' title='bbox 2135 1316 2396 1383; x_wconf 85' lang='grc' dir='ltr'><strong><em>σωτηρίαν,</em></strong></span> 
     </span>
     <span class='ocr_line' id='line_1_14' title="bbox 455 1391 2396 1466; baseline 0.003 -21"><span class='ocrx_word' id='word_1_116' title='bbox 455 1391 539 1446; x_wconf 76' lang='grc' dir='ltr'><strong><em>διά</em></strong></span> <span class='ocrx_word' id='word_1_117' title='bbox 565 1399 652 1462; x_wconf 83' lang='grc' dir='ltr'><strong><em>τῆς</em></strong></span> <span class='ocrx_word' id='word_1_118' title='bbox 676 1391 820 1463; x_wconf 76' lang='grc' dir='ltr'><strong><em>ἡμῶν</em></strong></span> <span class='ocrx_word' id='word_1_119' title='bbox 847 1395 1058 1463; x_wconf 82' lang='grc' dir='ltr'><strong><em>δεήσεως</em></strong></span> <span class='ocrx_word' id='word_1_120' title='bbox 1087 1396 1171 1448; x_wconf 87' lang='grc' dir='ltr'><strong><em>καὶ</em></strong></span> <span class='ocrx_word' id='word_1_121' title='bbox 1207 1397 1522 1466; x_wconf 80' lang='grc' dir='ltr'><strong><em>ἐπιχορηγίας</em></strong></span> <span class='ocrx_word' id='word_1_122' title='bbox 1547 1401 1637 1449; x_wconf 90' lang='grc' dir='ltr'><strong><em>τοῦ</em></strong></span> <span class='ocrx_word' id='word_1_123' title='bbox 1664 1394 1970 1463; x_wconf 88' lang='grc' dir='ltr'><strong><em>πνεύματος,</em></strong></span> <span class='ocrx_word' id='word_1_124' title='bbox 2022 1395 2052 1450; x_wconf 74' lang='grc' dir='ltr'>ὃ</span> <span class='ocrx_word' id='word_1_125' title='bbox 2080 1400 2283 1451; x_wconf 88' lang='grc' dir='ltr'><strong><em>δίδωσιν</em></strong></span> <span class='ocrx_word' id='word_1_126' title='bbox 2305 1395 2396 1466; x_wconf 85' lang='grc' dir='ltr'><strong><em>Ἰη-</em></strong></span> 
     </span>
     <span class='ocr_line' id='line_1_15' title="bbox 454 1478 2398 1551; baseline 0.002 -19"><span class='ocrx_word' id='word_1_127' title='bbox 454 1484 574 1541; x_wconf 88' lang='grc' dir='ltr'><strong><em>σοῦς</em></strong></span> <span class='ocrx_word' id='word_1_128' title='bbox 599 1487 703 1542; x_wconf 87' lang='grc' dir='ltr'><strong><em>τοῖς</em></strong></span> <span class='ocrx_word' id='word_1_129' title='bbox 733 1479 1048 1535; x_wconf 79' lang='grc' dir='ltr'><strong><em>πιστεύουσιν</em></strong></span> <span class='ocrx_word' id='word_1_130' title='bbox 1076 1482 1146 1543; x_wconf 85' lang='grc' dir='ltr'><strong><em>εἰς</em></strong></span> <span class='ocrx_word' id='word_1_131' title='bbox 1176 1478 1341 1534; x_wconf 78' lang='grc' dir='ltr'><strong><em>αὐτόν.</em></strong></span> <span class='ocrx_word' id='word_1_132' title='bbox 1419 1482 1520 1534; x_wconf 82' lang='grc' dir='ltr'><strong><em>Καὶ</em></strong></span> <span class='ocrx_word' id='word_1_133' title='bbox 1547 1483 1638 1535; x_wconf 81' lang='grc' dir='ltr'><strong><em>εἴτε</em></strong></span> <span class='ocrx_word' id='word_1_134' title='bbox 1674 1481 1943 1551; x_wconf 78' lang='grc' dir='ltr'><strong><em>οἰκοδομήν</em></strong></span> <span class='ocrx_word' id='word_1_135' title='bbox 1969 1486 2138 1551; x_wconf 92' lang='grc' dir='ltr'><strong><em>λαλοίη</em></strong></span> <span class='ocrx_word' id='word_1_136' title='bbox 2166 1504 2264 1549; x_wconf 88' lang='grc' dir='ltr'><strong><em>τις,</em></strong></span> <span class='ocrx_word' id='word_1_137' title='bbox 2302 1485 2398 1537; x_wconf 75' lang='grc' dir='ltr'><strong><em>εἶ’τε</em></strong></span> 
     </span>
     <span class='ocr_line' id='line_1_16' title="bbox 452 1562 2397 1637; baseline 0.002 -19"><span class='ocrx_word' id='word_1_138' title='bbox 452 1562 785 1635; x_wconf 86' lang='grc' dir='ltr'><strong><em>παράκλησιν,</em></strong></span> <span class='ocrx_word' id='word_1_139' title='bbox 824 1568 917 1619; x_wconf 78' lang='grc' dir='ltr'><strong><em>εἴτε</em></strong></span> <span class='ocrx_word' id='word_1_140' title='bbox 942 1567 1270 1637; x_wconf 85' lang='grc' dir='ltr'><strong><em>παραμύθιον</em></strong></span> <span class='ocrx_word' id='word_1_141' title='bbox 1294 1565 1515 1636; x_wconf 78' lang='grc' dir='ltr'><strong><em>ἀγάπης,</em></strong></span> <span class='ocrx_word' id='word_1_142' title='bbox 1555 1569 1646 1620; x_wconf 75' lang='grc' dir='ltr'><strong><em>εἴτε</em></strong></span> <span class='ocrx_word' id='word_1_143' title='bbox 1671 1571 1934 1621; x_wconf 78' lang='grc' dir='ltr'><strong><em>κοινωνίαν</em></strong></span> <span class='ocrx_word' id='word_1_144' title='bbox 1958 1568 2259 1637; x_wconf 86' lang='grc' dir='ltr'><strong><em>πνεύματος,</em></strong></span> <span class='ocrx_word' id='word_1_145' title='bbox 2314 1564 2397 1622; x_wconf 79' lang='grc' dir='ltr'><strong><em>διά</em></strong></span> 
     </span>
     <span class='ocr_line' id='line_1_17' title="bbox 451 1650 2395 1725; baseline 0.003 -22"><span class='ocrx_word' id='word_1_146' title='bbox 451 1655 542 1718; x_wconf 82' lang='grc' dir='ltr'><strong><em>τῆς</em></strong></span> <span class='ocrx_word' id='word_1_147' title='bbox 585 1657 601 1687; x_wconf 89' lang='lat'>¹</span> <span class='ocrx_word' id='word_1_148' title='bbox 626 1651 824 1722; x_wconf 84' lang='grc' dir='ltr'><strong><em>εἰρήνης</em></strong></span> <span class='ocrx_word' id='word_1_149' title='bbox 849 1657 937 1720; x_wconf 84' lang='grc' dir='ltr'><strong><em>τῆς</em></strong></span> <span class='ocrx_word' id='word_1_150' title='bbox 967 1650 1091 1705; x_wconf 76' lang='grc' dir='ltr'><strong><em>κατά</em></strong></span> <span class='ocrx_word' id='word_1_151' title='bbox 1116 1650 1242 1706; x_wconf 77' lang='grc' dir='ltr'><strong><em>θεόν</em></strong></span> <span class='ocrx_word' id='word_1_152' title='bbox 1267 1656 1594 1723; x_wconf 88' lang='grc' dir='ltr'><strong><em>παραγίνεται.</em></strong></span> <span class='ocrx_word' id='word_1_153' title='bbox 1674 1652 1750 1706; x_wconf 83' lang='grc' dir='ltr'><strong><em>Οὐ</em></strong></span> <span class='ocrx_word' id='word_1_154' title='bbox 1782 1652 1879 1723; x_wconf 78' lang='grc' dir='ltr'><strong><em>μὴν</em></strong></span> <span class='ocrx_word' id='word_1_155' title='bbox 1905 1660 2056 1709; x_wconf 80' lang='grc' dir='ltr'><strong><em>πᾶσιν</em></strong></span> <span class='ocrx_word' id='word_1_156' title='bbox 2085 1654 2395 1725; x_wconf 85' lang='grc' dir='ltr'><strong><em>ἀδιορίστως,</em></strong></span> 
     </span>
     <span class='ocr_line' id='line_1_18' title="bbox 454 1733 2393 1810; baseline 0.003 -22"><span class='ocrx_word' id='word_1_157' title='bbox 454 1733 574 1790; x_wconf 74' lang='grc' dir='ltr'><strong><em>ἀλλά</em></strong></span> <span class='ocrx_word' id='word_1_158' title='bbox 600 1744 703 1800; x_wconf 90' lang='grc' dir='ltr'><strong><em>τοῖς</em></strong></span> <span class='ocrx_word' id='word_1_159' title='bbox 742 1738 973 1809; x_wconf 91' lang='grc' dir='ltr'><strong><em>ἀγαπῶσι</em></strong></span> <span class='ocrx_word' id='word_1_160' title='bbox 1011 1735 1097 1791; x_wconf 78' lang='grc' dir='ltr'><strong><em>τόν</em></strong></span> <span class='ocrx_word' id='word_1_161' title='bbox 1125 1736 1308 1806; x_wconf 91' lang='grc' dir='ltr'><strong><em>νόμον,</em></strong></span> <span class='ocrx_word' id='word_1_162' title='bbox 1363 1736 1432 1801; x_wconf 75' lang='grc' dir='ltr'><strong><em>ὥς</em></strong></span> <span class='ocrx_word' id='word_1_163' title='bbox 1458 1736 1488 1792; x_wconf 79' lang='grc' dir='ltr'>ὁ</span> <span class='ocrx_word' id='word_1_164' title='bbox 1515 1737 1778 1810; x_wconf 83' lang='grc' dir='ltr'><strong><em>προφήτης</em></strong></span> <span class='ocrx_word' id='word_1_165' title='bbox 1817 1741 1966 1808; x_wconf 86' lang='grc' dir='ltr'><strong><em>φησὶ·</em></strong></span> <span class='ocrx_word' id='word_1_166' title='bbox 2015 1738 2102 1794; x_wconf 74' lang='grc' dir='ltr'><strong><em>τόν</em></strong></span> <span class='ocrx_word' id='word_1_167' title='bbox 2142 1738 2295 1807; x_wconf 88' lang='grc' dir='ltr'><strong><em>νόμον</em></strong></span> <span class='ocrx_word' id='word_1_168' title='bbox 2331 1739 2393 1794; x_wconf 79' lang='grc' dir='ltr'><strong><em>οὗ</em></strong></span> 
     </span>
     <span class='ocr_line' id='line_1_19' title="bbox 453 1820 2393 1893; baseline 0.003 -19"><span class='ocrx_word' id='word_1_169' title='bbox 453 1820 539 1875; x_wconf 75' lang='grc' dir='ltr'><strong><em>τόν</em></strong></span> <span class='ocrx_word' id='word_1_170' title='bbox 560 1822 854 1891; x_wconf 78' lang='grc' dir='ltr'><strong><em>σωματικὸν,</em></strong></span> <span class='ocrx_word' id='word_1_171' title='bbox 885 1822 942 1886; x_wconf 78' lang='grc' dir='ltr'><strong><em>ὃς</em></strong></span> <span class='ocrx_word' id='word_1_172' title='bbox 967 1821 1135 1877; x_wconf 86' lang='grc' dir='ltr'><strong><em>εἰκόνα</em></strong></span> <span class='ocrx_word' id='word_1_173' title='bbox 1160 1825 1244 1877; x_wconf 88' lang='grc' dir='ltr'><strong><em>καὶ</em></strong></span> <span class='ocrx_word' id='word_1_174' title='bbox 1274 1822 1416 1879; x_wconf 76' lang='grc' dir='ltr'><strong><em>σκιάν</em></strong></span> <span class='ocrx_word' id='word_1_175' title='bbox 1442 1826 1536 1893; x_wconf 76' lang='grc' dir='ltr'><strong><em>ἔχει</em></strong></span> <span class='ocrx_word' id='word_1_176' title='bbox 1553 1830 1652 1878; x_wconf 87' lang='grc' dir='ltr'><strong><em>τῶν</em></strong></span> <span class='ocrx_word' id='word_1_177' title='bbox 1676 1823 1962 1893; x_wconf 89' lang='grc' dir='ltr'><strong><em>μελλόντων,</em></strong></span> <span class='ocrx_word' id='word_1_178' title='bbox 1994 1824 2115 1879; x_wconf 81' lang='grc' dir='ltr'><strong><em>ἀλλά</em></strong></span> <span class='ocrx_word' id='word_1_179' title='bbox 2141 1823 2229 1881; x_wconf 81' lang='grc' dir='ltr'><strong><em>τὸν</em></strong></span> <span class='ocrx_word' id='word_1_180' title='bbox 2250 1846 2393 1881; x_wconf 86' lang='grc' dir='ltr'><strong><em>πνευ-</em></strong></span> 
     </span>
     <span class='ocr_line' id='line_1_20' title="bbox 454 1907 2391 1981; baseline 0.003 -21"><span class='ocrx_word' id='word_1_181' title='bbox 454 1907 684 1975; x_wconf 77' lang='grc' dir='ltr'><strong><em>ματικόν,</em></strong></span> <span class='ocrx_word' id='word_1_182' title='bbox 723 1909 781 1972; x_wconf 77' lang='grc' dir='ltr'><strong><em>ὃς</em></strong></span> <span class='ocrx_word' id='word_1_183' title='bbox 810 1915 981 1976; x_wconf 80' lang='grc' dir='ltr'><strong><em>σοφῶς</em></strong></span> <span class='ocrx_word' id='word_1_184' title='bbox 1016 1908 1348 1964; x_wconf 86' lang='grc' dir='ltr'><strong><em>ἀνακαλύπτει</em></strong></span> <span class='ocrx_word' id='word_1_185' title='bbox 1377 1916 1475 1964; x_wconf 85' lang='grc' dir='ltr'><strong><em>τῶν</em></strong></span> <span class='ocrx_word' id='word_1_186' title='bbox 1502 1913 2035 1981; x_wconf 86' lang='grc' dir='ltr'><strong><em>προαναφωνηθέντων</em></strong></span> <span class='ocrx_word' id='word_1_187' title='bbox 2061 1908 2149 1979; x_wconf 76' lang='grc' dir='ltr'><strong><em>τὴν</em></strong></span> <span class='ocrx_word' id='word_1_188' title='bbox 2177 1913 2391 1980; x_wconf 72' lang='grc' dir='ltr'><strong><em>ἔκβασιν.</em></strong></span> 
     </span>
     <span class='ocr_line' id='line_1_21' title="bbox 454 1991 2395 2067; baseline 0.003 -21"><span class='ocrx_word' id='word_1_189' title='bbox 454 1991 648 2063; x_wconf 85' lang='grc' dir='ltr'><strong><em>Εἰρήνη</em></strong></span> <span class='ocrx_word' id='word_1_190' title='bbox 676 1993 786 2065; x_wconf 75' lang='grc' dir='ltr'><strong><em>γάρ,</em></strong></span> <span class='ocrx_word' id='word_1_191' title='bbox 826 1997 965 2064; x_wconf 83' lang='grc' dir='ltr'><strong><em>φησὶ,</em></strong></span> <span class='ocrx_word' id='word_1_192' title='bbox 1005 1994 1161 2063; x_wconf 79' lang='grc' dir='ltr'><strong><em>πολλὴ</em></strong></span> <span class='ocrx_word' id='word_1_193' title='bbox 1189 2003 1291 2058; x_wconf 85' lang='grc' dir='ltr'><strong><em>τοῖς</em></strong></span> <span class='ocrx_word' id='word_1_194' title='bbox 1314 1995 1544 2067; x_wconf 90' lang='grc' dir='ltr'><strong><em>ἀγαπῶσί</em></strong></span> <span class='ocrx_word' id='word_1_195' title='bbox 1568 2014 1644 2063; x_wconf 89' lang='grc' dir='ltr'><strong><em>σε,</em></strong></span> <span class='ocrx_word' id='word_1_196' title='bbox 1681 1998 1766 2050; x_wconf 83' lang='grc' dir='ltr'><strong><em>καὶ</em></strong></span> <span class='ocrx_word' id='word_1_197' title='bbox 1789 1995 1882 2050; x_wconf 78' lang='grc' dir='ltr'><strong><em>οὐκ</em></strong></span> <span class='ocrx_word' id='word_1_198' title='bbox 1907 1998 2036 2052; x_wconf 75' lang='grc' dir='ltr'><strong><em>ἔστιν</em></strong></span> <span class='ocrx_word' id='word_1_199' title='bbox 2059 1995 2228 2060; x_wconf 86' lang='grc' dir='ltr'><strong><em>αύτοῖς</em></strong></span> <span class='ocrx_word' id='word_1_200' title='bbox 2251 1997 2395 2052; x_wconf 78' lang='grc' dir='ltr'><strong><em>σκάν-</em></strong></span> 
     </span>
     <span class='ocr_line' id='line_1_22' title="bbox 454 2078 2393 2153; baseline 0.002 -20"><span class='ocrx_word' id='word_1_201' title='bbox 454 2083 624 2134; x_wconf 86' lang='grc' dir='ltr'><strong><em>δαλον·</em></strong></span> <span class='ocrx_word' id='word_1_202' title='bbox 680 2078 747 2143; x_wconf 78' lang='grc' dir='ltr'><strong><em>ῶς</em></strong></span> <span class='ocrx_word' id='word_1_203' title='bbox 790 2084 943 2149; x_wconf 85' lang='grc' dir='ltr'><strong><em>δῆλον</em></strong></span> <span class='ocrx_word' id='word_1_204' title='bbox 983 2078 1105 2134; x_wconf 83' lang='grc' dir='ltr'><strong><em>εἶναι</em></strong></span> <span class='ocrx_word' id='word_1_205' title='bbox 1147 2080 1221 2135; x_wconf 73' lang='grc' dir='ltr'><strong><em>ὅτι</em></strong></span> <span class='ocrx_word' id='word_1_206' title='bbox 1266 2079 1384 2145; x_wconf 75' lang='grc' dir='ltr'><strong><em>τούς</em></strong></span> <span class='ocrx_word' id='word_1_207' title='bbox 1425 2079 1757 2153; x_wconf 80' lang='grc' dir='ltr'><strong><em>τήν“ει’ρήνην</em></strong></span> <span class='ocrx_word' id='word_1_208' title='bbox 1800 2083 2131 2151; x_wconf 89' lang='grc' dir='ltr'><strong><em>μεμισηκότας</em></strong></span> <span class='ocrx_word' id='word_1_209' title='bbox 2171 2084 2302 2151; x_wconf 84' lang='grc' dir='ltr'><strong><em>μένει</em></strong></span> <span class='ocrx_word' id='word_1_210' title='bbox 2337 2078 2393 2137; x_wconf 76' lang='grc' dir='ltr'><strong><em>τό</em></strong></span> 
     </span>
     <span class='ocr_line' id='line_1_23' title="bbox 455 2164 2392 2239; baseline 0.002 -20"><span class='ocrx_word' id='word_1_211' title='bbox 455 2165 743 2220; x_wconf 86' lang='grc' dir='ltr'><strong><em>σκάνδαλον.</em></strong></span> <span class='ocrx_word' id='word_1_212' title='bbox 808 2168 910 2220; x_wconf 85' lang='grc' dir='ltr'><strong><em>Καὶ</em></strong></span> <span class='ocrx_word' id='word_1_213' title='bbox 931 2167 1167 2238; x_wconf 87' lang='grc' dir='ltr'><strong><em>προςήκει</em></strong></span> <span class='ocrx_word' id='word_1_214' title='bbox 1189 2164 1307 2229; x_wconf 78' lang='grc' dir='ltr'><strong><em>τούς</em></strong></span> <span class='ocrx_word' id='word_1_215' title='bbox 1328 2166 1516 2221; x_wconf 88' lang='grc' dir='ltr'><strong><em>τούτων</em></strong></span> <span class='ocrx_word' id='word_1_216' title='bbox 1543 2170 1942 2239; x_wconf 82' lang='grc' dir='ltr'><strong><em>έλευθερωθῆναι</em></strong></span> <span class='ocrx_word' id='word_1_217' title='bbox 1967 2174 2274 2235; x_wconf 82' lang='grc' dir='ltr'><strong><em>ποθοῦντας,</em></strong></span> <span class='ocrx_word' id='word_1_218' title='bbox 2310 2191 2392 2222; x_wconf 84' lang='grc' dir='ltr'><strong><em>κα·</em></strong></span> 
     </span>
     <span class='ocr_line' id='line_1_24' title="bbox 454 2250 2395 2326; baseline 0.002 -21"><span class='ocrx_word' id='word_1_219' title='bbox 454 2252 621 2322; x_wconf 84' lang='grc' dir='ltr'><strong><em>θάπερ</em></strong></span> <span class='ocrx_word' id='word_1_220' title='bbox 654 2250 846 2322; x_wconf 82' lang='grc' dir='ltr'><strong><em>θυρεόν</em></strong></span> <span class='ocrx_word' id='word_1_221' title='bbox 882 2275 990 2306; x_wconf 91' lang='grc' dir='ltr'><strong><em>τινα</em></strong></span> <span class='ocrx_word' id='word_1_222' title='bbox 1027 2251 1394 2322; x_wconf 83' lang='grc' dir='ltr'><strong><em>προβάλλεσθαι</em></strong></span> <span class='ocrx_word' id='word_1_223' title='bbox 1419 2251 1508 2321; x_wconf 77' lang='grc' dir='ltr'><strong><em>τήν</em></strong></span> <span class='ocrx_word' id='word_1_224' title='bbox 1536 2251 1734 2324; x_wconf 79' lang='grc' dir='ltr'><strong><em>ἀγάπην</em></strong></span> <span class='ocrx_word' id='word_1_225' title='bbox 1760 2252 1886 2324; x_wconf 77' lang='grc' dir='ltr'><strong><em>πρὸς</em></strong></span> <span class='ocrx_word' id='word_1_226' title='bbox 1909 2251 1996 2308; x_wconf 79' lang='grc' dir='ltr'><strong><em>τόν</em></strong></span> <span class='ocrx_word' id='word_1_227' title='bbox 2025 2254 2213 2326; x_wconf 89' lang='grc' dir='ltr'><strong><em>κύριον.</em></strong></span> <span class='ocrx_word' id='word_1_228' title='bbox 2287 2254 2395 2309; x_wconf 85' lang='lat' dir='ltr'><em>Av&#39;-</em></span> 
     </span>
     <span class='ocr_line' id='line_1_25' title="bbox 453 2334 2393 2409; baseline 0.002 -19"><span class='ocrx_word' id='word_1_229' title='bbox 453 2335 538 2400; x_wconf 81' lang='grc' dir='ltr'><strong><em>τὸς</em></strong></span> <span class='ocrx_word' id='word_1_230' title='bbox 563 2337 655 2408; x_wconf 86' lang='grc' dir='ltr'><strong><em>γάρ</em></strong></span> <span class='ocrx_word' id='word_1_231' title='bbox 684 2339 813 2391; x_wconf 75' lang='grc' dir='ltr'><strong><em>ἐστιν</em></strong></span> <span class='ocrx_word' id='word_1_232' title='bbox 842 2334 877 2406; x_wconf 79' lang='grc' dir='ltr'><em>ἦ</em></span> <span class='ocrx_word' id='word_1_233' title='bbox 904 2337 1073 2408; x_wconf 83' lang='grc' dir='ltr'><strong><em>εἰρήνη</em></strong></span> <span class='ocrx_word' id='word_1_234' title='bbox 1103 2336 1267 2405; x_wconf 83' lang='grc' dir='ltr'><strong><em>ήμῶν,</em></strong></span> <span class='ocrx_word' id='word_1_235' title='bbox 1319 2335 1349 2391; x_wconf 80' lang='grc' dir='ltr'><strong><em>ό</em></strong></span> <span class='ocrx_word' id='word_1_236' title='bbox 1377 2337 1586 2406; x_wconf 86' lang='grc' dir='ltr'><strong><em>ποιήσας</em></strong></span> <span class='ocrx_word' id='word_1_237' title='bbox 1613 2337 1673 2391; x_wconf 76' lang='grc' dir='ltr'><strong><em>τά</em></strong></span> <span class='ocrx_word' id='word_1_238' title='bbox 1703 2337 1961 2409; x_wconf 89' lang='grc' dir='ltr'><strong><em>ἀμφότερα</em></strong></span> <span class='ocrx_word' id='word_1_239' title='bbox 1983 2342 2064 2402; x_wconf 68' lang='grc' dir='ltr'><strong><em>ἓν,</em></strong></span> <span class='ocrx_word' id='word_1_240' title='bbox 2116 2341 2201 2393; x_wconf 86' lang='grc' dir='ltr'><strong><em>καὶ</em></strong></span> <span class='ocrx_word' id='word_1_241' title='bbox 2227 2338 2283 2394; x_wconf 82' lang='grc' dir='ltr'>τὸ</span> <span class='ocrx_word' id='word_1_242' title='bbox 2311 2361 2393 2408; x_wconf 84' lang='grc' dir='ltr'><strong><em>με·</em></strong></span> 
     </span>
     <span class='ocr_line' id='line_1_26' title="bbox 454 2421 2396 2498; baseline 0.002 -22"><span class='ocrx_word' id='word_1_243' title='bbox 454 2421 678 2491; x_wconf 86' lang='grc' dir='ltr'><strong><em>σότοιχον</em></strong></span> <span class='ocrx_word' id='word_1_244' title='bbox 702 2429 790 2476; x_wconf 90' lang='grc' dir='ltr'><strong><em>τοῦ</em></strong></span> <span class='ocrx_word' id='word_1_245' title='bbox 820 2428 1054 2493; x_wconf 83' lang='grc' dir='ltr'><strong><em>φραγμοῦ</em></strong></span> <span class='ocrx_word' id='word_1_246' title='bbox 1084 2421 1233 2485; x_wconf 82' lang='grc' dir='ltr'><strong><em>λύσας</em></strong></span> <span class='ocrx_word' id='word_1_247' title='bbox 1263 2421 1354 2491; x_wconf 77' lang='grc' dir='ltr'><strong><em>τήν</em></strong></span> <span class='ocrx_word' id='word_1_248' title='bbox 1387 2425 1573 2492; x_wconf 73' lang='grc' dir='ltr'><strong><em>ἔχθραν</em></strong></span> <span class='ocrx_word' id='word_1_249' title='bbox 1610 2426 1663 2478; x_wconf 84' lang='grc' dir='ltr'><strong><em>έν</em></strong></span> <span class='ocrx_word' id='word_1_250' title='bbox 1690 2431 1750 2498; x_wconf 79' lang='grc' dir='ltr'><strong><em>τῇ</em></strong></span> <span class='ocrx_word' id='word_1_251' title='bbox 1777 2426 1947 2496; x_wconf 87' lang='grc' dir='ltr'><strong><em>σαρκὶ,</em></strong></span> <span class='ocrx_word' id='word_1_252' title='bbox 2003 2423 2090 2479; x_wconf 76' lang='grc' dir='ltr'><strong><em>τόν</em></strong></span> <span class='ocrx_word' id='word_1_253' title='bbox 2114 2423 2273 2494; x_wconf 91' lang='grc' dir='ltr'><strong><em>νόμον</em></strong></span> <span class='ocrx_word' id='word_1_254' title='bbox 2296 2431 2396 2480; x_wconf 88' lang='grc' dir='ltr'><strong><em>τῶν</em></strong></span> 
     </span>
     <span class='ocr_line' id='line_1_27' title="bbox 455 2506 2397 2581; baseline 0.002 -20"><span class='ocrx_word' id='word_1_255' title='bbox 455 2509 662 2562; x_wconf 75' lang='grc' dir='ltr'><strong><em>ἐντολῶν</em></strong></span> <span class='ocrx_word' id='word_1_256' title='bbox 704 2510 756 2562; x_wconf 83' lang='grc' dir='ltr'><strong><em>έν</em></strong></span> <span class='ocrx_word' id='word_1_257' title='bbox 794 2506 1003 2578; x_wconf 87' lang='grc' dir='ltr'><strong><em>δόγμασι</em></strong></span> <span class='ocrx_word' id='word_1_258' title='bbox 1042 2509 1365 2579; x_wconf 86' lang='grc' dir='ltr'><strong><em>καταργήσας.</em></strong></span> <span class='ocrx_word' id='word_1_259' title='bbox 1441 2510 1543 2562; x_wconf 87' lang='grc' dir='ltr'><strong><em>Καὶ</em></strong></span> <span class='ocrx_word' id='word_1_260' title='bbox 1580 2508 1692 2564; x_wconf 75' lang='grc' dir='ltr'><strong><em>οὔτε</em></strong></span> <span class='ocrx_word' id='word_1_261' title='bbox 1729 2518 1894 2581; x_wconf 90' lang='grc' dir='ltr'><strong><em>τηρεῖν</em></strong></span> <span class='ocrx_word' id='word_1_262' title='bbox 1933 2512 2037 2565; x_wconf 75' lang='grc' dir='ltr'><strong><em>ἔστι</em></strong></span> <span class='ocrx_word' id='word_1_263' title='bbox 2073 2508 2161 2579; x_wconf 79' lang='grc' dir='ltr'><strong><em>τήν</em></strong></span> <span class='ocrx_word' id='word_1_264' title='bbox 2199 2509 2397 2581; x_wconf 76' lang='grc' dir='ltr'><strong><em>ἐντολὴν</em></strong></span> 
     </span>
     <span class='ocr_line' id='line_1_28' title="bbox 453 2591 2397 2667; baseline 0.003 -21"><span class='ocrx_word' id='word_1_265' title='bbox 453 2599 542 2647; x_wconf 92' lang='grc' dir='ltr'><strong><em>τοῦ</em></strong></span> <span class='ocrx_word' id='word_1_266' title='bbox 570 2596 747 2664; x_wconf 89' lang='grc' dir='ltr'><strong><em>κυρίου</em></strong></span> <span class='ocrx_word' id='word_1_267' title='bbox 779 2592 845 2662; x_wconf 80' lang='grc' dir='ltr'><strong><em>μή</em></strong></span> <span class='ocrx_word' id='word_1_268' title='bbox 873 2599 960 2662; x_wconf 82' lang='grc' dir='ltr'><strong><em>τῆς</em></strong></span> <span class='ocrx_word' id='word_1_269' title='bbox 986 2591 1185 2664; x_wconf 80' lang='grc' dir='ltr'><strong><em>ἀγάπης</em></strong></span> <span class='ocrx_word' id='word_1_270' title='bbox 1207 2600 1296 2648; x_wconf 90' lang='grc' dir='ltr'><strong><em>τοῦ</em></strong></span> <span class='ocrx_word' id='word_1_271' title='bbox 1321 2601 1449 2648; x_wconf 83' lang='grc' dir='ltr'><strong><em>θεοῦ</em></strong></span> <span class='ocrx_word' id='word_1_272' title='bbox 1474 2597 1853 2667; x_wconf 83' lang='grc' dir='ltr'><strong><em>προηγουμένης</em></strong></span> <span class='ocrx_word' id='word_1_273' title='bbox 1885 2594 2021 2664; x_wconf 80' lang='grc' dir='ltr'><strong><em>(Ἐοὶν</em></strong></span> <span class='ocrx_word' id='word_1_274' title='bbox 2053 2594 2144 2667; x_wconf 77' lang='grc' dir='ltr'><strong><em>γάρ</em></strong></span> <span class='ocrx_word' id='word_1_275' title='bbox 2174 2596 2397 2667; x_wconf 85' lang='grc' dir='ltr'><strong><em>ἀγαπᾶτέ</em></strong></span> 
     </span>
     <span class='ocr_line' id='line_1_29' title="bbox 455 2678 2398 2751; baseline 0.002 -19"><span class='ocrx_word' id='word_1_276' title='bbox 455 2700 541 2748; x_wconf 88' lang='grc' dir='ltr'><strong><em>με,</em></strong></span> <span class='ocrx_word' id='word_1_277' title='bbox 593 2680 744 2747; x_wconf 88' lang='grc' dir='ltr'><strong><em>φησὶ,</em></strong></span> <span class='ocrx_word' id='word_1_278' title='bbox 796 2678 884 2742; x_wconf 75' lang='grc' dir='ltr'><strong><em>τοὶς</em></strong></span> <span class='ocrx_word' id='word_1_279' title='bbox 922 2678 1120 2742; x_wconf 77' lang='grc' dir='ltr'><strong><em>ἐντολάς</em></strong></span> <span class='ocrx_word' id='word_1_280' title='bbox 1167 2679 1257 2743; x_wconf 80' lang='grc' dir='ltr'><strong><em>τάς</em></strong></span> <span class='ocrx_word' id='word_1_281' title='bbox 1293 2678 1414 2750; x_wconf 80' lang='grc' dir='ltr'><strong><em>ἐμάς</em></strong></span> <span class='ocrx_word' id='word_1_282' title='bbox 1432 2679 1705 2751; x_wconf 83' lang='grc' dir='ltr'><strong><em>τηρήσετε),</em></strong></span> <span class='ocrx_word' id='word_1_283' title='bbox 1758 2680 1870 2735; x_wconf 73' lang='grc' dir='ltr'><strong><em>οὔτε</em></strong></span> <span class='ocrx_word' id='word_1_284' title='bbox 1918 2688 2233 2750; x_wconf 84' lang='grc' dir='ltr'><strong><em>φωτισθῆναι</em></strong></span> <span class='ocrx_word' id='word_1_285' title='bbox 2279 2681 2398 2746; x_wconf 77' lang='grc' dir='ltr'><strong><em>τοῦς</em></strong></span> 
     </span>
     <span class='ocr_line' id='line_1_30' title="bbox 454 2763 2395 2838; baseline 0.002 -18"><span class='ocrx_word' id='word_1_286' title='bbox 454 2763 779 2834; x_wconf 79' lang='grc' dir='ltr'><strong><em>ὀφθαλμούς,</em></strong></span> <span class='ocrx_word' id='word_1_287' title='bbox 837 2765 957 2819; x_wconf 78' lang='grc' dir='ltr'><strong><em>οὐδὲ</em></strong></span> <span class='ocrx_word' id='word_1_288' title='bbox 984 2764 1071 2833; x_wconf 80' lang='grc' dir='ltr'><strong><em>τήν</em></strong></span> <span class='ocrx_word' id='word_1_289' title='bbox 1100 2769 1332 2836; x_wconf 82' lang='grc' dir='ltr'><strong><em>καρδίαν,</em></strong></span> <span class='ocrx_word' id='word_1_290' title='bbox 1385 2766 1454 2835; x_wconf 77' lang='grc' dir='ltr'><strong><em>μὴ</em></strong></span> <span class='ocrx_word' id='word_1_291' title='bbox 1481 2773 1567 2835; x_wconf 86' lang='grc' dir='ltr'><strong><em>τῆς</em></strong></span> <span class='ocrx_word' id='word_1_292' title='bbox 1596 2769 1794 2836; x_wconf 77' lang='grc' dir='ltr'><strong><em>ἐντολῆς</em></strong></span> <span class='ocrx_word' id='word_1_293' title='bbox 1829 2767 2134 2835; x_wconf 83' lang='grc' dir='ltr'><strong><em>φωτιζούσης</em></strong></span> <span class='ocrx_word' id='word_1_294' title='bbox 2176 2765 2395 2838; x_wconf 78' lang='grc' dir='ltr'><strong><em>(Ἐντολή</em></strong></span> 
     </span>
     <span class='ocr_line' id='line_1_31' title="bbox 453 2849 2394 2924; baseline 0.003 -21"><span class='ocrx_word' id='word_1_295' title='bbox 453 2849 565 2922; x_wconf 74' lang='grc' dir='ltr'><strong><em>γάρ,</em></strong></span> <span class='ocrx_word' id='word_1_296' title='bbox 603 2853 745 2919; x_wconf 83' lang='grc' dir='ltr'><strong><em>φησὶ,</em></strong></span> <span class='ocrx_word' id='word_1_297' title='bbox 775 2854 949 2919; x_wconf 88' lang='grc' dir='ltr'><strong><em>κυρίου</em></strong></span> <span class='ocrx_word' id='word_1_298' title='bbox 978 2850 1263 2922; x_wconf 73' lang='grc' dir='ltr'><strong><em>2’τηλαυγὴς</em></strong></span> <span class='ocrx_word' id='word_1_299' title='bbox 1287 2857 1565 2919; x_wconf 87' lang='grc' dir='ltr'><strong><em>φωτίζουσα</em></strong></span> <span class='ocrx_word' id='word_1_300' title='bbox 1595 2850 1935 2921; x_wconf 76' lang='grc' dir='ltr'><strong><em>ὄφθαλμοῦς)·</em></strong></span> <span class='ocrx_word' id='word_1_301' title='bbox 1976 2850 2074 2906; x_wconf 86' lang='grc' dir='ltr'><strong><em>ἀλλ’</em></strong></span> <span class='ocrx_word' id='word_1_302' title='bbox 2099 2852 2218 2907; x_wconf 80' lang='grc' dir='ltr'><strong><em>οὐδὲ</em></strong></span> <span class='ocrx_word' id='word_1_303' title='bbox 2247 2853 2394 2924; x_wconf 87' lang='grc' dir='ltr'><strong><em>λόγον</em></strong></span> 
     </span>
     <span class='ocr_line' id='line_1_32' title="bbox 457 2931 2392 3012; baseline 0.002 -23"><span class='ocrx_word' id='word_1_304' title='bbox 457 2939 694 3005; x_wconf 86' lang='grc' dir='ltr'><strong><em>ἀληθείας</em></strong></span> <span class='ocrx_word' id='word_1_305' title='bbox 722 2938 993 3007; x_wconf 83' lang='grc' dir='ltr'><strong><em>προέσθαι,</em></strong></span> <span class='ocrx_word' id='word_1_306' title='bbox 1046 2940 1090 2990; x_wconf 84' lang='grc' dir='ltr'><strong><em>εἰ</em></strong></span> <span class='ocrx_word' id='word_1_307' title='bbox 1114 2938 1184 3006; x_wconf 84' lang='grc' dir='ltr'><strong><em>μή</em></strong></span> <span class='ocrx_word' id='word_1_308' title='bbox 1211 2961 1283 3000; x_wconf 89' lang='grc' dir='ltr'><strong><em>τις</em></strong></span> <span class='ocrx_word' id='word_1_309' title='bbox 1311 2940 1403 3006; x_wconf 73' lang='grc' dir='ltr'><strong><em>ἔχει</em></strong></span> <span class='ocrx_word' id='word_1_310' title='bbox 1436 2937 1652 3007; x_wconf 80' lang='grc' dir='ltr'><strong><em>Χριστόν</em></strong></span> <span class='ocrx_word' id='word_1_311' title='bbox 1689 2941 1740 2992; x_wconf 76' lang='grc' dir='ltr'><strong><em>ἐν</em></strong></span> <span class='ocrx_word' id='word_1_312' title='bbox 1768 2940 1928 3012; x_wconf 78' lang='grc' dir='ltr'><strong><em>ἑαυτῷ</em></strong></span> <span class='ocrx_word' id='word_1_313' title='bbox 1954 2944 2216 3002; x_wconf 83' lang='grc' dir='ltr'><strong><em>λαλοῦντα,</em></strong></span> <span class='ocrx_word' id='word_1_314' title='bbox 2266 2931 2392 2993; x_wconf 75' lang='grc' dir='ltr'><strong><em>κατά</em></strong></span> 
     </span>
     <span class='ocr_line' id='line_1_33' title="bbox 454 3021 2389 3094; baseline 0.002 -19"><span class='ocrx_word' id='word_1_315' title='bbox 454 3021 542 3076; x_wconf 74' lang='grc' dir='ltr'><strong><em>τόν</em></strong></span> <span class='ocrx_word' id='word_1_316' title='bbox 565 3024 790 3093; x_wconf 89' lang='grc' dir='ltr'><strong><em>λέγοντα,</em></strong></span> <span class='ocrx_word' id='word_1_317' title='bbox 831 3025 902 3075; x_wconf 85' lang='grc' dir='ltr'><strong><em>Εἰ</em></strong></span> <span class='ocrx_word' id='word_1_318' title='bbox 928 3021 1138 3091; x_wconf 80' lang='grc' dir='ltr'><strong><em>δοκιμήν</em></strong></span> <span class='ocrx_word' id='word_1_319' title='bbox 1164 3029 1343 3091; x_wconf 82' lang='grc' dir='ltr'><strong><em>ζητεῖτε</em></strong></span> <span class='ocrx_word' id='word_1_320' title='bbox 1369 3030 1456 3077; x_wconf 86' lang='grc' dir='ltr'><strong><em>τοῦ</em></strong></span> <span class='ocrx_word' id='word_1_321' title='bbox 1485 3026 1537 3077; x_wconf 85' lang='grc' dir='ltr'><strong><em>έν</em></strong></span> <span class='ocrx_word' id='word_1_322' title='bbox 1560 3026 1667 3092; x_wconf 78' lang='grc' dir='ltr'><strong><em>ἐμοὶ</em></strong></span> <span class='ocrx_word' id='word_1_323' title='bbox 1697 3030 1963 3085; x_wconf 90' lang='grc' dir='ltr'><strong><em>λαλοῦντος</em></strong></span> <span class='ocrx_word' id='word_1_324' title='bbox 1990 3029 2236 3094; x_wconf 88' lang='grc' dir='ltr'><strong><em>Χριστοῦ,</em></strong></span> <span class='ocrx_word' id='word_1_325' title='bbox 2275 3030 2389 3092; x_wconf 81' lang='grc' dir='ltr'><strong><em>μᾶλ-</em></strong></span> 
     </span>
     <span class='ocr_line' id='line_1_34' title="bbox 452 3105 2388 3179; baseline 0.001 -18"><span class='ocrx_word' id='word_1_326' title='bbox 452 3115 537 3162; x_wconf 92' lang='grc' dir='ltr'><strong><em>λον</em></strong></span> <span class='ocrx_word' id='word_1_327' title='bbox 565 3108 618 3161; x_wconf 82' lang='grc' dir='ltr'><strong><em>δὲ</em></strong></span> <span class='ocrx_word' id='word_1_328' title='bbox 647 3108 707 3162; x_wconf 84' lang='grc' dir='ltr'><strong><em>οὐ</em></strong></span> <span class='ocrx_word' id='word_1_329' title='bbox 743 3114 1002 3170; x_wconf 91' lang='grc' dir='ltr'><strong><em>λαλοῦντος</em></strong></span> <span class='ocrx_word' id='word_1_330' title='bbox 1039 3107 1216 3177; x_wconf 88' lang='grc' dir='ltr'><strong><em>μόνον,</em></strong></span> <span class='ocrx_word' id='word_1_331' title='bbox 1269 3106 1386 3161; x_wconf 78' lang='grc' dir='ltr'><strong><em>ἀλλά</em></strong></span> <span class='ocrx_word' id='word_1_332' title='bbox 1423 3111 1506 3163; x_wconf 87' lang='grc' dir='ltr'><strong><em>καὶ</em></strong></span> <span class='ocrx_word' id='word_1_333' title='bbox 1541 3112 1800 3171; x_wconf 79' lang='grc' dir='ltr'><strong><em>ἐλεοῦντος.</em></strong></span> <span class='ocrx_word' id='word_1_334' title='bbox 1862 3106 2044 3162; x_wconf 82' lang='grc' dir='ltr'><strong><em>’Ἑλθοι</em></strong></span> <span class='ocrx_word' id='word_1_335' title='bbox 2079 3105 2198 3179; x_wconf 75' lang='grc' dir='ltr'><strong><em>γάρ,</em></strong></span> <span class='ocrx_word' id='word_1_336' title='bbox 2249 3111 2388 3178; x_wconf 77' lang='grc' dir='ltr'><strong><em>φησὶ,</em></strong></span> 
     </span>
     <span class='ocr_line' id='line_1_35' title="bbox 454 3191 2390 3265; baseline 0.001 -19"><span class='ocrx_word' id='word_1_337' title='bbox 454 3192 506 3247; x_wconf 83' lang='grc' dir='ltr'>τό</span> <span class='ocrx_word' id='word_1_338' title='bbox 535 3192 668 3256; x_wconf 74' lang='grc' dir='ltr'><strong><em>ἔλεός</em></strong></span> <span class='ocrx_word' id='word_1_339' title='bbox 703 3211 795 3248; x_wconf 93' lang='grc' dir='ltr'><strong><em>σου</em></strong></span> <span class='ocrx_word' id='word_1_340' title='bbox 828 3195 911 3247; x_wconf 80' lang='grc' dir='ltr'><strong><em>καὶ</em></strong></span> <span class='ocrx_word' id='word_1_341' title='bbox 938 3191 992 3247; x_wconf 85' lang='grc' dir='ltr'>τό</span> <span class='ocrx_word' id='word_1_342' title='bbox 1020 3192 1265 3265; x_wconf 88' lang='grc' dir='ltr'><strong><em>σωτήριόν</em></strong></span> <span class='ocrx_word' id='word_1_343' title='bbox 1308 3212 1397 3248; x_wconf 92' lang='grc' dir='ltr'><strong><em>σου</em></strong></span> <span class='ocrx_word' id='word_1_344' title='bbox 1434 3192 1508 3248; x_wconf 79' lang='grc' dir='ltr'><strong><em>ἐπ’</em></strong></span> <span class='ocrx_word' id='word_1_345' title='bbox 1548 3195 1654 3263; x_wconf 78' lang='grc' dir='ltr'><strong><em>ἐμὲ,</em></strong></span> <span class='ocrx_word' id='word_1_346' title='bbox 1711 3195 1796 3248; x_wconf 81' lang='grc' dir='ltr'><strong><em>καὶ</em></strong></span> <span class='ocrx_word' id='word_1_347' title='bbox 1836 3192 2246 3264; x_wconf 82' lang='grc' dir='ltr'><strong><em>ἀποκριθήσομαι</em></strong></span> <span class='ocrx_word' id='word_1_348' title='bbox 2283 3201 2390 3258; x_wconf 87' lang='grc' dir='ltr'><strong><em>τοῖς</em></strong></span> 
     </span>
     <span class='ocr_line' id='line_1_36' title="bbox 454 3277 2389 3350; baseline 0 -17"><span class='ocrx_word' id='word_1_349' title='bbox 454 3278 749 3344; x_wconf 83' lang='grc' dir='ltr'><strong><em>ὀνειδίζουσί</em></strong></span> <span class='ocrx_word' id='word_1_350' title='bbox 776 3302 858 3347; x_wconf 93' lang='grc' dir='ltr'><strong><em>μοι</em></strong></span> <span class='ocrx_word' id='word_1_351' title='bbox 878 3279 1039 3350; x_wconf 88' lang='grc' dir='ltr'><strong><em>λόγον.</em></strong></span> <span class='ocrx_word' id='word_1_352' title='bbox 1097 3278 1258 3350; x_wconf 63' lang='grc' dir='ltr'><strong><em>’Όπερ</em></strong></span> <span class='ocrx_word' id='word_1_353' title='bbox 1288 3279 1380 3333; x_wconf 86' lang='grc' dir='ltr'><strong><em>οὐκ</em></strong></span> <span class='ocrx_word' id='word_1_354' title='bbox 1409 3278 1471 3333; x_wconf 72' lang='grc' dir='ltr'><strong><em>ἀν</em></strong></span> <span class='ocrx_word' id='word_1_355' title='bbox 1497 3277 1780 3350; x_wconf 71' lang='grc' dir='ltr'><strong><em>ὑπάρξειεν,</em></strong></span> <span class='ocrx_word' id='word_1_356' title='bbox 1832 3280 1876 3331; x_wconf 84' lang='grc' dir='ltr'><strong><em>εἰ</em></strong></span> <span class='ocrx_word' id='word_1_357' title='bbox 1901 3277 1969 3346; x_wconf 87' lang='grc' dir='ltr'><strong><em>μή</em></strong></span> <span class='ocrx_word' id='word_1_358' title='bbox 1998 3301 2072 3341; x_wconf 91' lang='grc' dir='ltr'><strong><em>τις</em></strong></span> <span class='ocrx_word' id='word_1_359' title='bbox 2100 3278 2160 3332; x_wconf 80' lang='grc' dir='ltr'><strong><em>τά</em></strong></span> <span class='ocrx_word' id='word_1_360' title='bbox 2186 3278 2389 3333; x_wconf 74' lang='grc' dir='ltr'><strong><em>’δικαιοί-</em></strong></span> 
     </span>
     <span class='ocr_line' id='line_1_37' title="bbox 456 3362 2389 3436; baseline 0.002 -19"><span class='ocrx_word' id='word_1_361' title='bbox 456 3387 584 3432; x_wconf 87' lang='grc' dir='ltr'><strong><em>ματα</em></strong></span> <span class='ocrx_word' id='word_1_362' title='bbox 609 3365 869 3434; x_wconf 82' lang='grc' dir='ltr'><strong><em>έκζητήσει.</em></strong></span> <span class='ocrx_word' id='word_1_363' title='bbox 951 3371 1060 3418; x_wconf 89' lang='grc' dir='ltr'><strong><em>Τῶν</em></strong></span> <span class='ocrx_word' id='word_1_364' title='bbox 1101 3363 1193 3436; x_wconf 78' lang='grc' dir='ltr'><strong><em>γάρ</em></strong></span> <span class='ocrx_word' id='word_1_365' title='bbox 1225 3364 1293 3433; x_wconf 80' lang='grc' dir='ltr'><strong><em>μὴ</em></strong></span> <span class='ocrx_word' id='word_1_366' title='bbox 1322 3365 1452 3419; x_wconf 70' lang='grc' dir='ltr'><strong><em>οὕτω</em></strong></span> <span class='ocrx_word' id='word_1_367' title='bbox 1489 3366 1806 3433; x_wconf 82' lang='grc' dir='ltr'><strong><em>διακειμένων</em></strong></span> <span class='ocrx_word' id='word_1_368' title='bbox 1848 3369 1868 3400; x_wconf 78' lang='lat'><strong>³</strong></span> <span class='ocrx_word' id='word_1_369' title='bbox 1890 3365 1971 3417; x_wconf 77' lang='grc' dir='ltr'><strong><em>ἐπὶ</em></strong></span> <span class='ocrx_word' id='word_1_370' title='bbox 2000 3364 2246 3432; x_wconf 87' lang='grc' dir='ltr'><strong><em>σχήματος</em></strong></span> <span class='ocrx_word' id='word_1_371' title='bbox 2272 3362 2307 3433; x_wconf 76' lang='grc' dir='ltr'><em>ἦ</em></span> <span class='ocrx_word' id='word_1_372' title='bbox 2336 3366 2389 3420; x_wconf 74' lang='grc' dir='ltr'><strong><em>ἕν</em></strong></span> 
     </span>
     <span class='ocr_line' id='line_1_38' title="bbox 455 3447 2389 3521; baseline 0.001 -19"><span class='ocrx_word' id='word_1_373' title='bbox 455 3457 558 3512; x_wconf 88' lang='grc' dir='ltr'><strong><em>τοῖς</em></strong></span> <span class='ocrx_word' id='word_1_374' title='bbox 581 3450 815 3503; x_wconf 83' lang='grc' dir='ltr'><strong><em>ὀνείδεσιν</em></strong></span> <span class='ocrx_word' id='word_1_375' title='bbox 842 3450 1062 3519; x_wconf 84' lang='grc' dir='ltr'><strong><em>αἰσχύνη,</em></strong></span> <span class='ocrx_word' id='word_1_376' title='bbox 1103 3448 1171 3512; x_wconf 75' lang='grc' dir='ltr'><strong><em>ὥς</em></strong></span> <span class='ocrx_word' id='word_1_377' title='bbox 1195 3448 1263 3518; x_wconf 79' lang='grc' dir='ltr'><strong><em>μὴ</em></strong></span> <span class='ocrx_word' id='word_1_378' title='bbox 1288 3450 1539 3504; x_wconf 80' lang='grc' dir='ltr'><strong><em>δύνασθαι</em></strong></span> <span class='ocrx_word' id='word_1_379' title='bbox 1562 3451 1730 3521; x_wconf 88' lang='grc' dir='ltr'><strong><em>λέγειν,</em></strong></span> <span class='ocrx_word' id='word_1_380' title='bbox 1773 3451 1971 3519; x_wconf 91' lang='grc' dir='ltr'><strong><em>Περίελε</em></strong></span> <span class='ocrx_word' id='word_1_381' title='bbox 1997 3447 2084 3502; x_wconf 84' lang='grc' dir='ltr'><strong><em>ἀπ’</em></strong></span> <span class='ocrx_word' id='word_1_382' title='bbox 2115 3452 2236 3518; x_wconf 80' lang='grc' dir='ltr'><strong><em>ἐμοῦ</em></strong></span> <span class='ocrx_word' id='word_1_383' title='bbox 2267 3447 2389 3504; x_wconf 70' lang='grc' dir='ltr'><strong><em>ὄνει-</em></strong></span> 
     </span>
     <span class='ocr_line' id='line_1_39' title="bbox 457 3533 2388 3608; baseline 0.002 -22"><span class='ocrx_word' id='word_1_384' title='bbox 457 3536 546 3596; x_wconf 88' lang='grc' dir='ltr'><strong><em>δος</em></strong></span> <span class='ocrx_word' id='word_1_385' title='bbox 572 3537 653 3588; x_wconf 83' lang='grc' dir='ltr'><strong><em>καὶ</em></strong></span> <span class='ocrx_word' id='word_1_386' title='bbox 682 3536 1015 3599; x_wconf 81' lang='grc' dir='ltr'><strong><em>έξουδένωσιν.</em></strong></span> <span class='ocrx_word' id='word_1_387' title='bbox 1093 3541 1429 3608; x_wconf 90' lang='grc' dir='ltr'><strong><em>Περιαιρεῖται</em></strong></span> <span class='ocrx_word' id='word_1_388' title='bbox 1466 3536 1519 3590; x_wconf 80' lang='grc' dir='ltr'><strong><em>δὲ</em></strong></span> <span class='ocrx_word' id='word_1_389' title='bbox 1549 3537 1603 3589; x_wconf 86' lang='grc' dir='ltr'><strong><em>έκ</em></strong></span> <span class='ocrx_word' id='word_1_390' title='bbox 1631 3539 1719 3588; x_wconf 91' lang='grc' dir='ltr'><strong><em>τοῦ</em></strong></span> <span class='ocrx_word' id='word_1_391' title='bbox 1758 3533 1998 3602; x_wconf 88' lang='grc' dir='ltr'><strong><em>στόματος</em></strong></span> <span class='ocrx_word' id='word_1_392' title='bbox 2032 3541 2120 3604; x_wconf 84' lang='grc' dir='ltr'><strong><em>τῆς</em></strong></span> <span class='ocrx_word' id='word_1_393' title='bbox 2151 3535 2388 3604; x_wconf 83' lang='grc' dir='ltr'><strong><em>ἀληθείας</em></strong></span> 
     </span>
    </p>
   </div>
   <div class='ocr_carea' id='block_1_6' title="bbox 453 3703 2385 3871">
    <p class='ocr_par' dir='ltr' id='par_1_6' title="bbox 453 3703 2385 3871">
     <span class='ocr_line' id='line_1_40' title="bbox 514 3703 2385 3765; baseline 0.002 -20"><span class='ocrx_word' id='word_1_394' title='bbox 514 3705 613 3747; x_wconf 73' lang='lat' dir='ltr'>CAP.</span> <span class='ocrx_word' id='word_1_395' title='bbox 646 3707 812 3747; x_wconf 79' lang='lat' dir='ltr'><strong>XXIX.</strong></span> <span class='ocrx_word' id='word_1_396' title='bbox 851 3731 909 3741; x_wconf 92' lang='lat'>—</span> <span class='ocrx_word' id='word_1_397' title='bbox 970 3708 1005 3750; x_wconf 85' lang='lat'><strong><em>1.</em></strong></span> <span class='ocrx_word' id='word_1_398' title='bbox 1057 3711 1178 3751; x_wconf 85' lang='lat' dir='ltr'><strong><em>Verba</em></strong></span> <span class='ocrx_word' id='word_1_399' title='bbox 1218 3706 1391 3765; x_wconf 71' lang='grc' dir='ltr'><strong><em>εἰρήνης</em></strong></span> <span class='ocrx_word' id='word_1_400' title='bbox 1503 3708 1543 3750; x_wconf 85' lang='lat'><strong><em>2.</em></strong></span> <span class='ocrx_word' id='word_1_401' title='bbox 1585 3703 1802 3763; x_wconf 70' lang='grc' dir='ltr'><strong><em>τηλαυγὴς</em></strong></span> <span class='ocrx_word' id='word_1_402' title='bbox 1827 3709 1939 3750; x_wconf 84' lang='lat' dir='ltr'><strong><em>codd.</em></strong></span> <span class='ocrx_word' id='word_1_403' title='bbox 1967 3721 2059 3751; x_wconf 87' lang='lat' dir='ltr'><strong><em>mss.</em></strong></span> <span class='ocrx_word' id='word_1_404' title='bbox 2086 3712 2253 3761; x_wconf 78' lang='lat' dir='ltr'><strong><em>uterque.</em></strong></span> <span class='ocrx_word' id='word_1_405' title='bbox 2310 3720 2385 3763; x_wconf 77' lang='grc' dir='ltr'><strong><em>τη-</em></strong></span> 
     </span>
     <span class='ocr_line' id='line_1_41' title="bbox 453 3763 1747 3871; baseline -0.002 -66"><span class='ocrx_word' id='word_1_406' title='bbox 453 3763 535 3861; x_wconf 51' lang='lat' dir='ltr'><strong><em>‘lto-525</em></strong></span> <span class='ocrx_word' id='word_1_407' title='bbox 557 3774 680 3871; x_wconf 54' lang='grc' dir='ltr'><strong><em>ρζὲξιε</em></strong></span> <span class='ocrx_word' id='word_1_408' title='bbox 704 3767 848 3806; x_wconf 80' lang='lat' dir='ltr'><strong><em>omissa</em></strong></span> <span class='ocrx_word' id='word_1_409' title='bbox 874 3770 963 3807; x_wconf 78' lang='lat' dir='ltr'><strong><em>sunt</em></strong></span> <span class='ocrx_word' id='word_1_410' title='bbox 991 3768 1033 3808; x_wconf 81' lang='lat' dir='ltr'><strong><em>in</em></strong></span> <span class='ocrx_word' id='word_1_411' title='bbox 1061 3768 1119 3808; x_wconf 83' lang='lat' dir='ltr'><strong><em>ed.</em></strong></span> <span class='ocrx_word' id='word_1_412' title='bbox 1151 3770 1287 3810; x_wconf 81' lang='lat' dir='ltr'><strong><em>Petav.</em></strong></span> <span class='ocrx_word' id='word_1_413' title='bbox 1315 3770 1390 3809; x_wconf 87' lang='lat' dir='ltr'><strong><em>Co·</em></strong></span> <span class='ocrx_word' id='word_1_414' title='bbox 1448 3764 1614 3821; x_wconf 83' lang='grc' dir='ltr'><strong><em>λαυγῶς</em></strong></span> <span class='ocrx_word' id='word_1_415' title='bbox 1643 3766 1747 3806; x_wconf 78' lang='lat' dir='ltr'><strong><em>editi.</em></strong></span> 
     </span>
    </p>
   </div>
  </div>
 </body>
</html>
