2508 4134
490 219 712 258 PANARn
742 219 844 258 Lus.
869 220 940 258 111.
964 219 1097 259 ΤοΜ.
1122 220 1174 259 11.
1205 219 1369 262 HAER.
1395 220 1612 260 Lxxvn.
1905 209 2005 259 375

112 315 256 382 igitur
297 315 555 383 perfectum
597 315 727 365 illum
772 316 1009 365 hominem
1054 316 1200 366 fuisse
1240 318 1444 368 censes?
1515 318 1592 368 Ad
1633 316 1749 367 haec
1784 317 1864 367 ille
1895 316 2007 367 inti-

111 416 213 449 mos
241 398 385 448 animi
414 398 487 449 sui
517 415 689 450 sensus
718 399 855 449 nobis
883 398 1095 465 aperuit,
1139 407 1203 460 ct,
1246 398 1482 462 Eatenus,
1524 401 1695 468 inquit,
1739 402 2005 469 perfectum

112 481 345 532 hominem
374 482 521 534 fuisse
553 482 779 544 dicimus,
822 483 860 533 si
892 482 1189 532 divinitatem
1217 481 1284 532 illi
1318 483 1422 532 loco
1454 484 1627 534 mentis
1655 484 2003 548 adscribamus,

109 575 157 616 et
184 582 404 628 carnem,
458 574 599 633 atque
640 566 846 616 animam
889 567 1231 633 adiungamus,
1285 565 1354 615 sic
1394 575 1442 614 ut
1478 569 1718 634 perfectus
1759 567 1899 618 homo
1940 584 2006 619 ex

109 665 280 711 carne,
333 650 518 713 anima,
572 649 817 700 divinitate
839 689 852 713 ,
905 667 1026 717 quae
1071 650 1134 699 sit
1178 648 1350 698 mentis
1386 648 1565 709 instar,
1623 651 1819 702 existat.
1898 650 2006 702 Hoc

106 733 252 798 igitur
281 733 420 783 modo
452 734 751 802 deprehensa
787 733 834 783 in
866 733 946 783 illo
990 741 1118 783 tanta
1166 732 1490 783 contentionis
1523 733 1750 797 libidine,
1808 752 1913 784 cum
1947 734 2006 785 ad

107 834 209 867 eam
242 833 342 866 rem
377 817 586 885 pluribus
620 818 1026 886 disputassemus,
1068 825 1116 865 et
1144 833 1208 866 ex
1240 833 1485 866 sacrarum
1516 816 1759 867 literarum
1795 817 2005 868 auctori-

107 908 203 950 tate
230 901 711 969 comprobassemuS,
754 901 1031 952 necessario
1060 900 1196 951 fateri
1229 917 1316 950 nos
1348 908 1573 967 oportere
1604 901 1762 951 omnia
1798 918 1823 949 a
1854 901 2003 951 verbo

106 986 320 1053 perfecte
352 985 498 1035 fuisse
540 994 794 1053 suscepta,
853 985 974 1035 etin
1006 992 1247 1052 assumpta
1290 1001 1437 1033 carne
1480 984 1692 1049 perfecte
1730 984 1891 1033 itidem
1924 985 2005 1035 ad·

103 1068 400 1131 ministrata,
454 1085 593 1136 quam
625 1077 732 1137 post
768 1069 1171 1119 resurrectionem
1202 1085 1335 1117 suam
1374 1068 1587 1135 perfecte
1624 1067 1713 1118 sibi
1741 1068 2001 1136 copularit,

104 1152 226 1202 adeo
259 1161 307 1202 ut
339 1153 536 1202 eandem
566 1153 706 1203 modo
737 1153 1030 1221 spiritualem
1060 1151 1254 1202 omnino
1284 1151 1515 1201 redditam
1535 1191 1547 1214 ,
1603 1169 1696 1202 non
1724 1151 1861 1202 aliam
1881 1191 1894 1215 ‚
1947 1170 2004 1204 ac

104 1236 372 1299 diversam,
430 1253 533 1286 cum
579 1238 769 1305 propria
799 1236 1047 1286 divinitate
1086 1235 1133 1285 in
1172 1235 1432 1302 semetipso
1471 1235 1775 1285 coniunctam
1811 1235 2002 1299 habeat,

104 1327 152 1370 et
181 1337 273 1370 una
312 1338 375 1371 ex
407 1320 486 1370 illa
525 1321 822 1388 perfectione
859 1320 1082 1370 divinitas
1122 1327 1411 1385 consurgat,
1471 1327 1613 1386 atque
1650 1319 1729 1369 illa
1760 1328 2003 1387 postremo

104 1412 272 1454 natura
311 1405 367 1454 ad
410 1405 661 1454 dexteram
700 1404 847 1473 patris
889 1403 937 1453 in
969 1404 1106 1454 coelo
1144 1412 1191 1452 et
1224 1404 1270 1453 in
1304 1402 1626 1469 sempiternae
1666 1402 2005 1455 dominationis

105 1505 160 1538 ac
218 1489 352 1555 regni
400 1488 743 1555 augustissimo
794 1489 966 1538 throno
1011 1488 1277 1538 consideat.
1355 1486 1491 1537 Haec
1543 1487 1620 1536 ubi
1664 1486 2001 1547 disseruimus,

103 1590 209 1622 cum
236 1572 424 1639 utrique
451 1572 570 1640 parti
599 1581 793 1640 propter
824 1573 1087 1622 animorum
1120 1571 1429 1640 pertinaciam
1454 1572 1909 1639 contentionemque
1932 1571 2004 1621 ni-

102 1657 163 1706 hil
199 1657 628 1724 persuaderemus,
692 1674 743 1706 re
773 1657 950 1706 infecta
989 1656 1317 1707 discessimus.
1396 1653 1695 1705 Intellectum
1724 1673 1843 1705 vcro
1877 1655 2006 1706 istud

102 1749 203 1802 est,
266 1758 358 1790 non
407 1740 463 1790 de
510 1741 610 1790 sola
649 1748 808 1790 mente
851 1740 1217 1808 disputationem
1264 1740 1385 1789 hanc
1424 1738 1532 1790 illos
1580 1740 1859 1806 ingressos,
1915 1739 2002 1790 sed

101 1832 297 1893 praeter
323 1823 435 1874 illud
465 1823 523 1873 dc
553 1832 712 1873 mente
743 1824 866 1874 aliud
902 1841 1091 1892 quoque
1120 1825 1289 1891 dogma
1320 1823 1516 1874 sectari.
1592 1823 1839 1874 Interdum
1873 1824 2002 1874 enim

100 1926 159 1959 ne
203 1908 407 1958 animam
451 1907 638 1974 quidem
683 1904 927 1957 Christum
968 1910 1287 1975 assumpsisse
1328 1908 1565 1958 ferebant.
1661 1905 1847 1959 Contra
1880 1925 2002 1974 quae

96 1992 209 2042 illud
239 1991 609 2054 obiiciebamus,
666 1990 793 2059 Quid
825 1993 1015 2042 tandem
1053 1992 1227 2059 putatis
1262 2009 1370 2042 esse
1402 1993 1643 2042 mentem?
1715 1990 2000 2044 Utrumnam

99 2076 374 2143 hypostasin
420 2092 528 2126 esse
571 2076 802 2143 quandam
847 2077 894 2125 in
930 2075 1120 2125 homine
1152 2075 1381 2126 creditis?
1452 2073 1710 2143 Multiplex
1749 2085 1823 2126 est
1855 2076 2002 2143 igitur

97 2159 258 2210 homo.
347 2159 546 2210 Adhaec
589 2159 831 2210 nonnullis
870 2160 1088 2228 placebat
1140 2160 1253 2210 nihil
1286 2177 1394 2211 esse
1441 2168 1647 2209 mentem
1691 2159 1816 2209 aliud
1859 2177 2002 2227 quam

96 2243 342 2311 spiritum,
397 2243 473 2311 qui
524 2243 699 2294 homini
741 2244 919 2311 passim
960 2245 1005 2294 in
1048 2244 1299 2312 scripturis
1344 2244 1586 2294 tribuitur.
1666 2242 1847 2294 Verum
1888 2262 1995 2295 cum

98 2336 305 2398 mentem
334 2345 629 2395 nequaquam
663 2327 879 2395 spiritum
919 2345 1026 2379 esse
1058 2329 1531 2391 demonstraremuS,
1588 2345 1651 2378 ex
1683 2346 1743 2379 eo
1775 2329 1899 2396 quod
1929 2329 1998 2379 di-

97 2419 227 2460 serte
255 2411 447 2479 scripsit
481 2412 755 2479 apostolus,
809 2416 1010 2462 Psallam
1040 2423 1212 2471 mente,
1264 2415 1462 2477 psallam
1488 2422 1537 2461 et
1558 2417 1755 2477 spirita,
1814 2413 1991 2464 multus

98 2511 155 2544 ea
183 2495 240 2544 de
272 2511 325 2545 re
357 2494 495 2544 nobis
525 2504 663 2545 natus
690 2505 764 2546 cst
789 2514 978 2559 sermo,
1032 2513 1120 2546 nec
1144 2496 1261 2565 ipsis
1292 2505 1448 2547 tamen
1478 2497 1779 2547 contentiose
1808 2506 1996 2548 certan-

98 2578 221 2628 tibus
260 2580 549 2646 persuadere
589 2580 847 2646 potuimus.

236 2660 414 2713 Postea
455 2679 573 2712 vero
616 2680 721 2712 cum
763 2664 1016 2713 nonnullos
1049 2681 1112 2714 ex
1156 2664 1214 2714 iis
1247 2664 1371 2715 hunc
1400 2665 1446 2714 in
1478 2665 1667 2715 modum
1704 2665 1995 2732 aggredere-

97 2764 230 2810 mur,
285 2743 410 2812 Quid
456 2748 679 2796 tandem?
736 2765 843 2796 num
890 2748 1166 2815 hypostasin
1214 2765 1323 2798 esse
1366 2757 1572 2799 mentem
1619 2748 1869 2799 asseritis?
1921 2748 1996 2799 cui

96 2848 200 2879 cum
227 2830 289 2879 ita
314 2830 500 2897 quidam
526 2840 838 2880 occurrerent
870 2840 919 2880 ut
953 2832 1228 2899 hypostasin
1257 2843 1493 2900 negarent
1523 2850 1631 2883 esse
1654 2833 1778 2900 quod
1802 2832 1870 2882 eis
1887 2849 1996 2899 per-

96 2931 404 2965 suaseramus
438 2932 532 2964 non
562 2915 604 2964 id
635 2931 743 2963 esse
774 2924 1009 2976 mentem,
1052 2933 1205 2982 neque
1233 2921 1445 2981 spiritam
1474 2920 1603 2965 illam
1630 2916 1707 2983 qui
1732 2916 1998 2984 appellatur

95 3001 316 3058 hominis,
361 3016 466 3047 cum
496 2999 724 3066 scriptum
754 2998 842 3061 sit,
880 3002 1080 3047 Psallam
1108 3010 1281 3059 mente,
1330 3004 1529 3065 psallam
1560 3011 1608 3049 et
1634 3003 1829 3064 spirita,
1887 3016 1993 3049 cum

95 3083 328 3133 adversus
360 3082 475 3132 haec
509 3082 623 3132 nihil
652 3082 884 3132 haberent
916 3083 1038 3149 quod
1071 3093 1396 3151 opponerent,
1453 3094 1547 3134 tum
1579 3101 1753 3151 urgere
1784 3082 1854 3133 sic
1884 3099 1995 3133 coe-

96 3166 277 3233 pimus:
334 3164 385 3217 Si
418 3184 554 3216 mens
589 3185 683 3216 non
714 3166 985 3235 hypostasis
1017 3174 1115 3229 est,
1150 3168 1258 3217 sed
1292 3168 1437 3218 totius
1479 3167 1756 3236 hypostasis
1799 3174 1995 3217 nostrae

96 3250 323 3316 quaedam
361 3250 538 3313 motio,
598 3269 704 3300 cum
739 3248 983 3301 Christum
1018 3259 1223 3300 mentem
1266 3268 1375 3301 esse
1417 3252 1502 3301 hac
1537 3268 1601 3302 ex
1633 3259 1766 3319 parte
1811 3250 1992 3314 velitis,

97 3333 304 3387 eundem,
328 3334 519 3383 minime
548 3335 887 3384 subsistentem
929 3333 1130 3400 fingitis,
1187 3351 1241 3384 ac
1280 3335 1444 3384 verbis
1481 3344 1619 3384 tenus
1654 3345 1699 3384 et
1729 3333 1889 3401 specie
1923 3343 1994 3384 to-

95 3423 191 3465 tum
222 3415 333 3466 illud
366 3418 609 3485 negotium
645 3417 990 3468 incarnationis
1019 3416 1217 3468 obiisse.
1293 3417 1460 3468 Nihilo
1491 3419 1642 3484 magis
1675 3418 1731 3468 ad
1768 3418 1886 3467 hacc
1915 3435 1993 3469 ra-

95 3527 274 3581 gloriose
324 3527 573 3581 spiritualem
629 3538 783 3579 totam,
844 3536 885 3569 et
930 3543 1011 3568 non
1124 3525 1160 3568 4.
1193 3531 1366 3569 Fortasse
1405 3532 1731 3579 transponendum
1766 3525 1867 3584 ἡμῖν
1910 3525 1990 3573 ἐπὸ

94 3584 237 3629 aliam,
290 3598 378 3623 cum
420 3585 583 3638 propria
620 3586 772 3625 deitate
808 3586 847 3624 in
884 3584 1017 3637 seipso
1072 3580 1216 3626 τούτου
1248 3579 1311 3626 ὅτι
1339 3581 1415 3640 οὐχ
1443 3587 1528 3627 κτλ.

95 3639 248 3679 unitam
273 3639 448 3690 habere,
479 3649 688 3695 totamque
719 3641 1016 3694 perfectionem
1130 3640 1224 3682 CAP.
1243 3641 1382 3683 XXV.
1414 3664 1464 3674 -—-
1526 3641 1561 3682 1.
1598 3632 1679 3695 ἆρα
1706 3643 1817 3683 codd.
1846 3655 1935 3687 mss.

95 3709 215 3737 unam
241 3695 434 3735 deitatem
463 3697 671 3752 effecisse,
705 3706 746 3739 et
771 3697 913 3738 sedere
934 3701 1016 3740 cett.

2043 2438 2074 2473 1.
2100 2435 2185 2471 Cor.

2056 2480 2111 2524 14,
2134 2479 2186 2514 15-

2066 2678 2163 2731 Cap.

2053 2735 2191 2776 XXV.
