2508 4134
506 307 732 349 PANARH
759 307 959 349 L113.111.
989 308 1123 350 ToM.
1147 311 1199 350 11.
1229 309 1394 350 HAER.
1420 310 1635 351 Lxxvn.
1915 297 2015 349 339

257 501 604 545 ATHANASIUS
633 502 922 543 EPlSCOPUS
953 503 1350 543 ALEXANDRIAE
1380 504 1650 546 EPICTETO
1682 505 1874 545 CORIN-

782 573 1041 614 THlORUM
1070 573 1343 613 EPISCOPO.

258 657 490 726 Equidem
533 657 801 708 arbitrabar
840 656 1220 719 haereticorum,
1280 666 1511 724 quotquot
1557 676 1760 725 unquam
1806 661 2016 723 fuerunt,
2055 658 2152 712 Cap.
2179 659 2243 696 ¹¹¹·

119 744 328 794 omnium
354 759 526 792 vanam
555 742 906 808 absurdamque
930 740 1266 808 loquacitatem
1296 740 1352 790 ab
1371 739 1592 792 Nicaena
1614 745 1800 811 synodo
1831 744 2020 811 penitus

119 845 227 879 esse
255 843 597 895 compressam.
676 822 813 890 Quae
848 824 972 874 enim
1002 825 1097 875 illic
1136 842 1162 873 a
1195 824 1406 892 patribus
1440 843 1502 875 ex
1535 843 1779 876 sacrarum
1813 827 2023 877 auctori-

119 920 215 962 tate
243 911 486 961 literarum
523 910 770 978 proposita
807 908 914 958 fidei
946 908 1150 958 formula
1178 917 1279 971 est,
1335 926 1440 958 cum
1475 910 1532 959 ad
1576 927 1717 960 omne
1754 928 1906 976 genus
1937 912 2025 961 im-

120 994 308 1065 pietatis
334 995 666 1056 evertendum,
710 1001 804 1043 tum
834 994 890 1042 ad
921 991 1197 1060 religiosam
1227 993 1274 1042 in
1304 989 1503 1042 Christo
1533 993 1669 1043 fidem
1701 995 2025 1045 affirmandam

122 1080 340 1131 sufficere
378 1077 586 1129 videtur.
664 1075 990 1144 Quamobrem
1043 1094 1147 1126 cum
1190 1093 1276 1143 per
1309 1075 1547 1139 Galliam,
1601 1077 1883 1146 Hispaniam
1922 1078 2025 1129 Ro-

122 1180 322 1231 maeque
363 1162 482 1212 adeo
512 1161 780 1228 frequentia
818 1160 906 1210 hoc
939 1168 1155 1228 tempore
1193 1160 1397 1211 concilia
1438 1162 1678 1212 celebrata
1710 1163 1835 1226 sint,
1891 1172 2026 1230 quot-

122 1256 238 1316 quot
260 1248 307 1297 in
334 1245 426 1296 illis
453 1245 733 1312 congregati
764 1253 893 1307 sunt,
935 1244 1150 1295 occultos
1178 1243 1285 1295 Arii
1320 1246 1552 1307 fautores,
1577 1245 1894 1296 'Auxentium
1922 1247 2027 1297 dico

123 1330 570 1393 Mediolanensem,
612 1337 660 1379 et
685 1326 961 1390 Ursatium,
1002 1345 1058 1378 ac
1091 1327 1366 1391 Valentem,
1411 1326 1582 1380 Caium
1616 1347 1803 1398 quoque
1835 1328 2030 1381 Panno-

125 1416 283 1478 nium,
326 1414 458 1464 velut
490 1413 631 1464 unius
661 1413 818 1485 afflatu
846 1412 1061 1481 spiritus,
1106 1414 1344 1464 communi
1371 1414 1602 1481 suffragio
1628 1416 2027 1479 condemnarunt,

125 1509 173 1549 et
202 1498 473 1566 encyclicas
512 1496 678 1548 literas
721 1497 1049 1564 scripserunt,
1104 1497 1274 1564 quibus
1305 1499 1427 1565 quod
1468 1499 1545 1549 isti
1586 1499 1879 1567 synodorum
1916 1500 2029 1550 falsa

126 1583 318 1633 nomina
358 1584 624 1644 iactarem,
679 1581 821 1631 ullam
862 1580 909 1630 in
940 1580 1148 1631 ecclesia
1179 1582 1409 1632 catholica
1443 1583 1677 1651 synodum
1717 1593 1909 1650 praeter
1939 1582 2032 1634 Ni-

127 1684 325 1717 caenam
356 1665 594 1716 nominari
622 1673 909 1728 vetuerunt3
961 1682 1082 1732 quae
1115 1683 1219 1715 cum
1252 1667 1308 1716 de
1336 1666 1513 1716 ceteris
1543 1667 1791 1731 omnibus,
1849 1677 1946 1718 tum
1974 1669 2031 1718 de

127 1751 313 1801 Ariana
351 1749 648 1818 potissimum
689 1749 877 1799 haeresi
917 1749 1253 1817 triumphavit,
1313 1751 1449 1801 cuius
1481 1752 1622 1801 unius
1651 1753 1807 1819 gratia
1842 1753 2033 1821 potissi-

129 1852 253 1885 mum
279 1843 353 1883 est
378 1833 602 1883 collecta.
678 1832 800 1883 Post
825 1850 882 1883 ea
914 1851 1028 1884 vero
1053 1842 1124 1884 tot
1148 1843 1393 1902 tantaque,
1437 1836 1546 1902 quid
1568 1844 1642 1885 est
1666 1837 1789 1902 quod
1818 1836 2032 1887 nonnulli

128 1917 508 1969 controversiam
551 1918 709 1967 facere
749 1934 806 1967 ac
841 1917 1151 1985 quaestiones
1195 1919 1376 1985 agitare
1416 1921 1686 1970 conantur?
1761 1917 1858 1985 Qui
1894 1921 1933 1972 si
1972 1938 2034 1972 ex

130 2004 315 2055 Ariana
354 2001 562 2052 factione
602 2010 740 2063 sunt,
797 2001 912 2051 nihil
963 2001 1133 2052 mirum
1186 2013 1259 2052 est
1311 2004 1418 2054 illos
1458 2021 1577 2071 quae
1625 2013 1792 2054 contra
1832 2021 1884 2055 se
1924 2013 2035 2055 sunt

129 2088 306 2155 scripta
344 2086 615 2137 criminari.
693 2083 1107 2151 Quemadmodum
1151 2095 1199 2136 et
1238 2088 1444 2154 gentiles
1484 2106 1587 2138 cum
1622 2105 1648 2137 e
1680 2089 1875 2156 psalmis
1910 2090 2035 2139 istud

131 2172 347 2234 audiunt,
380 2173 678 2220 Sz'mulaelzra
694 2174 905 2235 gentium
924 2180 1187 2234 argentum,
1222 2182 1270 2220 et
1294 2190 1478 2233 aarum,
1512 2191 1625 2237 opus
1651 2190 1864 2222 manuum
1887 2176 2031 2223 lzomz‘-
2078 2172 2231 2259 ῙῙζῗῑῐιῐὲ·

126 2274 261 2316 num,
313 2255 441 2305 illam
468 2254 663 2323 spiritus
693 2255 843 2304 sancti
874 2255 1138 2304 doctrinam
1170 2273 1351 2306 meram
1384 2274 1493 2307 esse
1522 2256 1769 2307 stultitiam
1800 2257 2039 2308 arbitran-

131 2350 226 2390 tur.
303 2337 389 2391 Sin
423 2357 487 2389 ex
527 2356 692 2389 eorum
724 2356 923 2388 numero
957 2347 1070 2389 sunt
1111 2340 1188 2407 qni
1230 2358 1349 2391 sana
1381 2358 1436 2391 ac
1474 2342 1665 2391 sincera
1702 2343 1790 2391 fide
1836 2342 2039 2410 praediti

132 2423 381 2486 videntur,
435 2431 482 2472 et
505 2422 554 2472 in
584 2423 642 2473 iis
672 2439 791 2490 quae
819 2441 846 2474 a
876 2423 1090 2491 patribus
1124 2425 1317 2475 decreta
1347 2434 1460 2476 sunt
1487 2426 1828 2493 acquiescere,
1883 2444 1938 2477 ac
1967 2427 2040 2478 ni-

132 2507 387 2557 hilominus
430 2507 530 2557 suis
574 2507 666 2557 illis
708 2507 1071 2574 quaestionibus
1117 2518 1340 2559 evertere
1391 2510 1547 2560 omnia
1594 2519 1863 2573 conantur,
1924 2512 2039 2562 nihil

133 2591 259 2642 aliud
289 2590 498 2640 efficiunt
525 2590 616 2640 nisi
646 2593 767 2658 quod
798 2592 1025 2659 scriptum
1053 2600 1156 2655 est,
1197 2597 1415 2644 Prooee'mo
1441 2598 1619 2660 quidem
1650 2596 1877 2644 turbidam
1905 2614 2032 2645 ever·
2050 2594 2279 2675 &effi-1323}

132 2680 302 2725 sionem
340 2677 621 2739 propinant,
677 2685 724 2723 et
746 2680 916 2724 otiosas
945 2678 1185 2725 verborum
1217 2683 1529 2728 contentiones
1557 2689 1761 2738 movent,
1820 2697 1942 2747 quae
1981 2681 2041 2731 ad
2237 2669 2247 2683 ’
2283 2669 2291 2676 .

136 2759 262 2810 aliud
294 2758 409 2809 nihil
434 2776 574 2825 quam
603 2758 660 2808 ad
690 2760 933 2810 rudiorum
962 2760 1221 2827 perniciem
1254 2771 1396 2829 atque
1423 2762 1625 2813 exitium
1654 2764 1912 2831 pertinent.

278 2843 414 2894 Haec
452 2841 632 2892 idcirco
675 2843 835 2893 scribo
871 2846 993 2910 quod
1034 2848 1376 2896 commentaria
1414 2848 1644 2914 quaedam
1681 2848 1774 2914 legi
1809 2866 1835 2897 a
1866 2848 2042 2915 pietate
2065 2856 2162 2910 Cap.
2198 2858 2263 2895 W.

138 2938 217 2979 tua
261 2928 399 2979 nobis
436 2926 612 2976 oblata.
690 2924 828 2993 Quae
867 2928 1045 2978 utinam
1089 2930 1267 2996 scripta
1314 2948 1555 2997 nunquam
1586 2931 1815 2982 fuissent!
1873 2948 1930 2981 ne
1964 2932 2043 2982 vel

139 3013 419 3065 tenuissima
445 3015 501 3065 ad
529 3023 749 3082 posteros
777 3011 965 3062 illorum
987 3013 1219 3063 memoria
1244 3016 1539 3082 perveniret.
1619 3014 1740 3081 Quis
1769 3014 1894 3064 enim
1925 3014 2043 3065 haec

197 3238 235 3280 3.
265 3238 454 3287 πανονίας
478 3240 589 3279 codd.
619 3251 709 3278 mss.
750 3240 783 3276 et
812 3237 900 3275 edit.
923 3237 1062 3285 princ„
1119 3239 1292 3277 omnibus
1320 3240 1427 3277 libris
1457 3242 1780 3279 consentientibus.

142 3299 175 3335 et
205 3297 274 3334 alii
303 3297 411 3345 apud
438 3298 483 3335 Β.
517 3298 617 3336 libri.
1181 3293 1241 3332 13.
1273 3293 1484 3346 πατέρων,
1522 3294 1622 3336 εἰσὶν
1654 3294 1690 3336 οἱ
1719 3298 1764 3334 Β.

198 3349 236 3392 4.
267 3365 313 3392 τε
341 3353 387 3391 Β.
1179 3346 1239 3387 14-
1273 3344 1336 3389 ἐπ’
1366 3346 1501 3391 οὐδενὶ
1529 3353 1574 3390 Β.

200 3409 237 3448 5.
269 3397 394 3448 οὖσαν
423 3403 564 3459 πάσης
595 3404 666 3459 μὲν
696 3409 739 3446 Β.
1179 3404 1273 3443 CAP.
1306 3406 1374 3444 IV.
1403 3427 1455 3435 -
1507 3409 1540 3445 1.
1562 3406 1805 3460 πραχῖτεῖσιν
1832 3407 1941 3446 codd.
1956 3418 2044 3446 mss.

198 3461 238 3503 6.
267 3455 297 3514 η’
333 3464 466 3515 ζητεῖν
494 3477 601 3510 τινες
630 3466 673 3503 Β.
1122 3465 1154 3500 et
1181 3462 1239 3498 ed.
1261 3463 1383 3509 princ.
1414 3464 1537 3509 Recte,
1565 3465 1598 3500 si
1632 3460 1831 3514 πράσσειν
1864 3465 2047 3512 interpre-

199 3516 240 3559 7.
271 3514 407 3560 αὐτῶν
435 3521 479 3558 Β.
1122 3519 1215 3556 iaris
1243 3516 1420 3568 exigere,
1451 3517 1669 3569 postulare.
1714 3520 1921 3567 Ineptiebat
1946 3521 2046 3558 enim

202 3575 240 3615 8.
271 3569 406 3626 ὥςπερ
425 3569 633 3627 ΓΈλληνες
664 3569 882 3620 ἀκούοντες
910 3574 953 3612 Β.
1125 3574 1334 3612 Carnarius
1368 3577 1586 3612 convertens
1628 3587 1718 3611 cum
1757 3573 1931 3626 adeptus
1971 3573 2047 3612 sim

202 3629 241 3671 9.
273 3629 345 3671 καὶ
373 3642 447 3670 om.
476 3633 556 3670 cod.
589 3632 749 3681 Rhediy.
1125 3627 1437 3667 commentarios
1464 3642 1486 3667 a
1513 3628 1667 3681 pietate
1690 3637 1758 3669 tua
1786 3630 1932 3670 factos.
1976 3631 2048 3670 Pe-

206 3687 267 3727 10.
286 3687 550 3782 δέονὶὸεηάιιηι,
574 3689 615 3726 ni
640 3688 768 3736 fallor,
799 3683 836 3726 εἰ
858 3680 1068 3725 ἀκούουσι.
1125 3686 1252 3723 tacius
1290 3687 1442 3733 scripsit
1491 3685 1803 3739 προςαχὲεῖσιν,
1862 3691 1903 3726 ut
1940 3688 2049 3725 habet

208 3742 270 3782 11.
316 3740 403 3794 ’ργα
429 3744 474 3781 Β.
1126 3743 1241 3780 etiam
1271 3742 1313 3779 B.

209 3797 269 3837 12.
319 3796 431 3838 ἓῐείου
478 3797 653 3850 σταυροῦ
698 3795 966 3839 διδασκαλίαν
1011 3798 1070 3844 Β,

1589 3868 1711 3919 22*
