2508 4134
463 319 689 361 PANARH
719 318 824 359 Lm.
841 319 916 358 111.
945 317 1080 359 ToM.
1100 321 1151 359 11.
1184 314 1570 360 HAER.Lxx1x.
1862 308 1964 360 449

66 433 231 490 etqua
271 419 459 471 ratione
501 417 830 469 convincenda
871 416 935 467 sit
965 415 1214 485 implorata
1257 419 1331 468 dei
1365 436 1454 487 ope
1496 436 1581 487 pro
1615 418 1741 468 virili
1771 418 1967 469 demon-

66 505 350 568 strabimuS,
408 512 461 554 ut
487 502 627 553 huius
655 500 898 564 haeresis,
950 518 1071 568 quae
1100 501 1400 553 idololatriae
1433 502 1777 571 superstitione
1814 502 1969 571 impli-

65 598 171 641 cata
194 596 296 651 est,
351 586 555 638 succisis
596 585 834 636 radicibus
874 593 1052 636 tantam
1083 601 1148 635 ex
1180 584 1352 637 animis
1387 588 1700 654 quorumdam
1733 587 1967 637 insaniam

66 691 123 725 ac
157 672 340 724 rabiem
377 671 537 722 divina
576 687 667 739 ope
705 669 893 720 facilius
932 669 1215 720 evellamus,

207 755 351 823 Agite
379 770 496 823 ergo
516 793 529 817 ,
570 755 645 805 dei
678 753 861 815 famuli,
901 753 1067 804 viriles
1095 752 1421 822 concipiamus
1454 754 1658 819 animoS,
1700 765 1752 807 ut
1779 756 1971 806 mulier·
2004 763 2101 818 Cap.
2130 764 2180 803 11.

68 841 279 893 cularum
323 839 523 890 istarum
563 837 887 889 disturbemus
932 836 1209 889 amentiam.
1298 837 1435 888 Nihil
1485 839 1610 888 enim
1654 840 1702 889 in
1750 848 1849 890 toto
1890 840 1971 891 illo

44 926 290 994 'dogmate
339 931 532 992 praeter
586 921 867 972 muliebrem
916 920 1190 990 opinionem
1238 931 1342 986 est,
1415 940 1471 972 ac
1521 922 1750 991 deceptae
1803 942 1972 976 rursus

69 1008 205 1060 Evae
239 1007 486 1070 morbum,
541 1007 645 1057 sive
684 1006 843 1075 potius
881 1006 1121 1075 serpentis
1165 1005 1453 1057 incitatricis
1492 1008 1549 1057 ad
1579 1008 1749 1058 malum
1791 1008 1974 1059 bestiae

70 1102 250 1144 etcum
295 1092 396 1159 ipsa
439 1091 705 1141 collocutae
746 1091 954 1141 mendax
984 1090 1266 1160 promissio,
1320 1107 1442 1158 quae
1480 1090 1595 1141 nihil
1628 1092 1769 1142 affert
1795 1091 1842 1142 in
1877 1110 1976 1143 me-

70 1177 228 1241 dium,
286 1192 441 1243 neque
482 1175 719 1244 promissa
756 1174 971 1243 perficit,
1019 1175 1109 1244 *sed
1140 1183 1343 1226 mortem
1385 1183 1433 1226 et
1459 1175 1660 1225 exitium
1695 1177 1973 1239 consciscit,

69 1263 178 1312 dum
227 1277 283 1311 ea
326 1277 447 1328 quae
490 1277 722 1327 nusquam
766 1259 861 1309 sint
907 1268 1129 1326 tanquam
1175 1276 1290 1310 vera
1337 1267 1386 1310 et
1430 1259 1694 1311 existentia
1741 1261 1972 1311 nominat.

72 1343 203 1413 Quin
246 1353 295 1396 et
325 1344 439 1394 illud
467 1342 636 1407 efficit,
693 1352 744 1394 ut
773 1361 838 1395 ex
879 1343 1066 1394 arboris
1110 1352 1371 1413 conspectu
1408 1344 1456 1394 in
1490 1345 1630 1395 deum
1669 1354 1979 1395 contumaces
2024 1360 2117 1394 Gen.
2144 1360 2176 1394 1.

71 1431 197 1494 sint,
255 1438 304 1480 et
341 1446 367 1479 a
404 1428 610 1479 veritate
649 1427 964 1478 abhorrentes
1002 1428 1060 1478 ad
1100 1428 1241 1478 multa
1294 1446 1350 1479 ac
1402 1428 1594 1480 diversa
1646 1430 1975 1480 traducantur.

74 1512 357 1567 Cuiusmodi
384 1530 503 1564 vero
532 1511 715 1563 semina
745 1512 1074 1563 fraudulentus
1105 1513 1184 1562 ille
1208 1513 1354 1563 iaciat
1384 1530 1449 1563 ex
1483 1514 1585 1564 eius
1621 1514 1783 1565 verbis
1811 1514 1982 1564 existi-

74 1599 195 1650 mari
223 1607 409 1667 potest,
463 1600 640 1658 Erz'tzls,
696 1597 874 1665 inquit,
927 1601 1052 1646 sicut
1087 1600 1168 1646 dz'z‘.
1249 1597 1411 1665 Atque
1455 1598 1622 1648 eodem
1656 1598 1794 1667 plane
1840 1599 1981 1649 modo

74 1684 259 1734 bestiae
288 1683 415 1734 illius
440 1681 717 1748 arrogantia
748 1689 889 1749 atque
918 1682 1043 1731 fastu
1072 1680 1275 1731 istorum
1307 1682 1503 1750 spiritus
1531 1683 1816 1734 efferuntur.
1874 1680 1982 1749 Qua

76 1767 263 1836 quidem
294 1766 518 1836 superbia
548 1765 759 1834 proprie,
801 1764 869 1815 uti
899 1765 1136 1830 diximus,
1184 1774 1387 1816 mortem
1431 1765 1511 1817 illa
1553 1767 1797 1818 conciliat.
1854 1766 1983 1818 Nam

76 1861 128 1903 ut
164 1852 222 1903 ab
268 1850 476 1919 antiquis
525 1849 822 1918 temporibus
859 1850 915 1899 ad
959 1850 1080 1900 hanc
1124 1868 1275 1918 usque
1320 1851 1444 1901 diem
1497 1851 1658 1902 animo
1707 1860 1982 1920 repetamus

81 1936 270 1999 omnia,
326 1934 431 2003 quis
457 1952 552 1986 non
584 1934 714 1985 videt
749 1934 1031 1984 daemonum
1065 1934 1191 1985 illam
1224 1951 1335 1986 esse
1365 1935 1631 1986 doctrinam
1664 1953 1719 1986 ac
1753 1936 1983 2005 speciem,

85 2030 132 2072 et
170 2021 520 2088 discrepantem
566 2018 626 2069 ab
666 2026 798 2069 recta
842 2017 1028 2068 ratione
1074 2021 1331 2069 conatum?
1414 2018 1673 2087 Nunquam
1712 2021 1869 2084 enim,
1925 2038 1990 2071 ex

88 2123 181 2174 quo
208 2104 411 2155 mundus
445 2103 665 2154 conditus
709 2111 810 2166 est,
864 2103 1137 2153 sacerdotio
1164 2113 1236 2154 est
1267 2105 1427 2154 functa
1453 2104 1650 2169 mulier,
1704 2123 1757 2156 ac
1793 2122 1853 2155 ne
1879 2103 1989 2156 Eva

87 2190 275 2259 quidem
301 2189 432 2257 ipsa,
472 2204 593 2256 quae
622 2189 810 2238 tametsi
840 2186 1177 2255 gravissimum
1207 2187 1428 2239 delictum
1459 2189 1733 2253 admiserit,
1775 2198 1867 2239 tam
1901 2188 1991 2239 im-

84 2275 210 2344 pium
241 2274 425 2325 facinus
454 2281 731 2341 perpetrare
764 2289 1004 2340 nunqnam
1039 2290 1156 2323 ausa
1190 2282 1293 2337 est,
1348 2274 1432 2324 sed
1463 2292 1552 2324 nec
1581 2274 1674 2325 ulla
1705 2274 1904 2325 filiarum
1936 2273 1991 2324 il-

85 2361 195 2411 lius,
272 2356 572 2426 Quamquam
602 2366 649 2407 et
675 2355 801 2407 Abel
840 2356 929 2407 deo
955 2356 1155 2408 subinde
1194 2374 1333 2409 sacra
1365 2359 1562 2422 fecerit,
1620 2368 1669 2409 et
1697 2356 1880 2410 Cainus
1913 2377 1993 2408 co-

86 2461 187 2495 ram
229 2442 421 2493 domino
463 2441 699 2492 sacrificia
741 2440 933 2492 minime
978 2450 1137 2492 tamen
1181 2442 1250 2493 illi
1292 2452 1428 2510 grata
1472 2442 1744 2493 celebrarit.
1839 2441 1904 2495 Ut
1946 2451 1995 2493 et

89 2527 288 2590 Enoch,
331 2526 410 2595 qui
435 2530 517 2575 deo
544 2529 750 2591 placuit,
794 2536 841 2575 et
869 2529 1126 2576 translatus
1151 2537 1235 2576 est.
1313 2525 1427 2579 Noe·
1457 2545 1574 2578 vero
1608 2545 1671 2578 ex
1699 2528 1758 2578 iis
1791 2545 1992 2595 quorum
2018 2537 2112 2571 Gen.
2127 2536 2225 2581 5,22-

88 2614 136 2664 in
164 2629 276 2664 arca
304 2611 443 2679 copia
478 2610 800 2673 redundabat,
855 2611 912 2660 ad
939 2611 1152 2678 agendas
1184 2610 1366 2679 gratias
1406 2612 1575 2663 obtulit
1611 2613 1730 2677 deo,
1773 2611 1990 2680 gratique
2015 2583 2246 2667 Eccliimc.

90 2696 235 2749 animi
276 2695 673 2763 significationem
715 2694 872 2758 dedit,
925 2713 1030 2746 cum
1066 2694 1114 2745 in
1159 2696 1289 2746 illum
1319 2714 1345 2747 a
1380 2715 1472 2765 quo
1506 2705 1730 2748 servatus
1760 2705 1866 2747 erat
1897 2713 1996 2746 me-

93 2799 273 2833 morem
315 2779 534 2831 beneficii
577 2778 786 2829 animum
824 2787 1028 2830 testatus
1061 2789 1151 2830 est.
1227 2779 1356 2831 Nam
1397 2789 1445 2831 et
1485 2780 1757 2832 Abraamus
1802 2781 1881 2831 ille
1925 2781 1996 2830 iu-

95 2875 196 2918 stus
225 2866 315 2915 deo
348 2862 655 2916 sacrificavit.
731 2861 855 2913 Tum
884 2860 1271 2915 Melchisedecus
1307 2869 1524 2914 sacerdos
1553 2869 1631 2915 dez·
1652 2869 1889 2925 altzksz‘mz',
1949 2871 1997 2914 et
2019 2875 2112 2910 Gen.
2127 2875 2180 2917 14,
2197 2875 2247 2949 ἒξ

95 2948 318 3013 lsaacuS,
373 2949 453 3016 qui
479 2949 568 2998 deo
598 2947 798 3016 placuit3
842 2963 930 2997 nec
963 2965 1057 2998 non
1089 2957 1137 2998 et
1163 2946 1366 3000 Iacobus
1395 2958 1650 3018 utcumque
1680 2951 1832 3017 potuit
1856 2965 1996 2999 sacra
2020 2919 2183 2960 Gen'28'
2240 2943 2247 2950 '

98 3052 244 3104 super
282 3033 483 3103 lapidem
527 3032 763 3095 offerens,
818 3048 843 3080 e
873 3030 1097 3082 lenticula
1135 3033 1291 3084 oleum
1330 3033 1519 3085 infudit.
1599 3031 1749 3085 Cuius
1774 3051 1800 3085 e
1832 3032 1998 3084 liberis

98 3128 266 3188 postea
293 3117 418 3169 Levi
447 3115 704 3168 sacerdotii
739 3113 1016 3182 dignitatem
1048 3115 1281 3180 obtinuit,
1325 3135 1350 3167 a
1379 3136 1472 3185 quo
1498 3118 1723 3186 deinceps
1753 3115 1999 3187 propagati

101 3213 212 3255 sunt
233 3203 308 3271 qui
334 3202 536 3253 eundem
563 3200 778 3251 ordinem
799 3199 1093 3267 gradumque
1115 3208 1400 3264 tenuerunt,
1432 3202 1596 3269 quales
1622 3203 1756 3252 fuere
1772 3199 1997 3269 MoyseS,

102 3296 332 3357 propneta
370 3286 509 3337 simul
551 3293 600 3335 et
634 3301 880 3335 sacrorum
914 3284 1144 3346 antistes,
1198 3293 1294 3334 tum
1321 3286 1520 3350 Aaron,
1573 3294 1620 3335 et
1650 3284 1863 3335 Aaronis
1897 3283 1998 3347 filii,

102 3371 330 3435 Eleazar,
371 3369 601 3432 Phinees,
645 3378 692 3419 et
723 3366 934 3419 ithamar
964 3367 1101 3418 buius
1130 3385 1298 3436 nepos.
1376 3367 1503 3436 Quid
1530 3378 1689 3419 autem
1722 3387 1806 3419 eos
1835 3385 2001 3418 omnes

107 3471 480 3508 commemorare
521 3470 723 3505 necesse
763 3461 836 3503 est
870 3451 949 3520 qui
990 3452 1036 3501 in
1069 3461 1235 3502 vetere
1266 3460 1552 3503 testamento
1583 3453 1671 3502 deo
1701 3452 2004 3503 sacrificasse

106 3541 361 3608 leguntur?
434 3536 846 3605 Quemadmodum
896 3536 1132 3599 Acbitob,
1186 3536 1312 3586 inter
1359 3545 1578 3599 ceteroS,
1635 3545 1731 3586 tum
1784 3534 2001 3599 Coritae‚

111 3622 402 3675 Gersonitae
441 3631 489 3672 et
524 3620 820 3685 Meraritae,
873 3621 949 3689 qni
991 3637 1056 3671 ex
1092 3618 1375 3670 Levitarum
1423 3621 1590 3670 ordine
1627 3621 1837 3672 fuerunt.
1927 3621 2006 3671 Ad

110 3707 227 3759 haec
266 3709 432 3758 domus
462 3705 569 3767 Eli,
623 3706 822 3773 eiusque
850 3723 1188 3767 successores,
1247 3706 1324 3772 qui
1357 3722 1420 3754 ex
1448 3704 1596 3773 ipsius
1635 3706 1922 3772 cognatione
1952 3705 1999 3755 in
2024 3720 2053 3753 1.
2077 3718 2216 3761 Regu.

113 3792 250 3841 domo
276 3790 556 3841 Abimelech
583 3799 631 3839 et
655 3790 889 3840 Abiatbar
913 3791 1199 3854 extiterunt,
1241 3789 1308 3839 uti
1340 3786 1563 3840 Chelcias
1596 3806 1651 3840 ac
1673 3787 1814 3853 Buzi,
1856 3807 2008 3856 usque

197 3873 340 3917 Corpus
364 3869 644 3907 Haerese01.11.
660 3871 691 3904 3.
1612 3877 1677 3927 29
