2508 4134
449 271 551 323 632
1025 278 1296 319 ADDENDA
1327 279 1402 322 ET
1434 278 1811 322 GORRIGENDA.

448 376 570 433 ὅρος,
600 377 675 421 καὶ
703 376 800 421 ἐκεῖ
819 376 1045 429 ἐκαθέζετο
1073 375 1181 433 μετὰ
1206 378 1303 422 τῶν.
1320 379 1524 434 μαθητῶν
1552 375 1694 423 αὐτοῦ.
1749 371 1833 422 Ἢν
1861 377 1910 423 δὲ
1935 376 1984 422 τὸ
2011 376 2173 436 Πάσχα
2199 377 2231 434 ἦ
2256 377 2384 433 ἑορτὴ

445 451 529 493 τῶν
555 447 787 493 Ἰουδαίων.
848 446 1032 503 Λοιπὸν,
1064 446 1124 497 ὥς
1153 448 1267 504 λέγει
1293 447 1346 493 τὰ
1371 444 1479 493 ἄλλα
1509 446 1755 505 εὐαγγέλια,
1787 448 2111 503 Παραδοθέντος
2136 451 2208 494 τοῦ
2237 446 2386 495 Ἰωάν-

446 536 515 563 νου
542 517 676 563 έλθών
704 517 958 576 κατῴκησεν
990 519 1051 569 εἰς
1079 518 1375 575 Καφαρναοὺμ
1398 518 1477 575 τὴν
1500 519 1845 575 παραθαλάσσιον
1862 552 1872 571 ,
1903 515 1965 569 ῶς
1989 519 2063 579 καὶ
2084 517 2215 570 αὐτὸς
2238 517 2386 564 ’Ῑωάνε

400 611 403 613 ·
446 606 523 644 νης
552 588 720 646 συνῳδὰ
750 595 838 638 τοῖς
877 584 1016 638 ἄλλοις
1057 587 1297 644 εὑρίσκεται
1337 591 1481 646 λέγων.
1540 592 1628 635 Τοῦ
1659 589 1767 646 γὰρ,
1814 587 1978 647 Πάσχα
2007 589 2049 635 ἐν
2076 591 2178 646 μηνὶ
2204 591 2383 646 Μαρτίῳ

447 655 479 715 η’
509 657 736 716 Ἀπριλλίῳ
776 659 994 715 γενομένου
1033 658 1261 712 ἐξάπαντος
1289 662 1522 706 δείκνυνται
1562 657 1679 705 ἄλλοι
1705 656 1823 710 ὄντες
1853 660 1990 716 καιροὶ
2025 661 2067 705 ἐν
2091 660 2157 712 οἷς
2186 659 2210 707 ὁ
2238 659 2384 716 σωτήρ

450 729 557 787 μετὰ
582 728 653 774 τὸν
680 729 912 786 πειρασμὸν
938 729 1043 786 πρὸς
1065 729 1136 775 τὸν
1161 727 1357 787 Ἰωάννην
1385 731 1634 788 ἀφικνεῖται.
1692 732 1991 787 Κατηγοροῦσι
2013 731 2064 777 δὲ
2086 733 2125 776 οἱ
2143 729 2273 777 »αὐτοὶ
2298 728 2386 777 πά-

449 805 507 845 λιν
534 803 622 844 κτλ.
656 826 708 832 -
766 801 793 842 l.
816 801 854 843 9.
885 802 936 842 ab
965 802 1042 842 inf.
1076 798 1204 846 αὐτοῦ
1232 799 1377 858 εὐαγγ.
1409 798 1500 858 Ιὅτι,
1541 802 1699 859 φησὶν,
1729 800 1753 847 ὁ
1778 799 1981 857 Ἰωάννης
2009 802 2092 859 ἔφη
2117 801 2197 848 δύο
2225 803 2388 861 Πάσχα

447 870 519 916 τὸν
537 873 715 927 σωτῆρα
741 871 1012 926 πεποιηκέναι
1037 873 1154 927 (hinc
1177 874 1360 914 sananda
1385 875 1550 928 vulgata
1578 883 1640 915 est
1663 873 1888 929 scriptura)
1915 873 1957 918 ἐν
1981 871 2165 930 περιόδῳ
2191 873 2387 919 ἐνιαυτῶν

449 941 551 988 δύο·
596 944 633 986 οἱ
658 941 706 987 δὲ
736 938 853 987 ἄλλοι
886 939 1185 1000 εὐαγ-γελισταὶ
1211 943 1307 998 περὶ
1336 944 1431 994 ἑνὸς
1460 942 1623 1001 Πάσχα
1652 945 1907 998 διηγοῦνται.
1966 944 2055 989 Καὶ
2083 942 2160 988 οὐκ
2184 945 2323 989 ἴσασιν
2350 945 2389 989 οἱ

451 1013 615 1058 ἰδιῶται
638 1009 705 1057 ὅτι
730 1010 779 1057 οὐ
808 1012 930 1070 μόνον
959 1014 1036 1059 δύο
1063 1012 1225 1072 Πάσχα
1249 1012 1451 1070 ὁμολογεῖ
1469 1013 1524 1058 τὰ
1550 1011 1804 1070 εὐαγγέλια,
1849 1013 1911 1065 ῶς
1937 1016 2198 1072 πανταχόθεν
2228 1014 2390 1067 ἐδείξα-

428 1099 552 1139 μεν,
593 1080 699 1128 ἀλλὰ
729 1082 806 1129 δύο
835 1084 908 1140 μὲν
936 1090 1023 1129 κτλ.
1053 1088 1157 1127 ven.
1185 1110 1240 1118 —
1300 1088 1330 1127 Ι.
1349 1088 1388 1127 5.
1416 1086 1467 1126 ab
1497 1086 1574 1127 inf.
1620 1083 1641 1129 ὅ
1672 1084 1818 1141 σωτήρ
1847 1081 1948 1130 ἄλλο
1977 1083 2163 1143 Πάσχα,
2195 1084 2257 1136 ῶς
2286 1083 2391 1130 εἶναι

450 1155 546 1209 τρία
570 1152 735 1212 Πάσχα
763 1152 845 1200 ἀπὸ
883 1157 958 1200 τοῦ
995 1155 1143 1213 χρόνου
1174 1158 1246 1200 τοῦ
1284 1156 1574 1214 βαπτίσματος
1614 1156 1686 1201 καὶ
1727 1158 1809 1212 τῆς
1838 1155 1980 1214 ἀρχῆς
2017 1157 2090 1201 τοῦ
2121 1155 2391 1212 κηρύγματος

451 1226 521 1269 ἐπὶ
547 1226 679 1281 τρισὶν
708 1225 840 1270 ἔτεσιν
870 1226 952 1276 ἕως
977 1230 1049 1271 τοῦ
1083 1230 1278 1281 σταυροῦ.
1337 1227 1376 1270 Γ
1380 1230 1543 1272 εννᾶται
1581 1227 1654 1283 μὲν
1695 1226 1776 1283 γὰρ
1817 1225 1839 1272 ὁ
1874 1226 2020 1283 σωτήρ
2059 1227 2388 1284 τεσσαρακοστῷ

451 1297 637 1353 δευτέρῳ
668 1296 752 1340 ἔτει
780 1295 1023 1354 Αὐγούστου
1061 1297 1270 1355 βασιλέως
1305 1299 1389 1341 τῶν
1417 1295 1642 1354 Ῥωμαίων
1683 1298 1724 1342 ἐν
1753 1295 1932 1356 ύπατείᾳ
1969 1299 2043 1343 τοῦ
2071 1294 2205 1343 αὐτοῦ
2229 1294 2392 1343 Ὀκτα-

454 1368 543 1425 βίου
571 1364 814 1424 Αὐγούστου
842 1367 889 1412 τὸ
919 1369 1253 1422 τριςκαιδέκατον
1280 1368 1352 1413 καὶ
1377 1369 1577 1421 Σιλανοῦ,
1609 1366 1669 1419 οἷς
1696 1369 1784 1427 ἔχει
1805 1367 1859 1414 τά
1884 1368 2000 1425 παρὰ
2027 1367 2257 1425 Ῥωμαίοις
2284 1367 2392 1414 ὐπα-

452 1436 590 1494 τάρια.
648 1439 800 1482 Κεῖται
828 1438 908 1494 γὰρ
937 1439 979 1483 έν
1007 1435 1148 1488 αὐτοῖς
1177 1435 1324 1489 οὕτως.
1383 1437 1558 1484 Τούτων
1588 1438 1879 1485 ὑπατευόντων
1896 1474 1906 1491 ,
1948 1440 2064 1496 φημὶ
2091 1439 2139 1484 δὲ
2165 1437 2392 1497 Ὀκταβίου

450 1507 497 1552 τὸ
531 1510 867 1565 τριςκαιδέκατον
907 1510 980 1554 καὶ
1020 1511 1231 1561 Σιλανοῦ,
1278 1510 1485 1567 ἐγεννήθη
1518 1510 1705 1566 Χριστὸς
1742 1513 1797 1568 τῇ
1837 1511 1915 1567 πρὸ
1954 1507 2067 1556 ὀκτώ
2097 1511 2243 1556 Εἰδῶν
2279 1507 2393 1554 Ἰαν-

450 1580 649 1635 νουαρίων
680 1580 788 1636 μετὰ
818 1585 1036 1636 δεκατρεῖς
1064 1579 1231 1636 ήμέρας
1266 1584 1349 1637 τῆς
1377 1585 1621 1640 χειμερινῆς
1645 1583 1806 1638 τροπῆς
1835 1583 1908 1626 καὶ
1934 1584 2016 1637 τῆς
2045 1582 2119 1626 τοῦ
2147 1580 2395 1638 φωτόςκαὶ

452 1650 620 1706 ήμέρας
647 1652 709 1707 (in
737 1667 864 1706 marg.
889 1653 1040 1707 legitur
1064 1650 1342 1708 Ἰαννουαρίου
1385 1653 1459 1697 καὶ
1486 1653 1745 1711 Δεκεμβρίου
1775 1652 1859 1709 κε’)
1903 1652 2162 1708 προςθήκης.
2221 1647 2393 1708 Ταύτην

453 1721 502 1767 δὲ
525 1720 603 1777 τήν
631 1720 797 1777 ήμέραν
825 1721 1088 1778 ἑορτάζουσιν
1101 1719 1331 1778 “”Έλληνες,’
1358 1723 1473 1780 φημὶ
1502 1722 1551 1769 δὲ
1578 1725 1616 1768 οἱ
1647 1722 1946 1780 εἰδωλολάτραι
1969 1725 2025 1781 τῇ
2052 1721 2130 1779 πρὸ
2163 1720 2277 1768 ὀκτώ
2304 1723 2394 1767 Κα-

454 1793 613 1837 λανδῶν
637 1789 925 1849 Ἰαννουαρίων
949 1793 1026 1850 τὴν
1054 1793 1168 1850 παρὰ
1201 1792 1431 1849 Ῥωμαίοις
1467 1795 1724 1851 καλουμένην
1755 1795 2087 1851 Σατουρναλίαν,
2131 1791 2228 1850 παρ’
2270 1794 2395 1850 Αἰγυ-

451 1863 585 1913 πτίοις
615 1862 663 1908 δὲ
692 1864 874 1919 Κρονία,
920 1862 1016 1920 παρ’
1038 1861 1364 1921 Ἀλεξανδρεῦσι
1404 1865 1452 1911 δὲ
1478 1867 1694 1910 Κικελλία.
1755 1867 1825 1923 Τῇ
1854 1865 1935 1922 γάρ
1964 1864 2044 1920 πρὸ
2074 1861 2188 1910 ὅκτώ
2227 1866 2395 1909 Καλαν-

454 1937 540 1981 δῶν
566 1932 854 1989 Ἰαννουαρίων
880 1937 1001 1981 τοῦτο
1024 1935 1071 1980 τὸ
1099 1939 1253 1992 τμῆμα
1279 1937 1436 1993 γίνεται
1463 1933 1489 1982 δ’
1514 1937 1626 1981 ἐστιν
1653 1937 1787 1994 τροπῇ
1813 1938 1910 1992 (sic)
1927 1968 1940 1989 ,
1968 1936 2042 1980 καὶ
2061 1932 2235 1993 ἄρχεται
2256 1931 2394 1987 αὔξειν

455 2003 486 2061 ή
516 2003 662 2061 ήμέρα
686 2007 759 2049 τοῦ
787 2005 934 2062 φωτός
962 2004 1239 2064 λαμβάνοντος
1266 2006 1344 2063 την
1372 2006 1643 2063 προςθήκην,
1687 2010 1843 2062 πληροῖ
1874 2006 1922 2052 δὲ
1947 2008 2178 2061 δεκατριῶν
2218 2004 2392 2062 ήμερῶν

455 2074 635 2132 ἀριθμὸν
667 2077 728 2126 εἰς
753 2075 832 2132 τήν
861 2077 1050 2133 προοκτώ
1080 2079 1227 2123 Εἰδῶν
1255 2075 1546 2135 Ἰαννουαρίων
1577 2078 1659 2128 ἕως
1686 2078 1853 2133 ήμέρας
1873 2080 1956 2132 τῆς
1979 2079 2052 2123 τοῦ
2081 2077 2268 2132 Χριστοῦ
2297 2092 2395 2133 γεν-

453 2147 645 2203 νήσεως,
691 2149 1013 2204 προςτιθεμένου
1045 2152 1294 2204 τριακοστοῦ
1336 2145 1450 2205 ὥρας
1492 2147 1657 2206 ἑκάστῃ
1697 2145 1854 2206 ήμέρᾳ.
1911 2145 1996 2198 (Ως
2024 2145 2141 2192 καὶὸ
2171 2146 2284 2203 παρὰ
2307 2154 2395 2198 τοῖς

451 2214 615 2274 Σύροις
653 2217 785 2274 σοφὸς
821 2216 1017 2275 Ἐφραῒμ
1055 2218 1323 2275 ἐμαρτύρησε
1365 2221 1479 2276 (cod.
1512 2218 1787 2276 ἐμαρτύρισε)
1832 2217 1968 2275 τούτῳ
1993 2221 2056 2276 τῷ
2091 2217 2204 2276 λόγῳ
2233 2218 2275 2263 έν
2301 2224 2395 2269 ταῖς

455 2286 584 2333 αὐτοῦ
612 2288 849 2345 ἐξηγήσεσι
877 2291 1007 2346 λέγων
1041 2287 1134 2346 ὅτι,
1179 2287 1334 2340 Οὕτως
1358 2290 1438 2347 γὰρ
1468 2287 1729 2348 (ρ’κονομήθη
1764 2288 1795 2345 ή
1820 2291 1895 2334 τοῦ
1919 2290 2064 2344 κυρίου
2092 2287 2218 2345 ήμῶν
2246 2287 2392 2345 Ἰησοῦ

453 2361 640 2415 Χριστοῦ
667 2360 902 2414 παρουσία,
932 2359 963 2416 ή
996 2361 1106 2406 κατὰ
1133 2360 1271 2416 σάρκα
1297 2362 1514 2417 γέννησις,
1544 2355 1576 2416 ἦ
1600 2363 1673 2405 τοῦ
1706 2361 1843 2416 (scrib.
1870 2356 1987 2416 ήτοι)
2016 2362 2157 2404 τελεία
2182 2360 2394 2416 ἐνανθρῶ-

453 2446 608 2485 πησις,
655 2425 678 2475 ὃ
713 2433 902 2474 καλεῖται
935 2427 1214 2488 Ἐπιφάνεια,
1260 2430 1340 2476 ἀπὸ
1382 2433 1465 2487 τῆς
1501 2429 1642 2489 ἀρχῆς
1676 2435 1759 2487 τῆς
1797 2433 1870 2476 τοῦ
1899 2430 2045 2487 φωτὸς
2072 2428 2299 2487 αὐξήσεως
2326 2431 2396 2476 ἐπὶ

455 2501 563 2546 δέκα
598 2500 731 2556 τρισὶν
760 2499 943 2556 ήμέραις
970 2502 1273 2558 διαστήματος.
1329 2499 1494 2559 Ἐχρῆν
1524 2501 1605 2558 γὰρ
1643 2503 1716 2547 καὶ
1744 2504 1865 2547 τοῦτο
1894 2502 2020 2547 τύπον
2049 2503 2244 2558 γενέσθαι
2269 2500 2393 2558 ἀριθ-

457 2573 537 2628 μοῦ
575 2572 649 2615 τοῦ
688 2567 815 2614 αὐτοῦ
857 2573 999 2627 κυρίου
1041 2571 1166 2629 ήμῶν
1203 2572 1349 2629 Ἰησοῦ
1378 2575 1565 2629 Χριστοῦ
1597 2573 1670 2617 καὶ
1700 2575 1784 2619 τῶν
1817 2571 1945 2618 αὐτοῦ
1972 2573 2145 2619 δώδεκα
2175 2575 2393 2630 μαθητῶν,
2453 2594 2470 2612 ·

457 2639 506 2693 ὃς
533 2645 616 2686 τῶν
646 2645 878 2697 δεκατριῶν
914 2643 1088 2700 ήμερῶν
1128 2646 1210 2699 τῆς
1243 2646 1317 2689 τοῦ
1343 2643 1487 2697 φωτὸς
1524 2641 1750 2700 αὐξήσεως
1791 2642 1974 2700 ἐπλήρου
2010 2642 2206 2700 ἀριθμόν.
2264 2644 2396 2690 Πόσα

455 2731 502 2759 τε
528 2711 634 2758 ἄλλα
662 2714 723 2763 εἰς
748 2712 826 2768 τὴν
853 2713 1002 2758 τούτου
1031 2716 1105 2758 τοῦ
1138 2713 1263 2771 λόγου
1297 2714 1499 2760 ὐπόθεσίν
1526 2732 1573 2760 τε
1600 2716 1674 2760 καὶ
1703 2716 1958 2772 μαρτυρίαν,
1998 2715 2112 2771 φημὶ
2138 2715 2187 2760 δὲ
2213 2717 2296 2772 τῆς
2321 2717 2395 2760 τοῦ

455 2787 645 2842 Χριστοῦ
675 2783 915 2840 γεννήσεως
943 2786 1106 2842 γέγονέν
1130 2802 1176 2830 τε
1203 2787 1276 2830 καὶ
1301 2787 1458 2843 γίνεται
1468 2802 1483 2840 ,·
1544 2786 1633 2831 Καὶ
1657 2786 1738 2843 γάρ
1761 2788 1834 2831 καὶ
1859 2787 1984 2843 μέρος
2009 2802 2049 2830 τι
2075 2787 2159 2841 τῆς
2189 2783 2395 2842 ἀληθείας

457 2853 791 2912 ἀναγκαζόμενοι
818 2854 1032 2912 ὁμολογεῖν
1065 2859 1103 2900 οἱ
1129 2859 1209 2913 τῆς
1239 2859 1322 2902 τῶν
1350 2857 1537 2903 εἰδώλων
1569 2859 1803 2913 θρησκείας
1831 2855 2062 2915 ἀρχηγέται
2087 2858 2159 2901 καὶ
2187 2855 2397 2913 ἀπατηλοὶ

458 2929 518 2978 εἰς
543 2926 591 2971 τὸ
621 2927 887 2982 ἐξαπατῆσαι
915 2926 1013 2977 τούς
1042 2929 1289 2979 πεισθέντας
1316 2927 1460 2979 αὐτοῖς
1487 2927 1793 2985 εἰδωλολάτρας
1819 2929 1860 2973 ἐν
1887 2931 2051 2977 πολλοῖς
2077 2923 2221 2978 τόποις
2248 2927 2395 2984 ἑορτήν

458 2999 661 3055 μεγίστην
698 2995 869 3053 ἄγουσιν
897 2998 938 3041 έν
967 2995 1078 3056 αὐτῇ
1100 3001 1155 3056 τῇ
1191 2999 1307 3044 νυκτὶ
1332 3002 1416 3044 τῶν
1440 2998 1726 3057 Ἐπιφανίων,
1773 3000 1832 3049 εἰς
1858 2998 1905 3044 τὰ
1936 2998 2005 3043 ἐπὶ
2031 2999 2088 3055 τῇ
2110 2997 2245 3055 πλάνῃ
2275 2999 2392 3043 ἐλπί-

459 3085 612 3119 σαντας
650 3067 710 3124 μη
754 3071 892 3123 ζητεῖν
918 3067 996 3124 τήν
1025 3066 1245 3125 ἀλήθειαν.
1303 3072 1483 3126 Πρῶτον
1511 3071 1584 3126 μὲν
1611 3071 1652 3115 ἐν
1679 3068 1975 3127 Ἀλεξανδρείᾳ
2005 3069 2047 3113 ἐν
2072 3071 2133 3126 τῷ
2161 3069 2305 3125 Κορίῳ
2330 3070 2392 3127 τῷ

457 3140 700 3197 καλουμένῳ
716 3154 726 3164 ·
758 3137 858 3189 ναὸς
883 3140 932 3184 δέ
958 3139 1048 3184 ἐστι
1075 3141 1295 3197 μέγιστος,
1325 3142 1533 3187 τουτέστιν
1557 3141 1604 3186 τὸ
1630 3142 1804 3197 τέμενος
1825 3142 1908 3196 τῆς
1932 3139 2096 3194 Κόρης.
2144 3135 2286 3195 ‘'Oh-qv
2312 3139 2393 3196 γὰρ

457 3211 535 3267 τήν
573 3210 705 3255 νύκτα
744 3207 1088 3266 ἀγρυπνήσαντες
1124 3212 1164 3255 ἐν
1192 3209 1360 3269 ἅσμασί
1398 3228 1484 3257 τισι
1513 3213 1586 3257 καὶ
1626 3209 1768 3263 αὐλοῖς
1802 3214 1863 3269 τῷ
1891 3209 2053 3265 εἰδώλῳ
2082 3204 2277 3267 ᾅδοντες,
2322 3211 2396 3255 καὶ

456 3282 685 3339 παννυχίδα
712 3281 1027 3331 διατελέσαντες
1053 3282 1160 3337 μετὰ
1187 3282 1264 3339 τήν
1292 3286 1375 3327 τῶν
1404 3280 1689 3339 ἀλεκτρυόνων
1719 3282 1907 3339 κλαγγὴν
1934 3282 2202 3339 κατέρχονται
2230 3284 2394 3337 λαμπα·

460 3352 642 3411 δηφόροι
671 3355 731 3403 εἰς
756 3352 887 3408 σηκόν
913 3368 1003 3396 τινα
1033 3352 1256 3410 ύπόγαιον,
1288 3355 1362 3398 καὶ
1387 3352 1642 3411 ἀναφέρουσι
1671 3352 1818 3406 ξόανόν
1840 3369 1880 3397 τι
1910 3352 2063 3406 ξύλινον
2091 3352 2226 3408 φορίῳ
2257 3353 2394 3396 καθε-

461 3424 631 3481 ζόμενον
655 3423 807 3480 γυμνὸν
836 3423 927 3480 ἔχον
958 3421 1175 3480 σφραγῖδά
1198 3441 1289 3469 τινα
1318 3428 1496 3482 σταυροῦ
1529 3425 1598 3470 ἐπὶ
1622 3429 1694 3470 τοῦ
1723 3423 1917 3481 μετώπου
1945 3423 2195 3480 διάχρυσον,
2226 3423 2299 3467 καὶ
2326 3423 2395 3468 ἐπὶ

457 3502 551 3546 ταῖς
578 3496 796 3550 ἑκατέραις
829 3494 971 3552 χερσὶν
1006 3491 1137 3546 ἄλλας
1165 3494 1240 3542 δύο
1267 3494 1462 3546 τοιαύτας
1501 3501 1740 3553 σφραγῖδας
1768 3496 1912 3552 (etiam
1934 3495 1977 3535 in
2008 3496 2172 3535 Veneto
2202 3495 2295 3536 cod.
2317 3510 2389 3536 ac-

460 3577 602 3608 centus
631 3568 779 3622 ubique,
808 3576 871 3607 est
911 3568 1167 3624 σφραγίδας)
1198 3568 1270 3611 καὶ
1307 3564 1370 3611 ἐπ’
1400 3565 1542 3617 αὐτοῖς
1566 3573 1653 3617 τοῖς
1678 3566 1776 3612 δυσὶ
1803 3563 1989 3621 γονάτοις
2015 3565 2114 3620 (sic)
2143 3560 2272 3614 ἄλλας
2301 3564 2391 3619 δύο,

460 3634 566 3690 ὁμοῦ
598 3636 647 3681 δὲ
672 3636 750 3687 τὰς
774 3637 895 3681 πέντε
925 3643 1163 3693 σφραγῖδας
1191 3634 1272 3683 ἀπὸ
1301 3640 1455 3696 χρυσοῦ
1482 3637 1789 3693 τετυπωμένας.
1845 3634 1934 3678 Καὶ
1959 3635 2249 3691 περιφέρουσιν
2271 3637 2395 3680 τοῦτο

461 3705 507 3748 τὸ
540 3705 679 3757 ξόανον
705 3706 878 3758 ἑπτάκις
905 3705 1199 3760 κυκλεύσαντες
1232 3708 1302 3754 τὸν
1331 3710 1580 3765 μεσαίτατον
1611 3706 1731 3756 ναὸν,
1774 3704 1880 3760 μετὰ
1904 3701 2040 3749 αὐλῶν
2069 3707 2141 3750 καὶ
2167 3701 2391 3762 τυμπάνων

463 3775 535 3817 καὶ
572 3772 738 3831 ὕμνων,
783 3780 856 3822 καὶ
897 3778 1175 3834 κωμάσαντες
1213 3780 1518 3835 καταφέρουσιν
1555 3776 1656 3822 αὐτὸ
1690 3769 1814 3825 αὐθις
1844 3776 1904 3825 εἰς
1930 3774 2000 3819 τὸν
2030 3774 2227 3832 ὐπόγαιον
2254 3775 2390 3820 τόπον.

460 3842 758 3902 Ἐρωτώμενοι
785 3849 832 3894 δὲ
858 3846 947 3901 ὅτι,
994 3851 1050 3894 Τί
1079 3850 1168 3895 ἐστι
1202 3852 1322 3896 τοῦτο
1349 3849 1395 3894 τὸ
1426 3848 1492 3905 (τό
1524 3865 1606 3890 non
1635 3848 1761 3889 habet
1790 3847 1903 3902 C0d·)
1931 3844 2177 3904 μυστῆρωῊ
2221 3843 2392 3902 ἀποκρί-
