2508 4134
532 303 756 344 PANARH
783 304 886 344 Lm.
916 304 987 343 ni.
1020 304 1153 345 ToM.
1178 305 1207 344 ι.
1236 303 1403 344 naen.
1427 303 1622 345 Lxxw.
1932 293 2029 344 165

126 399 380 453 Postremo
408 400 611 451 infinitis
640 401 685 451 in
715 402 981 470 scripturae
1021 401 1141 451 locis
1182 401 1432 468 sqirituum
1475 403 1646 453 saetam
1679 417 1788 451 esse
1827 400 2031 451 mentio-

126 503 232 536 nem
260 486 502 553 sapientes
528 485 817 552 intelligunt.
898 483 995 537 Sed
1025 485 1416 552 quemadmodum
1448 486 1608 552 plures
1636 493 1749 536 sunt
1774 484 2030 553 adoptione

122 570 200 620 vel
229 569 482 620 vocatione
515 570 629 633 filii,
671 587 766 620 non
807 570 1042 632 veritate,
1074 584 1143 619 ‘eo
1175 569 1297 636 quod
1329 577 1378 618 et
1410 569 1546 619 initio
1580 578 1626 619 et
1655 570 1751 618 l'ine
1783 577 2026 631 constant,

124 662 170 704 et
194 654 249 703 ad
284 655 572 722 peccandum
614 654 836 723 propensi
873 662 1015 716 sunt,
1068 653 1139 703 sie
1182 661 1230 703 et
1267 651 1462 720 spiritus
1505 653 1759 721 adoptione
1798 661 1911 703 sunt
1948 661 2032 703 aut.

122 738 377 789 vocatione
419 739 717 807 coiuplures‚
774 738 850 806 qui
885 746 933 788 et
970 738 1015 787 in
1056 745 1300 806 peceatum
1334 736 1471 805 proni
1515 745 1628 786 suut
1670 754 1726 786 ac
1769 737 2025 805 proclives,

122 821 190 872 At
218 822 414 890 spiritus
456 832 654 873 sanetus
692 823 823 873 solus
861 839 887 872 a
915 831 1053 891 patre
1091 830 1139 872 et
1168 821 1296 883 filio,
1350 824 1559 886 Spiritus
1589 824 1823 881 veritatis,
1878 832 1926 870 et
1952 824 2031 870 dei
2069 825 2198 903 {5⁴¹³qu

119 910 338 971 spiritus,
393 917 441 956 et
464 911 658 974 spiritus
692 910 894 966 Christi,
946 916 993 955 et
1013 910 1208 972 spiritus
1230 909 1420 971 gratiae
1456 905 1749 955 nominatur.
1827 903 2026 955 Gratil'i-
2112 895 2123 914 ’

122 999 259 1041 catur
286 991 410 1040 enim
441 990 724 1058 uuicuique,
767 1008 823 1041 ae
854 991 1028 1041 bonum
1059 991 1211 1041 variis
1239 990 1390 1040 modis
1427 989 1716 1057 impertitur.
1792 991 1912 1038 Nam
1942 993 2279 1039 aliil-Cor·1²‚8·

118 1079 313 1140 spiritus
341 1079 594 1141 saptentiae
626 1078 897 1125 conceditur
912 1113 926 1135 ,
982 1078 1128 1124 alteri
1157 1079 1351 1140 spiritus
1391 1076 1635 1132 scientiae,
1693 1074 1801 1121 huic
1819 1068 2031 1137 'spiritus

103 1162 412 1226 fortitudinis·
425 1198 439 1220 ,
498 1163 576 1209 illi
605 1163 799 1225 spiritus
835 1163 1124 1209 curationum
1139 1198 1153 1220 ,
1214 1159 1292 1209 isti
1340 1162 1535 1224 spiritus
1564 1159 1863 1222 prophetiae,
1923 1156 2030 1207 linio

116 1248 312 1309 spiritus
349 1248 667 1305 discretionis,
710 1248 1140 1310 iuterpretatibnum
1176 1246 1265 1293 illi.
1343 1243 1421 1294 Ac
1453 1250 1616 1292 cetera
1649 1241 1853 1308 denique
1883 1241 2027 1304 dona,

117 1337 168 1379 ut
193 1337 395 1380 testatur
419 1330 691 1397 apostolus:
740 1332 865 1379 Unus
880 1347 1027 1394 porro
1053 1339 1098 1378 et
1124 1332 1239 1378 idem
1267 1331 1461 1394 spiritus
1490 1337 1575 1387 est,
1618 1330 1824 1376 dividens
1850 1329 2031 1374 unicui-

116 1432 203 1479 que
222 1423 370 1478 prout
396 1417 521 1463 vult:
562 1418 775 1479 quoniam
802 1417 997 1479 spiritus
1025 1423 1131 1463 tuus
1158 1415 1302 1462 bonus
1327 1416 1520 1462 deducet
1551 1430 1620 1461 me
1649 1414 1786 1471 deus,
1829 1410 1894 1460 ait
1926 1408 2024 1460 Da·
2078 1404 2236 1490 Ῑῖἳξῖῑῗὶ.

114 1498 214 1548 vid.
275 1495 386 1560 Vel,
427 1501 635 1563 Spiritus
662 1500 746 1547 ubi
765 1501 868 1547 vult
888 1502 1054 1563 spirat.
1135 1494 1322 1564 Quibus
1354 1497 1513 1548 verbis
1543 1495 1884 1546 subsistentem
1918 1511 2028 1545 esse
2051 1490 2229 1536 ¹⁰³¹¹¹¹·³2
2249 1490 2280 1524 ⁸·

115 1582 332 1650 spiritum
373 1593 589 1633 sanctum
632 1582 769 1633 nobis
815 1583 1042 1633 ostendit.
1120 1586 1185 1631 Et
1217 1601 1366 1632 vocem
1406 1586 1505 1631 eius
1544 1585 1704 1640 avidis,
1764 1583 1846 1629 sed
1879 1582 2030 1629 nescis

114 1670 234 1716 unde
263 1670 412 1726 venit,
454 1676 541 1716 aut
559 1685 648 1732 quo
681 1671 821 1716 vadit.
901 1665 919 1716 l
929 1677 1020 1718 tem
1043 1688 1054 1717 ε
1107 1670 1220 1716 Nisi
1237 1671 1386 1731 geniti
1409 1670 1599 1732 suerite's·
1626 1685 1686 1715 ca:
1710 1683 1831 1730 aqua
1859 1674 1907 1714 et
1929 1667 2025 1729 spi·
2109 1675 2203 1711 Ibtd.

113 1755 231 1800 ritu,
309 1747 399 1802 Cui
439 1760 815 1801 consentaneum
857 1752 967 1801 illud
1011 1760 1085 1801 est
1117 1750 1282 1802 Pauli:
1339 1755 1459 1800 Nam
1495 1755 1541 1800 in
1574 1753 1759 1799 Christo
1797 1753 1903 1798 Iesu
1937 1768 2023 1814 ego
2041 1763 2213 1807 1.Cor.4‚
2230 1762 2279 1799 15.

107 1839 258 1900 genui
280 1854 375 1885 vos.
454 1833 527 1886 De
555 1837 720 1886 eodem
758 1836 927 1904 spiritu
964 1836 1183 1887 dominus
1212 1837 1272 1885 ita
1305 1836 1541 1903 loquitur:
1599 1838 1710 1885 Cum
1743 1838 1919 1884 venerit
1942 1853 2027 1899 pa·
2089 1850 2214 1903 tqann.

112 1923 341 1979 racletus,
383 1938 512 1985 quem
540 1939 625 1985 ego
656 1925 830 1970 mittam
869 1923 1019 1980 vobis,
1078 1925 1273 1986 spiritus
1300 1925 1510 1970 veritatis·
1542 1923 1675 1985 quia
1700 1929 1838 1984 patre
1858 1938 2024 1984 proce-
2092 1894 2145 1938 ¹⁰⁹
2169 1893 2218 1929 13.

113 2008 206 2065 dit,
249 2007 329 2054 ille
352 2009 657 2054 testimonium
679 2007 945 2071 perhibebit
970 2009 1026 2055 de
1052 2024 1136 2055 me.
1216 2003 1365 2055 Item:
1405 2008 1578 2054 Adhuc
1605 2007 1748 2053 multu
1778 2005 1920 2052 babeo
1957 2008 2028 2054 dt-

113 2093 283 2149 cenda,
324 2093 407 2139 sed
428 2108 518 2139 non
542 2095 737 2155 potestis
759 2094 891 2157 serre
919 2094 1077 2139 modo.-
1122 2094 1232 2140 Cum
1262 2094 1440 2139 venerit
1466 2093 1545 2139 ille
1569 2092 1763 2154 spiritus
1795 2092 2021 2148 veritatz's,

115 2177 300 2225 iuducet
325 2193 403 2223 vos
426 2178 472 2224 in
497 2193 667 2224 omnem
695 2179 930 2224 veritatem
945 2197 959 2224 :
999 2178 1110 2224 Non·
1132 2179 1249 2224 enim
1281 2178 1495 2240 loquetur
1519 2192 1547 2223 α
1574 2178 1740 2238 seipso,
1781 2177 1864 2222 scd
1887 2191 2027 2238 quae-

111 2277 301 2324 cumque
326 2263 485 2308 audiet
508 2261 738 2324 loquetur,
781 2270 826 2308 et
854 2270 1048 2309 ventura
1074 2261 1308 2309 nuntiabit
1327 2262 1451 2308 vobis
1467 2281 1481 2308 .·
1521 2262 1609 2309 Ille
1630 2277 1699 2307 me
1722 2260 2020 2323 clarffi'cabit,

110 2346 218 2408 quia
255 2346 310 2392 de
345 2361 440 2392 meo
477 2347 696 2408 accipiet,
738 2353 784 2392 et
819 2345 945 2392 vobis
982 2348 1132 2393 omm'a
1168 2346 1416 2393 nuntiabit.

250 2426 434 2494 Igitur,
490 2432 536 2476 si
566 2446 595 2477 a
618 2438 756 2493 patre
790 2433 1026 2494 procedit,
1080 2439 1129 2478 et
1156 2433 1211 2478 de
1239 2448 1360 2489 meo,
1420 2428 1484 2478 ait
1525 2428 1774 2489 (lominus,
1827 2432 2013 2493 accipit,
2054 2433 2151 2486 Cap.
2187 2434 2239 2475 X.

112 2515 485 2577 quemadmodum
517 2530 645 2561 nemo
681 2517 812 2561 novit
830 2524 1012 2578 patrem
1044 2516 1322 2579 nisifilius,
1380 2533 1526 2579 neque
1546 2515 1708 2578 filium
1737 2517 1834 2562 nisi
1859 2523 2014 2577 pater,
2072 2487 2213 2576 1511qu

110 2596 174 2645 ita
205 2596 424 2646 catholici
455 2596 613 2645 dicere
642 2598 843 2658 audent,
888 2615 1042 2665 neque
1074 2597 1290 2665 spiritum
1328 2599 1458 2648 novit
1489 2598 1721 2665 quispiam
1752 2598 1839 2646 uisi
1876 2597 2021 2659 lilius,

109 2698 135 2730 a
165 2698 257 2748 quo
285 2681 498 2749 accepit„
541 2689 588 2729 et
617 2688 778 2748 pater,
820 2699 844 2730 a
876 2700 969 2748 quo
998 2683 1242 2748 procedit,
1289 2700 1442 2749 neque
1477 2682 1623 2731 l'ilinm
1657 2691 1701 2731 et
1729 2691 1908 2748 patrem
1938 2699 2023 2731 no-

109 2764 178 2815 vit
220 2765 420 2832 aliquis,
480 2764 573 2814 nisi
613 2763 807 2831 spiritus
846 2775 1071 2827 sauctus,
1130 2767 1206 2833 qui
1254 2785 1369 2816 vore
1413 2767 1623 2817 celebrat
1663 2784 1717 2817 ac
1757 2765 2020 2835 praedicat,

110 2848 188 2916 qui
216 2852 351 2898 docet
375 2853 554 2908 omnia,
598 2848 675 2916 qui
703 2852 759 2897 de
773 2851 887 2913 filio
918 2854 1220 2899 testimonium
1253 2855 1392 2911 dicit,
1435 2851 1511 2919 qui
1543 2870 1570 2900 a
1590 2861 1755 2916 putre,
1798 2850 1875 2918 qni
1910 2869 1934 2899 e
1948 2852 2021 2914 fi-

109 2936 172 2982 lio
190 2937 426 2999 procedit,
483 2934 615 2984 solus
649 2932 865 2982 veritatis
894 2934 1020 2996 dux,
1069 2943 1340 2985 sanctarum
1373 2936 1527 3002 legum
1555 2935 1825 3003 interpres,
1881 2933 2020 3001 spiri-

111 3018 218 3067 talis
256 3018 375 3085 legis
421 3026 704 3080 enarrator,
758 3017 1094 3085 prophetarum
1143 3020 1398 3084 magister,
1454 3021 1778 3086 apostolorum
1822 3034 2018 3086 praec-e-

111 3111 246 3169 ptor‚
289 3103 675 3170 evangelicorum
707 3103 978 3165 dogmatum
1010 3103 1087 3150 t'ax
1116 3110 1164 3150 ct
1193 3104 1344 3165 sidus,
1387 3113 1660 3153 sanctorum
1695 3104 1893 3165 elector,
1935 3118 2018 3150 ve-

111 3204 210 3236 rum
244 3187 400 3236 lumen
431 3204 456 3237 e
485 3204 601 3236 vero
633 3186 828 3236 lumine.
906 3182 1058 3234 Filius
1092 3187 1324 3237 naturalis
1359 3198 1464 3251 cst,
1519 3206 1664 3237 verus
1697 3187 1850 3246 lilius,
1908 3204 2017 3253 ger-

110 3287 279 3321 manus
307 3271 460 3334 lilius,
520 3271 651 3321 solus
685 3288 711 3320 e
738 3271 875 3334 solo,
927 3287 1128 3337 quocum
1164 3279 1211 3320 et
1236 3271 1433 3339 spiritus
1467 3281 1661 3322 sanetus
1692 3271 2016 3338 coniungitur,

164 3409 232 3451 29.
262 3408 418 3461 πέμψω
450 3413 591 3452 Ancor.
1087 3411 1202 3448 verba
1244 3409 1315 3452 καὶ
1356 3407 1376 3453 ὁ
1415 3409 1578 3462 πατὴρ,
1623 3423 1720 3460 quae
1758 3413 1867 3451 habet
1902 3414 2017 3452 etiarn

167 3467 262 3506 CM».
294 3466 346 3504 X.
379 3490 434 3496 -—
467 3466 498 3507 1.
532 3461 575 3508 ὃν
608 3465 686 3520 γὰρ
716 3466 862 3520 τρόπον
896 3469 1017 3505 Ancor
1088 3467 1168 3504 cod.
1200 3467 1273 3505 len.
1293 3497 1303 3514 ,
1334 3469 1399 3506 sed
1429 3470 1576 3506 uncinis
1606 3470 1753 3506 inclusa
1781 3471 1830 3507 ab
1856 3472 2016 3519 antiqua

163 3523 202 3563 2.
231 3519 430 3576 τολμήσω
457 3525 503 3562 de
531 3535 614 3563 meo
642 3526 758 3563 edidi.
817 3526 916 3563 Nam
947 3524 1034 3561 libri
1089 3533 1208 3560 manu
1227 3551 1237 3566 ‚
1267 3527 1299 3560 et
1328 3526 1479 3571 punctis
1506 3528 1649 3562 notata.

107 3582 245 3620 habent
282 3580 490 3631 τολμῶσι,
539 3581 677 3620 Ancor.
707 3579 860 3630 τολμῶ.
920 3581 1032 3618 Pela·
1145 3578 1184 3615 ὁ.
1215 3572 1236 3618 ὁ
1260 3576 1395 3629 πατὴρ
1423 3577 1493 3619 καὶ
1518 3575 1546 3633 εξ
1572 3576 1663 3626 υἱὸς
1693 3574 1788 3633 πὰρ’
1816 3571 1864 3622 οὗ·
1894 3579 2009 3623 ἐκπο-

107 3639 193 3675 vius
220 3637 434 3683 suspicatus
459 3647 497 3674 es
510 3637 648 3689 τολμῶ
667 3635 886 3688 συλλέγειν.
923 3635 1033 3683 Quod
1090 3628 1253 3683 ρεύεται
1279 3632 1350 3674 καὶ
1376 3629 1469 3685 παρ’
1498 3633 1543 3675 οὐ
1573 3632 1788 3691 λαμβάνει,
1820 3635 1892 3679 καὶ
1917 3634 2014 3680 οὐδὲ

105 3692 326 3741 probatione
354 3703 430 3730 non
458 3696 573 3732 caret.
1087 3685 1155 3730 τὸν
1185 3685 1269 3729 υἱὸν
1302 3692 1428 3729 Ancor

163 3747 190 3786 3
235 3740 298 3786 ὅτι
328 3743 426 3788 οὐδὲ
456 3749 583 3787 Ancor
1145 3744 1183 3786 6.
1219 3741 1271 3785 τὰ
1301 3757 1361 3783 om
1405 3746 1542 3785 Ancor.

164 3799 202 3843 4.
234 3803 323 3842 Post
359 3814 440 3842 voc.
477 3802 568 3850 υἱὸς
595 3805 679 3843 cod.
713 3805 872 3853 Rhede'q.
904 3804 1035 3842 inserit
1147 3799 1186 3843 7.
1218 3798 1290 3846 καὶ
1320 3799 1367 3847 ἐκ
1398 3806 1533 3845 Ancor.
