2508 4134
642 297 782 341 ΤοΜῐ
808 295 1017 338 Pmom‘s
1047 297 1181 338 PARS
1208 297 1524 339 Pos'rEmoR.
1931 287 2026 337 661

140 399 170 439 l.
189 397 258 442 28.
291 396 497 453 μέλλοντα.
556 393 652 441 Οὔκ
679 389 761 451 ἄρα
789 394 898 451 (sine
925 390 1084 450 ““Ὠςτε)
1115 396 1215 436 Ven.
1245 419 1297 427 —
1353 394 1464 437 1.30.
1508 393 1574 438 ἵνα
1601 391 1734 444 οὕτως
1760 396 1863 436 Ven.
1921 395 2032 436 Idem

139 467 252 511 l.31.
292 465 481 523 ἐγερθεὶς
522 464 546 511 ὅ
583 461 700 521 ἅνθρ.
738 463 857 522 φάγῃ
898 467 976 517 τῆς
1016 467 1131 520 ζωῆς
1158 465 1294 519 (deest
1319 464 1442 518 igitur
1470 463 1676 520 καθαρὸς)
1701 468 1804 508 Ven.
1834 489 1889 496 —
1944 463 2029 507 1.4.

139 537 190 578 ab
218 537 294 578 inf.
325 534 426 591 τὴν,
473 544 570 579 ante
599 531 758 591 σάρκα,
801 549 882 578 om.
911 536 1015 576 Ven.
1045 559 1100 566 —-
1154 535 1183 575 l.
1205 535 1243 578 3.
1273 535 1323 575 ab
1353 534 1427 575 inf.
1460 531 1599 584 ἀνοίας
1628 532 1854 585 ὑπεύθυνος
1879 529 1935 579 ὧν
1962 549 2032 579 νο-

140 608 232 651 σῶν.
254 609 314 663 βλ.
344 607 446 649 Ven.

246 671 381 734 rag.
405 679 531 724 288.
585 676 614 719 1.
634 677 675 720 3.
705 676 887 733 γίγνεται
909 677 1014 717 Ven.
1046 697 1099 706 --
1157 674 1186 715 1.
1213 676 1278 716 10.
1310 676 1407 716 Post
1441 671 1604 717 Οὐκοῦν
1634 672 1817 728 ἠδύνατο
1844 670 1940 729 (οὐκ
1962 665 2031 718 οὖν

138 744 309 792 ἐδύνατο
333 748 456 802 ven.)
494 747 567 803 ζῆν
603 747 736 788 insere
764 746 887 788 verba
927 745 987 794 εἰς
1010 742 1081 789 τὸν
1105 743 1236 787 αἰῶνα
1265 743 1311 788 τὸ
1343 745 1468 799 σῶμα
1503 743 1574 787 καὶ
1607 742 1809 787 ἀθάνατον
1845 744 2030 794 ἔσεσθαι,

138 832 239 873 quae
265 817 502 858 exciderunt
528 817 650 858 etiam
674 817 716 857 in
743 815 806 857 ed:
830 817 968 856 Petav.
1002 815 1145 856 Colon.
1172 838 1224 844 -—
1280 807 1389 856 l.'11.
1421 812 1585 868 σώματι
1610 815 1733 870 λυθῇ,
1762 813 1807 857 τὸ
1837 813 1884 858 δὲ
1908 815 2032 869 σῶμα

136 884 355 943 ἀνασταθῇ
380 889 459 942 τῆς
482 884 686 942 ἁμαρτίας
709 882 1005 941 ἀπολλωμένης
1030 884 1143 939 (sic).
1192 879 1287 927 Ἵνα
1316 882 1375 938 μὴ
1406 884 1535 927 τοίνυν
1561 882 1607 928 τὸ
1631 882 1759 928 κακόν
1781 884 1952 936 (omisso
1977 875 2029 939 ᾗ)

134 959 236 998 Ven.
267 981 322 988 —
377 956 405 997 1.
428 957 490 999 13.
521 954 582 1005 οἷς
604 955 720 1011 ἔφην,
746 952 917 1007 ἀείζωον
941 955 1047 1010 (sine
1066 950 1113 1011 ἦ)
1142 957 1243 996 Ven.
1304 954 1415 994 Idem
1440 955 1562 1009 paulo
1586 962 1680 1009 post
1699 951 2030 1007 κρατητεύουσαν

134 1041 210 1081 pro
250 1024 621 1080 κρατιστεύουσαν,
667 1033 709 1067 et
738 1025 886 1066 deinde
921 1023 1091 1081 ἔχουσαν
1120 1023 1196 1079 την
1234 1022 1404 1080 τροφὴν.
1437 1047 1490 1056 -
1544 1025 1656 1068 1.17.
1697 1024 1777 1077 τῆς
1802 1024 1976 1072 διέσεως
1998 1020 2029 1078 τί

135 1093 317 1151 ἁμαρτία
344 1098 447 1138 ven.
475 1119 532 1127 —
586 1095 615 1136 1.
645 1094 706 1138 19.
750 1092 1060 1150 ἀμαρτημάτων
1098 1092 1388 1152 ἀναβήσονται.
1445 1091 1651 1147 Καθάπερ
1687 1091 1767 1148 γὰρ
1809 1090 1960 1136 ὁπόταν
1987 1092 2029 1136 ἐν

134 1166 210 1210 οἰκ.
236 1169 345 1210 ναῶν
369 1168 509 1214 καλῶς
535 1167 636 1207 ven.
697 1165 809 1206 Idem
835 1165 864 1206 1.
881 1166 947 1207 21.
979 1164 1164 1220 καὶπερὶ
1187 1162 1328 1214 πάσας
1351 1180 1386 1207 τ.
1409 1162 1509 1219 ἀρμ.
1530 1161 1864 1218 πολυκλημάταις
1887 1163 2029 1218 ῥίζαις.

134 1260 188 1269 -
217 1236 246 1276 l.
265 1236 333 1278 23.
379 1235 591 1279 στέλλεται
628 1230 714 1279 ἐστ’
755 1230 804 1279 ἂν
842 1236 958 1279 πᾶσα
993 1237 1096 1276 Ven.
1127 1258 1183 1267 —
1238 1235 1266 1275 1.
1286 1235 1327 1277 8.
1353 1235 1403 1275 ab
1429 1235 1505 1275 inf.
1547 1231 1695 1288 ἀμαρτ.
1734 1231 2029 1290 βλαστήσασαν

133 1305 298 1350 διέλυσε
322 1308 426 1347 Ven.
489 1305 600 1346 Idem
626 1305 655 1346 1.
672 1306 712 1350 7.
740 1306 791 1346 ab
815 1306 891 1347 inf.
922 1302 1188 1351 ἀποκτέννων.
1217 1331 1272 1338 -
1327 1304 1355 1345 l.
1375 1303 1414 1346 6.
1441 1305 1490 1344 ab
1520 1304 1595 1344 inf.
1639 1302 1706 1346 ἵνα
1729 1298 1809 1345 ἀπὸ
1837 1305 1920 1345 τῶν
1948 1299 2029 1345 αὗ-

130 1377 212 1419 τῶν
235 1373 266 1430 ἦ
298 1374 402 1430 σὰρξ
426 1377 528 1415 Ven.
559 1399 614 1407 —-
669 1374 695 1415 l.
716 1372 755 1417 4.
783 1375 833 1416 ab
857 1375 930 1415 inf.
963 1371 1144 1430 ἀπήμων
1172 1375 1298 1416 habet
1328 1374 1451 1414 etiam
1478 1375 1581 1414 Ven.
1640 1373 1754 1413 Idem
1781 1372 1879 1412 ibid.
1907 1372 2028 1426 paulo

131 1454 229 1501 post
255 1442 562 1500 ἀπολλωμένης.
594 1468 648 1478 -
703 1445 732 1486 l.
753 1445 793 1488 3.
820 1445 871 1486 ab
899 1445 977 1487 inf.
1019 1443 1098 1502 γὰρ
1130 1441 1194 1489 ὅτι
1227 1447 1301 1488 τοῦ
1332 1441 1526 1499 σώματος
1550 1441 1628 1498 πρὸ
1657 1444 1729 1486 τοῦ
1754 1439 2031 1498 τεθνήξεσθαι

134 1517 213 1572 (ita
243 1516 545 1557 rescribendum
574 1525 636 1556 est
665 1516 852 1571 omnino)
884 1517 987 1556 Ven.
1016 1539 1073 1547 —
1127 1516 1156 1556 l.
1184 1515 1340 1571 penult.
1377 1510 1549 1569 ἀποκρ.,
1580 1511 1650 1557 ἐὰν
1681 1512 1835 1564 ἔξωθεν
1865 1516 1972 1553 Ven.

242 1588 373 1643 Pag.
397 1587 523 1630 290.
576 1586 603 1626 l.
626 1588 662 1628 1.
707 1580 802 1639 οὖν,
844 1594 938 1640 post
972 1582 1118 1637 Ἐπεὶ,
1163 1600 1245 1626 non
1273 1586 1398 1626 habet
1426 1586 1529 1626 Ven.
1560 1608 1614 1615 —-
1670 1584 1696 1624 l.
1719 1583 1758 1626 6.
1803 1583 2030 1637 συνέστηκε

132 1655 429 1700 συστέλλεσθαι
452 1654 524 1711 μὲν
547 1656 672 1697 habet
698 1657 842 1696 Venet.
873 1670 1044 1711 quoque.
1077 1680 1129 1687 -
1185 1656 1213 1698 l.
1233 1656 1273 1699 8.
1307 1652 1353 1699 οὔ
1379 1652 1461 1710 μην
1491 1650 1733 1709 ἀνῃρῆσθαι
1759 1654 1830 1697 καὶ
1857 1656 1938 1696 τῶν
1965 1654 2029 1708 ῥι-

132 1727 212 1778 ζῶν
243 1727 320 1780 (ita
348 1727 505 1781 corrige
531 1740 607 1782 pro
635 1726 771 1781 ῥίζων,
802 1734 846 1766 ut
872 1726 978 1766 male
1003 1733 1209 1767 exaratum
1235 1726 1317 1781 est)
1346 1720 1476 1781 ἄχρις.
1533 1724 1623 1767 Νῦν
1651 1722 1723 1778 μὲν
1747 1721 1825 1778 γὰρ
1850 1722 2029 1766 ἐνταῦθα

128 1799 230 1839 Ven.
261 1821 313 1828 —
369 1797 396 1837 1.
417 1798 491 1838 10(
523 1795 728 1852 ἐνοχλησῃ
768 1804 832 1836 est
862 1796 985 1837 etiam
1010 1797 1052 1837 in
1084 1798 1185 1841 Ven.
1214 1820 1266 1829 -
1324 1796 1350 1836 1.
1375 1798 1434 1837 11.
1485 1795 1652 1848 Corrige
1680 1793 1944 1848 διοίγνυσθαι.
1974 1816 2028 1824 -

128 1868 156 1908 1.
184 1867 247 1909 12.
276 1865 379 1921 πρὸς
399 1864 476 1915 τάς
503 1866 620 1921 ῥίζας
642 1864 798 1915 ταύτας
816 1864 892 1915 τὰς
917 1863 1033 1910 κάτω
1059 1868 1160 1907 Ven.
1190 1891 1244 1898 —
1300 1866 1329 1906 l.
1354 1863 1417 1908 14.
1449 1865 1612 1919 Corrige
1639 1860 1885 1918 ἀμάρτυρος.
1946 1865 2025 1904 Pro

127 1938 300 1993 γραφῶν
323 1939 471 1978 Vener.
494 1935 678 1992 γράφων.
707 1960 759 1968 -
816 1936 842 1977 l.
868 1938 930 1978 15.
962 1938 1134 1991 Repone
1162 1934 1249 1981 οἶδε
1273 1937 1345 1980 καὶ
1372 1933 1395 1980 ό
1422 1933 1661 1982 ἀπόστολος.
1721 1937 1765 1974 In
1794 1935 1898 1975 Ven.
1925 1933 2027 1988 legi-

127 2016 196 2048 tur
224 2004 330 2051 οἶδεν
358 2003 380 2051 ὁ
406 2002 634 2055 ἀπόστολος
658 2006 766 2062 (sine
788 2006 880 2059 καὶ)
908 2005 1017 2061 μηδὲ
1043 2005 1211 2061 πρώτην
1240 2006 1366 2061 ῥίζαν.
1394 2007 1421 2046 Ι.
1446 2005 1505 2047 19.
1537 2002 1716 2060 ἀγαθὸν,
1749 1999 1836 2046 ἀλλ’
1860 1998 1883 2046 ὃ
1916 2006 2024 2057 μισῶ

127 2075 255 2122 κακόν
282 2079 415 2121 τοῦτο.
444 2102 500 2109 -
556 2077 667 2119 1.21.
709 2071 782 2119 ὅτε
811 2074 859 2120 δὲ
886 2078 990 2117 Ven.
1024 2079 1139 2127 Bas.‚
1182 2086 1224 2117 et
1250 2077 1313 2117 ed.
1342 2078 1481 2117 Petav.
1513 2099 1564 2106 —
1622 2075 1650 2115 l.
1666 2075 1731 2116 21.
1762 2070 2027 2128 ἀντιστρευό-

127 2163 244 2204 μενον
273 2147 367 2203 (sic)
393 2147 455 2205 τῷ
479 2144 596 2203 νόμῳ
622 2148 725 2187 Ven.
784 2146 894 2187 Idem
919 2147 1017 2188 ibid.
1048 2162 1132 2187 non
1157 2146 1343 2202 agnoseit
1375 2146 1504 2186 *verba
1529 2145 1578 2189 ἐκ
1607 2143 1771 2193 παντὸς.
1803 2168 1852 2175 -
1911 2145 1937 2184 l.
1957 2142 2026 2186 23·

125 2218 173 2261 ἐκ
203 2218 324 2273 ῥιζῶν
349 2214 667 2272 ἀνασπασθῆναι
690 2217 867 2274 συνέβη,
910 2212 1015 2260 οἷλλά
1045 2220 1143 2272 ζῆν,
1181 2217 1272 2266 πῶς
1300 2214 1405 2271 γὰρ,
1438 2215 1583 2256 deletis
1609 2216 1743 2255 verbis
1772 2209 1834 2257 Οὐ
1860 2212 1939 2269 γὰρ
1968 2213 2027 2263 είς

121 2287 238 2336 τέλος
265 2284 469 2330 ἀπέθανεν
498 2289 601 2328 Ven.
631 2310 687 2319 —
742 2287 773 2327 l:
793 2287 860 2328 25.
900 2286 974 2330 καὶ
1013 2284 1330 2342 συνφθινῆσασα
1358 2288 1458 2327 Ven.
1520 2284 1812 2340 συμφθείνασα
1849 2286 1937 2324 Bas.
1967 2308 2021 2315 --

122 2359 150 2399 1.
173 2358 240 2401 26.
273 2354 477 2411 ἀπολῆται
500 2358 602 2398 ven.
633 2381 683 2389 —
740 2357 768 2399 l.
787 2358 855 2400 27.
895 2356 972 2406 τὰς
1009 2357 1150 2412 ῥίζας,
1196 2354 1255 2405 ὥς
1282 2356 1408 2411 ἔφην,
1452 2356 1606 2410 ἑαυτῆς
1635 2354 1682 2398 δὲ
1710 2352 1892 2406 ἐσώζετο
1918 2357 2022 2395 ven.

125 2453 176 2460 —
206 2429 233 2468 l.
249 2428 288 2470 8.
314 2428 364 2468 ab
389 2427 463 2468 inf.
496 2425 693 2481 ἐξεγέρθη
724 2427 821 2482 (sic)
852 2422 987 2481 ὥςπερ
1017 2425 1127 2476 ναὸς.
1180 2423 1540 2481 Ἀλεξιφαρμάκου
1567 2424 1647 2480 γὰρ
1673 2423 1818 2478 τρόπον
1845 2422 1923 2467 ὑπὸ
1950 2426 2021 2468 τοῦ

123 2496 234 2550 ἀλεξ.
262 2494 386 2553 τῖμῶν
415 2493 587 2551 ἀληθῶς
615 2495 686 2540 καὶ
719 2496 857 2551 ἰατροῦ
887 2500 988 2539 Ven.
1021 2522 1071 2528 —
1129 2498 1157 2537 1.
1178 2494 1219 2539 4.
1248 2498 1298 2537 ab
1327 2497 1401 2536 inf.
1433 2494 1493 2544 δὲ,
1523 2504 1617 2550 post
1645 2492 1775 2545 αὐτοὶ,
1807 2510 1886 2536 om.
1919 2497 2020 2536 Ven.

231 2568 501 2625 Pag.292.
554 2566 633 2608 1.1.
665 2566 1006 2622 φαρμακευτικην
1023 2569 1127 2608 Ven.
1158 2591 1210 2598 —
1252 2567 1279 2607 l.
1300 2569 1341 2609 2.
1373 2562 1526 2615 ἀσινεῖς
1545 2560 1674 2613 ὅντως
1701 2564 1949 2620 έξεργ.νοη.
1970 2590 2021 2597 -

122 2640 149 2680 1.
165 2635 204 2681 4.
238 2635 418 2693 μάλιστα
446 2633 726 2690 σκοπώμεθα,
756 2634 815 2690 μη
849 2639 952 2677 Ven.
983 2661 1037 2670 —-
1095 2638 1120 2678 1.
1141 2640 1181 2679 5.
1213 2635 1534 2691 ἀποτελευτησει
1558 2638 1702 2676 Venet.
1730 2650 1890 2690 quoque
1916 2636 2022 2676 tueri

103 2708 296 2751 videtur.
332 2731 384 2740 -
441 2707 468 2746 l.
495 2706 535 2748 6.
579 2702 714 2759 ὥςπερ
744 2706 868 2755 εἴτις
894 2709 995 2748 Ven.
1053 2707 1166 2747 Idem
1194 2708 1317 2762 paulo
1353 2715 1450 2762 pest
1489 2714 1627 2746 tuetur
1666 2703 1745 2749 ἀπὸ
1787 2707 1941 2761 χρυσοῦ
1980 2714 2021 2746 et

125 2778 272 2819 deinde
307 2778 432 2818 habet
461 2775 604 2830 ἑτέρας
644 2771 775 2829 οὕτω,
819 2775 890 2819 καὶ
917 2773 1062 2820 πάντα.
1095 2802 1145 2809 -
1203 2777 1290 2819 1.8.
1339 2778 1505 2831 Cot-rige
1544 2775 1934 2830 διακεκοσμημένον.
1965 2799 2020 2807 —

123 2850 237 2890 l.11.
283 2845 581 2901 καρπιζόμενος
618 2848 721 2887 Ven.
755 2870 805 2877 —
862 2846 888 2885 L
913 2843 974 2886 14.
1014 2844 1115 2890 αὐτὸ
1158 2848 1327 2891 τοσοῦτο
1360 2852 1487 2890 ποιεῖν
1517 2849 1619 2888 Ven.
1651 2870 1704 2877 -
1760 2846 1785 2885 l.
1813 2848 1875 2887 15.
1918 2842 2020 2887 ἀνα-

126 2917 340 2968 σκευάζοι,
370 2916 479 2971 quod
505 2915 557 2956 de
586 2916 818 2957 coniectura
842 2916 1029 2968 reposui,
1073 2931 1180 2958 nunc
1205 2918 1338 2958 firmat
1362 2917 1510 2957 Veneti
1540 2916 1778 2966 auctoritas,
1824 2915 1891 2969 qui
1921 2931 2019 2970 per-

123 2990 183 3044 git
210 2987 288 3031 ἐῶν
317 2986 366 3031 δὲ
394 2986 549 3041 μένειν,
590 2984 830 3039 θεραπεύων
861 2984 989 3031 αὐτὸν
1015 2986 1100 3029 καὶ.
1159 2989 1251 3028 Hoc
1277 2987 1552 3042 recipie-ndum
1582 2995 1657 3031 est.
1691 3010 1744 3016 —
1800 2986 1827 3026 l.
1852 2987 1919 3026 20.
1951 2986 2018 3028 αἴ-

125 3073 236 3115 σχη,
281 3070 383 3112 quae
410 3057 564 3097 Petavii
595 3064 656 3096 est
688 3057 944 3105 coniectura,
987 3056 1111 3096 habet
1132 3059 1234 3097 Ven.
1267 3081 1315 3088 -—
1376 3058 1404 3097 l.
1421 3058 1487 3098 22.
1518 3054 1723 3109 ἀπολῆται
1748 3057 1850 3096 ven.
1909 3055 2018 3096 Idem

122 3129 148 3169 1.
166 3129 232 3171 23.
263 3124 515 3182 όμοιιιὶτατον
544 3122 659 3183 αὗτῷ
685 3127 944 3182 κατασταθῇ.
1004 3125 1080 3182 Τῷ
1110 3125 1194 3180 μὲν.
1217 3153 1269 3159 -
1325 3127 1352 3168 1.
1369 3126 1434 3168 24.
1465 3124 1692 3170 ἀπολέσθαι
1717 3123 1788 3178 μὲν
1814 3121 1888 3168 οὐκ
1911 3125 2018 3169 ἔστιν

124 3196 203 3242 ὕπο
230 3200 290 3255 τῷ
324 3193 440 3253 αὐτῷ
471 3199 573 3237 Ven.
631 3192 859 3239 ἀπολέσθαι
892 3193 967 3238 οὐκ
1006 3194 1093 3238 ἔστι
1120 3194 1228 3239 κατὰ
1268 3199 1327 3253 τῷ
1357 3192 1489 3253 αιῗτῷι
1513 3199 1601 3238 Bas,
1631 3205 1671 3236 et
1702 3196 1766 3235 ed.
1795 3197 1933 3237 Petav.
1964 3219 2014 3227 -

123 3269 151 3309 1.
170 3268 210 3310 8.
236 3268 310 3308 inf.
354 3266 522 3321 Corrige
561 3266 663 3315 Τοῖς
691 3264 738 3309 δὲ
767 3266 930 3322 αἴσχεσι
972 3289 1025 3296 -
1081 3265 1110 3305 l.
1132 3267 1171 3306 5.
1199 3266 1250 3306 ab
1278 3266 1351 3307 inf.
1392 3262 1423 3320 ἦ
1454 3264 1739 3322 ἀπεχθημένον
1780 3262 1878 3318 ὁρᾶν
1915 3267 2017 3307 Ven.

125 3340 246 3378 Bene.
281 3362 332 3369 —-
389 3334 475 3378 l.4.
502 3337 553 3376 ab
581 3337 654 3377 inf.
700 3334 753 3389 δή
785 3344 922 3375 tuetur
960 3335 1080 3375 etiam
1121 3338 1268 3376 Venet.
1328 3336 1438 3375 Idem
1480 3337 1506 3376 l.
1533 3337 1572 3377 3.
1601 3336 1650 3375 ab
1681 3336 1755 3375 inf.
1788 3335 1899 3375 delet
1938 3351 2017 3376 vo-

126 3408 256 3449 culam
299 3402 430 3455 Οὕτως
457 3415 553 3461 POSt
584 3404 606 3449 ὅ
635 3404 746 3455 θεὸς·
779 3430 834 3436 -
889 3405 917 3445 l.
949 3405 1105 3459 penult.
1147 3405 1347 3462 τέχνισμα
1376 3404 1480 3462 ε’πιβ.
1514 3404 1668 3460 φθόνου
1698 3419 1786 3447 κεκ.
1816 3403 1912 3448 ἰδών
1941 3402 2017 3449 οὐκ

122 3474 266 3533 τίνέσχ.
296 3479 453 3520 τοιοῦτο
480 3477 582 3516 Ven.

238 3548 370 3604 rag.
391 3547 515 3591 294.
570 3546 598 3586 l.
620 3542 661 3586 4.
691 3547 811 3587 τοῦτο
841 3543 1020 3588 ἐνταῦθα
1048 3541 1290 3596 ἀποθανεῖν,
1321 3545 1470 3586 omisso
1499 3543 1571 3594 τὸ,
1603 3546 1706 3585 ven.
1738 3568 1789 3576 --
1846 3545 1874 3585 1.
1896 3546 1933 3586 5.
1964 3540 2017 3588 {5-

126 3619 199 3671 λην
237 3615 309 3659 καὶ
335 3612 665 3670 ἀνακομισθῆναι
693 3617 793 3655 Ven.
854 3618 897 3655 In
930 3615 1074 3656 eodem
1099 3616 1204 3655 libro
1244 3615 1525 3655 desiderantur
1550 3615 1675 3656 verba
1705 3613 1809 3669 μετὰ
1835 3613 1882 3659 τὸ
1911 3612 2015 3661 ἀπο-

127 3687 275 3729 θανεῖν.
306 3708 359 3716 -
414 3685 442 3726 l.
461 3687 500 3729 7.
546 3678 632 3730 ὦδε
666 3682 720 3728 τὰ
760 3681 867 3728 αὐτοὶ
894 3688 1105 3741 παρεγγυᾶ
1141 3686 1243 3726 Ven.
1300 3685 1412 3725 Idem
1436 3685 1464 3725 l.
1486 3685 1547 3728 18.
1579 3680 1602 3729 ὃ
1629 3680 1755 3734 αὐτὸς
1792 3684 1929 3729 ἐποίει.
1960 3709 2013 3719 -·

126 3756 247 3798 1.1‘2.
277 3754 484 3809 κεραμεὺς
523 3752 651 3804 αὐτὸς
688 3751 737 3798 οὔ
778 3757 877 3795 Ven.
907 3778 963 3788 --
1018 3755 1047 3796 l.
1071 3755 1135 3797 13.
1174 3756 1270 3807 τοῦ,
1312 3763 1408 3810 post
1441 3751 1571 3807 οἶκος,
1617 3769 1697 3795 om.
1737 3757 1840 3796 Ven.
1903 3756 2014 3797 Idem

126 3822 249 3882 paulo
274 3833 369 3881 post
395 3821 497 3880 ἰδοὺ,
527 3822 587 3875 ὥς
616 3822 639 3870 ὁ
665 3822 808 3879 πηλὸς.
832 3848 886 3857 -
942 3825 968 3866 l.
994 3825 1055 3868 15.
1084 3823 1180 3880 γὰρ,
1208 3833 1303 3866 ante
1328 3820 1456 3879 ὅπως,
1488 3839 1568 3867 om.
1596 3827 1698 3871 Ven.
1753 3825 1867 3870 Idem
1889 3826 2011 3881 paulo
