2508 4134
286 1478 374 1519 pag.
400 1465 473 1502 130.

502 233 604 282 542
1221 242 1426 284 SANGTI
1455 243 1741 285 EP1PHAN11

503 339 890 403 Λουκιανισταὶ,
939 341 1269 409 Σευηριανοὶ,
1331 343 1574 394 Τατιανοί.
1649 339 1791 407 Αὕτη
1833 338 1867 408 ἦ
1897 338 2320 408 ἄνακεφαλαίωσις
2345 349 2435 399 τοῦ

500 423 701 491 πρώτου
742 426 934 491 βιβλίου
968 429 1067 476 τῶν
1105 430 1256 492 τριῶν
1292 423 1475 492 τόμων.
1555 431 1656 478 Τοῦ
1694 426 1745 478 δὲ
1791 427 2019 496 δευτέρου
2062 430 2255 495 βιβλίου
2291 428 2435 498 τόμοι

500 509 605 563 δύο.
681 510 782 561 Καὶ
819 510 872 562 έν
911 509 998 576 μὲν
1022 514 1090 581 τῷ
1120 508 1299 582 πρώτῳ
1331 515 1421 563 τοῦ
1453 511 1682 580 δευτέρου
1725 513 1946 577 βιβλίου,
1995 511 2206 585 τετάρτῳ
2243 514 2298 568 δὲ
2327 513 2431 568 ὄντι

498 594 622 648 κατά
650 592 739 662 τὴν
773 591 933 646 2⁶13m’
967 593 1118 663 ἀρχῆς
1154 600 1242 648 τοῦ
1279 591 1502 665 οἷριθμοῦ
1541 593 1874 660 άκολουθίαν,
1913 597 2121 664 αἱρέσεις
2152 597 2213 666 ιη’
2249 599 2435 672 οὕτως,

491 681 829 750 Ἐγκρατῖται,
869 676 993 732 κατά
1028 678 1257 749 Φρύγας,
1310 683 1362 733 οἱ
1385 682 1468 732 καὶ
1502 682 1846 733 Μοντανισταὶ
1875 683 1961 733 καὶ
1995 687 2430 755 Τασκοδρουγῖται,

502 766 860 829 Πεπουζιανοὶ,
896 766 980 817 καὶ
1015 767 1429 829 27Κυντιλιανοὶ,
1469 762 1547 826 οἷς
1573 764 1906 819 συνάπτονται
1922 766 2272 838 Ἀρτοτυρῖται,
2319 776 2434 823 Τεσ-

502 853 1006 922 σαρεςκαιδεκατῖται,
1064 853 1115 903 οἱ
1146 848 1201 903 τὸ
1247 848 1422 917 Πάσχα
1462 852 1578 915 μίαν
1613 847 1802 920 ἡμέραν
1842 854 2117 928 τοῦόἔτους
2155 860 2431 920 ποιοῦντες,

485 935 710 1007 ’Ἁλογοι,
750 939 800 989 οἱ
826 934 879 989 τὸ
909 934 1187 1006 εὐαγγέλιον
1218 937 1300 988 καὶ
1327 934 1417 1002 τὴν
1444 933 1785 1001 Ἀποκάλυψιν
1809 933 2040 990 Ἰωάννου
2063 937 2132 1006 μὴ
2157 938 2431 1007 δεχόμενοι·

496 1021 811 1089 Ἀδαμιανοὶ,
851 1027 1139 1088 Σαμψαῖοι,
1181 1018 1554 1084 28Ἑλκεσαῖοι,
1597 1023 1940 1087 Θεοδοτιανοὶ,
1979 1026 2431 1091 Μελχισεδεκιανοὶ,

500 1108 936 1178 Βαρδησιανισταὶ,
978 1107 1280 1173 Νοητιανοὶ,
1326 1104 1624 1172 Οὐαλήσιοι,
1665 1108 1927 1173 Καθαροὶ,
1962 1105 2253 1178 Ἀγγελικοὶ,
2283 1109 2432 1163 Ἀπο-

499 1195 736 1258 στολικοὶ,
788 1195 839 1245 οἱ
858 1193 942 1244 καὶ
966 1190 1333 1256 Ἀποτακτῖται,
1386 1192 1732 1258 Σαβελλιανοὶ,
1785 1189 2071 1262 Ὠριγένειοι
2102 1196 2430 1264 αἰσχροποιοὶ,

497 1266 783 1349 ’.Ωριγένειοι
807 1280 857 1330 οἱ
882 1283 973 1331 τοῦ
1004 1275 1394 1344 29Ἀδάμαντος.
1461 1276 1550 1328 Ἐν
1579 1276 1632 1328 δὲ
1657 1282 1726 1349 τῷ
1751 1279 1960 1350 δευτέρῳ
1989 1277 2124 1352 τόμῳ
2154 1285 2246 1333 τοῦ
2275 1277 2431 1333 αὐτοῦ

499 1366 728 1434 δευτέρου
753 1366 964 1431 βιβλίου,
1002 1363 1208 1434 πέμπτῳ
1235 1362 1287 1414 δὲ
1313 1361 1418 1415 ὄντι
1442 1360 1564 1414 κατά
1586 1360 1674 1415 τόν
1699 1362 1918 1431 ἀριθμὸν
1940 1362 2029 1417 τὸν
2052 1365 2428 1434 προειρημένον,

499 1451 705 1519 αἱρέσεις
730 1448 763 1501 ε’
791 1448 971 1510 οὕτως·
1014 1446 1221 1500 Παύλου
1250 1453 1339 1500 τοῦ
1365 1449 1711 1515 Σαμοσατέως,
1739 1454 2028 1516 Μανιχαῖοι,
2068 1452 2120 1502 οἱ
2146 1451 2230 1503 καὶ
2253 1449 2429 1504 Ἀκου-

499 1543 686 1599 ανῖται,
734 1532 1018 1603 Ἵερακῖται,
1068 1534 1399 1600 Μελητιανοὶ,
1448 1535 1499 1586 οἱ
1535 1536 1586 1586 έν
1614 1539 1684 1606 τῇ
1725 1533 1966 1606 Αἰγύπτῳ
2008 1533 2330 1603 πεποιηκότες
2373 1534 2428 1589 τό

501 1624 702 1689 σχίσμα,
745 1619 1009 1691 Ἀρειανοί.
1083 1617 1226 1686 Αὕτη
1267 1617 1301 1686 ἦ
1338 1624 1429 1671 τοῦ
1470 1620 1700 1687 δευτέρου
1737 1622 1933 1687 βιβλίου
1971 1625 2069 1673 τῶν
2108 1619 2273 1689 τόμων
2313 1620 2429 1674 ἄνα-

499 1710 838 1773 κεφαλαίωσις.
910 1703 1120 1773 Ὁμοίως
1142 1706 1227 1757 καὶ
1249 1706 1301 1757 ἐν
1325 1710 1391 1776 τῷ
1418 1707 1561 1776 τρίτῳ
1590 1707 1762 1775 βιβλίῳ
1789 1706 1881 1757 εἰσὶ
1907 1704 2048 1772 τόμοι
2076 1705 2183 1759 δύο.
2248 1706 2338 1760 Ἐν
2361 1711 2429 1779 τῷ

500 1793 587 1860 μὲν
612 1791 790 1864 πρώτῳ
817 1791 952 1864 τόμῳ
976 1796 1064 1844 τοῦ
1090 1794 1254 1860 τρίτου
1286 1793 1509 1857 βιβλίου,
1559 1792 1683 1862 ἕκτῳ
1711 1790 1764 1843 δὲ
1792 1788 1897 1843 ὄντι
1919 1789 2045 1843 κατά
2073 1789 2160 1844 τόν
2191 1789 2428 1863 ἀριθμόν,

499 1878 558 1932 ὂν
582 1881 901 1947 προείπομεν,
941 1877 1148 1946 αἱρέσεις
1178 1875 1214 1940 ζ
1242 1875 1423 1936 οὕτως·
1475 1876 1751 1940 Αὐδιανοὶ,
1810 1878 2231 1942 3οΦωτεινιανοὶ,
2282 1883 2431 1947 Μαρ-

498 1965 765 2029 κελλιανοὶ,
813 1960 1109 2032 Ἡμιάρειοι,
1166 1959 1608 2029 Πνευματομάχοι,
1662 1964 1714 2014 οἱ
1749 1959 1803 2015 τὸ
1846 1968 2039 2030 πνεῦμα
2079 1968 2167 2016 τοῦ
2211 1968 2337 2015 θεοῦ
2372 1960 2428 2015 τὸ

499 2048 643 2121 ἅγιον
673 2053 1098 2118 βλασφημοῦντες·
1130 2048 1395 2118 Ἀεριανοὶ,
1431 2045 1622 2112 Ἀέτιοι,
1661 2049 1712 2099 οἱ
1730 2048 1812 2100 καὶ
1834 2047 2102 2114 Ἀνόμοιοι.
2168 2047 2257 2100 Ἐν
2287 2047 2339 2100 δὲ
2362 2052 2430 2120 τῷ

501 2137 711 2208 δευτέρῳ
735 2135 870 2207 τόμῳ
894 2140 983 2187 τοῦ
1012 2131 1164 2186 αὐτοῦ
1189 2136 1354 2203 τρίτου
1381 2123 1599 2200 βιβλίου,
1629 2131 1828 2204 ἑβδόμῳ
1856 2133 1909 2184 δὲ
1939 2129 2046 2197 ὄντι
2070 2130 2189 2185 καθ’
2213 2131 2274 2201 ἢν
2298 2135 2428 2186 εἴπο-

499 2243 585 2290 μεν
611 2224 871 2290 διαίρεσιν,
911 2220 1120 2290 αἱρέσεις
1145 2219 1373 2287 τέσσαρες
1399 2217 1580 2279 οὕτως·
1621 2224 1924 2286 Διμοιραῖοι,
1964 2220 2016 2270 οἱ
2039 2216 2107 2286 μή
2132 2221 2315 2271 τελείαν
2339 2215 2429 2286 τὴν

498 2313 586 2360 τοῦ
628 2312 846 2376 Χριστοῦ
886 2304 1265 2374 ένανθρώπησιν
1304 2300 1680 2372 ὁμολογοῦντες,
1731 2306 1783 2355 οἱ
1822 2305 1906 2356 καὶ
1934 2303 2329 2374 Ἀπολιναρῖται,
2380 2305 2433 2356 οἱ

500 2395 585 2446 καὶ
610 2391 699 2460 τὴν
732 2389 875 2462 ἆγίαν
904 2394 1112 2460 Μαρίαν
1147 2387 1236 2456 τὴν
1274 2388 1607 2458 ἆειπάρθενον
1643 2390 1862 2458 λέγοντες
1895 2387 2013 2456 μετά
2042 2387 2097 2442 τὸ
2124 2387 2209 2442 τὸν
2234 2394 2429 2460 σωτῆρα

501 2479 838 2548 γεγεννηκέναι
869 2481 938 2548 τῷ
968 2473 1155 2543 Ἰωσὴφ
1185 2481 1474 2542 συνῆφθαι,
1523 2473 1611 2539 οὓς
1645 2475 1935 2542 ἐκαλέσαμεν
1957 2473 2430 2545 ’Λντιδικομαριανί-

502 2586 610 2625 τας·
665 2564 748 2615 καὶ
786 2563 835 2614 οἱ
875 2562 943 2621 εἰς
986 2558 1141 2627 ὄνομα
1179 2567 1266 2627 τῆς
1307 2557 1460 2627 αὐτῆς
1497 2563 1703 2629 Μαρίας
1732 2563 2021 2630 κολλυρίδας
2054 2562 2428 2631 προςφέροντες,

503 2652 679 2710 οἵτινες
704 2653 967 2700 καλοῦνται
999 2647 1396 2715 Κολλυριδιανοὶ,
1435 2647 1810 2712 Μασσαλιανοὶ,
1848 2646 1933 2698 καὶ
1956 2643 1990 2713 ἦ
2017 2647 2128 2713 περὶ
2155 2652 2242 2713 τῆς
2268 2643 2429 2715 ὄρθῆς

502 2737 710 2795 πίστεως
736 2734 817 2786 καὶ
847 2732 1084 2798 ἀληθείας
1110 2728 1346 2801 οἷπολογία
1372 2729 1469 2798 μετ’
1499 2733 1749 2798 ἐπιτομῆς,
1787 2730 1895 2798 ’ἥτις
1922 2727 2106 2798 έστὶνῆ
2132 2728 2248 2800 άγία
2271 2738 2428 2784 καθο-

501 2818 614 2888 λική
650 2819 734 2872 καὶ
771 2815 1071 2884 ἆποστολική
1110 2819 1351 2884 ε’κκλησία.

648 2903 790 2971 Αὕτη
813 2900 845 2971 ἦ
869 2901 1293 2969 άνακεφαλαίωσις
1315 2903 1398 2955 καὶ
1424 2900 1675 2971 ἐπιγραφὴ
1693 2908 1779 2969 τῆς
1799 2899 1961 2968 πάσης
1986 2898 2109 2953 κατά
2131 2905 2229 2953 τῶν
2253 2898 2429 2970 ὁγδοή-

502 3013 653 3045 κοντα
681 2991 914 3060 αἱρέσεων
946 2992 1276 3058 πραγματείας
1318 2989 1403 3039 καὶ
1445 2993 1561 3054 μιᾶς
1599 2993 1687 3054 τῆς
1727 2985 1849 3056 ὑπὲρ
1887 2986 2123 3054 ἀληθείας
2149 2983 2426 3056 ἀπολογίας,

503 3078 722 3130 τουτέστι
768 3080 854 3142 τῆς
890 3073 1043 3142 μόνης
1081 3079 1354 3141 καθολικῆς
1385 3075 1637 3140 ἐκκλησίας
1649 3116 1661 3138 ,
1708 3075 1760 3126 έν
1787 3075 1911 3142 τρισὶ
1947 3075 2035 3142 μὲν
2070 3076 2279 3142 βιβλίοις
2304 3069 2427 3126 ὖπο-

503 3163 698 3229 κειμένη
730 3161 1147 3229 συντεταγμένως,
1186 3158 1307 3211 ἑπτά
1340 3159 1392 3211 δὲ
1419 3157 1587 3226 τόμοις
1624 3162 1941 3227 διαιρεθεῖσα.
2021 3157 2351 3226 Ποιησόμεθα
2375 3157 2428 3210 δὲ

504 3245 652 3301 πάλιν
687 3245 1110 3312 ἀνακεφαλαίωσιν
1147 3246 1312 3315 ἑτέραν
1352 3250 1440 3296 τοῦ
1483 3243 1685 3313 πρώτου
1715 3242 1868 3311 τόμου
1894 3249 1983 3297 τοῦ
2007 3242 2207 3314 πρώτου
2235 3245 2427 3311 βιβλίου

502 3338 591 3386 τοῦ
622 3330 744 3384 κατά
783 3336 881 3383 τῶν
913 3332 1093 3383 εἴκοσιν
1131 3331 1363 3398 αἱρέσεων
1400 3335 1420 3365 3
1440 3335 1455 3365 ¹
1476 3326 1906 3396 διαλαμβάνοντος.
1985 3334 2196 3398 Πρῶτον
2223 3328 2309 3395 μὲν
2334 3325 2425 3398 γάρ

505 3420 560 3469 αἱ
595 3422 692 3469 τῶν
728 3418 962 3486 αἱρέσεων
997 3421 1168 3468 πασῶν
1212 3416 1415 3485 μητέρες
1455 3416 1540 3467 καὶ
1583 3413 1892 3484 πρωτότυποι
1935 3412 2218 3482 ὀνομασίαι,
2270 3415 2325 3477 ἐξ
2358 3406 2427 3467 ὧν

504 3499 643 3555 ὄίλλαι
681 3503 894 3568 ἔφυσαν,
934 3495 1078 3554 αὗταί
1115 3502 1220 3553 εἰσι.

647 3585 1019 3656 Βαρβαρισμός,
1055 3585 1163 3654 ἥτις
1192 3583 1310 3639 καθ’
1341 3583 1519 3653 ἑαυτήν
1546 3586 1644 3638 ἔστι
1672 3584 1968 3654 διαρκέσασα
1996 3580 2084 3649 ἀφ’
2114 3580 2427 3655 ἡμερῶντοῦ

560 3729 627 3771 26.
668 3733 789 3781 Vulgo
817 3725 1025 3786 ἀπαρχήν.
1553 3729 1620 3771 28.
1655 3729 1776 3779 Vulgo
1805 3730 2054 3779 κερκεσαῖοι.

562 3785 628 3829 27.
659 3788 835 3827 Fortasse
859 3784 1172 3830 Κυϊντιλλιανοὶ.
1552 3783 1618 3826 29.
1644 3786 1796 3835 Repone
1824 3778 2115 3838 Ἀδαμαντίου.
