2508 4134
814 300 1344 342 ANACEPHALAEosm.
1930 287 2031 340 587

135 403 249 455 illud
274 401 585 471 praeberetur
607 407 946 467 agnoscerent.
1026 397 1154 449 Tum
1179 398 1322 449 etiam
1347 398 1543 467 spiritus
1564 407 1759 449 sanctus
1785 396 2032 448 columbae

136 486 299 555 specie
331 485 551 553 delapsus
578 493 681 549 est,
735 482 1129 551 quemadmodum
1161 482 1208 531 in
1237 483 1486 532 multarum
1519 482 1783 533 haereseon
1817 481 2034 532 conluta-

135 569 267 620 tione
297 568 526 620 diximus.
602 567 678 619 Ac
705 584 764 618 ne
793 565 981 617 trinitas
1009 566 1109 634 ipsa
1140 565 1187 615 in
1215 583 1358 615 unum
1386 566 1579 617 redacta
1607 566 1901 633 confusaque
1929 582 2034 615 cre-

136 653 362 716 deretur,
417 652 615 720 spiritus
649 649 838 720 propria
868 650 915 700 in
951 666 1156 717 persona
1186 649 1384 716 figuram
1415 649 1541 699 illam
1583 649 1762 712 induit,
1814 658 1863 699 et
1889 665 2036 717 super

136 737 266 787 illum
295 736 505 800 resedit,
547 753 695 804 seque
720 735 769 786 in
799 735 952 803 ipsum
980 732 1271 796 insinuavit3
1315 741 1362 782 ut
1392 733 1431 782 is
1459 733 1534 783 cui
1569 733 1890 783 testimonium
1920 733 2032 784 illud

134 819 492 887 suffragabatur
528 818 814 888 conspicuus
855 826 1014 879 esset,
1075 825 1222 883 utque
1266 826 1623 867 sacrosanctam
1667 818 1792 867 illam
1838 834 2033 868 carnem

135 902 335 954 amicam
361 919 472 954 esse
506 904 690 971 deoque
726 903 914 971 placere
943 900 1091 969 patris
1120 917 1176 950 ac
1208 899 1405 967 spiritus
1445 901 1729 951 auctoritate
1757 910 2031 963 constaret3

135 996 187 1038 ut.
218 995 353 1054 pater
381 988 676 1056 complaceat
706 986 794 1036 sibi
825 985 873 1036 in
903 985 1029 1048 filio,
1084 993 1130 1035 et
1155 984 1502 1035 incarnationis
1537 985 1663 1035 illius
1704 1003 1877 1053 praeco
1925 1002 2035 1037 esse

134 1072 385 1134 videatur,
442 1089 498 1122 ac
536 1071 739 1139 denique
781 1087 927 1121 verus
959 1078 1012 1120 ut
1051 1077 1302 1137 appareret
1338 1068 1489 1132 filius,
1546 1078 1592 1120 et
1623 1070 1735 1120 illud
1776 1069 2035 1138 prophetae

134 1155 410 1206 vaticinium
443 1155 693 1224 expleret,
751 1159 818 1204 Et
835 1165 946 1220 post
972 1158 1084 1203 haee
1117 1157 1164 1202 in
1193 1163 1321 1202 terra
1350 1156 1475 1202 visus
1505 1163 1598 1214 est,
1650 1164 1698 1203 et
1718 1173 1818 1203 eum
1843 1158 2036 1205 leomini-

137 1241 221 1288 bus
248 1249 563 1289 conversatus.
641 1237 795 1306 Igitur
825 1256 851 1289 a
901 1237 1109 1289 lordane
1150 1238 1398 1304 digressus
1445 1245 1579 1287 certo
1618 1255 1831 1305 vereque
1875 1256 1901 1289 a
1942 1240 2040 1289 dia-

134 1323 244 1373 bolo
272 1325 319 1373 in
348 1323 541 1374 deserto
572 1331 782 1374 tentatus
808 1332 910 1387 est,
950 1331 999 1374 et
1026 1330 1132 1390 post
1156 1321 1384 1372 ieiunium
1415 1321 1615 1386 esuriit,
1655 1331 1707 1373 ut
1738 1323 1862 1389 quod
1890 1340 2038 1373 verae

134 1407 270 1458 carni
297 1416 550 1476 susceptae
578 1416 954 1458 consentaneum
983 1416 1056 1457 est
1078 1406 1393 1476 exprimeret.
1450 1403 1725 1457 Secundum
1753 1406 1867 1457 haec
1896 1406 2038 1458 disci-

134 1491 270 1560 pulos
298 1491 474 1558 elegit,
527 1491 779 1544 veritatem
815 1491 1139 1560 praedicavit,
1193 1489 1520 1558 aegritudines
1551 1490 1768 1555 sanavit,
1825 1492 2035 1554 dormiit,

135 1574 333 1639 esuriit,
374 1574 468 1626 iter
497 1576 636 1638 fecit,
677 1575 891 1644 prodigia
925 1575 1160 1644 patravit,
1213 1583 1429 1624 mortuos
1461 1574 1723 1638 excitavit,
1778 1578 1936 1626 caecis
1968 1576 2039 1627 vi-

134 1677 238 1710 sum
268 1659 679 1727 repraesentavit,
719 1660 900 1710 claudis
932 1669 979 1709 et
1014 1658 1290 1728 paralyticis
1325 1658 1457 1710 vires
1491 1659 1726 1724 restituit,
1781 1661 1858 1728 qni
1893 1678 2040 1712 evan-

133 1743 310 1811 gelium
354 1742 507 1811 ipsum
552 1744 778 1794 coelestis
818 1743 956 1811 regni
994 1745 1278 1805 veritatem,
1337 1760 1393 1793 ac
1437 1760 1543 1793 cum
1586 1742 1737 1811 ipsius
1776 1744 1884 1808 filii,
1943 1754 2038 1796 tum

134 1828 282 1896 patris
308 1845 364 1879 ac
389 1827 586 1896 spiritus
608 1828 762 1878 sancti
794 1828 1052 1879 bonitatem
1077 1827 1513 1895 humanitatemque
1538 1828 1852 1895 praedicavit.
1908 1828 2038 1881 ldem

133 1912 214 1963 ille
249 1929 393 1979 porro
432 1928 605 1962 revera
647 1912 891 1963 cruciatus
922 1912 970 1962 in
1007 1930 1093 1962 sua
1124 1928 1270 1962 carne
1302 1920 1346 1962 et
1384 1912 1593 1980 perfecta
1631 1913 1837 1964 hominis
1868 1924 2040 1966 natura

134 1995 393 2059 sustinuit,
442 2012 559 2046 vere
597 1995 644 2045 in
675 2013 818 2047 cruce
861 2014 1030 2064 passus
1063 2006 1164 2059 est,
1222 1996 1289 2047 ita
1323 1996 1511 2063 quidem
1557 2006 1608 2047 ut
1645 1998 1691 2047 in
1723 2015 1782 2047 eo
1816 1998 2039 2051 divinitas

135 2080 402 2142 existeret,
442 2080 526 2130 sed
558 2080 615 2130 ad
651 2080 922 2147 patiendum
952 2079 1146 2130 minime
1178 2097 1288 2130 sese
1315 2089 1643 2145 converteret,
1684 2082 1767 2132 sed
1802 2082 2039 2150 passionis

134 2180 314 2232 expers
345 2172 393 2214 et
419 2162 725 2214 immutabilis
753 2173 987 2215 maneret.
1066 2162 1174 2230 Qua
1197 2165 1244 2214 in
1272 2182 1324 2215 re
1353 2165 1444 2214 duo
1471 2164 1552 2216 illa
1578 2174 1905 2217 consentanea
1935 2185 2039 2218 cer·-

134 2247 320 2299 tissime
348 2247 707 2315 intelliguntur,
764 2256 814 2298 ut
845 2257 893 2298 et
919 2245 1144 2299 Christus
1177 2266 1261 2317 pro
1293 2249 1430 2299 nobis
1469 2266 1615 2299 carne
1646 2250 1709 2300 sit
1742 2268 1940 2318 passuS,
1992 2261 2041 2303 et

135 2331 374 2399 passionis
401 2348 581 2400 expers
608 2331 656 2382 in
684 2332 932 2383 divinitate
959 2342 1256 2401 permaneat.
1332 2332 1446 2384 Nou
1482 2335 1604 2401 quod
1633 2334 1838 2386 hominis
1870 2345 2038 2387 natura

135 2433 194 2466 ac
229 2415 457 2468 divinitas
498 2425 749 2484 separatae
787 2434 814 2467 a
856 2435 910 2467 se
949 2417 1157 2468 invicem
1199 2416 1444 2481 existant,
1509 2436 1675 2469 verum
1717 2420 1907 2471 tametsi
1944 2439 2038 2473 una

137 2509 269 2550 esset.
310 2499 565 2563 divinitaS,
624 2500 740 2551 nihil
780 2501 841 2552 ob
878 2502 1117 2553 sinceram
1158 2511 1207 2553 et
1242 2502 1665 2571 incomparabilem
1703 2514 1921 2556 naturam
1965 2515 2040 2557 est

135 2600 385 2652 perpessa.
462 2584 531 2635 At
566 2581 791 2636 Christus
833 2595 882 2636 et
912 2587 960 2637 iu
1002 2603 1148 2637 carne
1177 2604 1345 2654 passus
1374 2596 1476 2650 est,
1529 2597 1577 2637 et
1613 2587 1662 2638 in
1689 2589 1854 2640 eadem
1885 2600 2039 2642 morte

136 2677 209 2719 est
237 2669 465 2732 affectus,
519 2685 624 2719 cum
655 2669 845 2719 interim
879 2670 1127 2722 divinitate
1164 2672 1267 2739 ipsa
1302 2671 1491 2723 viveret
1524 2689 1581 2722 ac
1612 2682 1827 2725 mortuos
1856 2676 2039 2726 excita-

135 2761 238 2816 ret,
281 2770 453 2821 corpus
489 2769 606 2803 vero
638 2770 811 2803 revera
838 2754 1096 2822 sepultum,
1138 2772 1192 2804 ac
1222 2754 1379 2806 triduo
1410 2756 1568 2807 anima
1593 2774 1765 2808 carens
1797 2768 1843 2811 et
1869 2760 2039 2828 spiritu

134 2845 362 2904 motuque
401 2836 612 2900 iaceret,
654 2837 930 2888 obvolutum
971 2838 1203 2902 sindone,
1260 2839 1308 2890 iu
1351 2851 1710 2893 monumentum
1747 2844 2033 2911 depositum,

135 2921 378 2972 occlusum
423 2920 575 2989 lapide
612 2938 669 2970 ac
709 2921 878 2987 sigillis
922 2922 1244 2989 obsignatum.
1320 2923 1497 2993 Neque
1537 2943 1654 2976 vero
1686 2927 1791 2995 ipsa
1820 2937 1894 2978 est
1924 2946 2038 2979 con-

135 3005 267 3056 clusa
293 3004 549 3066 diviuitas,
605 3013 685 3055 aut
715 3006 930 3073 sepulta,
972 3007 1055 3056 sed
1087 3025 1192 3056 cum
1226 3008 1532 3060 sanctissima
1560 3010 1663 3061 eius
1695 3012 1852 3062 anima
1882 3014 1937 3063 ad
1967 3013 2037 3063 in-

134 3090 264 3139 feros
297 3088 574 3151 descendit,
614 3089 916 3157 indidemque
943 3090 1157 3158 captivas
1188 3092 1371 3143 animas
1404 3093 1608 3161 eripuit,
1649 3099 1883 3145 stimulum
1914 3116 2033 3146 mor-

135 3178 195 3222 τίς
225 3176 444 3240 infregit,
498 3176 733 3233 claustra,
788 3184 833 3222 et
859 3177 1153 3224 adamantina
1182 3180 1409 3240 repagula
1431 3183 1662 3243 per-rapit.
1741 3178 1916 3230 Mortis
1949 3182 2031 3231 do-

133 3257 262 3308 lores
288 3275 372 3308 sua
396 3267 631 3327 potestate
657 3258 902 3321 dissolvit3
946 3267 1041 3307 tum
1066 3276 1160 3309 una
1187 3277 1291 3309 cum
1320 3262 1476 3312 anima
1503 3262 1701 3313 emersit
1724 3264 1779 3313 ad
1809 3281 2030 3332 superos.

136 3339 275 3408 Quae
304 3343 493 3409 quidem
523 3347 677 3392 anima
707 3346 888 3390 mz'm'me
916 3346 1040 3406 apud
1064 3344 1238 3407 inser-os
1270 3347 1435 3393 relicta
1458 3348 1585 3410 fuit,
1627 3366 1772 3412 neque
1797 3366 1907 3397 caro
1932 3368 2035 3399 cor-

189 3453 255 3493 55.
286 3454 383 3496 §2013
426 3458 582 3508 σημεῖα
622 3456 732 3494 codd.
767 3466 854 3493 mss.
894 3458 927 3493 et
963 3455 1053 3493 edit.
1163 3453 1228 3495 59.
1262 3455 1490 3510 σφραγίδος
1528 3461 1713 3509 scriptum
1742 3464 1795 3499 est
1830 3463 1966 3512 ubique
1993 3466 2033 3504 in

129 3511 254 3559 princ.
310 3510 564 3563 θεοσημείας
591 3512 679 3550 edit.
711 3512 844 3551 Petav.
1106 3512 1218 3551 codd.
1248 3522 1336 3552 mss.

190 3564 256 3606 56.
286 3561 412 3607 nuit-oi]
442 3569 552 3606 codd.
582 3579 669 3606 mss.
700 3571 734 3606 et
760 3567 847 3605 edit.
873 3568 995 3615 princ.
1163 3567 1228 3607 60.
1254 3562 1357 3622 ᾅδου
1383 3572 1519 3619 le9itur
1540 3573 1581 3610 in
1603 3573 1776 3611 Panario
1802 3585 1896 3624 pay.
1917 3574 2033 3616 1099.

189 3619 255 3661 57.
301 3620 454 3669 „Adde
494 3620 566 3664 καὶ
605 3624 684 3676 τῆς
724 3619 922 3675 δεότητος
963 3617 1054 3663 κατ’
1108 3636 1178 3672 pro
1209 3621 1399 3666 θανάτου.

137 3675 287 3719 ἰδίαν.“
346 3679 539 3718 Petavius.
1166 3678 1231 3718 (51.
1263 3677 1303 3721 ἐν
1333 3683 1443 3720 codd.
1471 3694 1559 3722 mss.
1593 3686 1627 3721 et
1663 3685 1750 3723 edit.
1776 3687 1901 3734 princ.
1961 3685 2034 3731 σὺν

189 3733 254 3773 58.
300 3729 347 3775 δὲ
384 3730 452 3776 διὰ
481 3736 568 3774 edit.
595 3737 753 3785 Petav.‚
794 3737 924 3776 invitis
948 3736 1055 3774 libris
1110 3737 1198 3775 edit.
1230 3738 1365 3775 Petav.

133 3792 221 3829 vett.
1166 3790 1233 3834 62.
1265 3788 1323 3846 μή
1356 3821 1366 3832 .
1391 3822 1402 3833 .
1428 3821 1437 3832 .
1471 3792 1618 3850 Seio-q<
1643 3797 1756 3843 codd.
1785 3809 1875 3845 mss·
1931 3801 2032 3845 Nam

2079 1160 2242 1195 Baruch.

2099 1203 2134 1246 3,
2156 1203 2208 1238 33.

2070 1244 2212 1282 Matth.
2235 1246 2268 1279 4.

2090 3109 2118 3143 1.
2140 3110 2224 3145 Cor.

2083 3152 2136 3194 15,
2151 3153 2204 3188 55.

2092 3194 2228 3230 Psalm.

2096 3236 2169 3282 106,
2192 3240 2224 3272 6.

2084 3363 2221 3399 Psalm.

2090 3405 2143 3451 15,
2168 3408 2222 3442 55.

2141 3454 2180 3484 et

2057 3492 2137 3526 Aet·
2158 3493 2193 3537 2,
2215 3495 2268 3534 27,
