2508 4134
560 277 783 318 PANARII
811 278 916 319 Lm.
939 250 1010 318 ni.
1039 276 1173 316 ΤοΜ.
1199 277 1250 316 11.
1282 275 1444 315 HAER.
1473 274 1709 314 Lxxvm.
1979 263 2079 311 405

184 375 389 427 Mariam
431 382 540 443 post
578 371 824 426 Christum
866 375 915 425 in
942 375 1094 424 lucem
1124 373 1299 423 editum
1340 391 1444 423 cum
1475 372 1581 422 viro
1611 389 1699 422 suo
1734 369 1940 440 losepho
1967 387 2082 420 con-

183 458 485 509 suetudinem
529 458 752 509 habuisse
793 459 1027 508 dicerent.
1105 454 1260 522 Quam
1288 456 1474 523 quidem
1509 456 1812 524 opinionem,
1855 462 1906 505 ut
1937 470 2083 522 supra

183 541 311 605 dixi,
368 541 426 593 ab
457 558 574 592 sene
601 541 682 592 illo
714 542 1014 610 Apollinari,
1068 548 1150 590 aut
1187 540 1244 590 ab
1278 540 1382 589 eius
1409 539 1651 606 discipulis
1690 555 1910 590 manasse
1945 555 2084 606 prae-

181 626 367 689 dicant3
419 626 478 676 de
520 643 612 694 quo
643 627 849 677 nondum
889 624 1001 676 mihi
1046 623 1223 691 liquido
1258 631 1467 672 constat.
1543 621 1810 690 Utcumque
1852 640 1962 673 sese
2001 638 2081 671 res

182 709 382 774 haheat,
423 726 527 759 cum
560 709 838 761 necessario
865 726 892 760 a
924 708 1062 759 nobis
1096 708 1161 757 illi
1189 707 1428 757 refutandi
1457 706 1584 768 sint,
1627 724 1686 756 ne
1720 707 1919 757 eundem
1950 705 2084 756 labo·

180 810 279 843 rem
305 794 461 844 denuo
490 803 792 861 repetamus,
834 792 1078 844 subiiciam
1110 791 1237 841 illam
1262 791 1514 859 ipsammet
1541 790 1787 857 epistolam
1807 829 1820 853 ,
1863 807 2001 857 quam
2034 789 2083 839 in

180 876 406 928 Arabiam
436 895 462 927 a
503 895 576 927 me
606 887 747 928 antea
786 877 1011 944 scriptam
1043 892 1152 926 esse
1192 875 1475 925 memoravi.
1554 871 1691 939 Quae
1721 884 1795 924 est
1827 874 2078 924 eiusmodi.

314 959 537 1012 Dominis
569 962 688 1011 meis
717 960 964 1029 plurimum
1000 958 1317 1010 observandis
1349 975 1405 1008 ae
1431 957 1693 1008 carissimis
1723 957 1859 1019 filiis,
1901 967 1947 1007 et
1978 957 2334 1007 SinAEPIPHANtl

171 1014 176 1016 ,
2174 1004 2235 1037 8,,

175 1045 299 1095 ceris
332 1044 585 1107 fratribuS,
627 1045 839 1096 eiusdem
873 1043 1172 1095 orthodoxae
1206 1042 1310 1092 fidei
1346 1042 1732 1110 professoribuS,
1784 1050 1876 1091 tam
1909 1003 2335 1123 εθοεν-ᾔῗὶξὲᾗῑιξιξξὲ

174 1128 362 1178 dotibus
394 1146 530 1196 quam
561 1129 699 1179 laicis
729 1137 777 1180 et
804 1127 1188 1191 catechumenis,
1243 1125 1539 1195 Epiphanius
1573 1126 1904 1194 episcoporum
1938 1126 2323 1208 mini-Mssffilgffl-

174 1229 277 1263 mus
319 1211 374 1264 S.
2112 1199 2207 1273 cap'.
2235 1199 2285 1257 1'1.

313 1295 405 1347 Est
440 1297 527 1347 hoc
563 1305 777 1366 tempore
820 1297 942 1364 quod
984 1295 1310 1346 admirandum
1349 1294 1488 1345 simul
1530 1303 1578 1345 et
1617 1312 1710 1344 non
1750 1294 2078 1344 admirandum

171 1380 410 1431 videatur.
505 1380 850 1431 Admirandum
904 1380 1122 1448 quidem,
1194 1381 1315 1447 quod
1369 1387 1525 1429 aetate
1576 1388 1738 1428 nostra
1790 1377 2081 1446 impleantur

173 1465 352 1528 omnia,
394 1464 587 1515 minime
613 1482 732 1516 vero
761 1465 1044 1526 mirandum,
1087 1464 1209 1530 quod
1240 1465 1404 1514 eadem
1435 1462 1512 1512 illa
1546 1463 1731 1531 impleri
1762 1479 1964 1512 necesse
1995 1461 2075 1526 sit.

171 1547 365 1598 Etenim
394 1549 605 1616 quotidie
637 1550 774 1599 nobis
812 1549 1071 1617 sophistica
1104 1547 1259 1615 aliqua
1294 1547 1536 1598 cavillatio
1567 1564 1817 1615 perperam
1855 1547 2077 1596 affectata

171 1632 389 1683 humanis
427 1649 493 1683 ex
533 1631 741 1700 ingeniis
791 1651 846 1682 ac
886 1633 1123 1683 mentibus
1167 1632 1399 1700 erumpit,
1455 1640 1597 1698 atque
1641 1631 1687 1680 in
1727 1631 1938 1681 deterius
1970 1648 2077 1698 pro-

169 1733 339 1783 gressa
361 1716 417 1766 ab
444 1716 703 1784 apostolica
728 1717 942 1766 doctrina
969 1716 1225 1779 desciscit,
1257 1716 1653 1783 quemadmodum
1684 1715 1928 1783 apostolus
1952 1713 2078 1765 Pau-

170 1801 242 1850 lus
275 1799 608 1867 praedixerat,
651 1803 880 1866 Deficient
901 1805 1079 1866 quidem
1102 1819 1130 1849 a
1158 1818 1272 1849 sana
1304 1804 1544 1860 doctrina,
1588 1803 1872 1849 attendentes
1896 1801 2076 1865 fabulis
2098 1814 2128 1848 1.
2142 1812 2285 1857 Tim.4,
2297 1814 2329 1848 1.

166 1895 212 1933 et
238 1887 464 1934 doctrinis
491 1888 829 1934 daemoniorum
860 1894 954 1935 etc.
1031 1883 1157 1936 Nam
1198 1885 1234 1934 si
1265 1903 1355 1952 qua
1384 1901 1493 1935 sese
1520 1901 1856 1952 perversarum
1890 1885 2076 1934 viarum

166 1968 558 2035 inquirendarum
602 1978 744 2036 atque
783 1968 1210 2036 excogitandarum
1259 1969 1451 2019 occasio
1491 1978 1539 2018 ct
1581 1969 1779 2018 facultas
1826 1968 2072 2031 obtulerit,

164 2052 212 2102 in
243 2070 300 2102 eo
329 2052 486 2120 potius
521 2053 762 2104 hominum
793 2053 948 2103 studia
984 2061 1270 2116 versantur,
1313 2071 1451 2120 quam
1488 2069 1551 2102 ex
1587 2062 1843 2121 praecepto
1875 2053 1955 2102 illo
1988 2069 2077 2103 ex-

165 2137 382 2204 equendo
412 2138 535 2204 quod
564 2137 764 2188 honesta
793 2147 839 2187 et
877 2137 1220 2205 approbatione
1251 2137 1391 2204 digna
1420 2154 1655 2204 quaerere
1683 2137 1863 2200 iubet,.
1901 2146 1982 2188 aut
2006 2137 2075 2187 al-

170 2229 275 2271 tero
302 2221 382 2271 illo
411 2239 560 2270 sermo
585 2232 733 2270 vester
757 2225 855 2270 sale
880 2226 1108 2282 conditus,
1151 2231 1206 2271 ut
1226 2225 1303 2270 det
1323 2226 1528 2286 gratiam
1555 2224 1863 2271 audientibus.
1929 2221 2068 2289 Quod
2114 2232 2274 2310 Pqiligp.

169 2306 211 2357 si
243 2306 359 2357 haec
391 2306 619 2357 attentius
660 2306 818 2357 animo
864 2307 1197 2368 revolvamus,
1253 2307 1377 2356 unde
1411 2306 1491 2355 liat
1524 2316 1574 2356 ut
1611 2306 1819 2375 pessima
1854 2324 2069 2374 quaeque
2095 2302 2286 2361 Gol.'4‚'6.

172 2390 309 2440 nobis
339 2390 386 2440 in
417 2390 518 2440 dies
561 2390 920 2454 instaurentur,
975 2399 1022 2441 et
1053 2408 1140 2440 nos
1168 2390 1257 2458 ipsi
1302 2391 1629 2459 imperitorum
1661 2391 1842 2442 similes
1873 2391 2071 2455 erimus,

171 2473 248 2541 qui
287 2473 462 2524 divinis
511 2474 672 2525 verbis
707 2484 756 2525 et
795 2474 1037 2525 vaticiniis
1075 2474 1282 2525 animum
1333 2475 1488 2525 minus
1532 2474 1860 2525 adhibeamus.
1939 2475 2076 2526 Haec

170 2558 294 2607 euim
341 2556 529 2625 impleri
569 2575 770 2609 necesse
810 2569 911 2622 est,
969 2568 1110 2626 atque
1152 2559 1198 2608 in
1239 2559 1462 2609 omnibus
1507 2559 1613 2609 fidei
1653 2559 1866 2627 partibus
1913 2560 2076 2628 perfici

169 2642 290 2709 quod
318 2641 493 2691 dictum
520 2650 612 2703 est,
658 2646 767 2691 Cum
793 2647 971 2692 venerit
981 2646 1123 2708 filias
1148 2645 1345 2693 hominis
1369 2646 1587 2709 anfidem
1614 2648 1812 2693 inveniet
1835 2649 1881 2694 in
1906 2654 2032 2694 ter-ra
2049 2651 2072 2693 ?
2094 2654 2183 2690 Luc.
2201 2655 2253 2701 18,
2274 2656 2305 2692 8.

170 2722 279 2791 Quo
309 2725 433 2775 enim
464 2726 653 2775 tandem
679 2728 906 2775 hominum
932 2746 1057 2776 mens
1074 2746 1227 2792 prona
1253 2731 1299 2777 in
1330 2731 1498 2777 malam
1524 2730 1583 2777 ab
1608 2739 1765 2778 tenera
1790 2739 1940 2778 aetate
1963 2747 2072 2797 pro·
2097 2740 2190 2776 Gen.
2203 2742 2238 2787 e,
2252 2741 2304 2776 21.

170 2809 349 2860 cessit?
402 2808 558 2876 Quam
592 2827 685 2859 non
717 2810 823 2860 fidei
852 2819 1030 2878 partem
1063 2812 1422 2879 pessumdedit?
1474 2811 1725 2880 Quodnam
1757 2830 1874 2863 vero
1903 2815 2075 2882 dogma

169 2893 315 2944 estin
355 2911 448 2961 quo
479 2893 711 2962 perditum
755 2894 945 2944 illorum
989 2895 1237 2946 consilium
1262 2896 1483 2964 quicquid
1513 2899 1695 2948 fructus
1731 2907 1834 2948 erat
1865 2907 1911 2948 et
1947 2898 2075 2948 utili-

171 2978 282 3029 tatis
309 2996 402 3028 non
438 2977 761 3046 perturbavit?
800 2996 904 3027 cum
936 2978 1047 3029 illud
1080 2981 1227 3030 semel
1259 2981 1560 3048 neglexisset
1593 2982 1716 3049 quod
1748 2982 1959 3050 apprime
1993 2982 2073 3032 de-

169 3063 334 3124 cebat,
388 3070 433 3112 et
476 3062 662 3112 ratione
708 3063 947 3129 praeditae
978 3072 1177 3114 naturae
1206 3065 1350 3115 statui
1389 3075 1766 3116 consentaneum
1809 3075 1941 3128 erat,
1996 3065 2073 3115 cui

170 3148 354 3215 quidem
393 3147 506 3197 illud
548 3147 701 3214 potius
745 3148 1087 3209 conveniebat,
1148 3157 1198 3198 ut
1237 3148 1439 3199 honesta
1487 3167 1703 3218 quaeque
1750 3167 1804 3200 ac
1842 3150 2071 3217 religiosa

168 3233 405 3299 cogitaret
432 3231 609 3293 animo,
651 3239 698 3280 et
723 3232 777 3280 ad
813 3248 869 3281 ea
898 3248 1006 3281 sese
1033 3232 1109 3281 vel
1139 3231 1335 3282 invitam
1361 3243 1553 3301 praeter
1586 3242 1802 3284 naturam
1834 3251 1989 3297 suam,
2031 3234 2073 3284 si

169 3315 235 3365 ita
267 3332 468 3366 necesse
502 3317 654 3378 foret,
711 3316 1124 3377 accommodaret,
1183 3333 1320 3382 quam
1368 3326 1418 3366 ut
1459 3319 1514 3368 ad
1558 3319 1797 3368 deteriora
1831 3317 2073 3368 violenter

169 3399 357 3449 enitens
396 3416 515 3466 quae
555 3417 670 3449 vera
708 3409 817 3449 sunt
857 3401 912 3449 ad
952 3400 1150 3466 profana
1190 3417 1245 3448 ac
1284 3400 1481 3450 ridicula
1520 3402 1846 3469 detorqueret.

307 3482 499 3534 Etenim
540 3492 847 3551 posteaquam
880 3483 1273 3551 blasphemiarum
1312 3501 1492 3550 genera
1539 3486 1696 3536 omnia
1728 3503 1783 3535 ac
1817 3504 2071 3554 quaecum-
2105 3501 2203 3558 Cap.
2224 3504 2293 3543 111.

224 3595 262 3636 3.
294 3587 375 3648 οἷρα
404 3597 514 3636 codd.
539 3608 628 3637 mss.
687 3590 767 3647 ἄρα
796 3598 888 3636 editi
917 3598 1013 3636 lz'bri.
1148 3610 1245 3636 vero
1281 3597 1532 3636 sermonibus
1564 3597 1711 3636 malum
1741 3598 1952 3638 consilium
1989 3613 2070 3640 non

223 3648 262 3690 ll.
292 3652 371 3693 ποῦ
400 3651 665 3705 παρέφὲῑασεν
695 3655 777 3692 cod.
805 3654 965 3702 Rhedz‘y.
1145 3652 1323 3691 turbavit
1356 3653 1571 3692 utilitatem
1603 3667 1739 3693 eorum
1764 3655 1830 3707 qui
1860 3654 2067 3695 decentis-

225 3708 262 3746 Ξ).
280 3709 574 3747 Rescribendum
589 3710 750 3758 fortasse
766 3703 890 3749 ὄντων
909 3706 966 3750 δὲ.
998 3711 1089 3748 Cor-
1145 3708 1235 3746 simi
1259 3716 1353 3748 sunt
1377 3718 1418 3748 et
1441 3709 1483 3748 in
1506 3718 1615 3749 statu
1638 3710 1846 3750 rationalis
1865 3713 2065 3753 naturae?

169 3765 302 3803 narius
336 3765 473 3803 iunctis
508 3767 718 3805 enuncians
742 3767 852 3804 vertit
876 3764 915 3804 in
947 3763 1088 3819 quibus
1145 3767 1327 3805 Petavius
1357 3767 1481 3807 deesse
1509 3769 1710 3817 quippiam
1740 3770 1948 3808 arbitratus
1972 3773 2038 3810 est.
