2508 4134
528 283 755 324 rammi
784 284 890 325 Lm.
915 286 986 326 ni.
1010 286 1146 328 ToM.
1168 290 1199 328 1.
1229 289 1391 332 HAER.
1416 291 1614 333 Lxxni.
1928 284 1930 286 ’
1959 282 2019 333 81

123 389 259 433 eatur
287 397 410 450 quae
438 397 502 432 ex
535 381 666 432 buxo
696 381 925 432 fabricata
960 392 1062 444 est,
1117 394 1167 435 et
1200 396 1357 439 tamen
1400 389 1640 441 eommuni
1673 389 1871 458 quadam
1912 390 2029 441 abu-

118 465 256 517 sione
299 466 435 519 vocis
476 464 584 516 ltine
629 466 685 515 ad
729 465 907 533 reliqua
954 467 998 516 id
1045 484 1198 535 genus
1247 489 1365 522 vasa
1413 475 1731 537 transfertur,
1793 492 1917 543 quae
1965 493 2030 526 ex

120 551 339 619 plumbo,
392 567 537 613 aere,
592 550 748 600 aliave
793 550 991 600 materia
1037 553 1159 602 l'acta
1204 563 1334 604 sunt.
1413 554 1656 622 Quocirca
1695 576 1788 609 non
1834 560 2028 627 perinde

120 635 166 684 in
201 635 275 685 dei
304 635 400 685 filio
427 634 755 703 accipiendum
786 633 898 684 illud
929 643 1033 696 est,
1089 643 1140 685 ut
1167 654 1272 686 cum
1314 637 1514 703 dicitur,
1572 645 1852 707 Quz‘genuz't
1876 647 2030 693 stillas

116 723 268 779 roris,
326 720 448 787 quod
492 718 686 768 minime
714 717 769 768 ad
803 718 1120 770 substantiam
1151 718 1301 788 ipsam
1336 722 1545 789 pertinet
1577 727 1773 794 (qnippe
1801 745 1887 796 per
1914 728 2030 779 abu-

118 820 222 853 sum
253 803 389 854 vocis
420 802 509 854 boe
543 802 650 853 loeo
684 811 848 871 partus
878 820 934 853 ae
965 803 1296 871 generationis
1334 823 1506 856 nomen
1549 809 1606 858 ad
1649 811 1867 861 effectum
1910 830 2028 879 opus

117 890 464 952 transfertur),
519 903 672 954 neque
702 895 751 937 ut
781 887 828 937 in
856 886 950 937 illis
984 888 1175 952 verbiS,
1230 891 1376 938 Filios
1408 895 1627 954 genm'et
1648 897 1856 943 exaltavi
1890 897 2024 964 (nam
2052 909 2154 944 Esai.
2180 909 2257 955 1‚2.

117 979 166 1021 et
196 971 284 1021 hoe
314 972 359 1022 in
387 971 495 1022 loco
528 969 725 1038 perinde
770 970 1004 1022 abusione
1048 973 1182 1024 vocis
1211 973 1269 1023 ad
1302 973 1687 1026 benevolentiam
1723 986 1769 1027 et
1799 979 2028 1030 honorem

118 1056 479 1123 significandum
509 1055 794 1106 vocabulum
822 1054 935 1106 illud
963 1056 1268 1122 adhibetur),
1310 1074 1465 1125 neque
1494 1067 1543 1108 ut
1573 1059 1618 1109 in
1651 1060 1739 1110 hoe
1770 1062 1896 1126 loeo,
1937 1069 2027 1113 De·
2068 1079 2195 1114 toann.

117 1142 189 1188 dit
210 1143 277 1189 eis
299 1150 570 1206 potestatem
595 1141 734 1205 filios
768 1143 848 1189 dei
868 1142 994 1205 fieri
1025 1141 1175 1209 (quod
1211 1141 1399 1208 quidem
1431 1144 1487 1193 ad
1520 1152 1772 1196 creaturae
1803 1147 2025 1198 virtutem
2089 1124 2120 1167 ι’
2147 1123 2195 1157 η’

118 1232 163 1274 et
194 1225 428 1291 quandam
460 1224 534 1275 dei
563 1224 875 1275 imitationem
907 1226 1080 1275 referri
1111 1226 1389 1291 eonvenit):
1433 1245 1526 1278 non
1559 1229 1727 1278 eodem
1747 1268 1759 1292 ‚
1814 1230 2026 1298 inquam,

120 1309 258 1359 modo
290 1309 348 1359 de
375 1309 516 1360 unico
554 1309 628 1359 dei
670 1309 768 1359 titio
800 1309 1172 1360 existimandum
1206 1309 1344 1360 nobis
1373 1319 1474 1376 est,
1532 1313 1614 1363 sed
1657 1313 1848 1381 proprie
1883 1315 2029 1365 lilium

117 1409 228 1444 esse
257 1393 453 1457 dietum,
488 1401 651 1461 utpote
681 1394 757 1461 qui
787 1393 920 1444 solus
952 1410 1014 1444 ex
1041 1394 1145 1444 solo
1176 1403 1332 1463 patre,
1377 1394 1626 1465 eidemque
1659 1406 1830 1448 natura
1860 1398 2029 1449 similis

118 1477 181 1527 sit
216 1477 440 1546 genitus,
481 1477 618 1529 cuius
657 1486 705 1528 et
743 1478 928 1528 dicatur
966 1486 1015 1529 et
1050 1478 1348 1547 intelligatur
1386 1497 1495 1532 esse
1538 1482 1685 1534 fitius.

257 1615 356 1668 Iam
385 1617 427 1668 si
458 1626 710 1687 propterea
738 1619 861 1686 quod
891 1635 949 1670 eo
978 1627 1233 1687 penetrare
1259 1619 1462 1672 humana
1492 1621 1617 1672 ratio
1646 1631 1884 1690 nequeat,
1927 1640 2031 1674 eam
2054 1629 2154 1683 Cap.
2189 1631 2256 1669 Vt.

115 1702 163 1752 in
193 1719 303 1753 sese
331 1702 653 1767 cognitionem
681 1701 910 1753 informet
937 1702 1169 1771 quispiam
1203 1712 1254 1754 ut
1284 1705 1577 1772 passionem,
1618 1715 1698 1756 aut
1721 1706 2028 1771 divisionem,

117 1794 200 1837 aut
243 1786 525 1854 profluvium
568 1786 758 1855 aliquod
806 1787 928 1855 patri
966 1787 1267 1838 tribuendum
1311 1797 1474 1855 putet,
1531 1789 1573 1840 si
1612 1799 1886 1859 contempta
1923 1791 2036 1842 fidei

116 1871 312 1938 regula,
366 1888 488 1939 quae
515 1870 591 1939 pie
624 1871 680 1921 de
712 1880 847 1940 patre
877 1889 932 1922 ac
968 1871 1068 1922 filio
1098 1872 1303 1939 cogitat,
1356 1873 1592 1923 rationem
1624 1891 1650 1924 a
1681 1873 1817 1924 nobis
1846 1875 2030 1942 exigat,

122 1955 334 2017 vicissim
375 1955 433 2006 ab
466 1968 525 2006 eo
556 1957 855 2024 reposcenda
898 1956 1023 2007 ratio
1056 1965 1160 2018 est,
1221 1957 1458 2023 quomodo
1490 1957 1537 2007 in
1567 1975 1709 2008 eruce
1741 1959 1942 2008 suffixus
1971 1959 2034 2009 sit

121 2039 269 2102 deus,
325 2048 422 2090 tum
463 2058 556 2108 quo
598 2049 738 2108 pacto
780 2039 1050 2108 evangelici
1091 2040 1333 2108 praeconii
1371 2041 1599 2105 stultitia,
1654 2059 1777 2109 quae
1817 2044 1947 2093 rudis
1977 2061 2033 2093 ac

125 2125 251 2174 nulla
297 2124 667 2178 ratiocinatione
700 2124 815 2175 nixa
858 2125 979 2193 apud
1022 2124 1130 2175 illos
1165 2133 1392 2174 censetur
1434 2125 1510 2192 qui
1546 2126 1591 2176 in
1629 2125 1718 2176 hoe
1750 2128 1924 2176 mundo
1959 2144 2035 2176 sa-

124 2208 310 2276 pientes
344 2225 454 2260 esse
482 2209 734 2272 videntur,
792 2209 1058 2277 sapientior
1096 2208 1154 2259 sit
1197 2207 1486 2259 hominibus.
1565 2207 1700 2275 Quos
1732 2212 1871 2261 etiam
1908 2212 2037 2260 nullo

125 2293 172 2343 iu
205 2293 312 2344 loco
343 2292 472 2344 ducit
501 2294 778 2362 apostoluS,
832 2294 909 2360 qui
941 2293 1118 2344 virtute
1157 2310 1213 2342 ae
1246 2292 1455 2361 potentia
1483 2293 1541 2343 ab
1573 2294 1699 2343 omni
1732 2294 2038 2362 syllogismo-

85 2385 88 2388 '
124 2394 230 2428 rum
264 2377 422 2429 aliena
465 2379 573 2428 fue-o
611 2378 969 2428 dialecticorum
1014 2377 1222 2427 omnium
1255 2378 1537 2445 sapientiam
1575 2378 1802 2427 stultitiae
1842 2378 2038 2430 damna-

125 2461 213 2512 vit.
290 2459 375 2513 Sic
405 2463 530 2512 enim
561 2463 797 2531 loquitur:
845 2466 960 2512 Vem'
983 2466 1248 2526 myster-ium
1274 2465 1352 2510 dei
1372 2463 1497 2510 vobis
1522 2466 1770 2522 annuens,
1812 2481 1903 2511 non
1930 2481 2030 2512 cum
2054 2470 2289 2514 1.Cor.t‚1'e.

124 2550 352 2611 sapientia
388 2551 641 2607 sermonis,
696 2557 749 2596 ut
777 2566 867 2597 non
900 2556 1147 2596 evacuetur·
1175 2564 1296 2594 eru-z·
1328 2548 1518 2595 Christi.
1599 2543 1924 2612 Quamobrem
1955 2548 2033 2614 qui

127 2631 367 2682 sermonis
413 2631 650 2699 sapientia
693 2632 844 2682 fretus
886 2631 1105 2700 mysterii
1147 2630 1274 2680 illius
1318 2630 1552 2680 rationem
1593 2630 1831 2698 postulat,
1889 2639 1937 2680 et
1975 2632 2033 2681 ad

125 2714 356 2765 stultitiae
387 2715 656 2766 convictam
687 2715 814 2766 illam
849 2715 1132 2784 sapientiam
1172 2714 1441 2782 adscriptus
1472 2723 1574 2776 est,
1631 2714 1862 2782 mysterio
1892 2713 2033 2764 sidem

127 2798 348 2868 abroget.
427 2797 827 2868 Quandoquidem
855 2797 1034 2851 Paulus
1064 2798 1303 2850 sermonis
1336 2791 1600 2866 sapientiae
1628 2797 1805 2847 diffisus
1839 2806 1940 2860 est,
1984 2807 2035 2848 ut

127 2900 187 2933 ne
218 2880 400 2934 Christi
430 2901 553 2934 crux
577 2901 730 2935 vacua
754 2885 1055 2935 redderetur.
1134 2882 1275 2950 Quod
1315 2883 1353 2932 si
1384 2882 1556 2949 aliquid
1583 2899 1638 2932 ea
1668 2883 1724 2931 de
1753 2898 1806 2931 re
1834 2899 2034 2949 respon-

126 2967 233 3031 det,
276 2985 369 3018 non
400 2967 446 3018 id
477 2985 542 3018 ex
574 2968 666 3019 ista
693 2968 932 3019 sermonis
961 2967 1195 3036 sapientia
1225 2967 1362 3029 facit,
1416 2967 1499 3017 sed
1530 2967 1574 3016 vi
1609 2966 1808 3033 quadam
1841 2966 2035 3015 ratioci-

125 3052 336 3103 nationis
370 3061 573 3121 experte
605 3053 905 3104 dialecticam
940 3069 1127 3102 onmem
1163 3050 1380 3120 peritiam
1419 3049 1694 3100 stoliditatis
1736 3049 2033 3099 convincens

125 3137 182 3186 ad
214 3153 379 3187 eorum
410 3137 488 3204 qui
520 3137 848 3203 evangelicum
881 3135 1190 3205 praeconium
1226 3135 1479 3184 admittunt
1506 3134 1707 3183 salutem
1743 3131 1856 3182 nihil
1900 3149 2036 3201 prae-

127 3228 201 3270 ter
231 3220 373 3270 fidem
405 3221 721 3272 adhibendum
765 3230 914 3290 putat.
988 3218 1162 3287 Neque
1201 3235 1320 3269 vero
1354 3217 1622 3285 quaestioni
1656 3217 1719 3266 illi
1752 3218 2030 3284 respondet,

127 3322 328 3372 quonam
371 3313 510 3373 pacto
549 3305 696 3355 l'ilium
738 3314 871 3374 pater
902 3304 1021 3355 eitra
1061 3303 1333 3371 passionem
1374 3302 1566 3368 gignat,
1625 3317 1685 3350 ne
1726 3300 2035 3368 proprietatis

126 3388 240 3452 filii,
293 3405 432 3456 quam
475 3386 763 3457 Unigenitns
801 3407 827 3439 a
863 3398 995 3458 patre
1038 3386 1210 3450 trahit,
1267 3385 1545 3454 mysterium
1590 3384 1733 3434 inane
1774 3385 2029 3448 reddatnr3

126 3489 295 3523 verum
337 3473 638 3549 prudentium
684 3473 926 3524 bominum
965 3471 1155 3521 stultam
1195 3468 1505 3537 sapientiam,
1563 3468 1647 3532 (de
1679 3485 1769 3535 qua
1802 3468 2033 3537 scriptum

182 3612 220 3653 5.
263 3627 326 3667 γρ.
365 3608 534 3656 ἀπιστεῖ
566 3613 642 3670 τῷ.
700 3615 895 3655 Ρείαυίηε.
941 3614 1062 3652 Recte.
1118 3609 1317 3649 habeatur
1341 3607 1440 3647 fides
1465 3607 1577 3646 velut
1602 3613 1794 3660 suspecto
1821 3607 1926 3648 circa
1946 3621 2039 3661 my-

130 3670 338 3710 Gornarius
369 3672 478 3710 vertit
515 3669 593 3719 Qui
632 3668 755 3723 igitur
790 3669 830 3708 in
861 3665 1060 3721 sapientia
1106 3664 1309 3712 ,stet-ium,
1354 3662 1516 3717 quando
1543 3662 1665 3703 etiam
1695 3663 1765 3703 ille
1797 3678 1879 3704 non
1910 3663 2042 3703 confi-

127 3725 322 3765 sermonis
362 3725 486 3778 exigit.
513 3725 778 3779 mysterium,
822 3738 912 3764 cum
940 3722 1047 3762 infa-
1111 3721 1171 3760 dit
1209 3720 1250 3759 in
1290 3719 1489 3773 sapientia
1528 3719 1750 3770 sermonis,
1798 3719 1942 3760 Paulus
1973 3719 2041 3758 in-

126 3789 238 3821 tuata
275 3781 473 3835 sapientia
511 3789 670 3834 partem
708 3781 885 3830 habens,
934 3779 971 3818 ei
1002 3791 1052 3818 ne
1111 3791 1229 3831 qnam
1259 3781 1340 3817 cett.

211 3861 358 3906 Corpus
383 3861 603 3896 fluet-escol.
618 3859 664 3895 11.
681 3861 714 3895 3.
1676 3866 1705 3913 6
