2508 4134
204 2165 315 2218 Κεφ.
345 2162 394 2208 λ’.

206 2432 291 2472 pag.
315 2423 409 2461 1023.

423 239 528 292 384
1129 249 1332 292 εΑΝοΤῐ
1360 250 1643 293 EPIPHANH

425 349 478 400 ἐν
507 344 670 418 φάτνῃ
703 347 949 412 κείμενος,
999 345 1060 398 οὗ
1091 347 1296 415 λέληθεν
1338 345 1551 418 άγγέλων
1590 346 1753 419 χορόν.
1831 349 2153 417 Παρεμβολαὶ
2182 334 2348 401 δὲέπὶ

424 437 603 504 τῇτοῦ
626 433 862 498 βασιλέως
899 436 988 484 τοῦ
1020 432 1200 494 αἰῶνος
1239 431 1412 507 εἰςόδῳ
1445 437 1747 504 δορυφορεῐν
1774 430 2116 487 ἀπεστέλλοντο
2135 475 2148 498 ,
2199 431 2350 501 ὕμνοι

427 518 698 569 4ἐπινίκιοι
740 518 1017 581 ἐτελοῦντο,
1071 515 1238 586 εἰρήνη
1277 520 1329 571 ἐν
1355 526 1460 580 τοῖς
1495 520 1720 587 ποιμέσιν
1761 519 2060 589 ἐκηρύττετο.
2126 516 2274 571 Ἀλλά
2305 520 2352 570 τί

427 599 688 673 ἠμαύρωσε
717 600 806 670 τήν
841 598 995 655 αὐτοῦ
1038 600 1275 671 δύναμιν,
1334 601 1445 657 ”Eu
1480 602 1572 674 γάρ
1611 601 1752 666 ὄντος
1790 603 1946 657 αὐτοῦ
1972 606 2219 674 βρέφους,
2267 604 2352 657 καὶ

427 688 816 755 βασταζομένου,
878 684 1079 758 άστέρος
1118 688 1206 755 μὲν
1243 691 1423 758 γίνεται
1465 696 1639 756 σημεῖα
1679 688 1779 742 ἀπὸ
1820 689 2099 755 ἀνατολῶν,
2155 689 2352 759 Μάγων

427 777 700 843 παρουσία,
749 774 1082 844 προςκύνησίς
1106 793 1157 825 τε
1183 775 1269 827 καὶ
1296 780 1319 810 ⁵
1335 777 1613 844 δορυφορία
1630 816 1644 839 ,
1696 776 2019 845 γραμματέων
2044 773 2238 844 ζήτησις
2264 777 2351 842 βα-

426 864 573 924 σιλεῖ,
609 855 643 926 ἦ
670 859 782 928 περὶ
812 856 966 911 αὐτοῦ
992 857 1253 930 άπόκρισις
1277 860 1362 912 καὶ
1397 856 1628 929 ὁμολογία
1638 888 1678 924 ,·
1704 857 1764 911 τά
1789 860 1842 912 δὲ
1871 857 1990 913 ἅλλα
2020 860 2208 926 πάντα,
2258 859 2352 914 ὅσα

426 943 635 1014 περιέχει
662 941 696 1012 ἦ
726 944 1030 1009 ἀκολουθία,
1082 947 1127 996 τί
1158 945 1399 1012 ἐνέσκηψε
1435 949 1496 1017 τῇ
1530 944 1687 997 αὐτοῦ
1721 943 1947 1013 θεότητι,
1997 953 2145 999 ποῖον
2180 944 2352 999 ἐπικά-

425 1035 590 1097 λυμμα
613 1031 769 1098 ἔσχεν,
809 1027 877 1092 ὥς
914 1031 966 1083 ἐν
991 1026 1135 1097 ἡμῖν,
1198 1027 1232 1096 η“’
1258 1027 1441 1099 σαρκὸς
1475 1028 1684 1097 κατοχή,
1754 1027 1980 1103 Ἐπιτιμᾷ
2006 1031 2094 1098 μὲν
2119 1029 2350 1096 κλύδωνι,

426 1116 512 1167 καὶ
541 1122 646 1177 τοῖς
673 1115 901 1182 ἀνέμοις,
938 1116 1021 1167 καὶ
1052 1120 1112 1187 τῇ
1137 1113 1390 1188 θαλάσσῃ,
1439 1116 1524 1167 καὶ
1555 1114 1650 1168 οὐκ
1678 1116 1894 1183 ἐπέχεται
1920 1113 2020 1169 άπό
2054 1122 2142 1184 τῆς
2170 1114 2353 1186 σαρκὸς

429 1197 463 1268 ἦ
492 1206 579 1268 τῆς
609 1198 764 1254 αὐτοῦ
789 1199 1029 1268 θεότητος
1051 1198 1287 1267 δύναμις,
1341 1202 1624 1253 ἐπιτελοῦσα
1648 1198 1702 1254 τὸ
1728 1201 1852 1254 κατά
1882 1199 2035 1267 φύσιν
2060 1207 2150 1269 τῆς
2174 1200 2349 1270 θεότη-

428 1307 524 1348 τος.
596 1284 733 1339 Ἀλλά
764 1287 847 1339 καὶ
877 1284 1029 1356 ὄγκου
1069 1286 1152 1338 καὶ
1180 1284 1367 1356 βάρους
1397 1291 1483 1353 τῆς
1510 1284 1695 1356 σαρκὸς
1718 1282 2062 1357 ὑπαρχούσης,
2116 1285 2177 1340 οὐ
2211 1286 2354 1358 βάρει

429 1371 690 1440 συνέχεται.
769 1377 1043 1441 Περιπατεῖ
1062 1368 1156 1441 γάρ
1187 1367 1254 1432 ὦς
1283 1372 1363 1424 ἐπὶ
1395 1379 1499 1433 τοῖς
1527 1370 1729 1437 ὕδασιν,
1769 1369 1836 1434 οἷς
1863 1369 2099 1442 ἄτρεπτος
2126 1370 2264 1438 θεὸς,
2301 1373 2354 1425 ἐν

429 1458 573 1528 σαρκὶ
601 1457 689 1525 μὲν
714 1453 971 1526 ύπάρχων,
1011 1455 1104 1510 οὐκ
1135 1455 1237 1510 ἆπὸ
1274 1454 1455 1526 σαρκός
1484 1457 1537 1510 δὲ
1563 1455 1934 1525 ἆλλοιούμενος,
1971 1458 2057 1511 καὶ
2087 1463 2225 1511 καλεῖ
2247 1478 2351 1524 φω-

427 1548 506 1616 νῇ,
544 1541 742 1613 Λάζαρε
768 1545 913 1613 δεῦρο
940 1544 1048 1607 ἔξω,
1088 1540 1183 1596 οὐκ
1209 1540 1468 1595 άντίθετον
1495 1544 1617 1611 ἔχων
1641 1540 1732 1610 τὴν
1757 1541 1945 1614 σάρκα,
1984 1540 2102 1596 οὐδὲ
2126 1549 2213 1611 τῆς
2237 1540 2351 1597 θεό·

428 1649 570 1695 τητος
608 1630 660 1682 ἐν
696 1629 842 1700 σαρκὶ
878 1633 939 1700 τῇ
974 1631 1128 1701 τελεία
1166 1627 1541 1700 ἐνανθρωπήσει
1577 1630 1959 1697 δεδουλωμένης.

578 2146 676 2199 Καὶ
708 2144 862 2199 πολλά
900 2168 985 2215 μοι
1016 2147 1117 2199 ἔστι
1152 2150 1276 2198 ιτοῦ
1302 2145 1473 2215 λέγειν·
1529 2142 1647 2199 dno}
1671 2145 1757 2198 καὶ
1789 2146 1841 2198 ἐκ
1873 2148 2057 2214 νεκρῶν
2085 2142 2351 2208 ἀνίσταται,

430 2233 514 2285 καὶ
544 2228 855 2300 άναμοχλεύει
879 2255 939 2284 τα
969 2229 1089 2285 καθ’
1127 2227 1280 2305 άδου,
1331 2252 1416 2283 και
1447 2228 1568 2283 ἕλων
1610 2228 1842 2300 άνήνεγκε
1880 2227 1971 2296 τὴν
2007 2231 2354 2297 αἰχμαλωσίαν,

430 2319 515 2371 καὶ
543 2315 756 2379 άναστάς
782 2339 836 2370 το
862 2315 1125 2388 τριήμερον
1153 2318 1203 2370 ἐν
1231 2313 1355 2389 αὐτῇ
1387 2321 1413 2352 ²
1430 2321 1488 2388 τῇ
1520 2313 1635 2388 άγία
1661 2316 1823 2385 σαρκὶ,
1860 2315 1944 2367 καὶ
1969 2321 2109 2388 ψυχῇ
2136 2321 2198 2388 τῇ
2223 2312 2355 2386 άγία,

431 2405 515 2457 καὶ
547 2408 648 2475 νῷ,
700 2404 784 2455 καὶ
817 2404 961 2455 παντὶ
987 2425 1054 2455 τω
1084 2402 1268 2467 σκεύει,
1324 2402 1406 2454 καὶ
1440 2403 1491 2454 ἐν
1520 2407 1580 2475 τῇ
1612 2400 1811 2468 θεότητι
1845 2397 2128 2468 ηνωμένος,
2181 2401 2357 2462 τέλειος

429 2489 627 2559 γέγονεν
654 2485 952 2557 ἅνθρωπος,
1003 2486 1282 2548 συνενώσας
1312 2484 1401 2554 τὴν
1434 2484 1815 2557 ἐνανθρώπησιν
1847 2487 2026 2540 ἑαυτοῦ
2049 2492 2109 2558 τῇ
2137 2485 2356 2554 θεότητι,

430 2572 658 2627 θανάτου
697 2573 852 2626 αὐτοῦ
891 2573 1060 2641 μηκέτι
1094 2571 1420 2642 κυριεύοντος.
1504 2578 1577 2646 Τῇ
1615 2572 1667 2625 δὲ
1695 2571 1895 2640 θεότητι
1927 2571 2274 2639 συνηνωμέ-νος
2297 2568 2353 2624 τὸ

435 2658 707 2728 παχυμερὲς
730 2659 1016 2728 λεπτομερὲς
1041 2659 1270 2723 ἐτελείου,
1310 2655 1640 2728 εἰςερχόμενος
1667 2664 1843 2729 θυρῶν
1866 2658 2230 2724 κεκλεισμένων,
2269 2656 2355 2709 καὶ

433 2742 551 2812 μετά
579 2742 667 2812 τὴν
695 2746 888 2806 εἷ’ςοδον
935 2741 1129 2806 δεικνύς
1158 2742 1316 2812 σάρκα
1348 2745 1427 2796 καὶ
1465 2743 1634 2809 ὀστέα,
1687 2746 1770 2796 ’ἵνα
1798 2742 1852 2796 τὸ
1883 2741 2123 2812 σωτήριον
2158 2747 2245 2808 τῆς
2272 2743 2354 2793 δυ-

431 2828 625 2898 νάμεως
647 2827 887 2902 ὖποφάνῃ
904 2872 917 2895 ,
956 2832 1039 2883 ἵνα
1065 2827 1154 2898 τὴν
1187 2835 1207 2866 ³
1229 2827 1368 2896 ἡμῶν
1397 2831 1567 2882 ἐλπίδα
1595 2826 1854 2902 ὑποδείξῃ,
1893 2827 1968 2882 ’ὅτι
1989 2825 2049 2881 τά
2075 2824 2238 2880 πάντα
2264 2827 2358 2879 ἐτε-

432 2919 628 2969 λείωσεν
660 2913 821 2969 ἐλθών
849 2913 877 2968 ὁ
901 2914 1071 2985 λόγος,
1125 2916 1210 2968 καὶ
1245 2917 1297 2968 ἐν
1331 2912 1462 2987 αὐτῷ
1490 2921 1560 2987 τῷ
1593 2913 1779 2982 σώματι
1808 2912 2118 2981 ἀναληφθεὶς
2147 2910 2359 2974 ἐνδόξως

436 3000 665 3054 ἐκάθισεν
701 3003 753 3055 ἐν
793 3004 929 3074 δεξιᾷ
959 3007 1047 3053 τοῦ
1075 3000 1291 3071 πατρὸς,
1345 3000 1439 3054 οὐκ
1466 2999 1566 3054 άπὸ
1595 3007 1684 3054 τοῦ
1717 2998 1870 3070 ὅγκου
1902 2997 2209 3066 πιεζόμενος,
2262 2996 2358 3051 οὐκ

436 3085 573 3148 ἐκτός
595 3093 687 3140 τοῦ
728 3083 951 3154 σώματος
983 3083 1247 3157 ὑπάρχων,
1301 3084 1354 3139 τὸ
1385 3087 1437 3139 δὲ
1469 3092 1610 3153 σῶμα
1650 3082 1980 3152 πνευματικόν
2015 3085 2223 3155 ἐγείρας.’
2289 3083 2362 3135 Εἰ

435 3170 490 3225 τὸ
526 3169 760 3243 ἡμέτερον
799 3175 1040 3242 σπείρεται
1068 3174 1119 3225 ἐν
1151 3176 1354 3244 φθορᾷ,
1404 3173 1635 3242 ἐγείρεται
1674 3173 1725 3224 ἐν
1751 3160 2024 3242 ἀφθαρσίᾳ.
2097 3163 2360 3239 Σπείρεται

437 3263 577 3325 σῶμα
605 3255 845 3326 ψυχικὸν,
888 3259 1115 3327 ἐγείρεται
1142 3263 1283 3324 σῶμα
1309 3255 1667 3325 πνευματικόν,
1705 3254 1844 3327 πόσῳ
1873 3275 1924 3324 γε
1950 3260 2129 3322 μᾶλλον
2153 3259 2240 3307 τοῦ
2273 3274 2357 3322 μο-

436 3350 671 3413 νογενοῦς
700 3345 814 3396 υἱοῦ
846 3348 933 3395 τοῦ
958 3348 1084 3395 θεοῦ
1096 3366 1111 3407 ,·
1161 3340 1238 3395 διὸ
1268 3341 1604 3411 πεπλήρωται,
1660 3340 1734 3393 Οὐ
1766 3339 1938 3401 δώσεις
1964 3337 2049 3392 τὸν
2089 3338 2229 3393 ὅσιόν
2265 3356 2358 3392 σου

440 3430 560 3481 ἰδεῖν
586 3427 898 3498 διαφθοράν,
953 3426 1069 3480 οὐδὲ
1099 3425 1257 3488 ἐάσεις
1287 3425 1376 3495 τὴν
1411 3425 1576 3495 ψυχήν
1607 3447 1702 3493 μου
1728 3427 1796 3486 εἰς
1825 3423 1964 3497 ᾅδην.
2033 3423 2178 3478 Ἀλλά
2205 3422 2358 3478 ταῦτά

440 3535 518 3581 μοι
556 3512 718 3566 πάντα
760 3515 872 3583 περὶ
913 3519 1000 3581 τῆς
1033 3516 1212 3575 τελείας
1246 3514 1403 3566 αὐτοῦ
1444 3508 1865 3580 ἐνανθρωπήσεως
1898 3511 2112 3580 εἴρηται,
2166 3513 2251 3563 ἵνα
2289 3507 2357 3578 μή

495 3626 534 3669 4.
566 3627 751 3671 ἐπινίκιοι
786 3630 1029 3670 desideratur
1050 3631 1091 3669 in
1118 3630 1207 3670 edit.
1233 3631 1368 3670 Petav.
1427 3641 1524 3683 γειν

442 3685 570 3726 Coton.
601 3691 716 3736 repet.
1477 3685 1516 3725 2.
1546 3684 1600 3752 τῆ
1635 3680 1759 3736 σαρκὶ
1786 3681 1841 3737 τῇ
1872 3679 1973 3739 οἱγίᾳ
2003 3684 2087 3723 cod.
2115 3683 2279 3733 Rhecliy.

497 3742 535 3781 5.
567 3740 805 3795 δωροφορία
841 3744 1059 3794 suspicatus
1088 3747 1141 3783 est
1170 3744 1366 3784 Pelavius.
1480 3740 1519 3782 3.
1560 3725 1684 3794 ημῶν
1723 3740 1834 3780 codd.
1873 3750 1962 3780 mss.
2003 3743 2171 3791 uterque.
2239 3734 2356 3792 ὑμῶν

500 3797 596 3838 ΟΛΡ.
624 3799 771 3838 XXX.
804 3822 855 3829 —
918 3802 953 3840 1.
985 3801 1170 3850 Suspicor
1197 3813 1275 3841 που
1305 3797 1368 3840 λέ-
1427 3799 1528 3838 editi.
