2508 4134
516 305 739 347 PANARH
767 305 869 346 [ΑΒ.
898 306 967 345 111.
996 303 1127 346 ToM.
1152 306 1202 345 Π,
1232 305 1395 345 HAER.
1420 302 1652 344 Lxxvin.
1930 288 2025 336 411

141 413 275 475 patre
303 402 491 470 filioque
517 419 809 470 nequaquam
839 402 1022 452 alienus
1055 419 1118 451 ex
1148 403 1311 451 eadem
1338 411 1411 451 est
1443 401 1717 461 divinitate,
1770 414 1858 448 uec
1891 395 1948 445 ab
1975 411 2031 444 ea

139 486 354 556 separari
385 480 591 554 potest),
631 486 697 536 ita
724 487 814 535 deo
847 484 1176 553 praescribere
1203 502 1341 552 quam
1373 485 1476 535 eius
1508 482 1817 553 praescriptis
1848 480 2032 531 obtem-

139 587 309 640 perare
345 570 561 620 malunt?
629 567 744 620 Nou
787 569 914 618 enim
955 568 1064 619 illos
1102 569 1245 636 pudet
1287 568 1490 618 alienum
1538 566 1753 635 spiritum
1793 571 2032 625 sanctum,

138 671 357 713 servum,
399 661 697 716 creaturam,
739 652 1055 703 recentiorem
1091 669 1145 701 ac
1172 653 1343 702 factum
1377 652 1565 713 dicere,
1619 668 1675 700 ac
1704 650 1743 700 si
1772 648 1880 716 quid
1910 646 2035 698 aliud

139 739 196 789 de
228 738 310 788 illo
335 737 540 804 confingi
569 746 704 805 turpe
734 744 919 805 potest,
977 753 1034 786 eo
1063 736 1110 786 in
1141 736 1292 804 ipsum
1321 735 1545 785 libentius
1573 733 1873 801 excogitare.
1953 727 2037 781 Sic

137 822 282 889 igitur
301 821 502 871 mundus
529 820 621 870 iste
652 819 999 870 vehementiori
1027 828 1074 870 et
1099 819 1350 869 insanabili
1378 818 1670 886 infidelitatis
1695 818 1894 867 vulnere
1922 831 2037 863 con-

139 907 295 956 fossus
321 913 424 967 est,
481 912 530 954 ut
560 904 812 972 iniquitas,
871 921 990 971 quae
1013 903 1266 954 humanum
1293 920 1445 971 genus
1484 902 1692 952 funditus
1727 901 1909 969 perdit,
1966 896 2038 950 ni-

138 989 200 1040 hil
230 989 285 1039 ad
319 1005 550 1038 summam
594 987 880 1055 nequitiam,
936 987 1175 1056 perfidiam
1216 987 1633 1054 ignorantiamque
1665 984 2031 1053 praetermittat.

139 1072 248 1140 Qua
275 1072 460 1123 ratione
493 1072 697 1122 miseros
728 1071 875 1135 istos,
917 1071 995 1139 qui
1031 1070 1239 1140 priorem
1271 1070 1398 1121 illam
1429 1070 1477 1120 in
1512 1077 1869 1120 sacrosanctam
1901 1067 2037 1117 trini-

138 1165 282 1207 tatem
315 1156 648 1207 contumeliam
680 1155 968 1223 effugerant,
1010 1140 1165 1206 otiosa
1195 1173 1251 1204 ac
1282 1155 1572 1222 nequissima
1604 1171 1688 1204 sua
1724 1151 1950 1219 cogitatio
1980 1150 2036 1200 ad

137 1241 229 1291 alia
261 1241 490 1308 quaedam
526 1248 835 1290 transversos
869 1238 1102 1308 abripuit,
1146 1256 1204 1289 ne
1233 1239 1337 1306 quis
1370 1247 1612 1306 peccatum
1645 1255 1782 1288 suum
1819 1235 2038 1286 dissimu-

136 1325 237 1374 lare
265 1323 436 1392 possit.
515 1322 704 1373 Etenim
737 1323 902 1374 nescio
941 1341 1080 1391 quem
1113 1323 1254 1373 audio
1282 1324 1517 1374 adversus
1547 1321 1895 1372 sanctissimam
1930 1335 2038 1388 per-

137 1417 423 1476 petuamque
450 1407 686 1474 virginem
709 1405 915 1458 Mariam
949 1407 1167 1458 meditari
1196 1407 1430 1470 nonnihil,
1472 1423 1526 1456 ac
1555 1404 1901 1456 contumeliosa
1924 1420 2037 1471 qua-

138 1492 242 1542 dam
296 1490 522 1559 opinione
569 1491 695 1541 illius
747 1491 976 1542 honorem
1028 1492 1291 1542 incessere.
1382 1490 1462 1560 Ex
1512 1509 1604 1558 quo
1655 1489 1767 1540 illud
1819 1496 2034 1557 apparet,

136 1584 348 1628 nostram
381 1576 501 1626 hanc
531 1584 860 1644 tempestatem
887 1576 1078 1626 letifero
1111 1576 1294 1626 cuidam
1326 1557 1535 1642 serpenti
1567 1591 1622 1624 ac
1656 1583 1893 1626 venenato
1927 1588 2035 1622 esse

137 1660 452 1724 simillimam,
494 1660 570 1727 qui
597 1660 643 1709 in
677 1660 889 1711 tenebris
919 1660 1235 1722 delitescens,
1275 1660 1465 1710 infestis
1494 1675 1661 1708 omnes
1689 1657 1926 1708 morsibus
1957 1674 2037 1724 ap-

137 1753 285 1812 petat,
328 1753 469 1812 atque
497 1745 544 1794 in
575 1744 713 1794 huius
743 1743 926 1794 vultum
955 1743 1081 1794 illius
1111 1747 1310 1808 calcem,
1352 1762 1542 1794 manum
1573 1743 1771 1793 alterius
1799 1743 2034 1803 incurrat,

136 1837 188 1878 ut
214 1845 272 1878 ne
301 1827 405 1896 quis
434 1827 725 1878 infidelitatis
754 1845 964 1878 morsum
993 1827 1181 1896 penitus
1212 1829 1361 1896 possit
1387 1829 1615 1891 evadere,
1656 1829 1739 1877 sed
1768 1828 1843 1895 qui
1872 1827 1918 1876 in
1941 1845 2037 1878 uno

137 1929 317 1979 genere
346 1911 476 1962 virus
509 1911 762 1979 effugerit,
802 1911 849 1961 in
876 1912 1028 1962 altero
1058 1929 1110 1962 se
1140 1912 1198 1965 ab
1238 1930 1295 1962 eo
1326 1912 1594 1962 subducere
1626 1929 1681 1962 ac
1708 1912 1923 1962 devitare
1955 1929 2038 1962 ne-

138 2004 310 2063 queat,
352 2013 408 2046 ac
434 1997 512 2063 qui
540 1996 589 2046 in
619 1996 723 2046 aliis
752 1995 1078 2064 incorruptam
1105 1996 1243 2046 fidem
1274 1998 1479 2060 retinet,
1522 1997 1617 2047 alio
1651 1997 1792 2047 modo
1820 1998 2035 2047 fraudem

138 2079 230 2130 sibi
268 2080 626 2148 perniciemque
664 2079 953 2130 consciscat.

277 2162 525 2215 Undenam
559 2181 676 2214 vero
709 2164 823 2214 haec
854 2164 1133 2232 improbitas
1162 2165 1392 2216 emersit?
1465 2164 1602 2217 Unde
1644 2174 1774 2216 tanta
1822 2166 2037 2234 prorupit
2069 2180 2166 2233 Cap.
2195 2179 2264 2218 VI.

137 2248 366 2299 audacia?
436 2247 616 2299 Nonne
657 2248 735 2298 vel
774 2249 927 2316 ipsum
967 2265 1140 2298 nomen
1179 2249 1365 2299 abunde
1399 2251 1713 2301 testificatur?
1783 2249 1899 2300 Non
1934 2250 2036 2312 tibi,

136 2333 277 2382 homo
321 2332 738 2401 pervicacissime,
794 2333 918 2383 istud
958 2332 1111 2399 ipsum
1158 2334 1450 2400 persuadet?
1525 2332 1647 2400 Quis
1692 2334 1786 2384 ullo
1824 2343 2039 2403 tempore

135 2433 343 2483 unquam
378 2416 540 2466 extitit
564 2416 642 2484 qui
672 2425 868 2467 sanctae
895 2414 1086 2466 Mariae
1115 2434 1289 2467 nomen
1318 2418 1558 2486 appellare
1594 2420 1818 2481 auderet,
1862 2427 1910 2468 et
1943 2436 2037 2468 non

137 2509 335 2567 rogatus
378 2500 579 2550 subinde
620 2500 820 2568 virginis
862 2501 1146 2551 vocabulum
1192 2501 1454 2552 adiiceret?
1541 2501 1668 2553 Nam
1709 2503 1753 2553 in
1805 2502 2040 2553 adiunctis

136 2583 405 2634 istiusmodi
428 2584 628 2635 vocibus
654 2586 844 2636 virtutis
871 2585 1045 2636 indicia
1078 2586 1333 2635 collucent.
1413 2585 1602 2655 Quippe
1627 2587 1765 2638 iustis
1795 2587 2035 2648 omnibus,

137 2685 223 2735 pro
253 2684 310 2717 eo
340 2685 396 2718 ac
427 2667 644 2735 singulos
677 2668 904 2730 decebat,
959 2686 1046 2719 sua
1076 2668 1247 2737 cuique
1277 2679 1388 2720 sunt
1418 2672 1661 2737 dignitatis
1691 2671 1917 2722 attributa
1956 2689 2040 2720 no-

137 2752 285 2801 mina.
361 2750 432 2802 lta
473 2751 717 2801 Abraamo
750 2742 891 2801 umzcz'
924 2757 1002 2801 dei
1041 2754 1203 2804 titulus
1233 2756 1620 2805 accommodatus
1652 2766 1756 2818 est,
1814 2772 1967 2822 neque
1999 2754 2039 2803 is
2063 2779 2136 2813 lac.
2160 2778 2192 2823 2,
2215 2779 2268 2813 23,

135 2853 342 2903 unquam
367 2836 638 2886 intercidet.
702 2833 843 2886 lacob
871 2853 986 2886 vero
1009 2841 1201 2886 Israelis
1224 2856 1492 2905 cognomen
1521 2840 1625 2889 sine
1655 2841 1747 2890 ulla
1775 2841 2038 2889 mutatione
2064 2863 2289 2907 Ge„,32‚2g‚

137 2937 442 2971 concessum.
518 2920 741 2988 Apostoli
769 2938 953 2987 quoque
985 2924 1274 2986 Boanerges,
1319 2922 1408 2972 hoc
1440 2932 1531 2986 est,
1574 2913 1905 2989 tom‘truz'fili'z',
1951 2941 2034 2972 no-
2058 2947 2288 2994 Marc-3,1·1.

136 3004 303 3055 minati
331 3013 471 3065 sunt,
515 3022 603 3054 nec
627 3004 719 3054 ulla
751 3005 851 3054 dies
883 3022 1056 3054 nomen
1091 3005 1214 3055 istud
1247 3006 1537 3058 obliterabit.
1617 3006 1700 3059 Sic
1731 3017 1895 3058 sancta
1934 3005 2040 3057 Ma-

135 3076 206 3140 ria
239 3089 378 3157 virgo
421 3099 748 3157 nuncupatur,
805 3105 894 3138 nec
933 3089 1183 3156 appellatio
1221 3090 1314 3140 ista
1352 3091 1606 3158 aliquando
1649 3091 2036 3142 commutabitur.

135 3172 272 3223 Haec
307 3173 431 3223 enim
478 3182 706 3241 perpetuo
750 3172 1023 3239 incorrupta
1070 3174 1344 3240 permansit.
1423 3172 1526 3226 Cur
1562 3176 1709 3242 igitur
1740 3193 1826 3225 vos
1869 3184 2041 3225 natura

135 3258 236 3326 ipsa
265 3275 360 3308 non
387 3258 558 3307 docet?
633 3254 675 3308 Ο
704 3256 965 3307 inauditam
994 3256 1259 3306 insaniam!
1304 3275 1330 3307 o
1359 3269 1719 3326 praeposteram
1746 3259 2035 3309 novitatem!

135 3339 289 3392 Multa
325 3350 437 3392 sunt
466 3351 717 3409 praeterea
752 3358 870 3407 quae
906 3339 1076 3407 priscis
1110 3341 1401 3408 temporibus
1435 3343 1643 3393 maiores
1675 3344 1826 3393 nostri
1861 3361 2040 3410 nequa·

137 3443 273 3492 quam
317 3425 534 3493 aggressi
567 3434 696 3475 sunt.
773 3424 929 3474 Hodie
969 3442 1085 3474 vero
1116 3425 1235 3475 alius
1270 3426 1313 3474 in
1350 3436 1640 3494 assumptam
1676 3445 1699 3475 a
1732 3424 1927 3477 Christo
1958 3445 2040 3478 na-

137 3518 291 3559 turam
335 3510 711 3560 contumeliosus
760 3518 860 3571 est,
922 3518 968 3558 et
1004 3509 1228 3558 inusitata
1273 3511 1503 3575 quaedam
1548 3512 1604 3559 de
1644 3511 1891 3562 divinitate
1935 3513 2039 3581 ipsa

136 3593 396 3661 praedicat.
473 3594 612 3643 Alius
636 3593 791 3662 ipsum
822 3595 934 3643 illud
974 3593 1320 3643 incarnationis
1363 3594 1604 3659 negotium
1645 3612 1862 3645 mancum
1897 3605 2037 3664 atque

136 3675 466 3744 imperfectum
510 3677 786 3739 constituit,
849 3679 969 3727 alius
1018 3676 1374 3727 resurrectione
1420 3687 1715 3729 mortuorum
1759 3680 2035 3744 offenditur,

139 3786 208 3829 θεν
233 3784 262 3842 ἡ
293 3784 475 3842 τοσαύτη
513 3787 675 3845 τόλμα,
718 3785 817 3834 αὐτὸ
855 3787 901 3835 τὸ
934 3783 1061 3844 ὄνομα
1092 3786 1139 3832 ου’
1163 3795 1383 3846 μαρτυρεῖς
1414 3785 1460 3832 ου’
1478 3789 1614 3837 πείθει
1633 3805 1695 3847 σε,
1726 3783 1762 3835 ὦ
1781 3790 2011 3847 φιλόνεικες
