2508 4134
226 483 314 522 ρας.
337 474 412 509 941.

222 3140 308 3176 pag.
328 3131 402 3168 9⁴2.

439 267 542 321 240
1150 279 1358 322 SANGTI
1386 280 1671 323 ΕΡῙΡΗΑΝΠ

443 377 540 428 ἐστι
569 372 823 442 ποθητόν,
875 372 911 442 ἦ
939 380 1030 428 τοῦ
1057 372 1402 447 ἀπορουμένου
1441 377 1650 449 εὐπορία
1681 380 1750 441 εἷς
1773 381 2122 449 παραμυθίαν,
2171 380 2257 433 καὶ
2285 380 2370 440 ἐπὶ

441 465 531 512 τοῦ
552 458 792 528 στόματος
818 461 1012 531 φέρειν,
1052 459 1140 514 έάν
1164 460 1232 530 μὴ
1260 460 1493 533 εὖποροίη
1518 470 1608 518 τοῦ
1630 463 1876 518 τοιούτου.
1954 465 2054 516 Καὶ
2081 462 2173 531 σύ,
2197 462 2368 532 ἐπειδὴ

438 542 592 607 ἄθεος
628 542 907 615 τυγχάνεις,
969 545 1228 614 1σεμνύνει
1260 546 1355 601 κᾶν
1393 547 1477 602 διά
1518 556 1608 602 τοῦ
1646 547 1890 617 ὀνόματος
1925 551 2079 620 λέγειν
2103 547 2282 603 τούτου
2309 546 2365 602 τὸ

438 627 625 697 ὄνομα,
677 629 846 699 ἐπειδὴ
884 631 1031 697 φύσει
1062 630 1189 685 κατά
1232 631 1319 687 τόν
1358 631 1513 687 αὐτοῦ
1552 634 1716 702 φόβον
1754 635 1838 688 καὶ
1876 638 2038 688 πίστιν
2073 636 2157 688 καὶ
2195 637 2367 688 ἐλπίδα

437 717 522 769 καὶ
562 713 691 786 πρός
731 714 883 769 αὐτόν
923 716 1121 787 ἀγάπην
1159 717 1399 772 οὐδέποτε
1442 717 1591 773 αὐτόν
1633 720 1834 788 ἐκτήσω.
1896 718 1971 772 ”H
2000 718 2094 791 γάρ
2136 718 2198 775 ἀν
2228 718 2369 791 ’ἤρκει

438 819 515 853 σοι
542 800 673 864 ἅπαξ
699 807 843 855 τοῦτο
870 803 1050 873 λέγειν,
1099 804 1184 856 καὶ
1216 802 1284 872 μὴ
1310 801 1621 874 ὑπερβαίνειν
1657 804 1775 876 ὅρον
1816 811 1913 859 τῶν
1944 806 2263 875 τεταγμένων,
2279 810 2367 874 τῆς

437 884 799 950 ἳάκολουθίας.
874 887 1056 956 Σαφής
1082 886 1175 959 γάρ
1200 887 1234 957 ἦ
1266 891 1415 959 3περὶ
1446 897 1539 943 σοῦ
1567 890 1701 960 παρά
1728 897 1818 944 τοῦ
1841 896 2059 961 σωτῆρος
2087 888 2207 958 ἡμῖν
2237 890 2364 945 ἀπο-

435 971 652 1040 φαντικὴ
693 972 967 1040 ἀπόδειξις,
1020 973 1122 1039 ὅτι,
1172 972 1300 1029 Ἀπὸ
1340 981 1441 1028 τῶν
1467 982 1672 1046 καρπῶν
1701 974 1865 1029 αὐτῶν
1897 975 2144 1047 γνώσεσθε
2167 973 2366 1042 αὐτούς,

434 1063 502 1130 τῷ
536 1055 660 1112 εἶναι
697 1060 787 1127 μέν
823 1077 876 1113 σε
911 1061 1332 1129 περιβεβλημένον
1367 1059 1623 1131 προβάτου
1646 1061 1872 1127 κώδιον,
1923 1063 2114 1115 ἔσωθεν
2150 1061 2204 1114 δὲ
2244 1058 2366 1121 εἶναι

435 1142 661 1214 ἅρπαγα,
706 1146 788 1198 καὶ
825 1144 957 1218 λύκῳ
998 1148 1448 1217 παραβεβλημένον,
1524 1149 1596 1199 Εἰ
1621 1144 1714 1217 γάρ
1750 1140 1810 1220 ᾗς
1839 1149 1888 1210 ἐξ
1914 1144 2057 1217 άγίου
2088 1145 2367 1214 πνεύματος

432 1231 810 1300 γεγεννημένος,
859 1233 942 1284 καὶ
984 1230 1266 1302 προφήταις
1301 1233 1386 1285 καὶ
1427 1228 1722 1294 ἀποστόλοις
1760 1233 2218 1300 μεμαθητευμένος,
2268 1234 2364 1285 ἔδει

435 1332 487 1368 σε
511 1315 771 1369 διελθόντα
803 1316 1026 1386 ἀπαρχῆς
1052 1319 1283 1387 γενέσεως
1317 1315 1508 1385 κόσμου
1544 1315 1653 1388 ἄχρι
1681 1323 1780 1370 τῶν
1807 1323 1896 1386 τῆς
1925 1314 2133 1386 Αἷσθήρ.
2157 1315 2365 1387 χρόνων,

436 1403 489 1454 έν
515 1404 665 1456 εἴκοσι
691 1404 774 1456 καὶ
801 1401 923 1455 ἑπτά
948 1406 1137 1475 βίβλοις
1169 1409 1380 1465 παλαιᾶς
1410 1402 1684 1471 διαθήκης,
1737 1405 1892 1456 εἴκοσι
1927 1401 2020 1455 δύο
2060 1401 2364 1473 ἀριθμουμέ-

435 1508 566 1553 νοις,
624 1489 814 1558 τέταρσι
842 1489 895 1541 δὲ
924 1484 1083 1558 άγίοις
1115 1488 1437 1558 εὐαγγελίοις,
1492 1490 1577 1542 καὶ
1616 1490 1668 1542 ἐν
1706 1488 2135 1559 τεσσαρεςκαίδεκα
2173 1489 2364 1542 ἐπιστο-

433 1579 540 1635 λαῖς
566 1579 654 1626 τοῦ
702 1570 845 1643 άγίου
886 1572 1164 1627 ἀποστόλου
1207 1572 1443 1640 Παύλου,
1493 1576 1576 1627 καὶ
1610 1575 1661 1627 έν
1687 1581 1795 1637 ταῖς
1826 1572 1921 1645 πρό
1948 1573 2137 1628 τούτων
2162 1575 2246 1627 καὶ
2276 1570 2366 1627 σῦν

433 1666 541 1721 ταῖς
566 1661 618 1712 έν
643 1667 746 1721 τοῖς
771 1659 937 1713 αὐτῶν
976 1661 1172 1730 χρόνοις
1202 1658 1421 1731 Πράξεσι
1450 1666 1547 1713 τῶν
1575 1657 1889 1725 ἀποστόλων,
1941 1667 2231 1722 καθολικαῖς
2263 1661 2367 1713 ἐπι-

436 1750 628 1806 στολαῖς
661 1741 902 1814 Ἰακώβου
914 1789 928 1811 ,
980 1748 1063 1799 καὶ
1096 1747 1314 1816 Πέτρου,
1366 1747 1449 1799 καὶ
1468 1743 1726 1812 Ἰωάννου,
1775 1747 1860 1799 καὶ
1888 1743 2076 1810 Ἰούδα,
2114 1746 2198 1798 καὶ
2227 1746 2279 1798 ἐν
2305 1750 2367 1819 τῇ

436 1836 525 1883 τοῦ
551 1828 784 1885 Ἰωάννου
821 1829 1182 1898 Ἀποκαλύψει,
1236 1833 1289 1884 ἕν
1314 1852 1364 1884 τε
1393 1838 1500 1894 ταῖς
1535 1834 1752 1897 Σοφίαις
1780 1829 2107 1899 Σολομῶντός
2136 1831 2187 1884 τέ
2219 1852 2364 1899 φημι,

435 1918 519 1969 καὶ
547 1919 660 1970 υἱοῦ
690 1915 868 1987 Σιράχ,
907 1919 991 1971 καὶ
1021 1915 1204 1979 πάσαις
1231 1913 1399 1979 ἁπλῶς
1429 1925 1645 1988 γραφαῖς
1673 1920 1861 1982 θείαις,
1900 1918 1985 1969 καὶ
2016 1918 2196 1970 ἑαυτοῦ
2220 1937 2366 1969 κατα-

433 2008 634 2072 γνῶναι,
673 2002 748 2056 ὅτι
774 2001 947 2071 ὄνομα,
987 2002 1110 2074 ὅπερ
1144 2003 1372 2070 οὐδαμοῦ
1405 2004 1697 2069 ἐντέτακται,
1725 1996 1880 2070 ἦλθες
1905 1999 2024 2070 ἡμῖν
2051 2002 2235 2072 φέρων,
2273 1997 2366 2054 οὐκ

436 2087 653 2159 ἀπρεπὲς
680 2089 768 2156 μὲν
795 2095 900 2160 θεῷ
913 2132 925 2155 ,
979 2087 1080 2142 ἀλλ’
1116 2087 1309 2157 εὐσεβὲς
1351 2091 1421 2150 εἰς
1460 2086 1610 2152 θεόν,
1668 2086 1722 2141 τό
1757 2094 1847 2141 τοῦ
1882 2085 2149 2157 ἀγεννήτου
2190 2084 2364 2155 ὄνομα,

437 2177 667 2243 μηδαμοῦ
696 2175 749 2227 δὲ
779 2177 832 2228 ἐν
863 2178 980 2247 θεία
1015 2181 1184 2248 γραφῇ
1224 2175 1397 2243 ῥηθέν.
1479 2171 1664 2236 Οὐδεὶς
1701 2171 1796 2244 γάρ
1839 2173 2069 2241 μεμηνώς
2110 2193 2229 2225 ποτε
2261 2192 2365 2243 γεν-

434 2259 583 2329 νητόν
609 2259 783 2315 ἐνενόει
811 2258 957 2313 θεὸν·
1014 2258 1111 2312 ἀλλ’
1139 2258 1250 2313 οὔτε
1278 2262 1440 2328 χρείαν
1467 2260 1609 2327 ἔσχον
1639 2260 1794 2312 εἰπεῖν
1825 2257 2095 2328 ἀγέννητον
2123 2255 2247 2310 θεὸν
2280 2255 2369 2325 μό-

434 2368 526 2399 νον
549 2347 737 2416 πατέρα
761 2343 845 2399 διά
869 2344 956 2398 τόν
983 2347 1032 2409 ἐξ
1057 2345 1212 2398 αὐτοῦ
1238 2345 1615 2416 γεγεννημένον,
1666 2350 1692 2381 4
1710 2346 1791 2397 1ἵνα
1818 2343 1886 2412 μή
1912 2365 1983 2407 τις
2011 2344 2094 2396 ἐπὶ
2121 2347 2190 2416 τῷ
2218 2343 2366 2413 πατρὶ

436 2430 572 2504 μόνῳ
611 2435 790 2505 νομίσῃ
835 2437 978 2484 τοῦτο
1019 2436 1363 2501 πληροῦσθαι,
1413 2428 1536 2483 ἀλλά
1582 2431 1666 2483 καὶ
1706 2431 1785 2483 ἐπὶ
1826 2434 1895 2502 τῷ
1925 2431 2018 2501 υἱῷ
2052 2429 2136 2481 καὶ
2182 2428 2263 2481 ἐπὶ
2300 2433 2368 2501 τῷ

434 2514 558 2589 ἀγίῳ
586 2515 850 2584 πνεύματι·
900 2523 987 2584 τῆς
1014 2519 1237 2578 διανοίας
1260 2522 1348 2584 τῆς
1377 2515 1540 2586 ὀρθῆς
1568 2517 1652 2568 καὶ
1676 2521 1768 2569 τοῦ
1794 2514 2071 2583 πνεύματος
2099 2519 2189 2567 τοῦ
2217 2510 2363 2584 άγίου

436 2600 756 2665 διδάσκοντος
779 2600 966 2664 πάντας
987 2599 1130 2664 υἱούς
1154 2601 1388 2669 ἀληθείας
1412 2599 1500 2668 ἀφ’
1529 2602 1717 2654 ἑαυτῶν
1743 2599 1810 2669 μή
1839 2603 1892 2654 ἐν
1916 2605 2201 2673 θαυμασμῷ
2222 2603 2366 2662 τοῦτο

437 2688 584 2756 ἔχειν,
631 2685 749 2741 ἀλλά
781 2686 906 2741 κατά
932 2685 986 2741 τό
1015 2687 1376 2756 ἀπαιτούμενον
1400 2688 1484 2741 καὶ
1512 2688 1564 2741 έν
1591 2688 1749 2760 ἑαυτῷ
1779 2684 1999 2759 ὖπάρχον
2025 2691 2114 2739 τοῦ
2138 2683 2265 2756 πρὸς
2283 2679 2370 2742 ,εύ-

437 2773 630 2842 σέβειαν
669 2780 904 2844 λογισμοῦ
942 2775 1051 2844 περὶ
1091 2779 1220 2826 θεοῦ
1262 2774 1454 2827 εἰδέναι.
1533 2778 1556 2808 ⁵
1578 2778 1671 2825 Δεῖ
1707 2773 1759 2825 δὲ
1790 2769 1873 2825 διά
1898 2770 1954 2824 τό
1983 2770 2251 2841 ἀγέννητον
2277 2769 2367 2824 αὖ·

435 2857 525 2913 τόν
552 2857 702 2925 εἶναι,
753 2866 1197 2930 συνομολογεῖσθαι
1226 2860 1279 2912 δὲ
1310 2855 1396 2925 ἀφ’
1434 2856 1577 2927 ἡμῶν
1612 2863 1786 2923 τοῦτο,
1842 2853 1941 2910 ἀπὸ
1982 2862 2180 2926 γραφῆς
2206 2855 2270 2909 δὲ
2297 2852 2366 2925 μὴ

437 2947 559 3013 ἔχειν
596 2951 683 3013 τῆς
718 2943 987 3013 ὀνομασίας
1027 2950 1114 2997 τοῦ
1158 2943 1305 3015 λόγου
1350 2943 1442 3012 τὴν
1484 2943 1741 3009 σύστασιν,
1792 2939 1888 2995 ἀλλ’
1929 2938 2016 3007 ἀφ’
2059 2942 2248 2994 ἑαυτῶν
2285 2939 2389 2995 διαὶ·

435 3038 534 3084 τῶν
564 3036 832 3101 λογισμῶν,
887 3029 975 3098 τὴν
1015 3030 1268 3098 εὐσέβειαν
1303 3028 1486 3098 ταύτην
1520 3030 1725 3093 εἰδέναι,
1781 3025 1835 3080 vd
1871 3025 2028 3088 οῦτως
2058 3023 2196 3079 εἶναι.
2271 3028 2367 3089 Εἰς

442 3119 490 3169 τί
516 3114 609 3187 γάρ
643 3114 814 3178 οὐσίας
854 3117 985 3169 ἔσται
1019 3115 1269 3177 διάστασις
1316 3114 1408 3168 6τὸ
1451 3115 1710 3186 γεννηθὲν,
1764 3115 1809 3165 εἰ
1834 3110 1959 3165 κατά
2000 3108 2240 3179 ἀλήθειαν
2275 3117 2366 3166 τοῦ

442 3207 805 3272 7γεγεννῆσθαι
850 3203 944 3269 ἔχει
988 3199 1042 3255 τὸ
1086 3198 1241 3268 ὄνομα
1283 3207 1472 3274 φυσικῇ
1508 3223 1602 3254 τινι
1639 3201 1724 3252 καὶ
1767 3195 1964 3269 ἀρρήτῳ
2007 3195 2364 3271 συμπρεπούσῃ

437 3293 506 3360 τῷ
536 3293 668 3360 θεῷ,
706 3289 791 3340 καὶ
814 3291 881 3360 τῷ
909 3289 958 3350 ἐξ
986 3287 1144 3339 αὐτοῦ
1168 3287 1525 3359 γεγεννημένῳ,
1566 3283 1785 3355 ἀχρόνως
1811 3283 1896 3335 καὶ
1923 3279 2149 3352 ἀνάρχως
2175 3283 2227 3336 ἐν
2253 3279 2366 3350 ἀλη-

440 3376 585 3445 θείᾳ,
623 3374 706 3425 καὶ
739 3370 798 3426 οὗ
821 3377 1175 3445 καταχρηστικῇ
1202 3393 1297 3425 τινι
1324 3369 1559 3444 ’ὑπονοίας
1596 3367 1855 3422 Ἐντεῦθεν
1888 3366 1947 3420 οὐ
1976 3366 2175 3435 κτιστήν
2203 3387 2366 3436 φαμεν

504 3531 540 3572 1.
571 3531 767 3586 σεμνύναι
788 3534 967 3574 mendose
993 3533 1106 3573 habet
1130 3532 1219 3572 edit.
1244 3531 1380 3572 Petav.
1492 3530 1531 3571 5.
1576 3528 1652 3571 Δεῖ
1676 3523 1724 3571 δὲ
1750 3526 2004 3566 emendarunt
2033 3527 2243 3567 Carnarius
2285 3525 2368 3579 (qui

445 3589 574 3629 C⁰¹⁰⁷¹·
602 3594 718 3640 ’‘⁰1⁹⁰‘-
1321 3633 1376 3674 ὦ,
1434 3603 1705 3650 interpretatus
1729 3601 1784 3637 est
1811 3597 1986 3650 Oportet
2011 3595 2149 3651 itaque
2173 3610 2236 3661 eo·
2252 3594 2365 3651 quod

499 3658 537 3698 ’ὶ-
570 3653 840 3707 οἷκολουθείας
867 3660 949 3700 cod.
982 3660 1143 3711 Rhedt’y.
1177 3654 1327 3701 οἷκολου
1358 3651 1378 3683 l
1434 3654 1639 3711 ingenitus
1676 3653 1764 3708 ipse
1793 3660 1880 3702 est,
1924 3660 1966 3692 et
1988 3667 2061 3693 nos
2087 3668 2111 3694 a
2139 3652 2257 3693 nobls
2282 3652 2365 3693 hoc

443 3716 527 3755 cod·
559 3716 635 3755 Ien-
1437 3711 1700 3759 confitemur,
1745 3717 1788 3750 et
1816 3708 2107 3763 appellationis
2131 3708 2250 3749 huius
2281 3721 2363 3749 vo—

504 3769 542 3810 3.
573 3771 682 3811 Libri
709 3774 849 3814 habent
875 3768 989 3826 παρὰ
1021 3773 1095 3816 σοῦ
1125 3768 1238 3824 παρὰ
1268 3775 1352 3811 cett.
1437 3769 1492 3810 cis
1522 3766 1874 3808 confirmationem
1901 3780 1923 3805 a
1945 3765 2146 3820 scriptura
2170 3779 2255 3805 non
2283 3763 2364 3806 ha.-

500 3823 541 3869 4.
574 3825 656 3883 222⁰
685 3829 767 3868 cod.
796 3830 873 3871 len.
935 3827 1006 3885 Χα
1034 3830 1117 3871 cod.
1147 3829 1310 3879 Rhediy.
1434 3826 1600 3876 bemus,
1649 3838 1674 3864 a
1702 3823 1820 3864 nobis
1845 3821 1944 3877 ipsis
1971 3836 2046 3877 per
2072 3820 2362 3864 ratiocinatio-
