2508 4134
464 260 565 314 628
1045 271 1317 312 ADDENDA
1345 270 1420 313 ET
1452 271 1826 328 coRmGENDA.

461 371 490 412 l.
513 371 565 412 21
603 378 644 410 et
673 384 785 424 seqq.
837 369 1021 410 Venetus
1063 369 1169 410 haec
1204 366 1365 424 plenius
1401 369 1459 411 ita
1501 379 1702 426 concepta
1738 371 1889 411 habet:
1935 366 2167 428 ἀρχόμενος
2203 370 2308 416 εἶναι
2336 370 2397 423 ὥς

460 440 565 483 ἐτῶν
594 439 838 494 τριάκοντα,
886 438 1022 483 λοιπὸν
1062 438 1234 495 ἐλῆφθη
1277 440 1444 496 είςῆτῆν
1477 440 1643 497 ἔρημον.
1701 439 1978 485 Ἀπεντεῦθεν
2018 434 2086 486 οὖν
2117 444 2161 486 αἱ
2181 441 2396 498 τεσσαρά-

459 525 584 554 κοντα
615 508 775 566 ῆμέραι
810 511 882 553 τοῦ
909 512 1144 565 πειρασμοῦ
1172 507 1417 561 άκολούθως
1444 511 1656 567 φαίνονται
1681 511 1753 554 καὶ
1779 510 1856 555 δύο
1887 511 1975 568 ἑβδ.
2003 513 2069 568 (αἱ
2090 513 2226 569 deest)
2256 515 2395 571 μικρῷ

456 580 577 624 πλέον
594 581 667 624 καὶ
681 578 840 637 ῆμέραι
864 576 957 634 δύο,
987 573 1040 629 ἃς
1065 580 1254 635 διέτριψε
1272 580 1509 626 ἐπανελθών
1527 579 1610 627 α’πὸ
1629 583 1702 625 τοῦ
1719 584 1953 637 πειρασμοῦ
1972 581 2041 626 ἐπὶ
2061 582 2138 639 τῆν
2153 574 2394 637 Γαλιλαίαν,

456 652 668 695 τουτέστιν
701 651 762 702 εἰς
789 649 867 706 τῆν
895 650 1101 705 Ναζαρὲθ
1140 651 1213 695 καὶ
1249 651 1343 707 περὶ
1372 650 1425 696 τοὶ
1457 648 1551 707 ὅρια
1578 649 1741 707 αὐτῆς,
1787 652 1860 695 καὶ
1890 652 1966 708 μία
1994 650 2138 710 τίμέρα
2166 651 2240 700 ὅτε
2264 647 2395 711 ῆλθεν

455 721 565 777 πρὸς
591 720 820 777 Ἰωάννην,
865 717 938 766 ὅτε
969 721 1051 778 ἔφη
1081 718 1104 766 0‘
1131 718 1359 778 Ἰωάννης,
1379 718 1477 767 Ἴδε
1504 720 1527 766 ο“
1554 719 1688 777 άμνός
1714 723 1787 766 τοῦ
1818 723 1919 767 θεοῦ
1943 720 1967 767 0‘
1993 725 2120 779 αἶ’ρων
2140 724 2223 781 Ιτῆν
2252 723 2394 782 ἆμαρ-

455 792 545 837 τίαν
569 793 643 837 τοῦ
673 790 836 847 κόσμου
853 826 863 845 ,
909 792 982 836 καὶ
1010 790 1042 847 τί
1073 789 1266 848 ἐπαύριον
1294 792 1429 837 πάλιν.
1490 790 1702 848 Εῐστῆκει
1734 790 1757 837 ὁ
1782 790 1986 849 Ἰωάννης
2014 793 2088 839 καὶ
2124 795 2174 839 ἐκ
2196 797 2280 841 τῶν
2307 813 2394 852 μα-

456 865 599 919 θητῶν
627 861 755 907 αύτοῦ
781 860 882 915 δύο,
927 862 1000 907 καὶ
1027 862 1246 920 ἐμβλέψας
1271 867 1332 921 τῷ
1363 861 1510 919 Ἰησοῦ
1534 865 1826 916 περιπατοῦντι
1854 864 1992 920 λέγει,
2022 860 2122 910 Ἴδε
2152 864 2176 910 ὅ
2203 866 2394 923 Χριστὸς

452 931 475 978 ὁ
507 930 641 989 άμνὸς
666 936 739 978 τοῦ
771 935 885 979 θεοῦ.
942 931 1054 978 Εἶτά
1080 949 1208 990 φησιν
1224 967 1234 987 ,
1253 928 1480 978 Ἠκουσαν
1511 935 1548 977 οἱ
1571 933 1648 978 δύο
1676 935 1868 990 μαθηταὶ
1891 933 2022 980 αὐτοῦ
2045 936 2119 980 καὶ
2147 933 2391 995 η’κολούθη-

455 1019 531 1049 σαν
554 1006 616 1062 τῷ
639 1002 811 1060 Ἰησοῦ·
852 1000 963 1060 αὕτη
993 1003 1042 1049 δὲ
1067 997 1120 1061 ῆν
1148 1001 1498 1060 ἆκτωκαιδεκάτη
1529 1003 1637 1060 μετὰ
1670 1003 1736 1050 τὸν
1771 1004 2003 1061 πειρασμὸν
2029 1003 2198 1063 ῆμέρα,
2243 1007 2393 1059 καθώς

453 1076 736 1131 προείπαμεν,
778 1075 925 1131 πρώτη
957 1075 1005 1120 δὲ
1033 1072 1114 1119 άπὸ
1144 1072 1366 1127 Ἰωάννου,
1413 1071 1485 1120 ὅτε
1508 1074 1807 1131 η’κολούθησαν
1833 1078 1895 1134 τῷ
1920 1074 2070 1132 Ἰησοῦ
2105 1079 2143 1122 οἱ
2167 1078 2264 1134 περὶ
2291 1076 2388 1125 ’Av-

452 1146 575 1201 δρέαν
602 1146 675 1190 καὶ
700 1141 798 1202 παρ’
828 1143 944 1202 αύτῷ
977 1146 1140 1202 ἔμειναν
1176 1144 1252 1201 τῆν
1284 1143 1446 1202 ῆμέραν
1479 1145 1655 1201 ἐκείνην.
1703 1141 1829 1203 ”Ὠρα
1854 1140 1910 1204 τῖν
1940 1143 2013 1192 ὅτε
2042 1148 2116 1192 καὶ
2143 1147 2213 1194 τὸν
2242 1148 2391 1196 ἑαυτοῦ

450 1213 636 1273 άδελφὸν
664 1218 845 1272 Σίμωνα
869 1215 1003 1273 εῦρών
1035 1215 1059 1261 ὁ
1085 1213 1287 1272 Ἀνδρέας
1316 1212 1459 1273 τ’]’γαγε
1484 1215 1591 1272 πρὸς
1612 1216 1684 1262 τὸν
1707 1215 1892 1273 Ἰησοῦν.
1951 1217 2065 1263 Εἶτα
2094 1220 2204 1276 λέγει
2231 1220 2278 1266 τὸ
2314 1219 2390 1266 εύ-

452 1288 664 1343 αγγέλιον,
696 1289 766 1344 Τῇ
796 1287 987 1343 ἐπαύριον
1014 1285 1229 1343 η’θέλησεν
1257 1288 1440 1339 ἐξελθεῖν
1465 1287 1526 1339 εἰς
1548 1285 1625 1345 τῆν
1649 1289 1900 1339 Γαλιλαίαν,
1933 1290 2007 1334 καὶ
2032 1287 2219 1345 εῦρίσκει
2241 1292 2391 1338 Φίλιπ-

450 1374 549 1411 πον,
596 1359 670 1403 καὶ
700 1359 814 1414 λέγει
839 1355 956 1416 αύτῷ
989 1356 1012 1403 0‘
1041 1358 1205 1414 κύριος,
1247 1355 1497 1403 Ἀκολούθει
1526 1374 1618 1415 μοι·
1663 1356 1772 1416 αῦτη
1799 1359 1848 1406 δὲ
1873 1352 1927 1416 ἦν
1956 1360 2306 1419 ἐννεακαιδεκάτη
2332 1361 2391 1419 ῆ-

372 1467 375 1473 ,
454 1429 562 1484 μέρα
602 1427 711 1486 μετὰ
745 1428 817 1474 τὸν
859 1428 1121 1485 πειρασμὸν,
1163 1430 1237 1474 καὶ
1268 1430 1356 1487 ἔχει
1382 1428 1413 1486 ῆ
1440 1427 1668 1475 ἀκολουθία
1703 1434 1776 1475 τοῦ
1805 1427 2050 1487 εύαγγελίου
2078 1432 2287 1478 Φιλίππου
2313 1432 2389 1491 τῆν

451 1501 601 1555 κλῆσιν
646 1500 720 1544 καὶ
745 1501 819 1544 τοῦ
845 1500 1109 1557 Ναθαναήλ,
1155 1501 1228 1545 καὶ
1256 1499 1394 1546 λοιπὸν
1423 1504 1510 1545 κτλ.
1543 1527 1593 1533 -
1654 1502 1683 1544 1.
1709 1502 1776 1545 28.
1819 1502 1965 1559 ῆμέρα
1991 1503 2102 1559 λέγει
2122 1502 2259 1560 γάμος
2284 1506 2390 1549 Veu.

448 1597 502 1604 —
535 1572 642 1613 Ibid.
689 1574 871 1613 Venetus
900 1573 1051 1613 iterum
1089 1573 1212 1628 plane
1253 1573 1396 1614 differt
1421 1573 1525 1614 haec
1555 1582 1597 1614 et
1621 1588 1734 1628 seqq.
1776 1573 1834 1615 ita
1860 1575 2016 1616 habens
2045 1583 2268 1632 concepta:
2312 1576 2391 1627 τὰς

448 1643 756 1698 προειρημένας
774 1641 858 1687 άπό
879 1639 1077 1687 Ἰωάννου
1101 1641 1279 1699 ἡμέρας.
1322 1643 1670 1699 Προςτιθεμένων
1689 1644 1819 1688 τοίνυν
1841 1645 1924 1688 τῶν
1950 1646 2082 1690 εἴκοσι
2098 1644 2274 1702 ἡμερῶν
2296 1652 2390 1698 ταῖς

446 1712 765 1770 τεσσαράκοντα
789 1715 860 1757 τοῦ
893 1715 1128 1770 πειρασμοῦ
1154 1712 1231 1759 δύο
1267 1715 1400 1770 μῆνες
1425 1717 1704 1765 τελειοῦνται,
1735 1715 1881 1765 οἵτινες
1904 1722 1992 1766 τοῖς
2016 1717 2123 1762 δέκα
2153 1718 2262 1773 μησὶ
2287 1733 2388 1763 συν-

449 1784 679 1840 απτόμενοι
705 1783 890 1830 ἐνιαυτὸν
914 1786 1125 1838 τελοῦσιν,
1173 1781 1197 1829 ’ὅ
1226 1785 1317 1829 ἐστι
1339 1785 1552 1841 πλήρωμα
1578 1783 1799 1841 τριάκοντα
1827 1786 1932 1831 ἐτῶν
1959 1785 2040 1832 άπὸ
2066 1789 2147 1843 τῆς
2183 1788 2388 1844 γενέσεως

446 1858 518 1900 τοῦ
550 1856 707 1911 κυρίου.
766 1856 855 1900 Καὶ
881 1855 1121 1912 εὑρίσκεται
1147 1855 1194 1901 τὸ
1221 1858 1383 1911 πρῶτον
1413 1862 1585 1912 σημεῖον
1611 1859 1693 1912 τῆς
1715 1858 1790 1901 τοῦ
1815 1853 1968 1908 ὕδατος
1993 1858 2053 1908 εἰς
2076 1856 2179 1904 οἶνον
2208 1864 2386 1919 μεταβο-

445 1927 526 1980 λῆς
554 1926 595 1971 ἐν
624 1927 685 1985 τῷ
717 1928 829 1972 τέλει
853 1929 925 1972 τοῦ
953 1930 1200 1984 τριακοστοῦ
1230 1927 1347 1978 ἔτους
1371 1925 1556 1983 ποιῆσας
1584 1925 1607 1972 ὁ
1633 1926 1843 1983 Χριστὸς,
1875 1926 1936 1978 ώς
1964 1928 2072 1974 ἔστιν
2099 1932 2385 1987 καταληπτέον

443 2003 537 2047 ταῖς
563 1999 646 2042 τῶν
677 1995 933 2055 εὐαγγελίων
974 1996 1241 2049 οἷκολουθίαις
1269 1998 1495 2057 προσχόντι
1532 1995 1733 2056 ἀκριβῶς.
1792 1998 1947 2043 Λοιπὸν
1976 1998 2024 2044 δὲ
2050 1996 2132 2045 οἷπό
2162 2003 2236 2046 τοῦ
2264 2001 2385 2058 πρώ-

443 2084 515 2113 του
544 2069 722 2124 σημείου
748 2066 897 2114 τούτου
927 2074 1014 2115 κτλ.
1048 2097 1098 2102 --
1160 2072 1186 2112 l.
1208 2072 1247 2114 3.
1274 2071 1326 2112 ab
1355 2071 1430 2111 inf.
1475 2072 1659 2111 Venetus
1687 2084 1827 2111 rursus
1854 2070 2020 2111 differt:
2068 2077 2226 2127 σημεῖα
2254 2072 2385 2128 ἐργά-

422 2175 424 2178 ,
447 2143 588 2192 ζεται,
619 2140 691 2184 καὶ
721 2139 768 2185 τὸ
800 2138 1004 2198 κηρυγμα
1042 2141 1261 2192 διδάσκει,
1307 2141 1582 2197 δεικνυμένης
1610 2143 1670 2190 εἰς
1696 2136 1882 2190 ἅπαντας
1908 2136 2155 2196 ἀνθρώπους
2176 2145 2257 2199 τῆς
2283 2145 2364 2188 θαυ

445 2213 616 2267 μαστῆς
641 2211 714 2255 καὶ
752 2207 934 2268 άρρῆτου
965 2209 1094 2257 αύτοῦ
1132 2213 1447 2270 φιλανθρωπίας
1486 2212 1559 2255 καὶ
1594 2209 1878 2267 εύαγγελικῆς
1917 2214 2280 2270 θαυματουργίας,
2326 2211 2386 2265 οἷς

443 2282 642 2333 πολλάκις
674 2279 955 2339 ῆναγκάσθην
995 2285 1134 2340 φῆσαι
1162 2282 1233 2329 διὰ
1263 2283 1340 2339 τῆν
1373 2285 1458 2326 τῶν
1487 2281 1771 2338 η’πατημένων
1811 2279 2022 2338 άγνωσίαν
2051 2285 2127 2340 (ita
2158 2286 2385 2328 restituen-

444 2353 543 2394 dum
571 2355 654 2410 est)
695 2355 777 2398 τῶν
807 2350 1029 2410 ἀντιλέγειν
1067 2354 1314 2410 τολμώντων
1341 2355 1397 2411 τῇ
1423 2356 1506 2397 τῶν
1537 2349 1791 2408 εύαγγελίων
1819 2351 2015 2411 άκριβείᾳ
2040 2358 2095 2412 τῇ
2121 2353 2202 2401 ύπό
2231 2359 2305 2401 τοῦ
2330 2354 2382 2401 οἷ-

443 2425 535 2480 γίου
562 2421 802 2480 πνεύματος
828 2423 1073 2476 ἀκολούθως
1097 2425 1336 2482 ἐκτεθείσῃ.
1397 2420 1491 2468 Οῦκ
1519 2423 1637 2468 ἐάσει
1664 2422 1744 2479 γὰρ
1771 2422 1912 2481 χώραν
1935 2422 1966 2482 η“
1991 2426 2178 2482 τοσαύτη
2205 2424 2386 2485 άκριβῆς

444 2492 660 2547 ἀπόδειξις
689 2501 778 2545 τοῖς
805 2495 1127 2552 ἐναντιουμένοις
1155 2496 1330 2545 ἑαυτοῖς.
1391 2488 1566 2551 Ούγὰρ
1595 2495 1726 2550 λέγων
1754 2496 1846 2551 (sie)
1876 2497 1932 2553 τῇ
1961 2493 2172 2556 άληθείᾳ,
2203 2498 2295 2543 ἐπεὶ
2318 2498 2383 2555 μῆ

444 2565 702 2610 δεδύναντοιι.
761 2568 962 2610 Δελοῦται
999 2565 1081 2622 γὰρ
1117 2563 1182 2611 ὅτι
1209 2564 1293 2611 άπὸ
1319 2569 1392 2610 τοῦ
1422 2566 1709 2624 βαπτίσματος
1734 2564 1766 2622 ἦ
1795 2563 1908 2624 οἷρχῆ
1948 2569 2028 2623 τῆς
2067 2571 2215 2626 λοιπῆς
2243 2585 2382 2626 πραγ-

444 2637 621 2692 ματείας
653 2637 830 2693 γέγονεν.
890 2633 1018 2681 Οὕτω
1056 2636 1136 2693 γάρ
1178 2638 1388 2682 δείκνυται
1420 2634 1480 2687 ώς
1508 2635 1531 2682 ὁ
1562 2636 1705 2691 κύριος
1735 2635 1840 2693 μετὰ
1883 2636 1960 2693 τῆν
1998 2637 2162 2695 ’ἡμέραν
2201 2641 2275 2684 τοῦ
2302 2644 2382 2698 βα-

442 2708 676 2763 πτίσματος
702 2708 743 2751 ἐν
770 2709 832 2765 τῶ
862 2709 955 2764 (sic)
988 2708 1133 2764 γέγονε
1159 2711 1242 2753 τῶν
1270 2707 1588 2765 τεσσαράκοντα
1617 2706 1791 2765 ῆμερῶν
1819 2708 1860 2752 ἐν
1889 2710 1945 2766 τῇ
1981 2709 2155 2767 ἐρήμῳ,
2200 2710 2296 2767 περὶ
2324 2703 2382 2756 ῶν

445 2779 526 2834 (sic
556 2779 860 2820 restituendum
885 2780 931 2820 'in
960 2780 1102 2835 editis)
1144 2781 1206 2837 τῷ
1244 2779 1450 2835 πνεύματι
1476 2781 1538 2837 τῶ
1567 2777 1680 2837 οἶγίῳ
1707 2777 1778 2825 διά
1805 2776 2001 2824 Ἰωάννου
2034 2778 2082 2824 ου’
2108 2780 2383 2837 πεφρόνισται

446 2848 647 2906 σημάναι.
696 2845 822 2906 ”Ηδη
854 2849 934 2906 γάρ
964 2843 1017 2906 ῆν
1047 2852 1168 2894 τοῦτο
1197 2849 1269 2895 διοὶ
1297 2852 1380 2896 τῶν
1410 2853 1535 2907 τριῶν
1566 2849 1873 2906 εῦαγγελιστῶν
1907 2850 2119 2906 σημανθὲν
2150 2855 2238 2896 κτλ.

556 2923 689 2980 Pag.
713 2922 802 2967 28.
857 2922 886 2962 l.
911 2924 972 2965 11.
1018 2917 1099 2966 άπὸ
1128 2921 1307 2968 ἑκάστου
1340 2922 1706 2981 βοηθεῖσθαι.κα“ι
1747 2920 1827 2978 γὰρ
1856 2920 1969 2977 παρὰ
1997 2921 2161 2967 πάντων
2190 2926 2294 2966 ven.
2325 2948 2379 2956 —-

441 2992 470 3034 l.
493 2993 554 3034 15.
588 2987 731 3042 ὅντως.
789 2993 844 3036 Κ.
875 2992 961 3050 ἔρχ.
988 2992 1094 3048 πρὸς
1120 2993 1189 3038 τὸν
1211 2990 1410 3055 Ἰωάννην
1435 2996 1540 3037 Ven.
1566 3019 1617 3025 -—
1675 2994 1703 3035 l.
1725 2994 1787 3037 17.
1820 2991 1856 3043 ὁ,
1888 3001 1986 3035 ante
2010 2992 2261 3049 Ναθαναὴλ,
2297 3009 2378 3036 om.

441 3065 547 3107 Ven.
578 3090 634 3097 —
690 3064 804 3108 1.18.
847 3065 1011 3118 πρῶτος
1051 3065 1187 3120 παρῆν
1215 3064 1313 3109 τότε
1341 3066 1403 3123 τῶ
1432 3061 1579 3120 Ἰησοῦ
1603 3067 1707 3105 Ven.
1741 3088 1792 3095 --
1851 3064 1879 3104 1.
1899 3064 1967 3106 20.
2007 3060 2184 3122 Ἀνδρέᾳ
2222 3064 2377 3123 πρώτῳ
2397 3076 2411 3083 *

441 3150 550 3190 γεγ.,
582 3135 815 3191 μικροτέρῳ
846 3130 934 3179 ὅντι
961 3137 1064 3177 Ven.
1090 3160 1141 3166 —-
1201 3136 1229 3176 l.
1247 3137 1314 3178 22.
1345 3134 1426 3181 άπὸ
1456 3135 1622 3191 Πέτρου
1649 3130 2040 3191 γέγονε.άφηγεῖτο
2064 3132 2146 3190 γὰρ
2169 3135 2244 3179 τοῦ
2274 3134 2377 3181 ἰδίου

443 3203 530 3260 οἰδ,
562 3207 635 3250 καὶ
663 3202 729 3250 ’ὅτι
756 3205 804 3251 δὲ
828 3204 938 3250 κατὰ
964 3207 1085 3249 τοῦτο
1113 3209 1218 3248 Ven.
1238 3231 1295 3238 —-
1352 3207 1381 3247 l.
1401 3206 1468 3250 26.
1501 3204 1563 3256 ώς
1585 3206 1796 3263 πανταχοῦ
1828 3208 1981 3262 σαφῶς
2006 3206 2110 3248 Ven.
2145 3230 2198 3237 --
2256 3206 2283 3247 l.
2305 3207 2373 3251 27.

451 3274 591 3321 αῦτῶν
621 3293 702 3320 om.
732 3279 836 3319 Ven.
898 3277 1011 3317 Idem
1038 3277 1161 3332 paulo
1187 3285 1281 3333 post
1308 3293 1398 3320 cum
1426 3278 1534 3333 vulg.
1560 3280 1614 3335 τῇ
1645 3276 1832 3334 δευτέρᾳ.
1860 3300 1918 3308 --
1974 3276 2002 3316 l.
2024 3276 2064 3319 7.
2094 3276 2145 3316 ab
2170 3276 2249 3318 inf.
2280 3272 2376 3322 οὔτε

442 3349 519 3392 τοῦ
548 3344 769 3403 Ἰωάννου,
816 3343 913 3392 οὕτε
943 3349 1014 3391 τοῦ
1041 3344 1136 3391 Ἰακ
1195 3349 1329 3405 (quod
1369 3349 1669 3390 restituendum
1707 3350 1817 3404 est),
1862 3343 1967 3390 άλλά
1995 3347 2078 3389 τῶν
2101 3346 2196 3402 περὶ
2219 3347 2376 3392 Ναθα-

445 3417 557 3475 ναῆλ
582 3420 656 3463 καὶ
684 3419 888 3463 Φίλιππον
914 3418 986 3461 καὶ
1009 3414 1144 3463 ἄλλων
1172 3421 1318 3472 τινῶν,
1352 3417 1412 3469 ῶς
1441 3419 1531 3464 ἔστι
1557 3419 1760 3470 συνιέναι,
1791 3418 1892 3473 ἑξῆς
1922 3414 2058 3460 λοιπὸν
2088 3416 2196 3472 μετὰ
2224 3417 2271 3463 τὸ
2302 3419 2375 3463 ἐλ-

442 3493 530 3535 θεῖν
562 3487 690 3535 αύτόν
732 3491 792 3540 εἰς
818 3489 1110 3546 Καφαρναοὺμ
1139 3507 1179 3534 κ.
1215 3488 1356 3535 οἷνελθ.
1384 3506 1428 3534 π.
1460 3491 1522 3540 εἰς
1549 3488 1753 3545 Ναζαρὲθ
1789 3489 1867 3543 (ita
1892 3489 2150 3543 constanter)
2182 3490 2287 3530 Ven.
2319 3514 2374 3523 —

440 3561 467 3601 l.
486 3564 524 3603 5.
552 3563 603 3603 ab
628 3562 704 3603 inf.
740 3561 928 3616 σημείων
957 3558 1138 3616 άνῆλθεν
1167 3559 1287 3606 πάλιν
1317 3562 1376 3611 εἰς
1399 3560 1622 3617 Ναζαρὲθ,
1652 3559 1726 3603 καὶ
1755 3555 1912 3613 άνέγνω
1939 3555 1986 3601 τὸ
2014 3558 2167 3614 βιβλίον
2190 3556 2373 3605 (Ησαΐου

442 3632 612 3686 (desunt
648 3633 773 3675 verba
799 3633 872 3675 τοῦ
901 3630 977 3687 τῆν
1005 3631 1132 3687 ξηράν
1158 3657 1213 3664 -
1238 3631 1316 3689 τῆν
1343 3633 1474 3688 ἴασιν)
1503 3630 1742 3688 προφήτου,
1785 3624 1884 3672 ὅθεν
1910 3627 2045 3683 λέγει,
2087 3629 2267 3686 Πνεῦμα
2293 3646 2373 3675 κυ-

444 3701 530 3754 ρίου
560 3699 622 3746 ἐπ’
650 3701 753 3758 ἐμὲ,
799 3695 848 3746 οὗ
872 3703 1026 3747 εἵνεκεν
1058 3702 1218 3760 ἔχρισέν
1248 3718 1323 3759 με,
1369 3699 1727 3758 εὐαγγελίσασθαι
1772 3702 1979 3754 πτωχοῖς,
2022 3698 2094 3742 καὶ
2121 3700 2235 3756 ἑξῆς.
2287 3693 2371 3745 Ἠν

443 3769 492 3813 δὲ
521 3771 626 3825 μετὰ
651 3772 727 3827 τῆν
753 3771 916 3828 ἡμέραν
946 3775 1028 3818 τῶν
1056 3771 1317 3830 Ἐπιφανίων
1354 3775 1477 3817 τοῦτο
1514 3770 1725 3829 γινόμενον
1761 3766 1870 3824 μετά
1910 3766 2077 3824 ἡμέρας
2114 3770 2255 3827 τινὰς,
2299 3771 2373 3815 καὶ

445 3840 551 3896 μετὰ
577 3841 623 3885 τὸ
649 3846 944 3900 παραδοθῆναι
982 3844 1051 3890 τὸν
1079 3841 1281 3900 Ἰωάννην
1309 3841 1524 3889 κατελθών
1554 3841 1675 3887 πάλιν
1706 3840 1766 3890 εἰς
1790 3839 2083 3896 Καφαρναοῦμ
2122 3841 2259 3888 λοιπὸν
2287 3858 2369 3887 κα·
