2508 4134
724 330 863 371 TOM1
891 330 1100 371 Pmoms
1135 331 1265 371 PARS
1296 330 1467 371 PmoR.
1939 321 2034 370 611

147 429 188 473 ἐν
217 434 304 478 τοῖς
339 430 442 469 Ven.
476 453 527 461 —-
585 427 612 469 l.
636 426 696 470 19.
745 427 817 469 τοῦ
854 421 1021 481 Ἰωσήφ
1054 429 1158 468 Ven.
1188 451 1242 460 —-
1301 427 1327 468 1.
1352 427 1418 468 21.
1463 425 1484 470 ὁ
1521 426 1665 481 καιρὸς
1701 430 1811 481 διηγ.
1852 428 1955 467 Ven.
1991 449 2040 456 —

148 499 174 539 1.
195 499 262 541 23.
305 494 666 553 ματαιοφροσῦνης
702 496 836 537 firmat
871 496 993 536 etiam
1030 497 1180 537 Veneti
1214 497 1447 538 auctoritas.
1479 520 1535 527 —
1590 494 1701 538 1:24.
1744 497 1878 538 Verba
1907 491 1973 540 ’ὅτι
1995 490 2044 538 ου’

146 583 188 611 π.
216 559 269 623 ἦν
291 562 368 621 Ἰ.,
408 562 496 610 ἄλλ’
530 566 571 610 ἐν
604 581 639 609 τ.
664 580 705 609 π.
735 564 939 619 ἐνομίζετο
977 580 1058 606 non
1088 566 1215 606 habet
1247 569 1347 606 Ven.
1381 591 1432 598 -
1489 565 1572 608 1.4.
1598 567 1648 607 ab
1671 567 1792 607 infer.
1830 565 1949 623 Λάβε
1982 580 2045 612 σοι

149 639 254 679 Ven.
313 636 435 687 Quod
464 635 775 691 praeferendum
809 635 980 676 videtur.
1009 659 1065 666 —
1120 635 1145 675 l.
1177 636 1252 680 ult.
1284 631 1349 690 ἐφ’
1377 629 1433 689 ἦς
1464 637 1586 690 ζῢγος
1613 638 1716 676 Ven.

259 707 540 763 Pag.294.
596 703 706 746 1.17.
755 705 915 748 εἴδοσαν
954 705 990 747 οἱ
1021 701 1122 758 ὅφὲ.
1148 706 1250 745 Ven.
1279 728 1334 735 —
1390 706 1504 747 1.21.
1546 703 1722 756 κόκκος,
1763 709 1887 760 δηλοῖ
1914 705 1962 750 δὲ
1996 705 2042 749 τὸ

150 778 385 832 μηδ.’νευ.
415 801 463 807 -
524 777 552 816 l.
575 775 642 818 30.
677 772 788 829 παρὰ
820 772 889 818 τὸν
926 773 1079 825 ἰδιάζον
1112 772 1188 829 τὴν
1222 774 1303 816 τῶν
1336 770 1451 829 ἄνὲρ.
1493 778 1597 817 Ven.
1630 799 1681 807 -
1739 776 1765 816 1.
1783 791 1822 818 5
1849 777 1900 817 ab
1924 776 2049 817 inser.

148 850 296 903 χωρεῖν
326 842 402 889 οὐκ
428 842 631 901 ἠδύναντο
658 846 760 886 Ven.

262 917 403 973 Peg.
431 917 557 960 296.
610 913 683 956 1.3
709 923 750 955 et.
773 913 812 957 4.
851 912 930 969 πρὸ
965 914 1104 970 χιλίων
1139 913 1367 965 ἑξακοσίων
1402 914 1505 958 ἐτῶν
1545 917 1646 956 Ven.
1678 939 1726 946 —-
1787 916 1815 956 1.
1837 917 1876 958 5.
1922 917 2044 959 πᾶσιν

150 987 248 1026 Ven.
281 1010 331 1016 —
390 985 418 1026 1.
447 984 507 1025 10.
551 983 618 1027 ἐπὶ
653 981 700 1027 σὲ
733 984 848 1025 abest
882 999 903 1024 a
937 986 1040 1025 Ven.
1068 1007 1123 1014 —
1179 984 1205 1024 l.
1237 986 1296 1026 15.
1339 983 1426 1026 Καὶ
1461 984 1650 1039 εἰςῆλὲἲον
1687 987 1787 1028 Ven.
1819 1010 1870 1017 ——
1934 986 1960 1028 1.
1987 985 2045 1028 19.

150 1052 434 1109 ἐπροφήτευτο
465 1057 568 1095 Ven.
599 1078 651 1086 —-
708 1054 736 1095 l.
755 1053 821 1095 26.
865 1049 931 1097 ’ὅτι
969 1047 1067 1107 ἤδει
1101 1055 1204 1094 Ven.
1235 1078 1288 1085 -—-
1347 1054 1447 1094 lbid.
1491 1052 1776 1109 προεφήτευσε
1802 1056 1862 1112 τῷ
1891 1053 2049 1109 ῥήματι

149 1125 229 1179 τῆς
255 1127 354 1164 Ven.
386 1148 440 1156 —
498 1125 524 1164 l.
541 1121 606 1166 27.
636 1122 682 1167 τὸ
709 1124 857 1178 δῆλον,
889 1123 991 1164 vitio
1018 1132 1205 1171 assueto,
1240 1125 1431 1164 Venetus.
1466 1148 1514 1154 -
1574 1124 1684 1165 1.28.
1715 1124 1786 1166 καὶ
1808 1122 2047 1180 προφητεύ-

152 1206 265 1238 σασα
295 1208 373 1236 om.
405 1196 508 1236 ven.
539 1218 591 1226 --
648 1195 675 1235 Ι.
693 1194 758 1236 30.
789 1189 852 1236 ἐπ’
882 1189 1012 1246 αυτὴν
1042 1207 1133 1234 cum
1162 1194 1293 1234 Vatic.
1322 1202 1458 1234 servat
1486 1194 1608 1234 etiam
1637 1197 1741 1236 Ven.

263 1264 404 1321 Γᾶς.
424 1265 549 1309 298.
603 1264 630 1304 l.
651 1264 689 1306 3.
731 1263 902 1306 ἐπέθετο
937 1265 1040 1304 Ven.
1073 1287 1123 1294 —-
1181 1263 1206 1304 l.
1229 1262 1267 1304 7.
1299 1264 1362 1304 Ad
1390 1278 1478 1304 voc.
1509 1262 1717 1321 Σάββατα
1752 1265 1793 1304 in
1830 1265 1921 1306 cod.
1946 1265 2050 1305 Ven.

151 1349 278 1388 marg.
309 1334 498 1387 loguntur
523 1333 647 1376 haec:
689 1331 751 1376 Τὸ
783 1331 911 1376 πολλὰ
929 1331 976 1375 τὸ
1005 1329 1210 1390 σάββατον
1236 1335 1367 1387 δηλοῖ.
1429 1336 1542 1384 Quae
1570 1349 1652 1375 non
1681 1335 1809 1389 capio.
1844 1359 1893 1365 -—
1951 1334 1978 1375 l.
2001 1335 2049 1376 12

153 1413 196 1444 et
230 1405 292 1446 13.
324 1403 459 1444 Verba
488 1401 563 1458 τήν
588 1402 808 1458 λεγομένην
836 1419 901 1456 μ.,
946 1418 985 1445 κ.
1009 1417 1046 1445 τ.
1073 1397 1226 1457 ἄλλην,
1269 1398 1323 1456 ἢν
1352 1406 1386 1446 λ.
1414 1402 1562 1458 μικρὰν
1587 1419 1666 1444 om.
1696 1406 1802 1445 Ven.
1832 1428 1880 1436 -
1940 1404 1967 1445 l.
1984 1404 2051 1446 23.

154 1471 303 1528 ἡμῶν,
336 1482 432 1528 post
460 1472 695 1528 οἱμαρτιῶν,
726 1488 804 1514 om.
833 1474 936 1513 Ven.
966 1497 1016 1503 -
1076 1472 1102 1513 1.
1121 1471 1189 1514 26.
1219 1473 1350 1513 Verba
1380 1473 1484 1517 Νῶε
1512 1473 1591 1528 γάρ
1630 1472 1751 1518 άνάπ.
1784 1472 2052 1529 ἑρμηνεύεται

155 1558 233 1584 om.
272 1546 375 1583 Ven.
404 1566 457 1576 —
514 1543 541 1584 l.
558 1543 597 1586 7.
621 1543 672 1583 ab
698 1543 818 1583 infer.
860 1542 933 1585 καὶ
970 1538 1101 1586 οἷΐδιον
1139 1543 1255 1583 abest
1283 1557 1304 1583 a
1336 1545 1440 1584 Ven.
1470 1569 1522 1575 —
1581 1545 1607 1585 l.
1624 1545 1663 1585 2.
1688 1544 1738 1584 ab
1764 1544 1838 1584 inf.
1880 1546 2051 1598 Repone

156 1629 244 1654 cum
276 1613 411 1654 vatic.
442 1621 484 1654 et
513 1614 616 1654 Ven.
647 1612 760 1656 ἔλυον
790 1612 831 1655 ἐν
857 1613 918 1668 τῷ
947 1612 1033 1668 ναῷ
1063 1609 1110 1654 τὸ
1143 1609 1265 1668 σάββ.
1296 1637 1349 1644 -
1406 1613 1431 1653 l.
1464 1614 1533 1653 ult.
1566 1612 1760 1669 ἐνδελεχῆ
1791 1616 1894 1655 ven.

264 1684 549 1740 Pag.300.
604 1683 629 1722 l.
655 1683 691 1723 4.
736 1684 905 1736 Repone
940 1697 989 1722 ex
1017 1684 1115 1723 Ven.
1153 1690 1194 1722 et
1222 1682 1349 1723 Vatic.
1388 1680 1597 1739 σαββάτου
1627 1684 1698 1726 καὶ
1729 1685 1972 1738 περιτομῆς.
1999 1706 2054 1716 —-

155 1755 183 1795 1.
201 1754 238 1797 7.
279 1752 352 1796 καὶ
388 1748 696 1807 περιτεμνόντες
734 1752 830 1807 (sic)
860 1754 963 1794 Ven.
993 1776 1040 1782 ——
1100 1751 1128 1792 l.
1144 1751 1185 1793 9.
1218 1750 1404 1795 ἐννατέαν
1434 1750 1569 1796 λοιπὸν
1594 1755 1696 1794 Ven.
1727 1778 1778 1785 —
1836 1756 1865 1793 1.
1892 1753 1954 1795 10.
1983 1754 2055 1796 καὶ

157 1822 303 1867 ἔλυσαν
338 1819 467 1876 αὐτὴν
506 1820 583 1876 τὴν
619 1820 841 1877 περιτομὴν
871 1821 943 1864 καὶ
978 1819 1047 1864 τὸν
1084 1817 1176 1875 ’ὅρον
1214 1822 1286 1864 τοῦ
1314 1836 1380 1874 πρ.
1410 1824 1513 1863 Ven.
1544 1847 1596 1853 —-
1653 1823 1679 1863 l.
1702 1824 1762 1864 13.
1794 1823 1927 1863 Etiam
1950 1825 2053 1865 ven.

156 1894 280 1934 habet
307 1893 378 1936 τοῦ
402 1889 520 1946 οἶγίου
542 1890 748 1948 Ἃβραοὶμ.
781 1916 832 1922 -
889 1892 914 1932 l.
939 1892 998 1933 18.
1040 1891 1112 1934 καὶ
1137 1889 1385 1947 Ἐλισάβετ,
1429 1892 1501 1935 καὶ
1525 1893 1670 1946 Μαρία
1698 1894 1797 1934 Ven.
1828 1916 1884 1923 —
1939 1893 1967 1934 1.
1986 1890 2053 1935 24.

155 1960 311 2019 Ἐβίων
348 1961 446 2015 περὶ
480 1963 707 2016 περιτομῆς
744 1963 843 2002 Ven.
874 1986 920 1992 —
983 1961 1009 2001 l.
1028 1962 1093 2002 25.
1139 1961 1211 2004 καὶ
1238 1966 1407 2015 μηερεῖς
1442 1963 1524 2005 τῶν
1551 1965 1651 2003 Ven.
1682 1986 1732 1994 --—
1788 1963 1815 2003 l.
1836 1963 1875 2004 5.
1903 1963 1953 2003 ab
1978 1962 2053 2004 inf.

158 2033 238 2088 τῆς
266 2031 306 2075 ἐν
337 2027 452 2087 αὐτῷ
482 2047 520 2073 κ.
550 2031 880 2085 περιτμηὲείσης
908 2030 980 2073 καὶ
1008 2028 1060 2074 δι’
1092 2028 1219 2073 αυτοῦ
1251 2032 1558 2086 καταλυθείσης
1588 2034 1692 2072 Ven.

268 2102 552 2159 Pagaoz.
606 2101 633 2141 l.
654 2099 693 2141 8.
738 2100 908 2149 Παῦλος
944 2100 1080 2154 ἔλεγεν
1112 2103 1213 2141 Ven.
1247 2125 1294 2132 —-
1356 2102 1380 2141 l.
1415 2100 1475 2143 14.
1521 2107 1834 2156 ματαιοφρονεῖς
1868 2104 1968 2142 Ven.
2002 2125 2054 2134 -

157 2174 181 2214 l.
207 2171 256 2215 16
278 2181 321 2213 et
345 2173 404 2215 17.
445 2170 606 2227 χρόνως
636 2169 707 2214 διὰ
746 2186 786 2214 π.
818 2171 1049 2224 μαρτυριῶν
1087 2172 1189 2211 Ven.
1221 2195 1271 2201 —-
1330 2172 1356 2212 1.
1375 2172 1429 2213 23
1459 2180 1502 2211 et
1526 2170 1591 2213 24.
1633 2170 1840 2220 ἐλλειπῶς.
1871 2173 1970 2213 Ven.
2001 2196 2055 2204 —

157 2244 183 2284 l.
199 2243 239 2285 8.
264 2243 316 2284 ab
342 2242 462 2282 infer.
492 2240 625 2281 Etiam
655 2242 757 2281 ven.
787 2240 912 2280 habet
941 2233 973 2294 ἢ
1001 2239 1050 2283 ἐκ
1066 2241 1239 2295 γενετῆς
1266 2239 1555 2295 παραλυτικὸν.
1588 2264 1638 2273 -
1696 2242 1721 2282 1.
1755 2242 1910 2297 penult.
1942 2240 2056 2296 ἐνερ-

157 2317 247 2367 γεῐς
273 2314 380 2353 Ven.

270 2380 553 2438 Pag.3o4.
608 2381 634 2421 l.
650 2379 689 2421 2.
731 2377 835 2424 άλλοὶ
864 2379 975 2435 παρὰ
1011 2381 1083 2424 τοῦ
1115 2377 1230 2435 σ’νόμ.
1261 2383 1360 2422 Ven.
1391 2406 1442 2413 —
1501 2383 1527 2423 1.
1547 2383 1582 2423 5.
1625 2382 1759 2422 Verba
1788 2378 1911 2425 αὐτὸν
1934 2395 2057 2436 γεγε-

160 2452 315 2506 νῆσῦαι
339 2465 418 2492 om.
442 2452 545 2491 Ven.
578 2476 625 2482 -
688 2451 711 2492 1.
728 2448 768 2492 9.
796 2451 961 2505 Corrige
984 2448 1200 2505 ἀλιμένοις.
1230 2475 1281 2483 —
1339 2452 1365 2494 l.
1389 2450 1451 2493 12.
1481 2453 1561 2493 Pro
1587 2453 1669 2495 τῶν
1698 2450 1833 2495 τόπων
1856 2453 1958 2492 Ven.
1984 2452 2057 2492 ha-

163 2522 234 2562 bet
262 2521 345 2564 τῶν
373 2517 542 2564 τούτων.

273 2591 414 2647 Peg.
444 2591 570 2635 306.
624 2590 650 2630 1.
680 2589 720 2631 3.
753 2591 921 2646 Corrige
948 2591 1174 2648 Εἰρηναίῳ.
1206 2616 1261 2623 -
1316 2594 1343 2633 l.
1371 2593 1437 2634 23.
1471 2593 1638 2647 Corrige
1666 2591 1759 2647 Τήν
1793 2591 1879 2647 μὲν.

273 2661 413 2717 Peg.
439 2659 564 2704 314.
618 2660 645 2700 l.
667 2658 728 2701 14.
776 2660 1070 2715 Distingueuda
1096 2654 1199 2703 haec
1222 2663 1356 2717 potius
1382 2662 1571 2703 videntur
1594 2664 1651 2703 ita
1676 2660 1915 2717 ποιήσομαι.
1972 2661 2059 2705 Καὶ

165 2730 254 2774 ἔστι
280 2727 384 2773 τάδε
411 2727 523 2784 παρὰ
553 2731 638 2772 κτλ.

274 2801 414 2857 Pag.
434 2800 559 2844 320.
613 2799 639 2840 l.
661 2798 723 2839 ll·
755 2814 824 2853 μοι
849 2797 1038 2854 ἡγείσθω
1071 2803 1173 2842 Ven.
1202 2827 1256 2834 —-
1311 2803 1337 2843 l.
1360 2804 1421 2844 12.
1453 2802 1589 2843 Verba
1617 2798 1712 2847 ὅθεν
1738 2801 1818 2857 δὴ,
1850 2799 1910 2850 ὥς
1936 2804 1969 2843 λ.
1996 2801 2056 2856 ἐχ.

165 2868 321 2915 ὀστέων
340 2902 352 2923 ,
381 2868 442 2912 ἔτι
468 2867 508 2911 ἐν
536 2866 730 2923 Αἰγύπτῳ
759 2868 905 2909 omissa
930 2870 970 2910 in
999 2872 1100 2913 Ven.
1128 2895 1183 2902 —-
1239 2872 1265 2914 l.
1288 2873 1349 2913 13.
1378 2869 1593 2927 Ἀβριὲῖιτῆ
1619 2876 1719 2913 Ven.
1753 2896 1804 2904 —
1861 2872 1887 2911 l.
1908 2872 1975 2913 28.
2005 2867 2058 2915 δι’

165 2936 283 2984 οῦδὲν
308 2938 442 2993 ἕτερον
470 2933 501 2990 ἦ
529 2954 609 2979 om.
638 2941 738 2978 Ven.
770 2963 822 2969 —
878 2939 904 2979 l.
921 2939 985 2980 29.
1021 2936 1238 2983 οἷνασῶσαι
1259 2942 1380 2982 etiam
1405 2944 1509 2983 Ven.
1533 2943 1668 2984 habet.
1698 2966 1751 2974 -
1807 2942 1833 2981 l.
1861 2940 1973 2982 &ab
1997 2941 2060 2981 iu·

166 3012 243 3052 fer.
289 3011 457 3064 Repone
497 3004 632 3063 μόνων
671 3023 720 3048 ex
750 3010 836 3048 Bas.
875 3017 917 3048 et
945 3010 1048 3050 Ven.
1090 3026 1165 3065 pro
1207 3009 1338 3065 μόνον.
1400 3014 1443 3052 In
1474 3012 1536 3052 ed.
1569 3011 1725 3052 Petavii
1751 3019 1920 3066 utraque
1949 3020 2060 3052 extat

168 3080 302 3135 μόνον.

278 3150 420 3208 Pag.
439 3150 564 3193 322.
609 3148 646 3190 ’1.
674 3148 712 3190 3.
742 3146 937 3203 τάγματα
965 3146 1152 3205 βούλεται
1191 3147 1294 3193 εἶναι
1322 3153 1423 3191 Ven.
1457 3153 1595 3191 Recte.
1625 3174 1679 3181 —-
1736 3151 1843 3192 l.10.
1874 3148 1940 3205 ἐφ’
1968 3150 2060 3194 ἑαυ-

168 3222 241 3263 τοῦ
282 3222 385 3261 Ven.
419 3242 471 3249 -
527 3217 643 3258 1.11.
674 3217 809 3274 ἑαυτῷ
854 3220 955 3259 Ven.
988 3243 1037 3249 —
1095 3219 1121 3260 l.
1145 3219 1207 3261 18.
1252 3215 1623 3274 άνακομιζομένους
1660 3222 1758 3259 Ven.
1789 3243 1844 3251 -
1900 3218 1981 3262 1.4.
2010 3221 2060 3261 ab

168 3290 288 3331 infer.
319 3289 453 3330 Verba
469 3283 598 3343 ”Εχει
630 3285 678 3330 δὲ
702 3283 834 3336 οὕτως
858 3302 940 3328 non
969 3288 1154 3341 agnoscit
1182 3290 1286 3328 Ven.
1316 3314 1368 3321 —
1425 3290 1451 3330 1.
1480 3290 1633 3343 penult.
1663 3285 1765 3331 Ἐπὶ
1790 3298 1850 3330 est
1877 3290 2000 3331 etiam
2019 3290 2062 3330 in

172 3369 341 3415 utraque
370 3359 466 3399 edit.
499 3360 638 3399 Petav.
668 3381 723 3388 —
778 3358 805 3398 l.
832 3358 902 3398 ult.
935 3360 1033 3400 Voc.
1065 3361 1236 3409 ψευδεῖς
1265 3373 1348 3398 non
1379 3368 1589 3413 comparet
1614 3359 1656 3398 in
1688 3361 1772 3399 Bas.

282 3430 422 3487 Γᾶς.
444 3428 569 3473 324.
623 3428 649 3467 l.
675 3427 737 3469 13.
767 3428 949 3484 πειῇανῷ
981 3430 1069 3468 Bas.
1102 3451 1158 3458 —
1213 3427 1240 3467 l.
1259 3429 1295 3470 7.
1327 3428 1377 3468 ab
1406 3428 1525 3468 infer.
1559 3427 1726 3481 Corrige
1757 3428 1862 3482 μετὰ
1892 3430 1980 3473 σοῦ.

284 3501 425 3557 Peg.
448 3501 571 3543 326.
626 3498 654 3538 l.
671 3498 709 3538 2.
742 3498 907 3551 Corrige
936 3495 1041 3552 μετὰ
1073 3498 1160 3540 σοῦ.
1191 3521 1241 3527 —-
1299 3497 1325 3538 l.
1341 3497 1379 3539 9.
1409 3496 1687 3551 πειὲανότητα
1717 3500 1804 3540 Bas.

288 3570 428 3626 Peg.
452 3570 577 3613 328.
633 3567 661 3607 l.
682 3566 742 3609 14.
774 3568 939 3621 Corrige
965 3565 1011 3610 τὸ
1044 3561 1231 3621 οἷόρατον.

286 3639 426 3697 Peg.
451 3639 576 3682 3:3⁰.
631 3637 658 3678 l.
676 3638 713 3680 7.
743 3636 1004 3691 κατάληπτος
1033 3639 1121 3678 Bas.

287 3709 427 3766 rag.
446 3708 570 3752 332.
623 3707 652 3747 l.
670 3708 706 3751 7.
737 3706 876 3747 Scribe
903 3705 1075 3761 Πατρός
1102 3721 1177 3762 pro
1204 3705 1369 3760 πατρὸς.
1396 3730 1444 3738 --
1503 3707 1531 3748 1.
1554 3707 1616 3750 19.
1648 3703 1769 3762 ὅρους
1796 3711 1882 3751 Bas,

290 3777 572 3835 Pag.334.
627 3777 712 3819 1.1.
756 3777 895 3818 Scribe
934 3775 1106 3831 Πατρός
1143 3793 1219 3832 pro
1257 3774 1423 3830 πατρὸς.
1462 3801 1514 3808 -
1580 3778 1607 3817 l.
1629 3776 1666 3820 4.
1709 3779 1874 3834 Corrige
1899 3777 2063 3825 ἀκατά-

182 3852 341 3903 ληπτον.

1605 3919 1714 3972 39*
