2508 4134
575 278 801 320 PANARn
830 279 935 320 Lm.
958 279 1032 320 111.
1058 279 1195 320 ToM.
1218 282 1249 322 1.
1277 280 1439 322 HAER.
1462 281 1661 323 Lxxvr.
1964 272 2065 324 309

171 397 267 430 non
295 395 322 430 e
348 377 526 441 nihilo,
580 377 663 428 sed
696 393 761 427 ex
789 394 848 428 eo
875 376 952 444 qui
983 385 1057 427 est
1086 377 1434 428 convenienter
1460 379 1716 447 productus
1751 378 2061 447 intelligitur3

170 463 289 526 adeo
334 469 384 512 ut
429 477 583 529 neque
625 461 876 523 collatata,
933 477 1089 528 neque
1131 469 1376 511 contracta
1418 462 1481 512 sit
1515 464 1800 515 substantia.
1878 462 2061 515 Verum

170 545 246 613 qui
274 543 469 613 spiritus
508 553 584 596 est
624 553 760 613 pater
797 543 1014 613 spiritum
1046 544 1242 612 perinde
1289 544 1431 594 filium
1472 547 1637 612 genuit
1677 556 1819 615 atque
1849 564 1875 598 e
1901 547 2063 616 seipso

167 637 383 680 sanctum
412 628 627 697 spiritum
653 627 827 679 emisit.
902 625 1077 695 Neque
1110 644 1230 678 vero
1258 636 1342 678 aut
1368 630 1676 697 semetipsum
1707 632 1927 699 ignorat,
1982 641 2063 683 aut

167 720 458 763 contractam
500 712 834 763 collatatamve
879 728 1015 763 suam
1062 711 1196 762 novit
1239 711 1590 775 substantiam,
1648 713 1751 764 sive
1792 715 1945 783 aliqua
1985 733 2063 766 se-

166 797 324 847 ctione
350 795 611 847 concisam.
687 795 823 847 Haec
864 795 990 846 enim
1036 795 1194 846 omnia
1232 795 1290 845 de
1323 795 1413 845 deo
1454 795 1666 862 cogitare
1696 797 1836 848 nimis
1877 807 1952 849 est
1979 799 2063 849 ab-

166 882 392 944 surdum,
448 888 498 931 ut
524 879 633 948 quid
674 880 737 930 sit
774 879 967 948 spiritus
1005 887 1200 930 sanctus
1232 879 1350 929 deus
1382 878 1484 945 ipse
1518 879 1722 930 nesciat.
1798 880 1874 931 Ac
1907 899 2061 950 neque

163 963 406 1031 ingenitus
432 982 538 1015 cum
568 963 782 1031 ingenito
811 963 906 1013 filio
936 962 1361 1014 consubstantialis
1398 980 1492 1012 non
1525 971 1628 1027 est,
1684 981 1839 1031 ncque
1871 965 2062 1033 genitus

162 1048 266 1117 ipse
293 1065 591 1099 communem
616 1065 720 1098 cum
746 1056 880 1116 patre
906 1046 1241 1097 aeternitatem
1272 1063 1366 1096 non
1395 1046 1627 1097 continet.
1703 1046 1897 1098 Etenim
1928 1058 2063 1117 pater

162 1132 337 1195 filium,
392 1131 515 1182 filius
556 1140 735 1200 patrem
779 1131 1046 1198 cognoscit.
1126 1129 1346 1180 Trinitas
1387 1148 1532 1198 porro
1570 1131 1673 1198 ipsa
1702 1130 1806 1182 sine
1837 1132 1932 1182 ullo
1968 1134 2060 1184 fine

161 1223 322 1266 manet
354 1215 597 1278 increata,
658 1215 926 1283 occiditque
960 1231 1220 1282 nunquam.
1309 1211 1464 1264 Filius
1506 1231 1623 1266 vero
1655 1232 1682 1266 a
1712 1224 1848 1283 patre
1887 1232 2061 1267 revera

162 1319 217 1351 ac
243 1317 433 1368 semper
462 1300 704 1350 existente
733 1299 783 1350 in
811 1299 1003 1368 propria
1037 1299 1346 1367 perfectaque
1377 1307 1548 1350 natura
1583 1299 1774 1366 genitus
1810 1308 1903 1350 est.
1982 1298 2059 1352 Ob

159 1384 204 1435 id
232 1384 539 1452 semetipsum
569 1383 732 1447 novit3
784 1400 939 1451 neque
981 1391 1062 1434 aut
1090 1382 1212 1432 filius
1244 1382 1507 1450 ingenitam
1540 1383 1688 1451 patris
1718 1383 2056 1448 substantiam,

160 1479 242 1519 aut
277 1468 521 1536 ingenitus
564 1468 673 1530 filii,
734 1484 871 1536 quem
917 1466 1172 1536 produxit,
1228 1465 1457 1534 ignorare
1501 1475 1680 1536 potest.
1756 1466 1944 1534 Dignus
1985 1477 2060 1519 est

160 1553 284 1603 enim
313 1553 435 1603 filius
459 1552 560 1620 ipse
591 1551 667 1602 cui
692 1551 762 1602 sic
790 1551 1003 1619 loquenti
1032 1551 1149 1601 fides
1178 1550 1490 1602 adhibeatur:
1545 1555 1690 1601 Nemo
1721 1556 1849 1602 novit
1866 1562 2050 1617 patrem

159 1640 255 1686 nisi
271 1638 442 1701 filius,
484 1645 530 1685 et
550 1637 711 1701 filium
748 1639 846 1685 m‘sz‘
869 1645 1023 1700 pater.

297 1717 362 1770 ll.
441 1716 766 1785 Quamobrem
811 1718 1233 1770 circumscribatur
1268 1736 1294 1769 a
1327 1718 1586 1769 temerario
1613 1718 1695 1769 illo
1725 1717 1900 1783 Ae‘tio,
1953 1728 2059 1770 tan-

158 1821 294 1873 quam
328 1821 355 1853 a
383 1803 569 1867 iudice,
610 1803 918 1872 pronuntiata
951 1803 1221 1866 sententia,
1276 1821 1371 1853 non
1401 1802 1603 1853 eundem
1632 1803 1689 1853 de
1717 1803 1878 1872 seipso
1914 1822 2057 1872 posse

158 1888 349 1957 genitae
378 1896 579 1939 naturae
619 1877 760 1937 simul
794 1895 841 1937 et
867 1886 1109 1954 ingenitae
1140 1885 1404 1937 informare
1435 1885 1703 1937 scientiam.
1780 1885 1975 1938 Etenim
2000 1888 2057 1938 il-

153 1973 244 2024 lius
284 1973 478 2023 decreto
516 1972 609 2022 iam
644 1971 823 2040 pridem
864 1971 987 2021 unici
1032 1971 1106 2021 dei
1140 1971 1220 2021 filii
1253 1971 1518 2021 auctoritas
1558 1970 1895 2039 praescripsit,
1949 1989 2055 2022 cum

153 2075 207 2108 se
251 2066 432 2126 patrem
473 2073 649 2118 nosse,
708 2073 796 2106 nec
836 2054 979 2105 alium
1029 2063 1311 2123 praetcrea,
1370 2054 1569 2105 definiit.
1659 2052 1847 2121 Quibus
1891 2055 2055 2107 verbis

155 2141 295 2192 etiam
324 2140 538 2210 spiritum
576 2148 792 2191 sanctum
835 2139 976 2190 simul
1015 2139 1305 2190 existentem
1348 2138 1629 2207 complexus
1667 2147 1771 2202 est3
1830 2140 2056 2206 quemad-

150 2226 338 2276 modum
366 2224 459 2275 alio
486 2224 533 2274 in
560 2225 665 2275 loco
696 2223 845 2287 dixit,
888 2227 1094 2289 Spiritus
1111 2228 1267 2289 patr-229
1289 2224 1471 2272 docebit
1489 2242 1584 2272 vos.
1665 2220 1804 2289 Quod
1835 2223 1874 2273 si
1903 2224 2051 2290 patris

152 2309 231 2360 ille
261 2308 456 2378 spiritus
484 2318 584 2371 est,
639 2325 698 2358 ne
724 2308 876 2376 ipsum
913 2307 1101 2374 quidem
1130 2317 1312 2377 patrem
1352 2307 1561 2375 ignorat.
1640 2305 1762 2358 Cum
1798 2317 1955 2357 autem
1983 2308 2052 2358 di-

150 2394 253 2456 xit,
305 2396 450 2442 Nemo
478 2397 607 2442 novit
624 2403 802 2458 patrem
837 2394 1109 2457 m'sz'fllz'uS,
1166 2391 1475 2461 semetipsum
1505 2392 1687 2460 pariter
1712 2401 1759 2442 et
1785 2399 1968 2459 patrem
1997 2409 2053 2442 ac

150 2477 366 2546 spiritum
396 2485 611 2526 sanctum
639 2484 908 2526 ceterorum
934 2493 1053 2544 quae
1080 2476 1138 2526 ab
1167 2485 1366 2527 aeterno
1394 2494 1489 2526 non
1517 2485 1647 2539 sunt,
1689 2476 1772 2527 sed
1800 2488 2054 2545 procreata

151 2569 290 2626 sunt,
346 2560 668 2610 conditionem
708 2560 983 2611 excessisse
1025 2560 1279 2627 significat.
1359 2559 1685 2627 Quamobrem
1728 2578 1834 2610 cum
1871 2561 1929 2611 ab
1971 2579 2053 2612 ae-

152 2653 291 2695 terno
324 2652 506 2714 patrem
547 2642 670 2694 filius
700 2643 1009 2710 cognoverit,
1066 2646 1241 2694 frustra
1274 2644 1412 2695 nobis
1442 2643 1617 2695 A'etius
1657 2645 1923 2712 nugacibus
1951 2646 2052 2696 suis

151 2729 313 2779 verbis
352 2729 586 2796 obrepere
631 2736 860 2790 conatur3
916 2745 1020 2778 cum
1065 2728 1508 2780 manifestissimum
1547 2729 1609 2779 sit
1647 2729 1802 2797 ipsum
1844 2729 2051 2780 hominis

154 2830 287 2863 more
317 2812 531 2879 cogitare
552 2852 564 2875 ,
607 2830 661 2862 ac
687 2811 946 2861 carnaliter
973 2811 1245 2878 inquirere,
1288 2821 1336 2862 et
1366 2812 1618 2863 animalem
1659 2829 1799 2876 esse,
1857 2821 2053 2881 propter

155 2914 260 2948 eum
303 2896 379 2964 qui
415 2905 510 2946 tam
549 2914 601 2947 se
640 2913 780 2963 quam
816 2904 997 2962 patrem
1039 2897 1314 2962 cognoscit,
1370 2914 1460 2946 una
1497 2915 1600 2947 cum
1645 2897 1812 2965 spiritu
1859 2905 2047 2947 sancto.

152 2978 456 3049 Quapropter
487 2981 604 3031 deus
635 2980 693 3030 ab
727 2979 854 3029 omni
886 2995 1056 3028 caussa
1086 2979 1401 3031 vindicandus
1442 2989 1543 3043 est,
1599 2998 1694 3031 non
1724 2981 1864 3030 modo
1892 2988 2046 3048 pater,

150 3065 234 3114 sed
276 3073 324 3114 et
360 3064 484 3114 filius
525 3082 580 3114 ac
618 3064 813 3132 spiritus
847 3071 1062 3113 sanctus,
1139 3061 1386 3131 Siquidem
1428 3064 1603 3132 patris,
1657 3064 1739 3114 filii
1769 3081 1824 3114 ac
1853 3064 2049 3133 spiritus

151 3148 305 3198 sancti
331 3147 587 3212 diviuitaS,
629 3149 750 3215 quod
783 3163 923 3198 nemo
951 3164 1044 3196 non
1083 3147 1368 3212 confitetur,
1421 3165 1593 3199 caussa
1633 3157 1707 3199 est
1743 3148 1870 3198 omni
1910 3165 2049 3216 prae-

150 3234 374 3285 stantior.

288 3317 419 3368 Aetii
450 3314 606 3386 Caput
633 3318 851 3367 XXX111.
928 3313 979 3366 Si
1006 3314 1270 3381 ingenitum
1300 3333 1518 3367 caussam
1545 3316 1719 3366 nullam
1746 3315 1936 3384 penitus
1961 3315 2046 3366 ha-

149 3400 248 3464 bet,
290 3400 480 3468 sintque
508 3401 721 3469 ingenita,
748 3400 1011 3468 complura,
1052 3398 1329 3448 immutabili
1358 3416 1529 3450 caussa
1559 3399 1866 3449 constabunt.
1942 3398 2046 3450 Ne-

151 3502 240 3551 que
275 3484 399 3534 enim
443 3485 574 3535 velut
614 3485 839 3535 attributa
879 3482 1143 3534 communis
1186 3483 1430 3532 cuiusdam
1467 3500 1523 3533 ac
1554 3483 1808 3551 peculiaris
1843 3492 2045 3535 naturae

151 3567 424 3618 conditione
462 3568 795 3637 particepsque
835 3570 954 3618 facta
994 3567 1145 3616 altera
1185 3566 1345 3616 molita
1384 3575 1485 3629 est,
1528 3567 1679 3617 altera
1718 3568 1968 3635 producta.

204 3663 244 3706 9.
274 3660 401 3707 αὐτοῦ
430 3668 513 3706 cod.
542 3668 700 3717 Rhediy.
1189 3664 1223 3704 1.
1257 3667 1377 3705 Verba
1401 3661 1431 3718 τῖ
1462 3661 1533 3718 μὲν
1550 3688 1602 3696 -
1623 3663 1777 3718 ἐγίνετο
1805 3669 1934 3708 om.in
1958 3669 2043 3708 cod.

209 3721 271 3761 10.
299 3718 347 3762 τὸ
376 3734 449 3761 om.
480 3724 561 3762 cod.
593 3724 751 3772 Rhediy.
1123 3722 1282 3774 Rhedi9.

209 3775 272 3816 11.
301 3773 347 3819 τὸ
379 3771 492 3829 ἅγιον
521 3777 682 3831 πνεῦμα
710 3780 793 3818 cod.
826 3779 981 3828 Rhediy.

2108 1569 2248 1604 Matth.

2122 1613 2175 1655 11,
2193 1613 2245 1647 2⁶1.

2116 2238 2242 2273 loann.

2113 2281 2167 2324 16,
2190 2280 2242 2314 13.
