2508 4134
228 987 340 1042 Κεφ.
371 983 424 1029 α’.

252 1336 336 1374 pag.
355 1326 431 1362 8:34.

457 254 526 306 48
1170 263 1378 306 SANCTI
1406 265 1566 307 EPIPH
1573 265 1691 307 ANII

459 358 570 428 ἤτοι
614 366 745 429 5γῆς
786 357 1076 426 ἐντεριώνην
1117 363 1414 427 καταλείψω.
1480 359 1615 429 ’Ήδη
1655 360 1747 432 γοὶρ
1787 363 1873 415 καὶ
1905 361 2234 431 διεσκεδάσθη
2278 370 2311 404 »0
2324 364 2399 426 εἷς

459 442 622 514 ὀλίγον
662 442 840 513 χρόνον
879 441 915 510 ἦ
946 445 1128 497 τούτου
1166 450 1257 498 τοῦ
1302 443 1622 514 ἠπατημένον
1666 449 1862 516 αἵρεσις.
1933 444 2047 501 Ἐπὶ
2085 449 2138 501 δὲ
2158 446 2252 510 -τᾶς
2288 448 2400 517 ἑξῆς

459 527 697 597 συνήθως
733 526 858 581 θεὸν
895 527 1281 596 ἐπικαλούμενος
1315 530 1754 601 προελεύσομαι*).
2255 543 2257 545 ’

897 750 1137 818 ΚΑΤΑ
1205 750 1961 823 ΜΑΡΚΕΛΔΙΑΝΩΝ,
2210 823 2212 826 .

638 845 1012 924 πεντηκοστὴ
1055 851 1285 928 δευτέρα.
1296 893 1311 921 ,
1357 845 1394 922 ἥ
1439 849 1541 907 καὶ
1584 846 1903 925 ἑπτακοστή
1948 853 2193 928 δευτέρα.

609 974 689 1041 Τῷ
718 968 773 1021 δὲ
803 965 935 1040 αὐτῷ
963 967 1108 1022 πάλιν
1133 967 1295 1043 χρόνω
1338 966 1455 1033 (find
1486 973 1545 1022 ὲν
1571 993 1663 1040 γαρ
1695 990 1873 1032 παντες
1900 992 2040 1024 ουτοι
2063 964 2208 1038 ἦσαν)
2243 968 2394 1041 Μαρ-

456 1060 623 1117 κελλος
649 1023 846 1124 γέγονεν
873 1055 925 1107 ἐν
949 1051 1185 1127 Ἀγκύρῃ·
1223 1057 1292 1108 ε’τι
1317 1053 1410 1125 γάρ
1439 1056 1525 1107 καὶ
1550 1058 1724 1122 δεῦρο,
1774 1053 1874 1109 οἷπό
1900 1061 1991 1108 τοῦ
2020 1057 2164 1118 ἔτους
2197 1054 2397 1120 τούτου,

459 1162 526 1203 ως
559 1136 658 1192 dud
697 1137 788 1192 δύο
828 1140 949 1192 ἐτῶν
988 1138 1230 1204 ἐτελεύτα,
1280 1137 1315 1208 ἧ
1341 1143 1489 1193 πλείω
1521 1163 1553 1207 η
1583 1140 1782 1193 ἐλάσσω.
1853 1138 2081 1208 Ἐποίησε
2118 1141 2171 1194 δὲ
2199 1142 2280 1195 καὶ
2311 1136 2397 1194 αὖ·

454 1225 541 1288 τός
569 1247 676 1278 τινα
719 1226 957 1293 διαίρεσιν
990 1226 1041 1278 ἐν
1071 1247 1131 1298 τη
1157 1225 1387 1328 ἐκκλησία
1429 1223 1513 1278 ἄπ’
1555 1224 1708 1294 ἀρχῆς
1736 1231 1826 1279 τοῦ
1853 1223 2008 1279 αὐτοῦ
2037 1225 2249 1295 χρόνον,
2300 1225 2398 1280 ὀλί-

454 1333 547 1383 γην
575 1311 630 1364 δέ
653 1332 763 1364 τινα
787 1311 983 1363 ἔννοιαν
1017 1307 1292 1375 ὑπέφαινεν
1323 1303 1495 1375 οὗτος,
1546 1309 1931 1378 ἆπεικαζόμενος
1960 1314 2209 1383 Σαβελλίῳ
2234 1331 2284 1363 τε
2312 1312 2398 1364 καὶ

459 1395 681 1469 Ναβάτω
714 1392 815 1448 ἆπὸ
839 1400 967 1448 1τοῦ
993 1400 1094 1448 τῶν
1123 1393 1387 1464 Ἀρειανῶν
1408 1392 1534 1464 πρὸς
1559 1392 1708 1448 αὐτόν
1737 1399 2087 1466 παροξυσμοῦ,
2126 1398 2284 1464 δῆθεν
2312 1394 2397 1450 δια

454 1487 544 1535 τοῦ
580 1486 816 1551 λογισμοῦ
852 1486 938 1548 τῆς
968 1478 1095 1546 πρὸς
1133 1501 1251 1542 τους
1276 1478 1562 1548 Ἀρειανους
1588 1477 1898 1543 ἀντιθέσεως.
1957 1479 2122 1534 Όθεν
2150 1481 2274 1534 καὶ
2262 1479 2398 1551 παρά

455 1588 604 1620 τινων
633 1569 993 1634 βλασφημεῖται
1023 1563 1122 1617 απὸ
1150 1565 1359 1670 μέρους,
1399 1587 1467 1627 ως
1493 1566 1651 1632 ε’φην,
1690 1568 2035 1633 Σαβελλιανῶν
2063 1564 2281 1635 ἐσχηκως
2307 1564 2399 1634 τὴν

457 1656 738 1733 ἐρεσχελίαν.
820 1651 958 1712 Τινὲς
992 1650 1044 1703 δὲ
1074 1647 1198 1720 νπὲρ
1228 1647 1383 1703 αὐτοῦ
1411 1648 1779 1720 ἀπελογήσαντο
1818 1673 1886 1719 μη
1915 1672 2075 1714 ουτως
2103 1653 2250 1720 ἔχειν,
2301 1649 2399 1705 αλλ’

456 1738 631 1808 ὀρθῶς
657 1734 809 1790 αὐτόν
835 1737 1141 1804 βεβιωκέναι,
1180 1736 1265 1788 καὶ
1290 1740 1359 1808 τῷ
1384 1757 1666 1804 φρονηματι
1691 1734 1843 1790 αὐτόν
1867 1735 2040 1804 ὀρθῶς
2066 1738 2189 1806 ἔχειν
2212 1740 2396 1805 διϊσχν·

457 1827 661 1895 ρίζοντο.
737 1820 831 1875 Διὸ
860 1820 1014 1888 πολλὴ
1039 1822 1152 1890 περὶ
1176 1819 1357 1874 τούτου
1386 1819 1583 1888 ζήτησις
1606 1822 1788 1892 γέγονε.
1865 1823 1967 1875 Καὶ
1999 1820 2058 1875 τὰ
2087 1822 2176 1890 μὲν
2204 1820 2397 1893 κρύφια

453 1914 542 1977 τῆς
579 1910 771 1970 ἐννοίας
803 1912 910 1980 θεῷ
937 1908 1188 1977 ἔγνωσται.
1269 1908 1335 1958 Oi
1366 1909 1419 1960 δὲ
1461 1903 1546 1960 ἄπ’
1584 1906 1741 1960 αὐτοῦ
1780 1905 2034 1978 γεγονότες
2071 1908 2156 1961 καὶ
2188 1923 2398 1976 κατηχη-

453 1996 652 2057 θέντες,
706 1995 758 2046 οἷ
779 1991 870 2060 τὴν
909 1994 1099 2046 ἐκείνου
1139 1992 1334 2044 ἔννοιαν
1371 1988 1692 2062 ἀγνοοῦντες,
1746 1994 1799 2046 οἱ
1823 1990 1978 2061 μὴ’τοῖ
2013 1988 2204 2046 ἐκείνου
2227 1991 2400 2061 ’ἀληθῆ

455 2077 795 2150 διηγούμενοι,
847 2071 958 2132 οὔτε
994 2075 1083 2139 τοὶς
1122 2083 1251 2147 τρεῖς
1276 2073 1572 2140 ὑποστάσεις
1607 2075 1864 2148 ὁμολογεῖν
1896 2076 2111 2146 ἤθελον,
2153 2075 2222 2141 ὥς
2248 2081 2342 2147 ἔχει
2364 2076 2399 2147 ἧ

455 2162 689 2232 ἀλήθεια,
741 2163 814 2216 ὅτι
850 2167 937 2230 μία
967 2163 1097 2216 ἐστὶν
1135 2158 1170 2229 ἦ
1194 2162 1403 2228 θεότης,
1455 2166 1542 2230 μία
1575 2165 1857 2233 δοξολογία,
1908 2160 2176 2231 όμοούσιος
2203 2157 2330 2218 οὖσα
2362 2160 2400 2232 ’ἦ

453 2247 617 2320 τριοὶς,
669 2249 754 2301 καὶ
792 2247 940 2300 οὐδὲν
978 2245 1327 2301 διαλλάττουσα
1358 2253 1448 2315 τῆς
1486 2249 1615 2311 ι’δίας
1658 2247 1831 2317 δόξης,
1882 2246 2022 2318 τριοὶς
2061 2252 2213 2302 τελεία
2250 2242 2396 2315 οὖσα,

454 2336 541 2388 καὶ
568 2338 654 2401 μία
677 2332 876 2400 θεότης,
915 2337 1002 2400 μία
1033 2331 1258 2399 δύναμις,
1289 2335 1375 2399 μία
1398 2330 1558 2398 ου’σία,
1590 2331 1700 2386 οὔτε
1729 2333 1979 2403 συναλιφή
2005 2356 2078 2397 τις
2103 2327 2246 2400 οὖσα,
2285 2333 2399 2405 οὔτε

455 2418 814 2488 ὖποβεβηκνῖα.
893 2411 1102 2480 2Οὗτος
1152 2417 1205 2470 δὲ
1232 2419 1537 2471 ἐπιπλεῖστον
1575 2418 1879 2487 βουλόμενός
1918 2442 2028 2473 τινα
2069 2419 2226 2490 λέγειν
2262 2418 2398 2491 παρά

452 2524 603 2571 τισιν,
659 2501 728 2566 ὥς
771 2501 871 2557 ὖπό
907 2501 992 2557 τὸν
1025 2504 1294 2571 Σαβέλλιον
1328 2506 1394 2575 τῷ
1427 2502 1706 2572 φρονήματι
1748 2506 1928 2568 ἔδειξεν
1968 2502 2106 2558 εἶναι.
2181 2502 2276 2559 Διό
2313 2492 2400 2559 καὶ

459 2597 481 2628 3
501 2588 629 2663 αὐτῇ
657 2590 709 2642 ἐν
743 2590 923 2659 αἷρέσει
962 2589 1135 2656 ἐλέχθη
1162 2589 1248 2641 καὶ
1277 2585 1562 2656 ἠριθμήθη.
1642 2588 2020 2659 Παραθήσομαι
2051 2590 2103 2643 δὲ
2130 2582 2285 2652 αὖθις
2313 2591 2399 2644 καὶ

452 2673 544 2744 τὴν
571 2677 772 2728 ἔκθεσιν
798 2680 888 2727 τοῦ
912 2671 1063 2744 λόγου
1094 2667 1156 2727 οὗ
1183 2677 1449 2742 πεποίηται
1475 2670 1660 2747 Ἰουλίῳ
1689 2681 1758 2749 τῷ
1783 2678 2028 2748 μακαρίτῃ
2058 2681 2126 2749 τῷ
2148 2673 2401 2744 Ῥωμαίων

455 2759 710 2833 ἐπισκόπῳ
752 2757 780 2812 ό
817 2757 970 2821 αὐτὸς
1011 2757 1330 2828 Μάρκελλος,
1386 2756 1914 2831 ὖπεραπολογούμενος
1954 2764 2113 2829 δῆθεν
2159 2752 2397 2815 4ἕαυτοῧ.

451 2843 537 2899 Ἐκ
565 2845 618 2898 δὲ
647 2851 734 2912 τῆς
762 2841 1031 2914 ἅπολογίας
1059 2845 1143 2897 καὶ
1173 2850 1262 2898 τοῦ
1299 2845 1517 2911 λιβέλλου
1560 2845 1830 2914 φανήσεται
1866 2848 2005 2915 ἕτερα
2045 2845 2179 2916 παροέ
2210 2844 2298 2914 τὴν
2320 2849 2400 2899 πί-

454 2947 559 2984 στιν
596 2935 684 2998 τῆς
724 2929 963 2997 ἀληθείας
1001 2927 1342 2998 πεφρονηκώς.
1418 2932 1490 2981 Εἰ
1519 2929 1585 2998 μή
1619 2929 1711 3002 γὰρ
1747 2933 1884 3002 ἕτερα
1922 2931 2223 3001 ἐφρόνησεν,
2272 2927 2398 3001 ὑπὲρ

453 3019 611 3068 ποίων
640 3017 708 3077 εἰς
747 3012 1019 3085 ἀπολογίαν
1056 3011 1252 3082 ἤρχετο,
1306 3016 1351 3066 εἰ
1374 3013 1445 3082 μὴ
1476 3013 1571 3084 ἄρα
1600 3014 1736 3086 λόγοι
1770 3018 1818 3079 ἐξ
1848 3014 2004 3070 αὐτοῦ
2031 3017 2273 3083 ἐτέθησαν
2305 3011 2398 3069 οὖκ

454 3097 632 3167 όρθοὶ,
683 3103 768 3153 καί
809 3103 945 3161 τινας
981 3097 1277 3169 ταράξαντες
1319 3101 1387 3161 εἰς
1426 3099 1610 3169 ταύτην
1648 3099 1927 3172 κατήγαγον
1965 3098 2057 3169 τήν
2094 3098 2395 3172 ἅπολογίανς

464 3189 644 3240 Τοίνυν
680 3184 734 3239 τὸ
775 3182 1082 3256 α’ντίγραφόν
1119 3187 1218 3238 ἐστι
1254 3189 1415 3238 τοῦτο.

511 3344 548 3384 5.
582 3344 720 3385 Vocab.
754 3344 836 3399 γῆς
870 3346 913 3386 in
941 3345 1026 3387 cod.
1051 3345 1214 3396 Rhediy.
1245 3356 1401 3385 erasum
1458 3342 1623 3394 dicere,
1655 3342 1882 3384 declaravit
1904 3358 1949 3385 se
1975 3358 2066 3384 cum
2095 3341 2276 3386 Sabellio
2297 3356 2397 3385 sen-

455 3404 520 3440 est.
1456 3400 1550 3441 tire.

512 3454 552 3497 6.
576 3455 634 3504 εἰς
654 3453 789 3511 ὀλίγον
805 3454 949 3513 χρόνον
969 3460 1196 3509 interpretor
1212 3456 1254 3498 in
1273 3457 1398 3498 breve
1512 3457 1552 3500 3.
1582 3459 1750 3524 Repostfi
1771 3459 1818 3497 de
1842 3460 2060 3499 coniectura
2089 3452 2200 3513 αυτῇ
2225 3470 2298 3508 pro
2322 3441 2399 3500 αν-

455 3519 615 3551 tantum
645 3521 806 3567 tempus
838 3514 1045 3554 duratura.
1456 3512 1537 3568 τη,
1574 3515 1678 3565 quod
1716 3516 1757 3553 in
1787 3516 1895 3554 libris
1923 3519 1977 3555 est.
2002 3516 2190 3555 omnibus.
2250 3515 2400 3555 Goma-

513 3568 550 3621 ')
583 3570 853 3619 Subscriptum
888 3576 942 3612 est
980 3573 1023 3611 in
1064 3575 1225 3622 utroque
1268 3573 1397 3611 codice
1453 3573 1539 3612 rius
1558 3572 1713 3621 putavit
1745 3565 1899 3618 αυτός;
1941 3574 2053 3611 vertit
2087 3573 2188 3611 enim
2218 3583 2398 3626 quapro-

458 3621 593 3671 Τέλος
621 3621 675 3667 τοὶ
703 3626 774 3667 τοῦ
804 3625 1050 3670 Φωτεινιαν
1454 3635 1549 3681 pter
1572 3625 1696 3665 etiarn
1724 3624 1813 3679 ipse
1851 3626 1961 3666 inter
1991 3626 2222 3667 haereticos
2249 3639 2397 3667 nume·

515 3679 612 3719 cst.
636 3681 666 3719 1.
698 3703 752 3711 -
815 3686 848 3722 l.
878 3697 1036 3727 τουτων
1066 3686 1124 3723 ed.
1156 3686 1283 3734 princ.
1454 3692 1567 3724 ratus
1590 3690 1653 3721 est
1684 3690 1725 3720 et
1756 3682 2010 3723 confutatus.

511 3735 551 3776 2.
585 3737 797 3776 Gornarius
814 3742 926 3778 vertit
956 3740 1032 3779 Hic
1060 3754 1158 3780 vero
1179 3753 1304 3794 quum
1324 3754 1396 3780 vo·
1511 3737 1550 3780 4.
1582 3734 1709 3780 αὑτοῦ
1738 3739 1822 3779 cod.
1846 3740 2006 3790 Rhediy.

456 3790 578 3833 luerit
618 3794 820 3847 quaedam
843 3792 1030 3835 diffusius
1059 3795 1171 3850 apud
1196 3795 1397 3852 quosdam
