2508 4134
228 1825 313 1861 pag.
336 1815 408 1853 973.

437 252 540 302 294
1148 259 1352 303 SANCT1
1381 261 1666 303 ΕιηΡΗ-ΑΝΠ

435 355 548 411 υἷὸν
578 354 967 426 προςκυνῆσειας
1003 353 1242 424 ἀνόμοιον
1272 359 1420 428 πατρὶ
1446 358 1797 430 ἐπιγινώσκων,
1826 357 2061 429 σύγχυσιν
2086 358 2297 430 εἰργάσω
2321 361 2375 413 ἐν

439 448 502 516 τῇ
526 441 881 512 προςκυνήσει,
915 438 1162 509 ,ἀνόμοιον
1187 443 1433 511 ἀνομοίου
1453 447 1572 507 ἰ’σως
1599 441 1818 513 τιμήσας.
1892 447 1964 496 Εἰ
1981 445 2034 497 δὲ
2060 443 2142 499 διὰ
2166 444 2256 512 τήν
2280 461 2374 498 σου

438 525 695 597 πρόληψιν
719 533 808 595 τῆς
845 526 1074 590 ἀπιστίας
1099 526 1303 597 ἀρνήσει
1328 537 1624 599 προςκυνεῖν
1652 533 1748 602 υἱῷ
1763 572 1776 594 ,
1828 528 2095 602 έλεγχθήσῃ
2119 528 2221 584 ὖπὸ
2249 527 2374 583 πάν-

437 633 537 664 των
578 610 675 665 οὐκ
711 611 943 682 ἐπιγνούς
978 611 1067 666 τόν
1103 612 1435 682 ὀφειλομένως
1470 613 1570 669 find
1598 614 1800 669 πάντων
1832 613 2262 685 προςκυνούμενον
2286 616 2373 669 καὶ

437 699 562 750 ἴσον.
642 698 1058 767 Προςκυνῆσουσι
1086 697 1177 769 γάρ
1215 697 1348 772 αὐτῷ
1384 698 1566 763 πάντες
1592 699 1781 772 ἀγγελοι
1819 706 1972 754 θεοῦ·
2023 702 2106 754 καὶ
2134 701 2373 772 προςεκύ·

437 799 585 850 νησεν
624 782 762 856 αὐτῷ
790 787 970 853 Μαρία
1013 783 1224 847 ἐνδόξως
1252 783 1516 839 ἀναστάντι
1559 788 1612 840 ἐν
1641 788 1787 856 σαρκὶ
1818 788 1900 840 καὶ
1931 785 2113 849 πάντες
2142 789 2195 840 οἱ
2218 784 2376 841 αὐτοῦ

443 871 678 936 μαθηταί.
761 865 836 921 013
857 867 952 939 γάρ
981 871 1106 938 θὲχει
1131 876 1364 940 γεννητοῦ
1390 870 1675 939 ὀνομασίαν,
1713 870 1825 925 οὔτε
1849 877 2068 925 κτιστοῦ·
2108 873 2162 926 ἐκ
2188 869 2377 942 πατρός

443 954 795 1024 γεγεννημένον
821 956 978 1019 ἴσασι,
1016 957 1099 1008 καὶ
1129 961 1494 1023 προςκυνοῦσιν
1525 955 1645 1010 ὅντα
1672 959 1720 1020 ἐξ
1748 955 1907 1023 ὄντος,
1944 959 2031 1010 καὶ
2057 956 2112 1011 τό
2146 959 2195 1022 ἐξ
2220 955 2377 1012 αὐτοῦ

440 1038 582 1109 ἅγιον
615 1045 827 1107 πνεῦμα.
907 1043 1084 1094 Οἴδασι
1121 1039 1214 1112 γάρ
1257 1039 1408 1095 αὐτὸν
1436 1039 1689 1113 ἀλλότριον
1724 1048 1784 1117 τῇ
1814 1041 1958 1116 οὐσίᾳ
1987 1041 2087 1096 ἀπό
2123 1048 2222 1097 τῶν
2242 1064 2378 1114 γεγο-

438 1124 612 1178 νότων.
693 1124 768 1178 Οὗ
799 1123 892 1195 γάρ
925 1128 1024 1179 ἐστι
1060 1125 1287 1196 γεννητὸς
1315 1125 1350 1195 ἢ
1376 1125 1591 1190 κτιστός,
1646 1125 1765 1181 ἀλλά
1805 1127 2036 1198 γεννητὸς
2080 1130 2134 1182 ἐκ
2174 1127 2376 1199 πατρός.

440 1210 537 1264 Διὸ
578 1211 693 1280 περὶ
719 1210 881 1264 πάντα
909 1211 1111 1278 καμών,
1159 1213 1243 1265 καὶ
1273 1211 1483 1274 πολλοὺς
1511 1210 1718 1282 χρόνους
1754 1213 2036 1279 ἀναλώσας,
2082 1211 2255 1278 Ἀέτιε,
2292 1215 2378 1267 καὶ

440 1294 622 1366 λόγους
659 1297 831 1359 ξένους
875 1299 1279 1368 παρειςενέγκας,
1330 1297 1684 1367 προςκυνήσεις
1723 1296 1870 1371 αὐτῷ.
1944 1306 2039 1352 Δεῖ
2057 1297 2150 1370 γάρ
2187 1298 2378 1363 πάντας

440 1386 614 1449 στῆναι
644 1380 858 1435 ἐνώπιον
882 1387 972 1435 τοῦ
1002 1381 1224 1450 βήματος
1252 1381 1433 1448 αὐτοῦ,
1480 1385 1567 1437 καὶ
1593 1390 1729 1437 πᾶσα
1757 1390 1950 1454 γλῶσσα
1975 1372 2378 1455 ἐξομολογήσεται

441 1465 547 1531 ὅτι,
600 1465 791 1538 Κύριος
829 1465 1019 1534 Ἰησοῦς
1063 1468 1301 1537 Χριστός,
1349 1467 1379 1522 ὅ
1415 1467 1507 1523 οὐκ
1543 1468 1794 1539 ἀλλότριος
1833 1476 1962 1524 θεοῦ
2001 1468 2100 1536 ὢν,
2152 1469 2271 1523 ἀλλά
2309 1473 2380 1534 είς

442 1550 593 1615 δόξαν
629 1558 757 1606 θεοῦ
792 1550 1005 1623 πατρός,
1043 1552 1168 1607 κατά
1204 1553 1257 1608 τὸ
1295 1556 1629 1625 γεγραμμένον
1664 1558 1749 1609 καὶ
1786 1556 2182 1625 πεπιστευμένον.

1361 1810 1371 1830 ⁸
1429 1810 1456 1830 5!
1570 1811 1583 1829 Ι

580 1807 774 1861 Ἀετίου
800 1809 971 1876 κεφάλ.
997 1809 1086 1873 σις’.
1162 1814 1234 1865 Εἰ
1254 1819 1403 1878 ψιλον
1426 1834 1584 1880 ονομα
1608 1814 1739 1866 ἐστιν
1760 1814 1842 1867 ἐπὶ
1864 1818 1991 1867 θεοῦ
2015 1810 2068 1867 τὸ
2096 1811 2377 1883 ἀγέννητον,

395 1890 473 1960 ἡ
513 1893 566 1946 δὲ
601 1892 725 1961 ψιλὴ
765 1894 1002 1967 προφορά
1046 1895 1135 1965 τήν
1177 1895 1449 1951 ὖπόστασιν
1494 1903 1583 1951 τοῦ
1621 1904 1749 1951 θεοῦ
1789 1892 1977 1969 ’ἐπαίρει
2012 1897 2136 1952 κατά
2177 1897 2380 1953 πάντων

449 1984 753 2049 1γεννητῶν,
803 1984 1066 2052 τιμιωτέρα
1104 1979 1202 2053 ἀρα
1229 1985 1359 2037 ἐστὶν
1383 1981 1418 2051 ἦ
1444 1981 1731 2051 ἀνθρώπων
1758 1982 1993 2054 προφορά
2034 1989 2162 2038 ωτοῦ
2198 2005 2375 2038 παντο-

441 2062 687 2135 κράτορος
726 2062 1069 2133 ὑποστάσεως,
1118 2066 1395 2143 ἀσυγκρίτῳ
1437 2067 1655 2142 ὑπεροχῇ
1703 2072 2048 2123 καλλωπίσασα
2083 2067 2209 2124 θεόν
2251 2069 2379 2124 1’τόν

442 2149 835 2220 παντοκράτορα.

577 2235 774 2306 Ἀνατρ.
855 2236 981 2290 Οὔτε
1016 2238 1166 2303 ψιλόν
1206 2237 1363 2306 ὄνομα
1401 2241 1484 2293 έπὶ
1521 2245 1648 2292 θεοῦ
1693 2241 1790 2293 ἐστι
1826 2238 1880 2293 τὸ
1920 2240 2214 2310 ἀγέννητον,
2267 2238 2394 2294 οὔτε

1859 2323 1870 2343 ἱ
1946 2323 1974 2343 5!

442 2326 548 2382 τοῖς
586 2328 798 2384 κτιστοῖς
835 2321 957 2375 κατ-ἀ
995 2322 1085 2390 τὴν
1118 2322 1292 2377 οὐσίαν
1332 2326 1700 2379 ἐπικοινωνοῦν.
1774 2331 1872 2378 Διο
1911 2347 2026 2379 ουτε
2054 2324 2379 2394 τάκτίσματα

417 2411 594 2473 ιψιλῆς
633 2403 899 2473 ὀνομασίας
942 2410 1037 2461 ἐστὶ
1082 2412 1369 2476 σημαντικά,
1444 2411 1621 2464 Μέσον
1665 2411 1718 2463 δὲ
1753 2410 2042 2481 ἀγεννήτου,
2066 2412 2150 2465 καὶ
2180 2417 2379 2465 κτιστοῦ

442 2490 590 2544 ἄλλου
622 2489 868 2558 ὀνόματος
889 2495 1300 2562 έπιζητουμένου,
1339 2495 1460 2566 ὅπερ
1495 2498 1625 2550 ἐστὶν
1653 2494 1789 2561 υἱός,
1826 2499 1910 2550 καὶ
1940 2492 2003 2550 οὗ
2025 2495 2244 2562 κτιστὸς,
2282 2500 2377 2551 τίνι

442 2574 506 2629 ἀν
534 2574 589 2629 τὸ
625 2578 863 2647 ἐξαίρετον
903 2577 1177 2634 ἀποδοτέον
1189 2604 1204 2644 ,-
1280 2582 1382 2634 Καὶ
1410 2584 1456 2634 εἰ
1481 2582 1569 2649 μὲν
1607 2590 1711 2644 τοῖς
1736 2584 2066 2650 κεκτισμένοις
2104 2581 2157 2636 τό
2193 2584 2377 2636 ἐπικοι-

441 2668 639 2715 νωνοῦν
666 2665 853 2731 δῶμεν,
892 2663 997 2718 οὐδ’
1027 2663 1392 2737 ὁποτέρουτῶν
1422 2668 1694 2738 λεγομένων
1722 2674 1873 2735 ψιλῆς
1902 2668 2170 2736 ὀνομασίας
2197 2667 2379 2734 ὀνομα-

442 2749 674 2815 ζομένου,
729 2746 796 2810 ώς
832 2751 913 2802 ἐπὶ
956 2757 1043 2804 τοῦ
1069 2750 1340 2822 ἀγεννῆτου
1377 2754 1460 2805 καὶ
1487 2756 1733 2817 κτίζοντος
1760 2756 1845 2807 καὶ
1871 2760 2075 2807 κτιστῶν
2104 2752 2379 2824 γεγονότων

444 2831 555 2895 4ώς
595 2832 656 2887 οὗ
684 2839 836 2901 ψιλῆς
878 2837 1193 2905 ἐνδεχομένης
1225 2837 1519 2906 ὀνομασίας,
1574 2837 1733 2901 οὕτως
1771 2841 1851 2893 ἐπὶ
1894 2845 1984 2892 τοῦ
2027 2846 2262 2909 γεννητοῦ
2293 2841 2378 2893 καὶ

440 2921 589 2984 υἱοῦ,
639 2917 706 2987 μή
734 2926 886 2988 ψιλῆς
927 2924 1243 2992 ἐνδεχομένης
1282 2922 1576 2992 ὀνομασίας,
1632 2923 1688 2978 τό
1719 2924 1877 2993 μάτην
1912 2925 2379 2993 συκοφαντούμενον

440 3003 670 3075 σύγχυσιν
713 3004 919 3073 δηλώσει
960 3006 1096 3079 παρά
1137 3015 1204 3082 τῷ
1229 3007 1394 3082 Ἀετίῳ
1425 3010 1849 3080 συλλογιζόμενον,
1901 3008 1986 3064 διά
2014 3008 2069 3063 τὸ
2101 3009 2167 3078 μή
2193 3013 2379 3074 συνεξι-

435 3096 657 3144 σοῦσθαι
682 3095 752 3163 τῷ
782 3093 897 3145 υἱοῦ
925 3090 1153 3161 ὀνόματι,
1191 3101 1280 3163 τῆς
1304 3100 1501 3163 κτιστῆς
1533 3097 1585 3148 έν
1613 3093 1823 3168 ἀληθείᾳ
1852 3093 2046 3159 οὐσίας,
2086 3097 2171 3149 καὶ
2199 3096 2260 3149 οὗ
2288 3110 2373 3162 ψι-
2426 3084 2428 3091 ’

435 3182 526 3245 λῆς
554 3175 834 3244 ὀνομασίας.
900 3177 1199 3249 Ἐπειδήπερ
1235 3177 1295 3233 οὗ
1320 3179 1474 3248 ψιλὴν
1499 3182 1766 3248 ἐπιδέχεται
1800 3182 1885 3233 καὶ
1918 3178 2068 3243 αὐτὸς
2095 3178 2125 3234 ὁ
2149 3179 2259 3244 υἱός
2285 3181 2376 3250 τῆν

437 3264 548 3333 περὶ
585 3268 608 3299 ⁵
627 3265 745 3316 υἱοῦ
772 3260 1057 3331 ὀνομασίαν.
1139 3265 1246 3338 Οὐκ
1277 3264 1419 3327 ὄντος
1444 3250 1499 3319 δὲ
1532 3264 1878 3335 ἀνυπάρκτου,
1930 3263 2041 3319 οὔτε
2069 3265 2194 3319 κατά
2222 3266 2376 3335 ψιλήν

440 3348 712 3416 ὀνομασίαν
751 3350 1012 3417 λεγομένου
1051 3357 1138 3404 τοῦ
1180 3354 1295 3404 υἵοῦ
1324 3357 1622 3422 μονογενοῦς
1658 3353 1742 3404 καὶ
1770 3357 1859 3403 τοῦ
1892 3348 2034 3421 ἀγίου
2077 3352 2372 3421 πνεύματος,

438 3443 496 3510 τῇ
526 3441 618 3488 τοῦ
653 3430 842 3503 πατρός
882 3443 1126 3505 συνῆπται
1164 3437 1309 3511 δόξῃ,
1357 3438 1441 3490 καὶ
1472 3435 1533 3490 οὕ
1579 3437 1908 3506 6συγκέχυται
1947 3442 2005 3510 τῇ
2044 3444 2143 3491 τῶν
2176 3437 2374 3507 κτισμά-

496 3638 536 3680 6.
567 3637 674 3694 ἔχειν
704 3653 743 3693 γ.
774 3634 912 3692 ὄνομ.,
958 3634 1056 3682 οὔτε
1084 3641 1252 3682 κτιστοῦ
1270 3670 1282 3688 ,
1328 3638 1376 3681 ἐκ
1493 3638 1533 3680 3.
1562 3635 1632 3679 τὸν
1663 3639 1769 3677 abest
1795 3650 1930 3688 supra.

440 3692 598 3748 πατρὸς
625 3709 717 3749 γεγ.
741 3695 860 3737 ἴσασι
886 3699 1383 3748 ευερὶοαῦαιιινξΡείαυίιιε.
1497 3693 1763 3736 4.Delendum
1787 3699 1839 3734 est
1862 3697 1932 3735 hoc
1959 3690 2034 3743 ὥς,
2063 3697 2266 3745 repetitum
2291 3697 2372 3746 for-

503 3753 536 3791 1.
569 3753 702 3800 Supra
731 3753 813 3793 τῶν
842 3754 1063 3807 γεννητῶν.
1432 3757 1533 3792 tasse
1571 3763 1618 3790 ex
1655 3753 1806 3800 syllaba
1845 3753 1929 3792 ffi‘v
1966 3755 2148 3792 vocabuli
2184 3754 2370 3801 proximi.

498 3807 538 3848 2.
569 3808 703 3858 Supra
730 3808 810 3862 τῆς
837 3809 924 3851 τοῦ.
1434 3809 1546 3858 Quod
1585 3809 1739 3859 flayilal
1782 3812 1815 3847 el
1852 3811 2040 3849 sententia
2065 3838 2078 3859 ,
2134 3813 2169 3849 el
2209 3810 2372 3848 membri
