2508 4134
548 303 773 344 PANAan
802 303 905 343 Lm.
929 304 1001 343 111.
1030 304 1164 344 ΤοΜ.
1190 305 1220 345 1.
1250 303 1414 343 HAER.
1436 299 1576 342 Lxx.
1967 285 2033 337 27

125 402 459 472 episcopo-rum
502 401 579 469 qni
612 408 945 451 convenerant
980 400 1340 468 subscriptione
1375 400 1773 459 confirmaretur,
1826 394 1946 446 adeo
1986 402 2037 445 ut

123 486 247 537 Ario
273 485 525 554 profligato
550 501 663 534 vera
692 484 913 534 omnibus
943 484 1058 534 fides
1085 500 1140 533 ac
1173 484 1364 533 sincera
1400 483 1786 551 praedicaretur:
1828 479 2031 528 alterum

126 569 211 620 fuit
251 568 525 618 celebrandi
560 565 811 619 Paschatis
848 568 906 618 ad
952 566 1284 617 stabiliendam
1319 574 1534 615 nostrum
1580 564 1790 615 omnium
1834 579 2037 613 concor-

126 653 247 703 diam
279 653 532 702 emendata
574 651 716 700 ratic.
796 648 1079 719 iampridem
1123 650 1281 712 enim,
1336 657 1386 698 et
1419 666 1444 699 a
1478 648 1642 717 primis
1675 664 1824 714 usque
1856 657 2038 715 tempo-

125 735 290 797 ribus,
345 734 508 785 variae
554 734 601 783 in
637 734 843 784 ecclesia
886 734 945 783 de
992 733 1080 783 hac
1111 732 1419 783 solemnitate
1457 731 1823 781 controversiae
1856 748 1912 780 ac
1942 730 2039 780 dis-

125 819 380 871 sensiones
408 818 703 880 extiterunt,
747 834 868 884 quae
900 817 1158 884 quotannis
1192 816 1341 866 risum
1374 832 1428 864 ac
1462 814 1714 864 ludibrium
1745 813 2032 864 afferebant.

124 901 252 963 Nam
296 901 375 952 alii
407 901 609 968 quodam
655 901 980 951 contentionis
1018 901 1191 950 ardore
1234 908 1346 949 ante
1387 899 1761 960 hebdomadem,
1810 898 1888 946 alii
1930 906 2038 965 post

127 985 469 1036 hebdomadem
501 984 716 1047 inibant,
769 984 847 1035 alii
880 984 1278 1045 antevertebant,
1335 983 1412 1032 alii
1457 982 1614 1031 medio
1659 992 1903 1048 tempore,
1957 979 2038 1029 alii

125 1078 370 1137 postremo
412 1067 727 1135 peragebant.
805 1066 900 1130 Et,
955 1077 1005 1117 ut
1048 1085 1140 1116 nno
1169 1066 1318 1116 ver'bo
1345 1067 1526 1127 dicam,
1577 1065 1777 1115 mirifica
1807 1065 2037 1131 quaedam

127 1161 230 1202 erat
259 1160 307 1202 et
332 1150 571 1201 laboriosa
607 1151 922 1218 perturbatio.
1000 1149 1108 1200 Nec
1138 1150 1250 1200 illud
1293 1149 1493 1199 eruditis
1523 1148 1793 1198 hominibus
1823 1147 2038 1214 ignotum

127 1245 230 1297 est,
283 1252 421 1302 qnam
463 1250 608 1302 saepe
648 1233 855 1285 diversis
881 1234 1176 1301 temporibus
1208 1234 1265 1283 de
1305 1234 1431 1282 illins
1463 1231 1572 1282 sesti
1605 1231 1886 1281 celebritate
1920 1230 2040 1280 varii

129 1318 491 1369 ecclesiasticae
541 1317 824 1385 disciplinae
887 1318 1115 1368 tumultus
1169 1334 1225 1367 ac
1279 1317 1620 1367 contentiones
1671 1315 1871 1364 obortae
1922 1315 2038 1376 sint,

127 1402 412 1471 praesertim
444 1399 702 1469 Polycarpi
747 1419 802 1451 ac
849 1400 1063 1452 Victoris
1107 1409 1296 1463 aetate,
1353 1418 1459 1450 cnm
1494 1396 1774 1450 Orientales
1812 1398 1871 1448 ab
1900 1395 2043 1449 Occi-

129 1484 399 1536 dentalibus
442 1483 612 1534 divulsi
658 1485 877 1552 pacificas
927 1502 952 1534 a
995 1502 1048 1534 se
1091 1483 1297 1535 invicem
1344 1483 1508 1534 literas
1551 1483 1702 1533 nullas
1742 1482 2038 1550 acciperent.

131 1567 272 1634 Quod
320 1569 443 1617 idem
493 1576 541 1616 et
582 1566 689 1618 aliis
738 1568 1032 1636 temporibus
1078 1568 1281 1631 accidit3
1342 1567 1474 1619 velut
1508 1565 1780 1616 Alexandri
1829 1565 2040 1635 episcopi

127 1651 481 1712 Alexandrini,
525 1659 572 1700 et
600 1647 896 1713 Crescentii,
938 1652 1333 1718 quemadmodum
1364 1659 1531 1701 contra
1557 1667 1610 1700 se
1642 1658 1804 1699 mutuo
1835 1649 2044 1717 scripse-

127 1736 224 1785 rint
266 1745 312 1785 et
341 1735 577 1784 acerrime
616 1734 954 1802 pugnaverint.
1035 1733 1174 1801 Quae
1217 1734 1405 1802 quidem
1445 1734 1712 1784 animorum
1745 1733 2045 1799 opinionum-

129 1836 220 1887 que
263 1819 541 1881 distractio,
596 1835 659 1868 ex
693 1836 786 1885 qno
830 1819 979 1868 semel
1023 1826 1129 1886 post
1160 1819 1412 1886 episcopos
1445 1817 1552 1866 illos
1583 1817 1660 1884 qui
1700 1834 1764 1866 ex
1796 1815 2045 1866 circumci-

129 1903 267 1952 sione
297 1919 353 1952 ac
383 1899 667 1952 ludaeorum
695 1910 827 1952 secta
856 1903 912 1951 ad
943 1899 1190 1953 Christum
1222 1918 1332 1951 sese
1362 1908 1705 1950 converterant
1734 1899 1902 1966 agitari
1934 1916 2046 1950 coe-

128 1986 215 2054 pit,
257 1986 314 2035 ad
343 1994 509 2035 nostra
542 2001 694 2052 usque
725 1993 939 2053 tempora
972 1986 1140 2035 eodem
1171 1994 1246 2035 est
1270 1994 1439 2034 tenore
1471 1985 1719 2051 perducta.
1798 1982 2045 2049 Quamob-

128 2086 230 2119 rem
271 2069 350 2136 qui
392 2078 488 2118 tum
528 2069 586 2118 ad
633 2066 905 2119 Nicaenam
945 2070 1181 2137 synodum
1238 2069 1445 2135 undiquc
1477 2068 1842 2128 confluxerant,
1886 2084 1938 2116 rc
1966 2084 2046 2116 ac-

130 2161 294 2203 curate
337 2153 528 2220 cognita
575 2151 814 2202 communi
862 2153 919 2202 ab
961 2152 1183 2202 omnibus
1225 2152 1511 2214 concordia,
1577 2160 1721 2218 atque
1766 2168 1829 2200 ex
1872 2150 2047 2200 idonea

129 2246 396 2305 temporum
437 2237 795 2304 computatione
833 2245 881 2285 et
919 2236 1131 2299 calcul0,
1174 2236 1513 2286 celebrandum
1555 2252 1664 2285 esse
1703 2242 1997 2284 statuerunt.

266 2320 479 2369 Audiani
511 2336 629 2369 vero
656 2320 712 2368 ad
740 2318 1007 2369 institutum
1030 2337 1166 2369 suum
1197 2320 1429 2387 quandam
1461 2336 1524 2368 rx
1543 2318 1888 2386 Apostolorum
1917 2314 2049 2367 Con-
2082 2318 2181 2373 Gap.
2201 2318 2260 2357 X·

130 2404 382 2454 stitutione
413 2403 747 2453 auctoritatem
782 2405 1165 2453 accommodant.
1210 2401 1307 2469 Qui
1341 2402 1462 2452 liber
1493 2402 1680 2451 tametsi
1716 2401 1886 2451 dubiae
1927 2401 2048 2468 apud

130 2487 386 2538 nonnullos
431 2487 536 2536 fidei
581 2487 672 2548 sit,
732 2504 825 2535 non
864 2496 1125 2536 esttamen
1156 2486 1517 2554 improbanduS.
1594 2484 1720 2535 Nam
1751 2485 1798 2534 in
1830 2502 1887 2535 eo
1925 2500 2044 2551 quae

130 2572 187 2621 ad
236 2570 472 2620 ecclesiae
514 2569 813 2637 disciplinam
862 2570 1069 2619 attinent
1113 2571 1272 2619 omnia
1317 2570 1820 2637 comprehenduntur,
1892 2584 2046 2634 neque

131 2655 382 2721 quicquam
413 2662 494 2702 ant
539 2655 586 2702 in
636 2654 723 2702 lide
757 2670 813 2702 ac
842 2653 1080 2703 catholica
1113 2653 1418 2721 professione
1458 2655 1799 2721 depravatum,
1857 2661 1938 2701 ant
1970 2668 2049 2699 ec-

132 2738 309 2788 clesiae
341 2737 744 2788 administrationi
785 2754 840 2786 ac
883 2737 1091 2786 decretis
1119 2738 1414 2786 contrarium
1447 2738 1714 2786 continent.
1795 2734 1892 2786 Sed
1925 2735 2048 2802 quod

130 2824 185 2870 ad
217 2822 371 2871 locum
399 2821 530 2870 illum
558 2820 758 2882 attinet,
813 2822 938 2870 unde
970 2837 1104 2870 suam
1131 2822 1187 2869 (le
1221 2821 1446 2888 paschate
1480 2821 1769 2870 sententiam
1807 2819 2049 2868 affirmare

131 2913 395 2966 conantur,
452 2903 576 2952 hunc
605 2903 669 2952 illi
705 2920 954 2970 perperam
984 2904 1394 2971 interpretantur,
1450 2912 1497 2952 et
1528 2905 1584 2953 ad
1618 2903 1825 2953 alienum
1853 2920 2046 2952 sensum

132 3005 218 3055 per
259 2987 499 3037 inscitiam
547 2988 820 3036 traducunt.
900 2985 1091 3036 Etenim
1130 2988 1333 3054 apostoli
1373 2988 1419 3036 in
1456 2986 1534 3036 illa
1581 2984 1942 3037 Constitutione
1984 2986 2049 3034 ita

132 3071 391 3120 definiunt:
447 3068 580 3130 Vos,
622 3071 870 3137 inquiunt,
915 3078 1179 3137 temporum
1209 3071 1423 3119 rationes
1456 3088 1514 3119 ne
1542 3070 1822 3131 subducite,
1875 3069 1957 3117 sed
1990 3085 2048 3117 eo

134 3163 350 3221 tempore
386 3154 629 3203 celebrate
673 3172 765 3220 quo
811 3154 985 3202 fratres
1026 3153 1177 3202 vestri
1218 3154 1294 3220 qui
1336 3172 1400 3203 ex
1443 3154 1811 3203 circumcisione
1862 3152 2050 3218 prodie-

133 3245 275 3299 runt3
330 3255 434 3286 cum
467 3237 525 3286 iis
550 3238 707 3303 itaque
735 3235 921 3286 Pascha
959 3237 1193 3301 peragite.
1270 3236 1383 3286 Non
1419 3237 1745 3304 praecipiunt,
1790 3233 1901 3299 Quo
1931 3244 2049 3283 tem-

134 3338 250 3389 pore
296 3322 473 3370 l'ratrcs
515 3320 662 3369 vestri
705 3321 780 3386 qui
827 3320 872 3368 in
904 3318 1269 3369 circumcisione
1310 3329 1451 3382 sunt,
1509 3321 1590 3368 sed
1626 3317 1719 3383 Qui
1753 3335 1814 3367 ex
1844 3318 2049 3367 circum-

136 3403 319 3453 cisione
351 3404 660 3470 prodicrnnt3
715 3412 764 3452 nt
794 3404 900 3452 illos
935 3403 1063 3468 ipsos
1092 3403 1371 3465 declarent,
1415 3403 1490 3468 qui
1524 3404 1578 3451 ad
1613 3402 1868 3451 ecclesiam
1899 3420 1924 3451 a
1957 3401 2050 3451 cir-

137 3487 430 3536 cumcisione
466 3486 750 3535 transierint
781 3503 841 3535 ex
874 3503 931 3535 eo
955 3485 1183 3552 deinceps
1218 3494 1432 3552 tempore
1465 3486 1611 3534 duces
1641 3493 1688 3533 ct
1717 3494 1941 3535 auctores
1981 3488 2052 3535 su-

138 3579 304 3632 tnros,
347 3579 492 3636 utque
525 3571 579 3618 ad
614 3570 815 3618 aliorum
851 3568 1185 3619 anctoritatem
1215 3570 1534 3633 adiungerent
1566 3584 1704 3629 sese,
1750 3586 1808 3618 ne
1842 3569 1920 3617 alii
1955 3569 2048 3618 alio

136 3661 350 3720 tempore
393 3654 662 3703 obeundum
710 3652 798 3702 sibi
837 3651 1025 3702 Pascha
1065 3651 1339 3699 crederent.
1420 3649 1558 3699 Hanc
1600 3651 1725 3700 enim
1760 3669 1948 3701 omnem
1983 3652 2050 3700 illi

136 3753 299 3786 curam
328 3754 383 3786 ac
413 3736 706 3803 diligentiam
741 3737 1032 3804 impendisse
1062 3734 1313 3797 videntur,
1370 3742 1416 3782 nt
1446 3751 1611 3802 pacem
1652 3752 1707 3785 ac
1740 3734 2047 3786 concordiam
