2508 4134
422 260 529 322 772'

421 379 756 422 Sadducaeorum
793 375 974 418 haeresis
1014 374 1147 431 prima
1175 373 1354 417 ludaeo-

476 464 567 491 rum
595 452 664 489 31.

422 519 656 562 Sadducaei
686 520 797 561 unde
825 517 926 558 dicti
955 517 1055 558 ibid.

424 591 562 632 Salem
592 605 696 646 quae
730 589 785 630 sit
812 588 1106 630 Melchisedeci
1133 588 1230 630 urbs
1255 592 1353 631 469.

479 686 535 694 -
555 676 579 703 a
597 659 841 717 quibusdam
868 660 985 701 iebus
1012 667 1055 700 et
1085 674 1194 701 nunc
1220 668 1263 701 et
1287 662 1353 701 le—

479 731 656 774 rusalem
686 740 860 773 vocatur
888 729 987 772 ibid.

425 802 661 845 Salomonis
685 802 801 844 locus
824 802 1053 858 explicatus
1080 791 1135 843 de
1156 802 1358 858 sapientia

483 873 549 915 dei
582 877 678 914 745.

425 945 623 987 Salomon
648 943 877 999 explicatur
893 943 936 985 in
955 943 1189 999 proverbiis
1214 952 1359 986 contra

436 1036 440 1040 ’
483 1017 625 1058 Arium
657 1019 750 1056 747.

428 1087 780 1129 Samaritanorum
808 1095 949 1129 sectae
978 1095 1155 1144 quatuor
1184 1092 1249 1130 28.

428 1158 779 1200 Samaritanorum
810 1158 1006 1214 dogmata
1038 1164 1104 1203 24.

429 1230 674 1271 Samaritani
700 1229 808 1271 ultra
840 1230 1020 1286 quinque
1048 1231 1175 1273 libros
1203 1231 1361 1287 Moysis

485 1300 622 1342 nullos
652 1300 755 1341 alios
785 1301 1010 1343 admittunt
1040 1306 1106 1343 28.

430 1370 675 1412 Samaritani
704 1372 954 1414 idololatrae
984 1376 1051 1414 25.

430 1442 780 1485 Samaritanorum
817 1443 921 1485 ritus
951 1453 1111 1486 veteres
1145 1444 1287 1486 stolidi
1314 1459 1363 1486 ac

486 1513 603 1555 stulti
635 1517 702 1555 26.

431 1584 659 1626 Samaritae
685 1585 784 1642 quid
809 1586 909 1638 sint,
941 1595 983 1628 et
1006 1586 1116 1627 unde
1140 1585 1200 1627 sic
1228 1586 1363 1628 vocati

489 1660 556 1697 24.

432 1726 660 1768 Samaritae
681 1729 826 1784 Iephte
845 1729 970 1770 filiam
991 1737 1241 1771 venerantur
1263 1733 1361 1772 469.

433 1798 725 1840 Samaritarum
755 1801 934 1842 haeresis
965 1805 1032 1842 24.

432 1873 579 1912 Sectae
620 1879 798 1926 quatuor
830 1871 1123 1913 Samaritarum
1149 1871 1257 1913 unde
1285 1872 1366 1913 ssu-

489 1940 625 1982 xerint
656 1945 721 1983 23.

434 2014 797 2054 Samosatenorum
821 2013 1011 2069 impietas
1041 2017 1136 2056 614.
1156 2038 1210 2047 -—
1261 2029 1367 2056 con—

458 2131 461 2135 ,
489 2092 555 2125 tra
578 2083 672 2125 illos
694 2084 911 2139 probatur,
937 2085 1050 2141 quod
1079 2085 1261 2127 Christus
1283 2100 1366 2127 non

490 2155 544 2196 sit
563 2156 690 2196 homo
714 2155 887 2211 simplex
903 2156 1002 2198 ibid.
1024 2181 1075 2188 —
1105 2157 1233 2211 patris
1263 2171 1366 2198 con-

489 2226 770 2267 substantialis
796 2236 860 2267 est
886 2227 992 2268 filius
1015 2231 1110 2269 615.
1139 2252 1188 2259 -
1245 2243 1370 2269 unum

490 2296 735 2351 principium
761 2313 784 2338 a
815 2313 897 2354 quo
924 2298 1029 2339 filius
1051 2299 1236 2340 manavit
1265 2314 1370 2341 con-

491 2375 556 2408 tra
584 2368 752 2409 Paulum
774 2371 1087 2411 Samosatenum
1113 2380 1158 2411 et
1186 2370 1371 2412 Marcio-

493 2452 588 2479 nem
619 2438 720 2479 ibid.
749 2463 801 2470 —
850 2439 988 2496 imago
1019 2441 1149 2496 patris
1175 2450 1238 2482 est
1264 2441 1369 2483 filius

497 2518 641 2551 contra
673 2510 842 2551 eosdem
873 2515 970 2552 616.

439 2580 698 2622 Samosateni
746 2579 928 2622 haeresis
974 2591 1236 2638 comparatur
1280 2598 1369 2625 cum

495 2659 688 2706 serpente
714 2652 784 2707 qui
817 2653 990 2708 Dryinas
1020 2662 1193 2695 vocatur
1221 2654 1320 2695 ibid.

438 2725 753 2778 Sampsaeorum
793 2724 973 2765 haeresis
1002 2729 1069 2765 33.
1110 2733 1206 2780 post
1248 2725 1371 2766 Chri-

495 2794 763 2842 stianismum,
795 2794 941 2836 ordine
972 2799 1038 2837 53.
1064 2799 1161 2837 461.
1193 2820 1242 2829 —-
1302 2797 1370 2837 ubi

497 2865 672 2921 primum
704 2873 796 2906 orta
816 2865 917 2906 ibid.
939 2890 985 2897 -
1018 2876 1218 2908 vocantur
1247 2867 1370 2909 etiam

494 2935 684 2976 Elcesaei
709 2935 809 2977 ibid.
839 2960 886 2968 -
918 2936 1022 2978 libet
1036 2938 1176 2979 Elxaei
1199 2938 1298 2979 ibid.
1323 2963 1370 2970 —

496 3008 672 3049 feminas
695 3006 796 3047 duas
820 3022 898 3063 pro
913 3008 1066 3049 deabus
1090 3009 1247 3050 habent
1273 3010 1371 3050 ibid.

497 3104 546 3111 -
578 3078 805 3134 prophetas
847 3087 891 3120 et
924 3079 1138 3135 apostolos
1183 3080 1372 3122 reiiciunt

494 3151 595 3192 ibid.
626 3174 677 3181 —
738 3164 886 3205 aquam
925 3150 1099 3192 numinis
1126 3150 1216 3193 vice
1242 3166 1372 3192 vene-—

495 3231 639 3277 rantur
667 3220 767 3262 ibid.

441 3293 653 3348 Sampsaei
682 3292 793 3334 idem
816 3307 864 3333 ac
890 3291 1044 3333 solares
1070 3297 1167 3335 462.
1195 3318 1249 3327 —
1306 3295 1372 3337 la-

498 3373 635 3405 certae
665 3372 955 3419 comparantur
982 3363 1081 3407 ibid.

442 3437 617 3476 Sanctos
647 3435 855 3476 honorans
885 3434 1005 3475 deum
1036 3435 1217 3477 honorat
1246 3438 1370 3479 1053.

442 3505 581 3546 Sancti
613 3505 655 3546 in
685 3506 803 3547 coelo
837 3521 929 3547 cum
966 3506 1122 3561 angelis
1157 3515 1373 3548 versantur

500 3579 623 3617 1056.

443 3647 652 3700 Sapientia
681 3647 811 3688 carnis
839 3647 921 3702 legi
950 3647 1018 3689 dei
1047 3663 1130 3690 non
1160 3649 1373 3691 subiicitur

501 3719 596 3756 577.

444 3785 680 3838 Sapientiae
707 3802 855 3831 nomen
894 3790 1005 3831 varie
1035 3790 1236 3850 probatur
1268 3789 1372 3832 sumi

503 3857 595 3896 743.

1173 276 1358 320 INDEX
1385 275 1596 320 RERUM.

1412 377 1710 418 Saracenorum
1747 376 1817 432 qui
1858 383 1901 417 et
1928 376 2106 432 Agareni
2143 376 2262 432 origo
2290 376 2343 419 ab

1471 447 1643 488 ismaele
1674 451 1714 488 9.

1413 518 1624 559 Sataniani
1666 515 2010 558 Massalianorum
2050 531 2177 573 genus
2217 521 2342 561 1069.

1469 613 1525 621 —-
1554 603 1697 630 eorum
1723 588 1826 629 ritus
1841 587 1940 629 ibid.
1957 610 2015 620 —
2041 580 2220 631 haeresis
2236 589 2346 631 iltius

1477 660 1596 715 origo
1627 662 1751 699 1070.

1416 730 1787 773 Saturnilianorum
1815 728 1995 770 haeresis
2019 733 2060 770 3.
2086 730 2139 771 ab
2165 729 2347 773 adventu

1476 801 1628 843 Christi
1665 804 1732 841 62.
1769 823 1822 833 —
1880 799 1991 843 unde
2017 800 2129 843 dicta
2155 801 2348 843 ibid.—

1474 872 1541 913 ubi
1568 872 1775 913 haeresim
1802 871 2014 926 professus
2042 870 2144 913 ibid.
2166 895 2215 904 -
2246 886 2349 928 qnae

1474 942 1629 984 suerint
1656 942 1740 983 eius
1768 941 1965 996 dogmata
1987 941 2087 983 ibid.
2105 966 2159 974 ——
2215 942 2268 984 ab
2298 957 2350 985 eo

1476 1013 1666 1055 Gnostici
1707 1012 1790 1055 orti
1820 1016 1887 1054 63.
1920 1036 1972 1044 —
2030 1012 2134 1055 duos
2162 1013 2351 1056 homines

1474 1084 1622 1126 asserit
1667 1084 1788 1126 initio
1835 1091 1998 1126 creatos
2040 1099 2064 1126 a
2106 1084 2187 1126 deo
2227 1099 2352 1126 unum

1473 1156 1642 1206 bonum,
1668 1155 1844 1197 alterum
1871 1155 2022 1197 malum
2047 1155 2148 1197 ibid.
2165 1180 2219 1202 -η
2270 1171 2348 1197 nu-

1475 1226 1583 1282 ptias
1602 1225 1770 1268 damnat
1784 1226 1885 1268 ibid.
1905 1249 1962 1260 —-
1991 1227 2043 1268 ab
2059 1226 2248 1269 animatis
2272 1227 2352 1269 ab-

1476 1297 1633 1338 stinent
1662 1297 1761 1338 ibid.
1782 1321 1831 1328 —
1862 1297 1963 1353 quid
1992 1298 2142 1339 sentiat
2168 1297 2221 1339 de
2248 1313 2354 1354 pro-

1476 1367 1614 1424 phetis
1642 1372 1708 1410 64.
1741 1393 1789 1400 -
1854 1368 1940 1409 eius
1968 1368 2208 1424 dogmatum
2233 1369 2351 1412 refu·

1477 1439 1583 1480 tatio
1606 1438 1711 1481 ibid.

1422 1528 1528 1567 Save
1567 1539 1671 1566 uxor
1703 1524 1819 1567 Caini
1862 1525 2090 1582 eademque
2130 1525 2225 1567 fuit·
2247 1525 2355 1568 illius

1477 1611 1598 1639 soror
1628 1600 1723 1638 287.
2044 1652 2046 1654 r

1423 1667 1605 1710 Scientia
1645 1667 1811 1724 quando
1848 1668 1980 1710 maior
2019 1667 2148 1710 estin
2187 1667 2356 1712 homine

1478 1748 1598 1781 tanto
1622 1739 1751 1794 magis
1776 1737 1847 1779 ille
1868 1748 2060 1795 reputare
2082 1739 2221 1792 debet,
2252 1754 2357 1796 quae

1481 1810 1535 1852 sit
1561 1811 1740 1852 humana
1771 1810 1974 1866 fragilitas
2005 1814 2101 1852 881.

1426 1894 1711 1951 Scolopendra
1751 1910 1918 1952 serpens
1967 1897 2035 1953 qui
2081 1897 2205 1939 etiam
2247 1882 2357 1940 lulus

1483 1965 1659 2020 dicitur,
1722 1981 1813 2008 cum
1860 1980 1943 2026 quo
1988 1968 2109 2024 Alogi
2158 1968 2358 2011 haeretici

1483 2046 1774 2092 comparantur
1799 2041 1896 2080 45⁷.
2281 2093 2284 2095 Δ

1428 2108 1694 2164 Scor-piorum
1739 2108 1967 2152 similitudo
2017 2110 2234 2154 haereticis
2282 2128 2355 2156 ac-

1486 2179 1743 2221 commodata
1787 2195 1878 2228 cum
1921 2195 1965 2222 se
1998 2182 2199 2236 invicem,
2245 2176 2358 2227 vsselut

1486 2258 1632 2292 catena
1662 2250 1844 2306 illigatos
1872 2259 2020 2294 tenent
2051 2256 2144 2295 207.

1429 2334 1664 2377 Scribarum
1709 2336 1890 2378 haeresis
1933 2352 2038 2394 quae
2077 2347 2138 2381 est
2180 2341 2361 2384 secunda

1486 2405 1729 2448 ludaeorum
1760 2411 1828 2450 32.

1429 2477 1662 2518 Scribarum
1691 2479 1863 2521 ambitio
1892 2479 1994 2523 ibid.

1429 2547 1664 2589 Scribarum
1692 2550 1965 2604 traditiones,
2010 2561 2053 2595 et
2079 2561 2181 2610 quot
2222 2569 2361 2596 earum

1485 2633 1639 2673 genera
1670 2624 1737 2662 33.

1429 2689 1641 2745 Scriptura
1682 2707 1799 2734 sacra
1839 2693 1941 2735 nihil
1973 2695 2157 2738 continet
2188 2705 2358 2739 contra-

1484 2760 1590 2802 rium
1619 2771 1691 2804 aut
1718 2778 1950 2820 repugnans
1981 2770 2076 2807 879.

1430 2846 1641 2902 Scriptura
1669 2848 1885 2891 intellectu
1925 2850 2132 2902 difficilis,
2174 2860 2218 2893 et
2246 2852 2360 2895 velut

1487 2917 1700 2973 obsignata
1731 2923 1826 2962 529.
1855 2946 1910 2954 -—
1966 2922 2049 2964 hoc
2075 2923 2360 2966 adumbratum

1488 2987 1602 3029 clave
1628 3004 1750 3044 quam
1776 2991 1959 3034 salvator
1985 2994 2097 3048 apud
2137 2994 2291 3036 scribas
2317 3001 2360 3036 et

1486 3059 1727 3102 Pharisaeos
1757 3077 1847 3103 esse
1876 3063 1979 3105 dixit
2009 3068 2104 3106 530.

1432 3130 1668 3185 Scripturae
1696 3130 1953 3177 consuetudo
1982 3135 2024 3177 in
2054 3136 2197 3178 ordine
2224 3138 2360 3178 rerum

1488 3200 1734 3245 deducendo
1768 3208 1860 3248 745.

1431 3285 1732 3341 Scripturarum
1761 3290 1984 3346 explicatio
2009 3291 2106 3332 olim
2133 3290 2355 3346 perbrevis,

1486 3366 1632 3411 postea
1670 3374 1745 3414 per
1772 3361 2092 3404 ostentationem
2127 3360 2187 3401 sui
2225 3360 2356 3402 diffu-

1486 3427 1571 3468 sior
1601 3432 1695 3471 563.

1428 3497 1666 3553 Scripturae
1694 3516 1835 3543 sacrae
1863 3502 2041 3557 prudens
2073 3501 2208 3543 cautio
2238 3507 2335 3545 488.

1432 3569 1610 3623 Scythae
1639 3571 1847 3613 acinacem
1875 3586 1951 3628 pro
1986 3572 2065 3613 deo
2095 3572 2287 3616 colebant
2315 3578 2352 3616 8.

1431 3639 1649 3693 Scythicae
1677 3643 1812 3697 gentis
1841 3641 2045 3684 successio
2076 3646 2114 3682 8.

1431 3709 1610 3763 Scythae
1639 3726 1662 3751 a
1694 3713 1844 3753 Noemi
1873 3712 1965 3753 filiis
1994 3715 2212 3770 propagati
2244 3719 2284 3756 6.

1430 3778 1600 3819 Sebaste
1628 3785 1724 3821 469.

1430 3847 1613 3890 Sebastia
1640 3854 1736 3893 469.
1771 3850 1911 3907 (Add.)
