2508 4134
595 275 816 317 PANARu
847 275 949 315 Lm.
984 276 1053 316 ut.
1085 276 1216 317 ToM.
1243 278 1275 316 1.
1309 277 1470 317 HAER.
1497 276 1694 318 Lxxvr.
1974 265 2074 315 325

181 391 339 424 rorum
376 372 693 435 domicilium,
752 374 878 424 ae'ris
908 390 1185 435 mensuras,
1243 374 1522 425 coelestium
1557 374 1739 424 orbium
1786 374 1986 424 formam
2020 390 2077 423 ac

180 456 578 520 crassitudinem,
636 457 871 524 quodnam
904 475 1137 508 summum
1185 475 1358 525 supra,
1415 459 1537 525 quod
1578 458 1701 507 inl'ra
1743 456 1805 507 sit
1843 458 2073 521 infimum,

178 541 284 608 quid
333 541 390 590 ad
420 541 668 591 dexteram
707 541 798 604 sit,
853 542 960 608 quid
1003 541 1058 590 ad
1093 541 1358 592 sinistram.
1433 542 1511 592 Ad
1539 542 1657 592 haec
1696 550 1963 592 creatarum
2000 559 2078 592 re-

176 642 278 674 rum
313 632 558 688 naturam,
601 624 761 693 tuique
788 625 910 675 adeo
937 625 1229 675 molitionem
1261 625 1503 693 explices,
1545 633 1640 675 tum
1671 643 1834 675 eorum
1865 625 2075 676 oninium

175 725 423 758 numerum
455 709 717 776 modosque
746 725 866 776 quae
896 709 1040 759 terris
1068 709 1250 759 infinita
1279 709 1605 759 continentur.
1685 708 1818 760 Haec
1850 727 1954 760 cum
1983 710 2075 761 illis

173 792 487 855 obiiciuntur,
540 801 588 843 ut
627 793 684 842 ab
728 793 851 844 illius
893 792 1212 844 sectatoribus
1241 793 1405 843 audire
1439 792 1662 855 memini,
1718 794 1774 842 ad
1813 794 2076 860 sophistica

172 876 401 943 quaedam
444 886 712 927 commenta
752 877 1177 945 cavillationesque
1221 894 1330 928 sese
1377 885 1695 940 convertunt,
1752 886 1800 926 et
1839 894 1903 927 ex
1946 877 2073 928 illius

172 961 470 1029 praescripto
497 960 561 1011 ita
592 962 911 1030 respondent:
955 960 1089 1011 Haec
1118 961 1279 1012 onmia
1313 978 1546 1029 corporea
1579 969 1714 1023 sunt,
1758 978 1847 1010 nec
1880 978 1906 1011 a
1936 961 2075 1011 nobis

170 1044 350 1113 percipi
393 1053 612 1112 possunt.
705 1043 858 1095 Deum
900 1062 1048 1108 veru,
1102 1045 1179 1113 qui
1229 1046 1345 1095 haec
1386 1047 1487 1113 ipsa
1530 1044 1769 1107 condidit,
1822 1045 2074 1095 manifeste

170 1128 434 1179 cuiusmodi
463 1127 543 1191 sit,
585 1147 741 1196 quove
769 1130 928 1193 modo,
971 1147 1026 1180 ac
1058 1130 1231 1198 qualis,
1273 1129 1443 1197 quisve
1472 1130 1534 1179 sit
1560 1127 1888 1194 intelligimus.
1950 1127 2072 1196 Quis

169 1212 286 1263 haec
328 1212 432 1264 sine
470 1213 571 1262 risu
610 1214 760 1281 possit
802 1214 1001 1264 audire?
1075 1213 1166 1264 Est
1205 1214 1329 1263 enim
1368 1214 1509 1280 longe
1545 1213 1656 1263 illud
1691 1230 1807 1263 sane
1846 1213 2073 1262 stultissi-

167 1314 322 1348 mum:
379 1294 629 1348 Summum
656 1296 818 1361 illum,
871 1307 919 1348 et
949 1298 1370 1366 incomparabilem
1401 1298 1647 1366 opificem,
1697 1297 1773 1364 qui
1809 1296 1937 1346 nullo
1969 1313 2072 1347 ser-

167 1399 309 1431 mone
354 1382 587 1431 declarari
624 1390 810 1450 potest,
861 1383 987 1432 scire
1026 1399 1078 1432 se
1118 1391 1260 1450 atque
1295 1390 1520 1433 accurate
1550 1382 1826 1450 percepisse
1858 1380 2072 1449 profiteri

166 1467 333 1532 (atque
360 1465 541 1516 utinam
568 1466 656 1516 fide
682 1466 848 1516 saltem
877 1466 1008 1516 illum
1035 1466 1186 1534 ipsum
1215 1467 1343 1517 scire
1373 1483 1446 1529 sc,
1488 1484 1581 1516 non
1612 1466 1742 1516 velut
1769 1474 2072 1515 contrectare

167 1549 383 1599 manibus
414 1549 682 1599 incredibili
719 1550 918 1600 audacia
947 1551 1365 1618 praedicarentl),
1423 1551 1614 1600 interim
1647 1568 1764 1600 vero
1795 1558 1982 1599 creatas
2012 1548 2070 1599 ab

164 1633 524 1700 incomparabili
549 1634 630 1684 illo
658 1651 737 1684 res
767 1652 954 1696 omnes,
996 1652 1117 1702 quae
1143 1635 1190 1684 in
1221 1653 1307 1684 sua
1338 1652 1523 1702 quaque
1548 1634 1709 1701 specie
1736 1634 2071 1684 consideratae

163 1725 462 1785 spectatores
491 1717 622 1785 ipsos
651 1719 724 1768 sui
749 1718 798 1768 in
827 1718 1189 1769 admirationem
1221 1714 1411 1769 trahere
1442 1728 1671 1787 possunt,
1727 1735 1906 1785 negare
1939 1718 2068 1768 illum

163 1819 268 1852 cum
296 1801 396 1852 suis
425 1820 449 1852 a
483 1820 537 1852 se
568 1803 815 1870 cognosci.
892 1801 1187 1854 Praesertim
1229 1822 1335 1854 cum
1380 1804 1551 1870 ubique
1593 1820 1762 1853 sacrae
1803 1803 1972 1853 literae
2011 1803 2068 1853 de

162 1886 251 1936 deo
280 1894 546 1949 testentur,
589 1903 743 1954 neque
772 1887 924 1938 oculis
949 1887 1101 1956 ipsum
1133 1888 1344 1956 percipi,
1389 1905 1542 1955 neque
1567 1888 1936 1955 comprehendi,
1981 1904 2068 1938 nec

161 1970 319 2021 animo
358 1971 559 2039 cogitari
602 1989 774 2039 posse,
830 1973 914 2022 sed
955 1972 999 2021 id
1030 1989 1174 2021 unum
1214 1973 1270 2022 de
1311 1971 1392 2022 illo
1426 1990 1491 2022 ex
1524 1972 1593 2022 rei
1626 1972 1833 2022 veritate
1867 1971 2064 2040 percipi,

161 2057 293 2118 Quod
324 2059 414 2115 sit,
456 2059 664 2121 quodque
699 2060 945 2120 dz'lzgentcs
980 2074 1029 2105 se
1064 2061 1400 2106 remuneretur.
2075 2064 2302 2112 Hebr.11,o.

298 2137 361 2190 V.
442 2138 538 2190 lam
579 2157 694 2190 vero
741 2140 929 2207 quoties
968 2157 1133 2190 eorum
1165 2141 1365 2208 aliquis,
1423 2141 1498 2208 qui
1531 2141 1588 2191 de
1623 2140 1696 2190 dei
1729 2139 1910 2207 gloria,
1953 2141 2063 2203 fide,

157 2223 375 2285 caritate,
418 2232 466 2273 et
488 2223 958 2291 incomprehensibili
989 2232 1159 2274 natura
1192 2234 1326 2275 recte
1354 2225 1586 2287 sentiunt,
1629 2225 1719 2274 hoc
1745 2225 1838 2274 illis
1869 2224 2062 2275 obiicit:

156 2305 395 2358 Novimus
445 2308 974 2376 incomprehensibilem
1033 2310 1198 2373 deum,
1258 2309 1336 2377 qui
1390 2326 1479 2359 nec
1530 2310 1681 2360 oculis
1736 2309 1918 2372 videri,
1973 2326 2063 2360 nec

156 2391 389 2458 explicari
420 2408 643 2442 sermone
685 2402 870 2461 potest,
913 2411 1019 2443 eum
1053 2411 1168 2455 nos,
1223 2395 1437 2461 inquam,
1478 2411 1651 2444 revera
1698 2394 2057 2460 cognoscimus,

156 2474 240 2523 sed
284 2491 372 2524 nec
404 2477 748 2543 aspectabilem
786 2487 833 2527 et
866 2478 1399 2545 incomprehensibilem
1435 2495 1543 2528 esse
1579 2480 1787 2540 scimus,
1847 2478 1904 2528 ad
1943 2478 2061 2527 haec

157 2575 313 2608 novae
343 2559 436 2608 iste
472 2559 747 2610 dialecticae
782 2562 1072 2612 architectus
1107 2563 1347 2612 illudendo
1388 2580 1443 2612 ac
1471 2563 1731 2612 deridendo
1766 2563 1896 2613 velut
1928 2562 2062 2613 sabu-

155 2642 247 2691 lam
278 2643 510 2709 quandam
553 2645 821 2695 contexuit.
899 2643 1102 2696 Cuinam
1141 2664 1258 2713 ergo
1290 2664 1377 2697 vos
1418 2655 1724 2714 vestramque
1754 2647 1895 2696 sidem
1930 2646 2061 2696 simi-

153 2725 273 2789 lem,
315 2726 494 2794 inquit‚
535 2744 645 2777 esse
675 2729 914 2778 dixerim?
986 2728 1226 2780 Nimirum
1261 2730 1488 2794 vitiatae,
1531 2749 1585 2781 ac
1619 2748 1820 2795 caecae,
1861 2731 2055 2794 surdae,

154 2819 407 2878 mutaeque
441 2812 646 2878 virgini,
689 2813 764 2862 cui
794 2813 980 2879 quidem
1012 2814 1219 2864 oblatum
1254 2831 1364 2864 esse
1391 2823 1603 2883 stuprum
1635 2816 1712 2882 qui
1744 2833 1846 2866 eam
1881 2823 2058 2864 norunt

153 2912 321 2945 omnes
350 2895 639 2963 intelligunt.
716 2895 785 2945 At
810 2896 849 2946 si
882 2896 985 2963 quis
1012 2897 1089 2947 ille
1117 2898 1313 2949 vitiator
1348 2899 1492 2949 fuerit
1520 2899 1823 2966 interroges,
1880 2916 2058 2966 nequa-

155 2995 294 3045 quam
323 2980 508 3044 audiat3
562 2997 715 3047 neque
746 2988 827 3030 aut
860 2979 988 3030 illum
1022 2991 1215 3049 propter
1247 2983 1526 3033 caecitatem
1556 2984 1722 3034 videre
1758 2985 1934 3051 potnit,
1977 2991 2058 3033 aut

151 3061 395 3125 indicare,
438 3064 561 3131 quod
594 3072 719 3114 muta
751 3064 840 3127 sit,
882 3073 1058 3132 potest.
1135 3063 1314 3116 Merito
1341 3067 1488 3134 igitur
1525 3067 1574 3117 in
1612 3068 1764 3135 ipsum
1804 3067 2308 3135 ipsiusquel’salm.7‚17.

151 3163 424 3196 sermonem
465 3148 577 3198 illud
607 3165 633 3198 e
661 3149 897 3216 scriptura
944 3157 1226 3216 retorquere
1272 3150 1410 3201 licet:
1454 3155 1760 3201 Convertatetr
1793 3154 1925 3200 labor
1957 3156 2055 3201 eius

151 3234 197 3279 in
223 3241 363 3295 caput
383 3235 556 3295 z'psz’us5
596 3243 643 3281 et
672 3236 845 3282 incidet
872 3237 918 3282 in
942 3235 1122 3299 foveam
1149 3252 1281 3298 quam
1307 3237 1445 3299 feeit,
1501 3254 1557 3286 ac
1590 3244 1751 3286 cetera
1789 3236 1833 3285 id
1874 3254 2047 3302 genus.

152 3312 246 3363 Hic
279 3314 403 3364 enim
435 3317 563 3366 caeci
606 3317 774 3367 similis
806 3326 910 3380 est,
965 3317 1041 3384 qui
1076 3335 1181 3366 cum
1223 3335 1279 3367 ca
1323 3319 1591 3369 calamitate
1634 3329 1772 3370 natus
1811 3320 2049 3386 loquatur,

152 3398 405 3465 audiatque
435 3417 573 3467 quam
604 3402 825 3469 plurima.
903 3402 978 3451 Ac
1005 3401 1117 3450 licet
1146 3400 1259 3465 albi,
1301 3419 1355 3451 ac
1386 3403 1531 3469 nigri,
1573 3403 1804 3467 caerulei,
1846 3404 2048 3472 prasini,

149 3482 272 3544 rufi,
324 3499 380 3532 ac
414 3492 684 3536 ceterorum
727 3503 755 3536 a
793 3503 845 3537 se
885 3485 1256 3554 discrepantium
1293 3486 1536 3549 colorum,
1591 3504 1681 3537 nec
1715 3506 1811 3537 uon
1853 3497 1900 3538 et
1931 3489 2051 3540 lucis

196 3649 269 3745 t20.
300 3649 372 3692 καὶ
411 3663 482 3692 om.
506 3655 548 3693 in
569 3656 657 3694 edit.
688 3657 820 3696 Petav.
855 3658 981 3697 Coton.
1008 3667 1067 3695 re·
1180 3654 1248 3720 22.
1279 3653 1505 3707 φθείραντα
1541 3656 1650 3695 codd.
1681 3668 1769 3698 mss.
1829 3657 2050 3713 φθείροντα,

145 3716 269 3805 Pei-21.
300 3763 493 3811 ποταπῶς
520 3767 604 3806 cod.
643 3768 821 3817 Rhedi9.‘
1128 3713 1251 3809 wigo,
1283 3763 1526 3821 ἐπιστρέψαι
1554 3770 1642 3809 libri
1671 3781 1809 3810 omnes.
