2508 4134
241 1993 324 2030 pag.
347 1983 418 2019 155.

452 234 554 288 586
1165 245 1366 289 sANcT1
1395 248 1677 290 EPJPHANu

452 344 618 395 45τοῦ
641 341 919 410 πνεύματος
945 338 1036 395 τοῦ
1072 340 1214 412 άγίου
1245 344 1297 396 ἐν
1326 345 1443 397 εἴδει
1468 350 1753 415 περιστερᾶς
1784 346 2163 416 κατερχομένου,
2212 348 2373 405 nasto?-

448 447 538 496 περ
580 429 633 480 ἐν
669 433 870 489 πολλαῖς
907 427 1241 497 47εἰρήκαμεν
1270 429 1532 499 αἱρέσεσιν·
1581 433 1665 483 ἵνα
1697 428 1765 498 μή
1795 436 1855 468 48
1874 430 2143 500 συναλοιφή
2175 430 2210 501 ’ἦ
2237 431 2374 503 τριάς

447 518 692 586 νομισθῇ,
732 518 794 550 4⁹
811 514 1223 581 σχηματιζομένου
1249 519 1336 567 τοῦ
1362 513 1641 583 πνεύματος
1670 517 1722 569 ἐν
1748 517 1850 587 ἰδίᾳ
1866 507 2164 571 Αὑποστάσει·
2204 520 2372 573 ἐπικα-

447 599 717 665 θεζομένου
753 598 807 651 δὲ
847 604 936 651 τοῦ
964 597 1240 667 πνεύματος
1276 600 1360 652 καὶ
1404 601 1668 670 ἐρχομένου
1708 598 1783 653 ἐπ’
1817 598 1996 666 αὐτόν,
2046 603 2129 656 ’ἵνα
2168 601 2312 677 ὀφθῇ
2343 600 2374 657 o‘

450 682 871 755 μαρτυρούμενος·
908 686 992 737 ἴνα
1025 689 1086 720 50
1102 681 1137 752 ἡ
1165 682 1284 754 σάρξ
1309 682 1342 753 ἡ
1364 683 1478 755 άγία
1503 689 1620 752 φίλη
1648 678 1772 739 οὖσα
1799 686 1883 738 καὶ
1910 684 2244 756 εὖδοκουμένη
2270 685 2371 743 ind

452 775 508 807 ⁵1
530 767 716 838 πατρὸς
746 774 806 805 ⁵²
824 771 876 822 ἐκ
905 775 994 822 τοῦ
1019 769 1297 838 πνεύματος
1325 774 1691 840 μαρτυρηθείη·
1742 772 1826 823 ’ἵνα
1853 767 1883 824 ἆ
1910 771 2072 842 πατὴρ
2098 772 2373 842 εὐδοκητής

448 849 483 928 ᾖ
506 856 591 908 καὶ
625 857 780 923 κῆρυξ
805 860 894 922 τῆς
921 860 1011 908 τοῦ
1042 858 1157 908 υἱοῦ
1188 853 1428 924 ἒνσάρκου
1471 858 1771 925 παρουσίας·
1821 858 1909 911 ἵνα,
1941 853 1971 909 ὅ
1997 855 2107 919 υἷὸς
2135 856 2375 926 άληθινὸς

448 939 618 1014 ὀφθῇ,
656 941 741 993 καὶ
770 939 1005 1014 πληρώσῃ
1036 940 1091 994 τὸ
1123 941 1397 1011 εἰρημένον·
1436 942 1522 993 καὶ
1549 939 1668 1007 μετὰ
1696 946 1849 993 ταῦτα
1881 947 1940 980 53
1959 939 2113 1010 ὤφθη
2143 944 2195 998 ἐν
2222 949 2282 1016 τῇ
2310 949 2375 1017 γῇ

446 1028 527 1081 καὶ
559 1024 676 1094 μετά
702 1031 801 1079 τῶν
827 1023 1118 1096 ἀνθρώπων
1142 1023 1538 1095 συνανεστράφη·
1589 1023 1814 1079 άνελθῶν
1847 1023 1944 1080 άπό
1976 1033 2067 1081 τοῦ
2096 1026 2373 1100 Ἰορδάνου,

448 1118 646 1178 σαφῶς,
697 1113 781 1165 καὶ
820 1111 1147 1180 54ἆληθινῶς
1183 1109 1284 1164 ὑπὸ
1327 1117 1414 1165 τοῦ
1443 1110 1678 1179 διαβόλου
1709 1113 1998 1180 πειρασθεὶς
2024 1115 2074 1167 ἐν
2098 1120 2159 1187 τῇ
2187 1112 2371 1187 ἐρήμῳ,

445 1199 531 1251 καὶ
554 1195 787 1260 πεινάσας
811 1197 1037 1268 ὕστερον,
1077 1195 1160 1250 διά
1185 1194 1272 1264 τὴν
1301 1194 1605 1250 ἀκολουθίαν
1629 1198 1715 1250 καὶ
1741 1197 1981 1265 ἀλήθειαν
2016 1204 2105 1266 τῆς
2131 1198 2373 1270 ἐνσάρκου

447 1287 741 1353 παρουσίας·
794 1284 877 1336 καὶ
913 1281 1253 1349 ἐπιλεξάμενος
1289 1280 1545 1350 μαθητάς,
1596 1284 1677 1336 καὶ
1719 1282 1938 1353 κηρύξας
1975 1282 2239 1352 ἀλήθειαν,
2290 1287 2374 1339 καὶ

448 1368 708 1437 ἰασάμενος
744 1366 804 1439 τά
842 1366 986 1435 πάθη
1025 1366 1365 1436 καθευδήσας,
1427 1366 1688 1433 πεινάσας,
1744 1365 2106 1437 ὁδοιπορήσας,
2175 1376 2376 1427 55θεοῦ

447 1462 620 1522 σημεῖα
649 1451 1002 1525 ἐργασάμενος,
1053 1452 1260 1524 νεκρούς
1300 1455 1514 1524 ἐγείρας,
1562 1460 1767 1521 τυφλοῖς
1795 1452 1849 1510 vd
1875 1455 2068 1523 βλέπειν
2094 1453 2374 1527 παρασχών,

445 1538 631 1609 χωλούς
667 1542 751 1593 καὶ
792 1537 1153 1608 παραλυτικούς
1196 1538 1600 1607 ἰσχυροποιήσας·
1652 1539 1708 1602 ἃς
1750 1538 1952 1610 ἐκήρυξε
1986 1538 2043 1594 τὸ
2078 1539 2374 1612 εὐαγγέλιον,

445 1625 535 1694 τήν
561 1626 829 1692 ἀλήθειαν,
867 1623 955 1693 τὴν
982 1628 1230 1692 βασιλείαν
1255 1630 1353 1678 τῶν
1381 1624 1633 1694 οὐρανῶν,
1670 1625 1760 1692 τήν
1790 1625 1946 1681 αὐτοῦ
1976 1629 2375 1696 φιλανθρωπίαν,

445 1713 529 1764 καὶ
556 1717 646 1765 τοῦ
668 1710 878 1780 πατρὸς,
927 1713 1012 1764 καὶ
1050 1717 1139 1764 τοῦ
1170 1708 1311 1781 άγίου
1348 1709 1638 1778 πνεύματος.
1710 1708 1766 1764 ‘O
1792 1708 1917 1780 ’ὑπὲρ
1946 1702 2087 1779 ἡμῶν,
2120 1710 2176 1765 τὸ
2206 1711 2378 1774 πάθος

443 1794 713 1865 ὑπομείνας
750 1799 803 1850 ἐν
843 1798 1085 1870 ἀληθείᾳ,
1134 1798 1187 1849 ἐν
1223 1801 1283 1869 τῇ
1308 1797 1478 1866 σαρκὶ,
1529 1797 1615 1849 καὶ
1645 1797 1696 1849 ἕν
1723 1802 1784 1870 τῇ
1806 1799 1960 1869 τελείᾳ
1982 1796 2374 1868 ἐνανθρωπήσει,

442 1882 625 1938 παθών
667 1885 719 1937 ἐν
750 1880 958 1955 ἄλη-θείᾳ
1000 1883 1082 1936 ἐπὶ
1122 1887 1211 1935 τοῦ
1238 1887 1456 1952 σταυροῦ
1493 1880 1741 1950 συνούσης
1775 1880 1981 1955 Madv-93
2012 1888 2098 1950 τῆς
2121 1881 2373 1951 θεότητος,

444 1967 562 2022 άλλλ’
612 1968 672 2023 οὐ
700 1971 962 2038 τραπείσης
1005 1970 1074 2030 εἰς
1101 1965 1156 2021 τό
1185 1966 1413 2034 πάσχειν,
1463 1965 1616 2035 οὔσης
1644 1968 1698 2021 δὲ
1722 1966 1960 2031 ἀπαθοῦς
1995 1968 2080 2021 καὶ
2126 1968 2372 2038 ἆτρέπτου

441 2061 540 2108 τῶν
566 2053 657 2109 δύο
683 2053 998 2108 άκολουθιῶν
1024 2059 1200 2120 σαφῶς
1226 2054 1660 2120 κατανοουμένων,
1703 2058 1921 2123 Χριστοῦ
1948 2050 2222 2121 πάσχοντος
2247 2051 2373 2124 ὑπὲρ

442 2138 584 2208 ’ἡμῶν
609 2142 766 2211 σαρκὶ,
805 2140 1040 2202 ἀπαθοῦς
1067 2140 1120 2193 δὲ
1149 2140 1385 2206 μένοντος
1414 2140 1466 2191 ἐν
1491 2136 1716 2206 θεότητι·
1756 2136 1817 2192 ού
1842 2144 1932 2192 τοῦ
1955 2138 2238 2210 ἀνθρώπου
2267 2137 2374 2194 κατ’

442 2228 572 2279 ἰδίαν
598 2225 753 2291 ὄντος,
783 2224 974 2279 57ἆλλά
998 2223 1247 2292 συνούσης
1276 2230 1364 2292 τῆς
1388 2222 1643 2291 θεότητος,
1683 2222 1750 2292 μὴ
1782 2222 2067 2293 πασχούσης
2097 2225 2165 2291 δὲ,
2204 2222 2287 2278 διά
2317 2222 2372 2278 τὸ

441 2310 713 2383 ἀκραιφνὲς
746 2313 832 2366 καὶ
869 2310 1159 2381 άσύγκριτον
1201 2315 1290 2377 τῆς
1329 2306 1525 2370 ούσίας·
1579 2308 1852 2377 πάσχοντος
1897 2310 1951 2363 δὲ
1989 2311 2041 2363 έν
2069 2311 2240 2381 σαρκὶ,
2289 2312 2375 2365 καὶ

442 2399 816 2466 θανατουμένου
843 2400 894 2451 ἐν
921 2397 1079 2467 σαρκὶ,
1118 2401 1297 2459 ζῶντος
1328 2394 1381 2447 δὲ
1409 2390 1487 2447 άεὶ
1515 2396 1567 2448 έν
1594 2394 1812 2463 θεότητι,
1850 2396 1933 2448 καὶ
1962 2396 2235 2466 ἐγείροντος
2258 2394 2376 2460 τούς

442 2482 673 2553 νεκρούς·
711 2489 799 2537 τοῦ
823 2482 1047 2550 σώματος
1076 2481 1317 2545 ταφέντος
1341 2481 1394 2532 ἐν
1420 2477 1656 2553 ἀληθείᾳ,
1693 2482 1777 2534 καὶ
1809 2478 2010 2549 άψύχου
2038 2471 2294 2549 μείναντος
2316 2480 2371 2536 τό

441 2567 725 2639 τριήμερον,
765 2568 930 2621 ἄπνου
961 2588 1011 2619 τε
1038 2568 1122 2619 καὶ
1151 2563 1411 2631 άκινήτου,
1463 2567 1798 2633 ένειληθέντος
1831 2562 1991 2621 5Βδιοὲ
2015 2572 2103 2634 τῆς
2133 2564 2372 2633 σινδόνος,

442 2656 799 2716 κατατεθέντος
849 2656 900 2707 ἔν
950 2658 1016 2725 τῷ
1066 2651 1302 2719 μνήματι,
1365 2653 1769 2721 συγκλεισθέντος
1818 2650 1901 2706 διά
1948 2658 2037 2705 τοῦ
2088 2655 2237 2706 λίθου
2286 2653 2372 2706 καὶ

446 2745 506 2777 59
526 2743 802 2809 σφραγῖδος
831 2744 927 2792 τῶν
952 2739 1298 2792 ἐπιτεθέντων·
1338 2733 1447 2804 οὐχὶ
1476 2742 1561 2804 τῆς
1592 2736 1831 2805 θεότητος
1859 2741 2271 2808 συγκλεισθείσης,
2309 2730 2374 2792 ού

442 2832 528 2894 τῆς
556 2825 794 2893 θεότητος
835 2827 1091 2891 ταφείσης,
1143 2820 1575 2893 συγκατελθούσης
1609 2823 1661 2875 δὲ
1702 2829 1761 2896 τῇ
1798 2829 1939 2897 ψυχῇ
1977 2828 2037 2896 τῇ
2067 2821 2182 2895 άγίᾳ
2217 2826 2284 2886 εἰς
2312 2822 2372 2882 τοὶ

441 2910 773 2980 καταχθόνια,
811 2909 1013 2976 ἓλούσης
1044 2912 1235 2962 ἐκεῖθεν
1264 2905 1354 2974 τήν
1386 2913 1484 2960 τῶν
1514 2914 1692 2976 ψυχῶν
1721 2910 2072 2976 αἰχμαλωσίαν,
2126 2907 2372 2976 κλασάσης

442 2999 642 3069 κέντρον
670 2995 910 3060 θανάτου,
951 2993 1281 3065 διαρρηξάσης
1309 2990 1368 3045 τά
1396 2998 1602 3061 κλεῖθρα
1627 2995 1711 3046 καὶ
1738 2992 1854 3055 τούς
1877 2990 2086 3061 μοχλούς
2114 2991 2231 3054 τούς
2252 2993 2372 3046 ἄδα-

443 3087 725 3151 μαντίνους,
765 3083 848 3136 καὶ
872 3081 1085 3148 λυσάσης
1111 3080 1295 3141 ὠδῖνας
1327 3076 1628 3132 60θανάτου
1659 3081 1711 3132 έν
1741 3081 1842 3151 ἰδίᾳ
1872 3081 2090 3150 ἐξουσία,
2130 3075 2371 3137 άνελθού-

443 3187 531 3238 σης
563 3175 613 3206 61
640 3171 690 3222 έν
725 3175 784 3242 τῇ
817 3173 982 3242 ψυχῇ,
1044 3173 1101 3203 ⁶²
1120 3164 1187 3234 μή
1232 3167 1461 3231 έαθείσης
1502 3170 1588 3231 τῆς
1618 3170 1785 3232 ψυχῆς
1829 3166 1897 3226 εἰς
1926 3161 2080 3236 ᾅδην,
2132 3164 2254 3231 μηδὲ
2281 3170 2368 3233 τῆς

499 3282 566 3326 46.
597 3287 670 3327 τοῦ
699 3282 818 3340 οἱγίου
843 3280 1079 3337 πνεύματος
1118 3285 1207 3323 edit.
1238 3283 1376 3324 Petav.
1492 3281 1557 3321 51.
1584 3280 1656 3323 τοῦ
1681 3277 1837 3335 πατρὸς
1855 3281 1943 3320 edit.
1959 3281 2092 3320 Petav
2113 3281 2246 3321 invitis
2262 3282 2373 3323 libris

443 3345 575 3384 invitis
601 3345 710 3383 libris
738 3347 824 3382 vett.
1435 3342 1522 3379 vett.

499 3397 565 3441 47.
589 3401 692 3439 Edit.
709 3402 843 3439 Petav.
867 3399 1000 3439 invitis
1021 3401 1109 3438 vett.
1134 3398 1244 3436 libris
1267 3393 1377 3448 αἶρέ·
1491 3393 1557 3434 52.
1587 3392 1637 3436 ἐκ
1663 3395 1775 3436 codd.
1805 3405 1896 3433 mss.
1925 3396 1960 3432 et
1995 3393 2083 3432 edit.
2108 3395 2234 3443 princ.
2298 3393 2372 3438 καὶ

444 3469 556 3499 σεσιν
587 3454 827 3509 εἰρηκαμεν.
1434 3453 1523 3492 edit
1557 3453 1695 3492 Ρεεαυ.

499 3512 564 3553 48.
597 3510 842 3566 συναλοιφή,
871 3524 948 3552 non
979 3506 1202 3564 συναλιφή,
1230 3511 1287 3549 uti
1313 3521 1378 3548 as·
1492 3507 1558 3549 53.
1604 3503 1732 3561 ὤφθη
1777 3500 1915 3560 (δ’φῖςη
1959 3507 2073 3546 codd.
2097 3507 2210 3559 mss.)
2242 3505 2284 3551 ἐν
2312 3509 2367 3564 τῇ

442 3572 559 3618 solet,
589 3571 668 3609 h..l
698 3571 811 3609 habet
838 3571 922 3609 cod.
942 3570 1020 3608 len.
1435 3566 1491 3619 γῇ
1535 3566 1647 3604 codd.
1678 3575 1769 3603 mss.
1797 3567 1832 3602 et
1864 3564 1953 3602 edit.
1993 3565 2119 3612 princ.
2178 3562 2247 3606 ἐπὶ
2291 3565 2371 3619 τῆς

499 3623 565 3666 49.
583 3641 624 3693 η
653 3624 1012 3694 σχηματιζομένου
1034 3625 1147 3664 codd.
1161 3635 1252 3663 mss.
1275 3627 1379 3662 uter-
1435 3621 1520 3675 γῆς
1547 3614 1675 3688 dupin]
1707 3621 1795 3659 edit.
1826 3621 1961 3659 Petav.

444 3694 526 3731 que
575 3676 605 3734 η’
635 3681 976 3737 σχιματιζομένου
1002 3683 1093 3720 edit.
1113 3683 1238 3729 princ.
1269 3692 1379 3735 σχη-
1492 3673 1556 3718 54.
1587 3672 1798 3728 ἅληὲινῶς
1840 3671 1920 3716 υπὸ
1964 3677 2048 3716 cod.
2084 3678 2161 3717 len.
2205 3681 2238 3717 et
2276 3679 2366 3717 edit.

447 3737 677 3804 μαζομένου
705 3741 842 3778 vitium
869 3743 923 3778 est
945 3739 1035 3777 edit.
1065 3739 1202 3777 Petav.
1428 3737 1552 3784 princ.
1603 3729 1784 3799 ἀληθῶς
1812 3728 1892 3772 υπὸ
1926 3734 2010 3771 cod.
2043 3734 2205 3784 Rhediy.
2263 3726 2369 3787 <im-

502 3794 568 3835 50
599 3809 626 3850 η
659 3796 786 3839 omiss.
815 3797 857 3839 in
887 3796 976 3838 edit.
1000 3796 1134 3836 Petav.
1434 3788 1560 3839 ἓινῶς
1587 3783 1668 3833 οἷπὸ
1698 3789 1786 3828 edit.
1814 3789 1948 3829 Petav.
1977 3790 2108 3831 Golon.
2136 3794 2255 3842 repet.
