2508 4134
446 232 547 284 326
1154 241 1359 284 εΛΝοΤι
1386 243 1673 285 EPIPHANH

445 336 612 403 φωτός
637 358 686 390 τε
715 339 800 390 καὶ
836 338 1070 403 σκότους,
1130 331 1202 391 ὧν
1231 339 1318 407 μὲν
1349 337 1410 392 τά
1437 337 1656 408 ὀνόματα
1698 342 1958 409 ένηχεῖται,
2012 338 2074 394 οὗ
2099 338 2200 409 μὴν
2225 341 2278 395 δὲ
2305 363 2378 412 γι-

443 421 616 476 νώσκει
658 425 704 475 τί
742 420 798 476 τὸ
841 420 998 489 εἶδος,
1053 419 1158 477 οὐδ’
1206 430 1268 462 ²4
1284 423 1411 488 ὅλως
1449 425 1655 479 δύναται
1686 422 1805 479 αὐτὸ
1844 426 2163 496 ἑρμηνεῦσαι,
2213 424 2296 479 διά
2321 425 2378 481 τό

448 505 670 578 άπαρχῆς
701 506 852 562 αὐτόν
880 506 1068 574 τυφλὸν
1093 515 1416 580 γεννηθῆναι,
1467 512 1553 564 καὶ
1579 509 1670 580 τῆν
1699 509 1964 582 ἐναλλαγὴν
1997 509 2204 579 ἑκάστης
2235 510 2378 566 ποιό-

446 614 590 661 τητος
626 593 896 663 χρωμάτων
934 594 1205 664 ὓόἆγνοεῖ,
1258 594 1426 649 καὶτὸ
1465 593 1607 659 εἶδος.
1664 595 1914 650 ’Έκαστον
1952 594 2047 667 γοὶρ
2077 595 2246 650 αὐτῶν
2281 602 2381 651 τῶν

448 678 708 747 ὀνομάτων
726 676 781 731 τό
807 677 1103 747 κατάλληλον
1130 686 1218 748 τῆς
1243 683 1534 751 διακρίσεως
1562 679 1691 734 26δί
1714 679 1957 752 ὅρατικῶν
1982 680 2264 750 αἰσθήσεων
2287 682 2382 750 ἔχει

445 761 537 831 την
576 771 781 834 πεῖραν,
833 762 894 817 οὔ
935 762 1033 832 μὴν
1075 765 1127 818 δὲ
1166 764 1250 819 διᾶ
1281 764 1511 836 φράσεως
1548 771 1618 838 τῷ
1654 765 1721 834 μὴ
1754 765 2042 836 γινώσκοντι
2071 765 2297 838 άπαρχῆς
2323 765 2378 821 τό

449 846 580 911 εἶδος
610 847 723 902 οὔτε
748 847 831 903 διά
859 849 1200 918 ψηλαφήσεως
1222 852 1307 904 καὶ
1333 848 1469 919 άφῆς
1492 848 1764 918 δυνάμενον
1786 854 2165 921 δοκιμασθῆναι.
2223 851 2382 905 ’Ὅταν

447 939 570 1004 γοῦν
614 937 666 987 οἱ
699 932 798 988 άπὸ
836 942 1030 1005 γενετῆς
1067 938 1244 1003 τυφλοὶ
1287 938 1398 1006 περὶ
1438 934 1629 988 τούτων
1666 935 2020 1007 διαλεγόμενοι,
2072 939 2157 991 καὶ
2201 935 2383 1000 εἰδότες

453 1025 511 1056 2⁷
528 1019 1097 1091 ἆντιπαρακατατιθέναι
1122 1021 1176 1075 τό
1209 1023 1357 1089 μέλαν
1385 1019 1509 1091 πρός
1535 1019 1591 1073 vd
1616 1019 1808 1086 λευκόν,
1845 1024 1930 1075 καὶ
1955 1021 2010 1076 τό
2040 1021 2229 1092 χλωρόν
2256 1021 2383 1092 πρός

447 1104 503 1158 τό
529 1105 761 1172 κυάνεον,
798 1108 881 1159 καὶ
910 1106 1202 1177 πορφύρεόν
1235 1113 1361 1159 ἳθτε
1389 1104 1638 1174 κοκκηρόν
1667 1126 1744 1170 τε,
1782 1108 1866 1159 καὶ
1897 1106 1958 1159 τά
1984 1105 2104 1162 ἅλλα
2128 1107 2379 1180 χρώματα,

450 1193 742 1260 ἔρωτηθῶσι
781 1192 835 1245 δὲ
872 1190 962 1258 ἀφ’
991 1190 1134 1260 ἡμῶν
1165 1190 1254 1260 τὴν
1286 1190 1526 1259 ποιότητα
1551 1197 1640 1244 τοῦ
1677 1193 1842 1254 εἴδους
1876 1194 1962 1245 καὶ
1988 1192 2045 1247 τό
2075 1200 2244 1263 χρῶμα
2271 1192 2383 1247 ἑκά-

447 1294 565 1344 στης
605 1276 894 1345 ποιότητος,
949 1275 1059 1331 οὔτε
1103 1276 1336 1330 δύνανται
1380 1279 1559 1341 εἰπεῖν,
1610 1273 1722 1330 οὔτε
1761 1274 1848 1342 ἀφ’
1883 1275 2024 1345 ἡμῶν
2065 1281 2380 1347 διδαχθῆναι,

449 1360 603 1429 μόνον
646 1362 700 1415 δὲ
739 1360 821 1416 διά
859 1361 1010 1432 λόγου
1051 1369 1111 1400 2⁹
1127 1366 1392 1415 πείθουσιν
1422 1364 1609 1415 ἑαυτῶν
1647 1359 1733 1429 τὴν
1771 1361 2021 1428 διάνοιαν,
2072 1360 2295 1416 άπατῶσι
2322 1363 2376 1416 δὲ

447 1445 564 1508 τούς
600 1445 902 1512 ἀκούοντας,
958 1445 1026 1509 ὥς
1066 1446 1250 1510 εἰδότες
1284 1448 1464 1500 τέλειον
1488 1449 1599 1518 περὶ
1637 1453 1725 1515 τῆς
1753 1451 2065 1517 διακρίσεως,
2116 1446 2211 1502 κάν
2239 1470 2290 1503 τε
2315 1454 2382 1522 τῷ

445 1532 573 1605 λόγῳ
602 1533 799 1602 λέγωσι,
853 1532 942 1601 τὴν
980 1531 1226 1603 άγνωσίαν
1262 1530 1345 1586 διά
1373 1538 1460 1599 τῆς
1489 1532 1833 1600 ἀκαταληψίας
1861 1535 2159 1602 κεκτημένοι.
2237 1533 2382 1588 Οὕτω

446 1619 531 1671 καὶ
556 1610 703 1679 οὗτος
725 1616 834 1686 ἥκει
859 1616 975 1686 ἡμῖν
1002 1620 1152 1689 λέγων
1177 1620 1290 1689 περὶ
1316 1623 1470 1683 θεοῦ,
1522 1620 1608 1671 καὶ
1641 1621 1921 1687 ἐπιφημίζει
1956 1619 2045 1686 μὲν
2081 1625 2381 1688 σκωπτηλῶς

446 1709 535 1771 τῆς
565 1703 749 1756 ἀλάλου
775 1705 860 1756 καὶ
883 1710 1060 1772 κωφῆς
1086 1705 1171 1757 καὶ
1195 1710 1385 1770 τυφλῆς
1409 1705 1669 1774 παρθένου
1696 1702 1787 1773 τὴν
1815 1702 2042 1774 φθοράν,
2082 1702 2234 1767 αὐτός
2257 1703 2383 1758 κατά

446 1787 536 1856 τὴν
569 1789 724 1842 αὐτοῦ
761 1792 1076 1857 βλασφημίαν
1115 1790 1472 1860 πεφθαρμένος
1514 1795 1724 1857 μᾶλλον,
1773 1791 1859 1843 καὶ
1894 1788 1984 1859 τὴν
2025 1787 2272 1861 άγνωσίαν
2315 1787 2384 1853 ὥς

449 1873 550 1928 ἀπὸ
592 1879 789 1944 γενετῆς
825 1874 1075 1942 τύφλωσιν
1122 1877 1445 1943 κεκτημένος,
1493 1876 1643 1946 λέγων
1674 1876 1762 1944 μὲν
1796 1877 1908 1946 περὶ
1939 1883 2089 1940 θεοῦ,
2139 1875 2303 1947 λόγοις
2330 1875 2384 1929 δὲ

451 1958 755 2026 ἀπεικάζων,
803 1959 976 2014 λοιπόν
1009 1961 1062 2013 δὲ
1101 1963 1186 2014 καὶ
1218 1963 1288 2024 εἰς
1324 1959 1666 2030 άναισχυντίαν
1706 1960 1821 2024 τούς
1852 1959 1935 2014 ὑπ’
1970 1961 2128 2015 αὐτοῦ
2161 1967 2386 2030 μεμαθη-

448 2047 712 2114 τευμένους
747 2044 1143 2118 παρασκευάσας.

590 2217 752 2270 Οὐδὲν
780 2217 873 2289 γάρ
902 2216 1072 2281 αὐτοῖς
1105 2217 1391 2285 ἆτόλμητον.
1466 2221 1822 2285 Βλασφημοῦσι
1860 2217 1948 2285 μὲν
1985 2211 2077 2271 οὖν
2115 2223 2388 2287 προφητῶν

248 2324 329 2359 pag,
355 2315 429 2351 992.
453 2300 672 2371 ὀνόματα
700 2306 785 2357 καὶ
812 2302 1114 2369 άποστόλων,
1153 2302 1272 2357 ὅταν
1301 2301 1598 2372 ἐλεγχόμενοι
1623 2299 1726 2355 ὑπό
1752 2323 1901 2355 τινων
1931 2301 2383 2368 3οὖποπιάζωνται,

451 2386 608 2450 εὐθυς
649 2396 702 2426 ³¹
721 2389 1070 2459 ἀποτρέχοντες
1112 2390 1194 2441 καὶ
1223 2386 1580 2454 άποπηδῶντες
1612 2389 1695 2440 καὶ
1720 2389 1962 2458 λέγοντες,
2021 2394 2176 2443 Τοῦτο
2206 2385 2236 2441 ό
2260 2387 2386 2442 ἀπό-

450 2480 619 2535 στολος
647 2472 715 2535 ὥς
745 2472 1018 2540 ἅνθρωπος
1049 2475 1171 2541 ἔφη,
1229 2471 1394 2526 ἄλλοτε
1429 2473 1509 2538 δὲ,
1566 2477 1622 2526 Τί
1651 2494 1737 2541 μοι
1768 2475 1934 2542 φέρεις
1969 2471 2029 2526 τά
2057 2479 2144 2542 τῆς
2176 2479 2386 2536 παλαιᾶς

451 2558 728 2627 διαθήκηςς
808 2558 914 2612 Οὐκ
955 2562 1056 2612 ἔστι
1092 2560 1145 2612 δὲ
1177 2556 1472 2626 θαυμαστόν
1502 2557 1627 2611 κατά
1663 2557 1722 2611 τά
1752 2556 1852 2612 ὖπὸ
1884 2565 1974 2612 τοῦ
2007 2565 2229 2629 σωτῆρος
2257 2561 2386 2630 εἴρη-

452 2646 573 2712 μένα
613 2644 714 2709 ὅτι,
769 2647 840 2697 Εἰ
877 2643 962 2698 τόν
1002 2644 1359 2711 οἰκοδεσπότην
1393 2642 1680 2712 Βεελζεβούλ
1718 2644 1976 2709 ἐκάλεσαν,
2028 2643 2169 2717 πόσῳ
2204 2650 2386 2713 μᾶλλον

450 2728 567 2791 τούς
595 2729 874 2792 οἰκειακοῦς
908 2730 1088 2795 αὐτοῦς
1163 2733 1234 2783 Εἰ
1261 2736 1382 2800 γοῦν
1420 2727 1573 2782 αὐτόν
1603 2728 1689 2782 τόν
1714 2729 1889 2800 κύριον
1913 2731 1998 2783 καὶ
2025 2728 2114 2797 τὴν
2141 2727 2386 2797 ἀληθινὴν

451 2815 606 2869 αὐτοῦ
635 2815 785 2879 δόξαν
810 2814 1098 2886 άρνοῢνται,
1152 2818 1290 2888 πόσῳ
1315 2835 1368 2885 γε
1394 2820 1572 2882 μᾶλλον
1597 2814 1856 2885 προφήτας
1887 2814 2116 2868 Μαύτοῢ
2146 2816 2233 2868 καὶ
2258 2811 2384 2868 άπο-

453 2902 680 2965 στόλουςς
738 2900 853 2954 ”Eu
891 2903 942 2954 δὲ
971 2904 1038 2963 εἰς
1063 2902 1411 2970 περισσοτέραν
1449 2904 1630 2968 μανίαν
1656 2900 1892 2970 ἀρθέντες
1921 2903 1972 2954 οἱ
2004 2898 2089 2953 ἀπ’
2118 2900 2275 2955 αὐτοῦ
2305 2922 2385 2969 με-

454 2988 847 3055 μαθητευμένοι,
900 2988 986 3039 καὶ
1014 2985 1043 3040 ὅ
1066 2986 1253 3040 τούτων
1284 2985 1516 3053 διάδοχος
1553 2984 1810 3055 Εὕνόμιός
1838 3009 1911 3049 τις
1937 2986 2268 3054 ψευδονύμως
2297 3008 2382 3039 κα-

451 3072 713 3140 λούμενος,
768 3074 838 3126 ἔτι
876 3074 961 3125 καὶ
1009 3076 1154 3141 δεῦρο
1195 3069 1377 3142 περιών
1415 3077 1484 3143 τῷ
1522 3075 1640 3146 βίῳ,
1700 3075 1821 3143 μέγα
1866 3070 2097 3125 3ὅκακὸν
2139 3070 2382 3140 τόλμημα·

454 3158 765 3226 ἀναβαπτίζει
803 3158 897 3228 γάρ
932 3157 1049 3220 τούς
1086 3157 1183 3225 ἤδη
1219 3159 1607 3225 βαπτισθέντας,
1660 3156 1720 3210 οὗ
1764 3156 1919 3226 μόνον
1947 3156 2062 3219 τούς
2090 3155 2191 3210 ἆπὸ
2230 3157 2382 3228 ὄρθο-

454 3242 614 3307 δόξων
641 3242 767 3315 πρὸς
793 3242 944 3297 αὐτὸν
975 3245 1284 3314 ἐρχομένους,
1320 3244 1407 3296 καὶ
1433 3244 1681 3314 αἱρέσεων,
1719 3242 1836 3296 ἀλλά
1866 3243 1950 3295 καὶ
1970 3240 2086 3305 τούς
2110 3240 2194 3296 ἄπ’
2218 3243 2384 3296 αὐτῶν

508 3385 577 3430 24.
608 3382 704 3437 ὅλος
729 3391 870 3430 vitium
895 3393 949 3429 est
976 3391 1065 3430 edit.
1091 3391 1225 3430 Petav.
1259 3391 1387 3430 Golon.
1450 3387 1578 3431 ἓέναι.

454 3451 572 3497 repet.
1502 3447 1569 3486 28.
1599 3447 1680 3486 Hoc
1709 3458 1756 3487 τε
1778 3446 1959 3486 cancellis
1981 3448 2131 3486 notavit
2156 3448 2351 3486 petavius.

510 3504 578 3544 25.
608 3501 770 3572 ἀγνοεῖν
800 3505 889 3543 libri
918 3515 1060 3543 omnes.
1506 3500 1574 3542 29.
1603 3504 1712 3541 Libri
1747 3504 1863 3567 υαῐρο
1899 3500 2113 3545 πείὲἲωσιν.
2166 3504 2250 3544 Pro
2287 3500 2383 3544 ἑαυ-

509 3558 577 3601 26.
599 3563 640 3603 δι
673 3556 878 3613 ὁρατικῶν
901 3562 1153 3600 emendarunt
1182 3562 1394 3600 Cornarius
1449 3558 1532 3601 τῶν
1558 3561 1598 3599 in
1624 3559 1707 3598 cod.
1739 3559 1898 3608 Rhedey.
1932 3563 2036 3597 extat,
2059 3554 2210 3601 αὐτῶν.

456 3618 543 3671 (qui
564 3620 676 3657 vertit
706 3631 776 3670 per
801 3630 964 3655 sensum
987 3617 1114 3670 visus)
1142 3619 1392 3667 etPeravius,
1504 3614 1571 3656 30.
1614 3610 1922 3663 ὖποπιοὶζωνται
1966 3617 2049 3655 cod.
2094 3617 2170 3656 len.
2214 3619 2248 3654 et
2289 3616 2380 3655 edit.

449 3676 667 3723 postulante
693 3676 891 3714 sententia.
934 3673 1177 3726 διορατικῶν
1203 3676 1391 3713 librorum
1444 3675 1568 3723 prino.
1609 3668 1932 3720 ὗποπικίζωνται
1951 3673 2035 3712 cod.
2061 3673 2222 3722 Rhediy.
2268 3667 2382 3712 ὑπω-

454 3731 616 3779 vulyata
647 3735 700 3769 est
731 3733 937 3780 scriptura.
1445 3725 1674 3777 πιάζωνται
1724 3729 1812 3767 edit.
1856 3730 2019 3767 Petavii.
2099 3724 2382 3776 ὑποπιέζονται

511 3785 579 3828 27.
612 3788 732 3838 Vulyo
754 3788 887 3828 vitiose
913 3789 1052 3843 leyitur
1073 3781 1391 3841 οἷντιπαρακατι·
1447 3783 1542 3842 (sic)
1585 3786 1742 3826 coniecit
1765 3785 1962 3828 Petavius.
2034 3786 2138 3838 Quid
2165 3786 2382 3827 Carnarius
