2508 4134
536 258 759 300 PANARH
787 259 891 298 Lm.
913 259 985 299 111.
1014 259 1148 299 ΤοΜ.
1171 260 1203 301 1.
1232 258 1397 299 HAER.
1418 257 1618 299 Lxxlv.
1928 243 2026 294 169

127 358 385 428 quondam,
433 366 479 407 et
510 373 595 425 pro
628 355 859 406 tenuitate
892 364 1057 406 nostra
1087 357 1327 407 declarata
1357 356 1573 408 breviter
1610 356 1767 405 denuo
1798 353 1887 404 hoc
1919 353 2027 404 loco

127 451 348 512 repetere
392 441 650 492 voluimus.
724 438 870 491 Nunc
906 440 965 490 ad
1005 440 1152 491 vitam
1192 449 1403 490 nostram
1436 440 1746 491 asserendam
1775 456 1832 490 ae
1861 455 2030 489 corro-

126 527 387 580 borandam
429 525 521 576 alia
552 524 781 592 quaedam
828 523 1100 574 testimonia
1141 525 1216 592 pie
1256 526 1475 592 prolerre
1508 534 1556 575 et
1584 542 1644 575 ex
1677 532 1808 574 recta
1844 524 2032 573 ratione

125 611 352 679 religiose
384 611 442 660 de
471 608 721 660 divinitate
751 608 931 659 sentire
964 625 1238 677 pergemuS.
1315 606 1510 658 Etenim
1551 608 1764 675 pluribus
1803 608 2034 659 haetenus

127 694 491 747 auctoritatibus
534 693 686 762 palam
725 692 836 743 illud
884 701 959 744 est
995 694 1202 757 sactum,
1256 691 1553 759 unigenitum
1583 711 1687 743 cum
1728 702 1861 760 patre
1894 692 2033 743 simul

128 779 357 831 universa
385 778 572 843 moliri,
621 783 677 827 'et
704 777 921 845 aequalia
954 777 1184 846 perficere
1220 777 1266 826 in
1299 776 1518 827 omnibus
1546 794 1601 826 ac
1628 776 1817 844 largiri,
1872 785 2035 845 utpote

127 863 206 932 qui
242 863 300 914 ab
330 863 435 932 ipso
473 862 728 931 procedat,
787 879 875 912 nec
901 879 926 911 a
955 870 1152 931 paterna
1181 861 1360 911 virt-ute
1402 878 1457 910 ac
1492 860 1740 911 divinitate
1773 861 2031 930 discrepet,

126 950 210 999 sed
252 947 464 998 eiusdem
509 949 571 998 sit
606 963 711 997 cum
754 954 890 1014 patre
932 946 1249 996 substantiae.
1325 943 1502 1012 Neque
1541 961 1660 995 vero
1705 946 1837 996 solus
1887 946 2029 1009 filius,

126 1033 211 1084 sed
255 1040 304 1083 et
342 1031 538 1101 spiritus
570 1040 763 1082 sanctus
804 1030 852 1081 iu
882 1030 1053 1097 agendi
1092 1030 1478 1081 communionem
1521 1047 1625 1080 cnm
1661 1039 1795 1098 patre
1842 1030 2032 1098 filioque

127 1116 260 1167 venit
289 1125 337 1167 et
363 1115 581 1184 aequalia
618 1123 857 1185 praestat,
899 1133 985 1183 pro
1018 1132 1075 1165 eo
1106 1132 1161 1165 ac
1188 1115 1304 1165 libet
1332 1115 1692 1165 communicans
1721 1132 1777 1164 ac
1800 1114 2029 1181 largienS,

127 1200 298 1270 quippe
339 1218 443 1251 cum
485 1201 668 1269 etipse
713 1217 829 1250 vere
868 1217 932 1250 ex
964 1200 1054 1250 deo
1083 1200 1174 1262 sit,
1229 1217 1319 1250 nec
1362 1198 1547 1249 alienus
1589 1216 1616 1249 a
1648 1208 1783 1268 patre
1822 1199 2031 1267 filioque,

125 1286 209 1336 sed
237 1285 425 1354 utrique
459 1284 899 1336 consubstantialis·
979 1283 1134 1348 Haec,
1174 1283 1390 1352 iuquam,
1434 1283 1610 1333 nemini
1646 1302 1739 1334 non
1773 1292 1937 1353 aperte
1970 1292 2039 1334 tot

127 1369 342 1421 adductis
375 1368 662 1420 testimoniis
687 1369 1002 1432 ostendimus,
1044 1386 1100 1418 ac
1129 1369 1355 1436 deinceps
1382 1369 1713 1419 ostendemus.
1791 1367 1888 1419 Iam
1918 1386 2037 1419 vero

127 1464 323 1524 propter
362 1454 516 1505 sancti
556 1453 750 1523 spiritus
792 1454 1100 1504 adversarios
1146 1463 1193 1504 et
1245 1453 1467 1504 inimicos
1520 1453 1746 1503 nonnulla
1797 1453 2035 1504 uberioris

128 1538 465 1608 explicationis
495 1537 652 1606 gratia
692 1539 862 1607 partim
892 1538 966 1606 pia
994 1538 1223 1605 quaedam
1262 1549 1545 1606 argumenta
1579 1555 1643 1589 ex
1683 1548 1813 1589 recta
1846 1538 2035 1589 ratione

129 1625 436 1693 deprompta,
478 1623 648 1692 partim
681 1623 893 1673 eiusdem
922 1623 1192 1691 scripturae
1223 1623 1499 1674 testimonia
1533 1622 1863 1692 superioribus
1894 1623 2038 1674 adde-

127 1726 262 1774 mus;
319 1709 439 1758 adeo
483 1718 534 1758 ut
575 1708 624 1757 in
663 1707 884 1757 omnibus
926 1725 1093 1758 verum
1140 1725 1195 1758 ac
1238 1708 1517 1776 religiosum
1555 1710 1612 1759 de
1654 1709 1823 1777 spiritu
1868 1716 2038 1758 sancto

128 1794 295 1861 dogma
326 1810 604 1861 sequamur.
680 1790 873 1842 Etenim
907 1793 1075 1842 unicus
1105 1809 1161 1842 ac
1191 1792 1451 1860 singularis
1487 1802 1562 1843 εει
1590 1793 1785 1862 spiritus
1816 1793 1894 1843 ille
1927 1810 2038 1844 san-

129 1888 261 1941 ctus,
322 1876 402 1945 qui
442 1877 499 1927 ab
539 1876 759 1927 omnibus
799 1877 1050 1938 adoratur,
1109 1877 1166 1928 ab
1196 1878 1417 1928 omnibus
1451 1879 1687 1929 creaturis
1718 1877 2038 1946 operibusque

128 1963 447 2013 desideratur.
527 1959 623 2028 Qui
653 1979 759 2011 cum
789 1961 917 2011 nullo
942 1962 1198 2029 adaequari
1233 1971 1419 2031 potest,
1472 1981 1566 2013 non
1595 1964 1795 2030 angelo,
1848 1981 1942 2012 non
1973 1962 2039 2012 al-

129 2056 234 2098 tero
262 2048 462 2116 spiritu,
503 2049 587 2097 sed
621 2063 742 2096 unus
765 2063 820 2096 ac
853 2045 1114 2113 singularis
1147 2056 1241 2097 est.
1316 2045 1443 2097 Nam
1478 2065 1584 2097 cum
1614 2047 1749 2098 multi
1777 2047 1873 2098 sint
1899 2046 2038 2115 spiri-

130 2141 237 2196 tus,
280 2131 501 2182 omnibus
531 2130 624 2181 iste
658 2132 881 2199 superior
914 2140 1014 2194 est,
1070 2140 1234 2200 utpote
1262 2132 1340 2199 qui
1368 2149 1560 2200 semper
1584 2149 1609 2182 a
1639 2141 1771 2201 patre
1804 2131 1895 2194 sit,
1951 2148 2041 2181 nec

129 2217 188 2267 ab
207 2215 313 2267 aliis
339 2233 461 2284 quae
489 2233 515 2266 e
542 2216 688 2265 nihilo
718 2217 947 2284 producta
987 2225 1099 2267 suut
1136 2217 1336 2267 existat.
1412 2214 1587 2267 Plures
1628 2227 1768 2280 sunt,
1823 2217 2036 2284 inquam,

129 2301 354 2369 spiritus,
404 2301 488 2351 sed
531 2318 652 2351 uuus
694 2310 767 2351 est
807 2300 1031 2369 spiritus,
1086 2310 1316 2364 sanctus3
1369 2303 1766 2369 quemadmodum
1807 2319 1929 2352 unus
1968 2309 2042 2350 est

132 2387 278 2447 deus,
331 2393 379 2434 et
417 2402 539 2435 unus
578 2386 653 2435 dei
696 2385 818 2435 lilius
861 2385 1158 2453 unigenitus,
1237 2384 1321 2436 Sic
1368 2395 1415 2436 et
1445 2395 1641 2436 sanctus
1680 2387 1753 2437 dei
1787 2387 1984 2455 spiritus
2015 2402 2042 2434 a

132 2471 222 2521 deo
264 2478 368 2532 est,
422 2478 472 2519 et
509 2469 554 2519 in
593 2470 702 2519 (leo.
781 2467 946 2537 ltaque
990 2479 1038 2520 et
1076 2470 1351 2538 unigenitus
1390 2471 1514 2521 lilius
1544 2470 2044 2540 incomprehensibilis
2077 2488 2082 2495 *

133 2563 234 2618 est,
285 2562 330 2603 et
367 2553 565 2622 spiritus
606 2554 1124 2622 incomprehensibilis.
1203 2552 1299 2621 Qui
1330 2564 1378 2605 et
1417 2573 1444 2605 a
1473 2557 1562 2605 deo
1597 2557 1841 2625 procedit,
1892 2573 1980 2606 nec
2016 2573 2043 2606 a

133 2649 267 2709 patre
295 2648 343 2689 et
369 2639 463 2689 filio
490 2636 676 2688 alienus
702 2647 793 2687 est.
870 2637 1046 2706 Neque
1092 2656 1210 2691 vero
1250 2658 1355 2689 cum
1396 2648 1531 2709 patre
1566 2650 1613 2690 et
1643 2641 1736 2691 lilio
1769 2641 1900 2691 velut
1931 2657 2044 2707 qua-

133 2726 238 2774 dam
261 2722 545 2773 confusione
569 2723 822 2786 coalescit3
851 2724 934 2772 sed
957 2723 1146 2773 trinitas
1172 2725 1386 2775 eiusdem
1410 2742 1603 2793 semper
1625 2734 1699 2775 est
1720 2725 2040 2787 substantiae,

136 2827 231 2858 non
260 2808 459 2859 alterius
487 2825 514 2858 a
538 2807 816 2858 divinitate:
853 2824 1006 2874 neque
1039 2807 1266 2858 divinitas
1298 2810 1448 2859 altera
1478 2819 1552 2860 est
1581 2827 1607 2860 a
1638 2809 1925 2871 substantia,
1957 2809 2041 2858 scd

132 2894 234 2963 ipsa
264 2909 350 2961 per
376 2909 486 2943 sese
511 2892 765 2955 divinitas,
821 2900 869 2941 et
900 2908 964 2941 ex
996 2893 1159 2942 eadem
1192 2894 1443 2944 divinitate
1478 2895 1600 2946 filius
1628 2912 1684 2944 ac
1712 2894 1909 2962 spiritus
1934 2910 2044 2942 san-

136 2989 240 3029 ctus
281 2977 467 3028 existit.
546 2980 708 3045 ltaque
754 2976 951 3043 spiritus
992 2975 1190 3043 spiritus
1234 2987 1428 3028 sanctus
1475 2988 1577 3041 est,
1631 2988 1679 3029 et
1718 2979 1843 3028 filius
1884 2977 2040 3026 filius:

137 3065 345 3128 Spiritus
374 3080 481 3111 vero
520 3080 548 3111 a
571 3072 710 3128 patre
731 3064 1012 3127 procedens,
1063 3070 1109 3109 ec
1135 3079 1163 3110 a
1177 3064 1291 3126 filio
1316 3067 1573 3128 accipiens,
1633 3082 1688 3112 ac
1715 3067 1792 3111 dez'
1805 3063 2042 3128 profunda

129 3156 461 3213 perscrutans,
522 3155 571 3197 et
608 3163 728 3215 quae
762 3147 819 3196 ad
858 3145 1004 3195 l'ilium
1049 3154 1268 3211 spectant.
1303 3149 1477 3197 mundo
1520 3148 1774 3208 nuntians,
1829 3145 2045 3195 sanctifi-

136 3249 280 3294 catis,
335 3240 383 3281 et
423 3241 621 3282 sanctos
662 3249 746 3301 per
788 3229 1048 3280 trinitatem
1078 3230 1308 3298 efficiens.
1388 3230 1483 3298 Qui
1518 3241 1566 3281 et
1598 3230 1913 3299 appellatione
1949 3239 2044 3279 ter-

137 3317 230 3368 tius
262 3325 365 3379 est·‚
422 3317 643 3384 quoniam
675 3315 863 3366 trinitas
892 3322 965 3364 est
998 3322 1160 3381 pater,
1215 3323 1263 3363 et
1294 3314 1453 3379 silius,
1507 3325 1553 3365 et
1594 3315 1792 3382 spiritus
1826 3323 2041 3365 sauctus.

2105 3070 2231 3105 Ioann.

2110 3115 2163 3159 15,
2184 3114 2240 3148 26.
2283 3135 2286 3139 ,

135 3405 312 3451 Eunles
339 3405 455 3451 enim
472 3439 485 3462 ,
528 3402 681 3469 inquit
698 3440 712 3464 ‚
768 3402 1001 3465 baptizate
1026 3402 1073 3447 z'n
1102 3403 1283 3448 nomine
1302 3405 1482 3464 patris,
1539 3410 1587 3448 et
1602 3402 1726 3463 filil,
1780 3409 1826 3447 et
1846 3402 2041 3463 spiritus
2085 3409 2223 3446 Matih.

134 3545 244 3583 vertit
270 3540 322 3580 de
346 3541 433 3582 aliis
471 3556 518 3581 ex
558 3541 685 3581 nihilo
714 3541 833 3581 factis
862 3539 1057 3591 existens)
1115 3552 1186 3589 que
1212 3543 1254 3580 in
1281 3542 1394 3580 codd.
1427 3554 1516 3581 mss.
1561 3542 1745 3580 Petavius
1771 3541 1890 3580 edidit
1926 3554 2045 3582 συνα-

137 3604 170 3638 et
200 3599 405 3639 Petavium
430 3603 590 3639 secutus.
648 3601 755 3638 Libri
784 3601 921 3638 habent
945 3592 1059 3650 γενό-
1118 3597 1257 3651 λοιφῇ.

139 3668 267 3708 μενον.
1172 3655 1210 3693 9.
1243 3648 1331 3694 ἀλλ’
1362 3655 1445 3693 cod.
1475 3655 1634 3703 Rhediy.

195 3710 232 3751 7.
265 3713 372 3751 Libri
401 3713 537 3751 habent
565 3709 610 3752 τὸ
646 3709 728 3763 μέν.
1174 3708 1238 3766 10.
1269 3711 1394 3751 ποιῶν
1434 3711 1546 3751 codd.
1578 3722 1668 3751 mss.
1712 3715 1866 3762 uterque
1911 3715 1945 3750 et
1981 3711 2040 3751 ed.

193 3766 231 3809 ὅ.
262 3770 321 3811 lta
345 3770 528 3818 scripturn
555 3772 608 3807 est
634 3770 702 3808 hoc
724 3768 951 3811 vocabulum
977 3766 1061 3809 ubi-
1112 3776 1237 3818 prmo.

2102 3454 2156 3500 2³,
2182 3454 2233 3491 ιε.
