2508 4134
519 306 742 348 PANARH
771 306 873 346 [ΑΒ.
892 306 965 346 111.
994 306 1127 347 ΤΟΜ.
1145 307 1175 347 1.
1205 306 1582 347 HAER.LXX1H.
1913 289 2011 342 137

110 407 425 470 confitentur,
483 413 582 456 tres
616 403 932 473 hypostase8‚
973 420 1115 453 unam
1146 405 1404 455 essentiam
1433 421 1489 454 ac
1518 402 1814 454 divinitatem
1846 417 2007 451 unam.

112 489 251 558 Quod
279 490 466 559 quidem
497 506 615 540 vera
645 488 762 540 fides
791 489 1021 550 affirmat,
1064 504 1186 554 quae
1219 505 1246 538 a
1275 488 1533 538 maioribus
1566 486 1766 549 tradita,
1809 485 2013 554 propbe-

112 576 223 638 tica‚
265 573 544 641 evangelica
573 581 622 624 et
647 572 910 642 apostolica
941 579 1186 622 censetur.
1264 568 1419 637 Quam
1452 571 1517 621 illi
1545 571 1633 639 ipsi
1664 572 1872 640 professi
1903 580 2014 623 sunt

109 667 273 728 patres
304 657 456 708 nostri
487 666 536 708 et
564 656 806 727 episcopi,
860 655 938 724 qui
967 655 1015 705 in
1044 653 1268 706 Nicaena
1300 654 1487 723 synodo
1517 651 1824 707 Constantini
1853 655 2015 724 magni

109 760 166 794 ac
205 741 471 794 beatissimi
513 741 819 811 imperatoris
863 749 1077 808 tempore
1123 738 1311 790 collecti
1354 747 1484 789 sunt.
1560 737 1754 790 Utinam
1800 757 1918 790 vero
1966 748 2013 790 et

108 826 403 878 venerabilis
439 826 541 895 ipse
568 824 800 877 Meletius
842 825 1041 875 eandem
1087 841 1194 874 cum
1224 822 1542 873 Antiochenis
1577 823 1677 873 suis
1707 823 1892 892 iisque,
1934 823 2013 892 qui

109 909 215 961 aliis
253 911 299 961 iu
337 909 457 961 locis
497 910 694 979 perinde
736 910 981 971 sentiunt,
1037 908 1143 958 fidei
1186 907 1432 958 formulam
1464 916 1721 974 sequatur3
1769 925 1858 958 nec
1885 908 2012 959 enim

109 995 282 1046 desunt
319 995 399 1063 qui
447 1012 554 1045 cum
593 995 675 1045 illo
731 1003 778 1044 et
819 1012 924 1044 cum
968 992 1071 1043 eius
1099 992 1285 1062 synodo
1316 991 1698 1042 communionem
1734 991 1909 1043 habere
1942 993 2013 1042 vi-

111 1080 310 1144 dentur,
368 1078 447 1147 qui
486 1078 534 1129 in
583 1078 800 1148 spiritum
839 1086 1057 1128 sanctum
1105 1076 1454 1127 contumeliose
1507 1076 1722 1127 nonnihil
1773 1077 2010 1127 effutiant.

108 1162 235 1214 Nam
280 1180 386 1214 cum
428 1164 485 1214 de
519 1164 620 1214 filio
662 1170 795 1213 recte
823 1162 1064 1225 sentiant,
1105 1160 1322 1230 spiritum
1352 1162 1505 1230 ipsum
1537 1170 1748 1211 creatum
1783 1170 1831 1211 et
1869 1179 1896 1210 a
1926 1162 2015 1210 deo

108 1265 308 1317 prorsus
335 1247 542 1300 alienum
571 1245 872 1299 existimant.
926 1245 1000 1297 De
1027 1245 1197 1314 quibus
1225 1246 1274 1296 in
1296 1245 1485 1296 illorum
1515 1245 1705 1297 haeresi
1730 1245 2018 1296 confutanda

110 1349 196 1401 pro
235 1331 419 1384 viribus
458 1332 819 1384 accuratissime
858 1331 1172 1382 disseremuS.

249 1414 490 1483 Quocirca
519 1416 679 1486 magni
707 1434 736 1466 a
764 1415 903 1467 nobis
934 1417 1010 1466 vir
1037 1414 1118 1466 ille
1146 1416 1225 1479 fit,
1269 1423 1320 1465 ut
1344 1414 1582 1478 diximus,
1625 1423 1821 1483 propter
1849 1413 2015 1464 istius-
2093 1418 2191 1470 cap.

109 1501 234 1552 modi
277 1503 450 1553 famam
490 1519 609 1570 quae
651 1501 708 1552 de
748 1501 829 1552 illo
867 1500 1144 1569 dissipatur.
1221 1499 1311 1550 Est
1355 1499 1481 1550 enim
1524 1499 1622 1550 vita
1664 1498 1791 1549 illius
1837 1497 2014 1566 alioqui
2054 1474 2239 1518 XXXV.

109 1585 273 1655 gravis
318 1595 367 1636 et
403 1586 634 1648 honesta,
691 1603 852 1636 mores
887 1584 1100 1653 egregii,
1156 1584 1257 1653 ipse
1300 1584 1506 1652 denique
1539 1584 1711 1653 populo
1742 1581 2018 1651 cumprimis

109 1670 355 1733 amabiliS,
413 1669 473 1720 ob
503 1669 631 1721 vitae
665 1670 1022 1738 integritatem,
1080 1686 1218 1737 quam
1258 1668 1433 1720 divinis
1469 1685 1636 1719 omnes
1669 1667 1887 1719 laudibus
1915 1666 2018 1718 ubi-

111 1771 202 1823 que
242 1754 539 1823 praedicant.
580 1763 583 1767 '
628 1751 729 1806 Sed
767 1753 982 1804 nonnulli
1022 1763 1211 1816 tamen,
1266 1754 1388 1804 haud
1432 1754 1532 1803 scio
1583 1770 1644 1804 an
1683 1754 1793 1804 odio
1827 1754 1876 1805 in
1911 1745 2017 1805 eum

110 1839 364 1902 commoti,
421 1855 482 1889 an
507 1838 685 1890 invidia
717 1837 914 1908 perciti,
973 1855 1032 1888 an
1065 1838 1269 1905 denique
1303 1855 1393 1889 sua
1424 1847 1473 1888 ut
1499 1838 1546 1887 in
1576 1838 1729 1889 maius
1761 1839 2016 1902 extollant,

109 1924 277 1975 nescio
308 1940 429 1991 quae
457 1940 622 1992 parum
651 1924 861 1974 secunda
892 1923 950 1973 de
978 1923 1060 1972 illo
1088 1924 1212 1972 fama
1241 1931 1542 1991 sparserunt,
1586 1923 1807 1974 nimirum
1835 1942 1928 1974 non
1960 1922 2019 1974 ob

113 2007 395 2059 catholicam
430 2007 573 2058 sidem
602 2007 686 2059 has
712 2007 759 2058 in
792 2007 922 2058 illum
952 2008 1119 2058 turbas
1148 2024 1259 2057 esse
1289 2008 1547 2070 conflataS‚
1588 2008 1672 2058 sed
1705 2008 1764 2058 ob
1791 2008 2022 2059 ecclesia-

112 2093 232 2143 stica
263 2093 494 2161 quaedam
528 2092 721 2160 negotia
751 2109 807 2142 ac
836 2092 1021 2160 iurgia,
1077 2109 1199 2160 quae
1238 2092 1365 2142 inter
1397 2092 1522 2143 hunc
1553 2101 1600 2144 et
1632 2094 1836 2145 clericos
1872 2093 2022 2144 inter-

113 2186 386 2230 cesserunt.
465 2177 594 2229 Tum
631 2179 753 2246 quod
795 2177 1052 2227 nonnullos
1092 2177 1148 2227 ad
1185 2177 1568 2228 communionem
1609 2179 1866 2230 admiserat
1903 2195 2022 2246 quos

113 2262 225 2313 olim
269 2262 326 2312 ab
365 2279 422 2313 ea
447 2262 720 2325 reiecerat,
779 2271 826 2312 et
868 2261 1173 2312 anathemate
1221 2262 1555 2313 damnaverat.
1633 2261 1816 2314 Verum
1851 2279 1910 2313 ue
1951 2262 2023 2312 his

113 2347 305 2416 penitus
339 2348 659 2398 assentiamur
690 2346 945 2416 prohibent
985 2364 1042 2397 ea
1073 2363 1194 2414 quae
1224 2346 1272 2396 in
1301 2346 1452 2415 ipsius
1482 2355 1624 2398 coetu
1655 2365 1709 2399 ac
1743 2346 1948 2398 concilio
1974 2346 2022 2396 in

113 2431 216 2482 dies
244 2432 587 2495 emendantur,
631 2440 707 2494 et,
751 2440 800 2481 ut
826 2440 969 2482 antea
997 2430 1174 2482 dictum
1203 2440 1306 2494 est,
1363 2449 1470 2481 cum
1500 2441 1665 2483 rectae
1695 2431 1808 2482 fidei
1835 2432 2023 2500 profes-

111 2516 249 2567 sione
274 2524 603 2566 consentanea
633 2516 903 2567 traduntur.
975 2515 1080 2567 Hac
1114 2516 1238 2566 enim
1267 2517 1313 2566 in
1345 2525 1510 2583 parte,
1554 2517 1707 2585 quoad
1735 2534 1820 2585 pro
1849 2515 2022 2567 virium

113 2609 385 2651 nostrarum
428 2599 751 2651 imbecillitate
791 2601 1019 2669 consequi
1067 2618 1348 2669 possumuS,
1405 2600 1662 2651 veritatem
1708 2602 1755 2651 in
1802 2600 2023 2651 omnibus

111 2685 323 2735 retinere
354 2684 602 2735 debemuS.
680 2682 927 2752 Siquidem
967 2694 1125 2735 utrum
1156 2685 1204 2735 in
1236 2684 1340 2753 ipso
1372 2685 1608 2736 orationis
1635 2686 1815 2755 impetu
1846 2686 2025 2753 impru-

114 2770 244 2820 denti
284 2768 459 2837 aliquid
489 2768 755 2828 exciderit,
809 2768 987 2836 liquido
1009 2770 1246 2820 affirmare
1275 2787 1368 2820 uon
1396 2771 1628 2834 audeam3
1683 2788 1740 2821 an
1773 2770 1930 2838 potius
1962 2786 2024 2819 ex

114 2855 315 2923 quadam
342 2853 488 2904 animi
520 2852 825 2921 simplicitate
854 2852 1113 2920 prodierit,
1170 2853 1306 2905 novit
1332 2855 1468 2905 deus.
1546 2852 1666 2904 lllud
1697 2854 1884 2922 quidem
1911 2871 2025 2903 con-

114 2948 237 3003 stat,
291 2938 340 2989 in
374 2937 523 3007 ipsius
560 2936 780 2987 oratione
812 2937 904 2987 duo
936 2936 1091 2989 triave
1124 2938 1322 3006 reperiti
1357 2939 1464 2990 loca
1494 2955 1615 3007 quae
1644 2938 2024 3006 reprehensione

114 3041 210 3074 non
241 3030 456 3074 careant.
533 3019 746 3072 Primum
791 3022 915 3089 quod
955 3038 1013 3071 ea
1050 3039 1170 3089 quae
1215 3023 1272 3073 de
1317 3032 1540 3074 creatura
1577 3023 1799 3074 dicuntur
1832 3022 1888 3072 de
1920 3021 2023 3089 ipso

114 3107 191 3158 dei
220 3106 321 3158 filio
351 3124 406 3158 ac
433 3107 491 3157 de
516 3107 620 3158 eius
653 3106 934 3168 divinitate,
986 3106 1064 3157 vel
1095 3106 1413 3174 appellatione
1444 3116 1584 3158 tenus
1618 3106 1870 3174 intelligit,
1924 3113 2022 3155 tum

115 3192 307 3260 quando
343 3191 409 3241 ita
447 3191 682 3260 loquitur:
725 3194 879 3256 Super
913 3193 1211 3255 sapientiam,
1257 3201 1304 3242 et
1342 3192 1383 3242 si
1422 3192 1529 3260 quid
1570 3191 1696 3241 aliud
1735 3198 1827 3240 est.

254 3273 353 3327 Sed
381 3275 476 3326 iam
518 3276 597 3327 ubi
638 3293 790 3343 pauca
830 3275 1065 3325 adversus
1104 3274 1294 3325 illorum
1336 3277 1560 3343 dogmata
1603 3273 2015 3343 proposuerimuS,
2094 3286 2192 3337 Cap.

116 3360 308 3412 missam
337 3360 458 3411 lianc
487 3360 726 3411 haeresim
762 3358 1011 3411 faciemus.
1087 3356 1248 3409 Dicite
1278 3359 1454 3426 igitur,
1514 3360 1716 3409 obsecro
1745 3375 1859 3421 VOS,
1912 3358 2023 3425 quid
2041 3342 2250 3384 XXXVI·

117 3453 368 3514 tantopere
403 3445 655 3495 molestum
686 3444 825 3494 vobis
853 3452 927 3493 est
963 3460 1018 3493 ac
1042 3459 1192 3508 grave
1219 3443 1368 3493 filium
1413 3443 1535 3511 patri
1566 3441 2020 3493 consubstantialem

115 3531 370 3580 asserere?
444 3528 603 3581 Velim
633 3529 722 3579 hoc
752 3528 863 3578 mihi
893 3527 1101 3595 ingenue
1132 3535 1393 3595 aperteque
1426 3527 1689 3590 fateamini,
1731 3535 1782 3577 ut
1808 3543 1896 3578 vos
1928 3545 2024 3578 non

170 3696 210 3738 6.
242 3698 426 3746 Suspicor
454 3695 500 3740 τὸ
529 3696 625 3750 περὶ
653 3696 744 3739 υἱοῦ
770 3702 851 3736 cett.
1093 3696 1254 3733 moverit
1279 3697 1482 3734 Patavium
1511 3699 1552 3734 ut
1577 3707 1657 3736 voc.
1691 3689 1923 3748 ὁμοιούσιον
1958 3697 2025 3736 de-

171 3752 211 3795 7.
241 3751 281 3794 ἐν
310 3752 365 3807 τῇ
395 3754 454 3807 τῷ
485 3756 622 3793 vitium
648 3758 701 3793 est
730 3754 820 3792 edit.
850 3755 983 3792 Petav.
1097 3751 1253 3791 lendum
1282 3752 1485 3802 iudicaret,
1514 3763 1601 3794 cum
1627 3755 1778 3795 uncinis
1805 3754 2023 3795 includeret,

229 3808 550 3849 cmxxxvl.
588 3832 640 3842 --
701 3809 735 3852 1,
778 3810 910 3850 Nescio
948 3807 1042 3862 quid
