2508 4134
291 517 377 554 pag.
395 508 469 544 838.

271 595 382 650 Κεφ.
414 593 466 643 ς’.

301 2918 385 2953 pag.
408 2909 485 2944 839.

495 260 561 311 56
1205 269 1408 312 εΑΝοΤι
1430 270 1712 312 EPIPHANII

1099 481 1293 526 ΤΑΥΤΑ
1323 483 1416 526 AIA
1446 483 1827 527 MAPKEAAOY.

647 583 813 631 Ταῦτα
853 579 941 647 μὲν
979 573 1072 633 οὖν
1106 580 1190 633 καὶ
1223 577 1284 632 τά
1319 586 1521 634 τοιαῦτα
1557 578 1713 647 1μετά
1749 579 1838 649 τὴν
1867 580 2198 652 παρεξήγησιν
2226 589 2325 638 τῶν
2352 585 2422 647 εἰς

497 662 583 724 τοὶς
615 667 898 731 Παροιμίας
937 667 1099 733 ῥητῶν
1147 666 1389 736 γέγραφεν
1439 662 1468 719 ὅ
1503 663 1820 735 Μάρκελλος,
1871 671 2029 719 λαλῶν
2068 688 2118 721 τε
2161 666 2287 722 κατά
2332 674 2422 722 τοῦ

495 754 622 800 θεοῦ
652 746 871 814 άδικίαν,
925 751 1142 819 ἐπαίρων
1178 750 1231 803 δὲ
1259 752 1328 813 εἰς
1353 749 1489 817 ῦψος
1514 748 1568 803 τό
1602 751 1750 820 κέρας
1777 748 1960 815 αὐτοῦ,
2013 750 2275 820 γενόμενος
2297 750 2420 823 ὑπὲρ

496 831 556 885 τά
597 834 721 900 μέσα
755 840 846 887 τοῦ
884 838 1109 903 βιβλίου,
1158 836 1243 888 καὶ
1285 835 1432 888 πάλιν
1468 836 1580 896 θεὶς
1603 832 1849 905 Ἀστερίου
1887 836 1946 891 τά
1974 838 2422 909 λέγονταγρήματα,

481 916 658 981 ’Ἁλλος
687 919 775 987 μὲν
801 917 893 990 γάρ
921 921 1049 974 ἔστιν
1080 917 1111 973 ὅ
1138 919 1297 990 πατὴρ
1326 918 1356 973 ὅ
1380 919 1611 990 γεννήσας
1640 923 1689 984 ἐξ
1715 922 1891 975 ἑαυτοῦ
1919 921 2008 976 τὸν
2032 930 2270 993 μονογενῆ
2307 922 2425 977 2λό--

495 1026 588 1075 γον
628 1006 713 1057 καὶ
749 1003 1069 1072 πρωτότοκον
1108 1004 1271 1073 πάσης
1312 1008 1535 1070 κτίσεως,
1589 1004 1740 1073 μόνος
1781 1006 1961 1075 μόνον,
2015 1007 2192 1071 τέλειος
2227 1009 2423 1074 τέλειον,

497 1088 725 1158 βασιλεῦς
765 1092 991 1157 βασιλέα,
1043 1090 1215 1160 κύριος
1254 1089 1453 1162 κύριον,
1502 1089 1624 1153 θεὸς
1659 1090 1810 1158 θεὸν,
1864 1090 2034 1155 ου’σίας
2058 1114 2109 1146 τε
2133 1095 2218 1147 καὶ
2245 1097 2427 1162 βουλῆς

497 1176 583 1228 καὶ
622 1173 877 1243 δυνάμεως
918 1177 1003 1229 καὶ
1038 1175 1185 1243 δόξης
1221 1174 1595 1247 ἀπαράλλακτον
1629 1175 1820 1229 εἰκόνα·
1870 1181 1982 1241 θεὶς
2018 1172 2111 1233 οῦν
2151 1186 2303 1232 ταῦτα
2342 1181 2427 1233 καὶ

500 1263 828 1331 δυςχεραίνων
857 1260 984 1330 πρὸς
1010 1259 1101 1328 τὴν
1131 1260 1300 1314 εἰκόνα
1328 1260 1417 1329 τῆν
1439 1259 1836 1332 ἀπαράλλακτον,
1879 1265 2096 1317 τουτέστι
2124 1263 2177 1318 τό
2212 1266 2427 1318 ἔκτυπον
2499 1268 2508 1284 “

498 1347 582 1399 καὶ
608 1347 779 1415 τρανὲς
807 1349 1064 1416 ἐκμαγεῖον
1090 1352 1179 1399 τοῦ
1208 1352 1333 1400 θεοῦ
1358 1352 1445 1413 τῆς
1473 1344 1669 1411 οὐσίας,
1707 1349 1791 1399 καὶ
1816 1353 1914 1401 τῶν
1942 1349 2078 1416 ἑξῆς,
2115 1347 2313 1417 φαύλην
2341 1372 2428 1403 κα-

498 1437 598 1484 λῶν
636 1430 726 1498 τήν
766 1429 1025 1499 ὖπόληψιν
1068 1430 1252 1499 ταύτην
1297 1430 1650 1485 3εἶπισυνάπτει
1692 1430 1780 1499 τῆν
1822 1434 2169 1503 δυςαρέστησιν
2211 1431 2426 1500 4αὖτοῦ,

499 1515 709 1587 γράφων
736 1510 853 1570 ὦδε·
916 1522 1079 1578 Ταῦτα
1105 1515 1164 1570 τά
1197 1516 1389 1586 ῥήματα
1419 1522 1595 1582 σαφῶς
1625 1514 1713 1584 τῆν
1740 1517 1916 1571 ἑαυτοῦ
1951 1520 2147 1588 φαύλην
2177 1521 2290 1590 περὶ
2313 1519 2430 1573 θεό-

497 1623 643 1669 τητος
671 1603 844 1671 ἐλέγχει
870 1601 1034 1665 δόξαν.
1091 1607 1211 1664 Πῶς
1237 1600 1330 1672 γάρ
1360 1600 1390 1656 ὅ
1412 1600 1586 1670 κύριος
1612 1601 1693 1654 καὶ
1722 1600 1845 1664 θεός
1868 1606 2141 1672 γεννηθεὶς,
2181 1601 2249 1666 οἷς
2279 1603 2430 1668 αῦτὸς

500 1684 767 1756 προλαβών
796 1689 912 1754 ἔφη,
948 1687 1151 1740 δύναται
1184 1689 1253 1740 ἔτι
1282 1685 1428 1740 εἰκῶν
1453 1692 1581 1741 θεοῦ
1607 1684 1756 1752 εἶναι,
1796 1689 1961 1759 ἕτερον
1989 1688 2084 1759 γάρ
2111 1695 2239 1743 θεοῦ
2267 1685 2429 1756 εἰκῶν,

499 1773 578 1824 καὶ
614 1773 777 1840 ἕτερον
804 1770 938 1834 θεός.
997 1771 1147 1835 ”Ώςτε
1176 1776 1221 1826 εἰ
1246 1773 1333 1840 μὲν
1365 1771 1537 1838 εἰκῶν,
1576 1771 1637 1826 οὐ
1670 1771 1869 1842 κύριος,
1909 1770 2025 1827 οὐδὲ
2054 1773 2199 1840 θεός,-
2237 1772 2336 1828 ἆλλ’
2365 1777 2430 1828 εἰ·

496 1855 601 1910 κῶν
629 1860 804 1926 κυρίου
832 1858 915 1910 καὶ
946 1864 1087 1911 θεοῦ.
1162 1861 1234 1910 Εἰ
1268 1859 1319 1911 δὲ
1354 1856 1526 1929 κύριος
1560 1855 1739 1923 ὅντως,
1778 1859 1863 1911 καὶ
1896 1857 2017 1921 θεὸς
2047 1858 2227 1924 ὅντως,
2265 1859 2431 1915 οὐκέτι

501 1940 531 1996 ὅ
554 1941 726 2011 κύριος
757 1944 840 1995 καὶ
877 1940 1000 2005 θεὸς
1037 1941 1183 1996 εἰκῶν
1210 1948 1387 2013 κυρίου
1423 1945 1509 1997 καὶ
1544 1949 1673 1996 θεοῦ
1710 1940 1834 1996 εἶναι
1871 1942 2090 1998 δύναται.
2164 1946 2264 1998 Καὶ
2293 1946 2430 2013 ἑξῆς·

509 2027 670 2081 Οὐδὲν
699 2021 790 2081 οὖν
820 2025 972 2081 αὐτόν
1005 2022 1074 2082 ῶν
1100 2037 1353 2099 προεῖπον·
1369 2026 1496 2082 εἶναι
1524 2028 1769 2096 βούλεται·
1810 2027 2009 2091 πάντως
2034 2028 2125 2100 γάρ
2153 2029 2340 2084 τούτων
2370 2033 2433 2084 εἰ-

502 2111 628 2166 κόνα
653 2111 805 2168 αὐτόν
831 2110 955 2167 εἶναι
989 2115 1127 2184 λέγει.
1208 2114 1408 2168 Οὐκοῦν
1447 2117 1491 2167 εἰ
1525 2114 1700 2176 οὐσίας
1736 2115 1868 2167 ἐστὶν
1905 2112 2080 2180 εἰκῶν,
2135 2115 2195 2169 οὗ
2227 2115 2434 2169 δύναται

501 2196 769 2252 αὖτοουσία
799 2196 948 2252 εἶναι·
996 2201 1081 2252 καὶ
1115 2202 1160 2251 εἰ
1192 2203 1375 2267 βουλῆς
1411 2202 1540 2253 ἐστιν
1581 2197 1755 2264 εἰκῶν,
1805 2198 1969 2252 οὐκέτι
2003 2197 2281 2268 αῦτοβουλῆ
2309 2197 2435 2254 εἶναι

503 2283 731 2336 δύναται·
784 2285 868 2337 καὶ
895 2286 941 2336 εἰ
968 2285 1225 2352 δυνάμεως
1250 2283 1414 2348 εἰκῶν,
1452 2282 1616 2338 οὐκέτι
1643 2283 1873 2351 δύναμις·
1911 2286 1996 2338 καὶ
2025 2287 2069 2337 εἰ
2091 2283 2240 2353 δόξης
2269 2283 2431 2357 εἰκῶν,

505 2368 674 2422 οὐκέτι
711 2367 843 2432 δόξα.
916 2366 979 2420 Ἡ
1007 2367 1100 2439 γάρ
1139 2369 1314 2435 εἰκῶν,
1353 2368 1442 2438 οὔχ
1479 2372 1682 2438 ἑαυτῆς,
1722 2367 1821 2423 ἀλλ’
1858 2371 2026 2440 ἑτέρου
2062 2369 2194 2433 τινός
2230 2372 2343 2424 ἐστι.

656 2460 821 2507 Ταῦτα
861 2454 914 2507 δὲ
950 2453 1038 2519 σύ,
1092 2454 1378 2524 Μάρκελλε,
1434 2453 1493 2507 τά
1538 2454 1772 2525 1ῤ’ήματα
1809 2453 2050 2525 πρότερον
2087 2457 2343 2519 ἐπαινέσας
2380 2458 2433 2510 έν

502 2537 626 2612 άρχῇ
653 2545 743 2592 τοῦ
779 2543 999 2607 βιβλίου,
1049 2546 1142 2592 νῦν
1179 2541 1232 2593 δὲ
1263 2538 1600 2610 ἆρνησάμενος
1633 2539 1720 2594 τδν
1755 2538 1880 2594 θεὸν
1901 2542 1966 2614 ιἐκ
1991 2546 2119 2594 θεοῦ
2144 2543 2289 2612 λόγον
2316 2541 2433 2596 ὄντα

503 2623 589 2678 τόν
625 2623 764 2690 υἷὸν,
815 2626 900 2677 καὶ
939 2623 1095 2692 μόνον
1134 2627 1188 2679 έκ
1221 2625 1406 2693 μόνου,
1458 2628 1544 2680 καὶ
1576 2628 1757 2680 τέλειον
1795 2628 1849 2679 έκ
1885 2629 2092 2691 τελείου,
2141 2633 2316 2694 σαφῶς
2343 2626 2432 2696 τήν

503 2709 702 2778 φαύλην
730 2729 822 2763 σου
847 2712 961 2780 περὶ
986 2709 1226 2778 θεότητος
1253 2709 1454 2782 ῆλεγξας
1485 2711 1646 2775 δόξαν.
1729 2717 1828 2765 Τοῦ
1853 2709 1945 2781 γάρ
1975 2713 2209 2779 βασιλέως
2237 2718 2323 2766 τοῦ
2352 2734 2432 2781 με·

503 2794 657 2867 γάλου
682 2794 771 2863 τὴν
803 2795 969 2849 εἰκόνα
994 2794 1159 2866 λαβών
1190 2796 1343 2870 ἆζωΐα
1381 2799 1468 2850 καὶ
1504 2796 1768 2865 ἀθεότητι,
1824 2796 2041 2869 ἀβουλίᾳ
2058 2798 2219 2849 τεκαὶ
2250 2795 2431 2851 άδυνα-

511 2886 624 2955 μία,
673 2884 758 2935 καὶ
791 2879 988 2954 ἀδοξίᾳ,
1039 2883 1123 2934 καὶ
1158 2887 1226 2954 τῷ
1265 2880 1508 2955 άνουσίῳ,
1564 2885 1891 2951 ἐκτετμῆσθαι
1927 2880 2018 2949 τὴν
2055 2879 2259 2934 άνοσίαν
2285 2881 2429 2949 ῶφει·

503 2975 583 3030 λες
619 2973 858 3038 γλῶτταν,
899 2965 1050 3020 εἰπών
1078 2970 1211 3036 ῥῆμα
1242 2970 1311 3029 εἰς
1348 2967 1585 3038 2κύριον,
1634 2970 1717 3021 καὶ
1749 2966 2029 3034 τελευτήσας
2056 2969 2125 3029 εἰς
2153 2965 2320 3035 ψυχὴν
2347 2966 2428 3022 οῦ-

501 3075 598 3116 τως
640 3051 960 3121 άσεβήσασαν.
1043 3052 1145 3120 Τῆν
1181 3051 1273 3123 γάρ
1311 3052 1479 3107 εἰκόνα
1515 3060 1604 3107 τοῦ
1639 3059 1765 3106 θεοῦ
1802 3050 1954 3125 άζωΐᾳ
1979 3050 2291 3122 περιγράψας
2318 3050 2432 3106 οῦτε

503 3139 704 3207 κύριον,
743 3137 855 3193 οὔτε
888 3136 1034 3202 θεόν,
1075 3136 1166 3191 οὐκ
1203 3136 1377 3191 οὐσίαν
1390 3181 1404 3204 ,
1454 3137 1514 3192 οὕ
1550 3137 1764 3207 βουλὴν,
1801 3136 1862 3190 οὐ
1901 3135 2136 3204 δύναμιν,
2193 3135 2254 3190 οὗ
2282 3136 2432 3201 δόξαν

504 3223 629 3278 εἶναι
664 3223 874 3293 ταύτην,
925 3222 1116 3277 τούτων
1155 3223 1208 3277 δὲ
1237 3223 1471 3291 ἀκίνητον
1501 3223 1666 3277 εἰκόνα
1698 3220 1823 3276 εἶναι
1849 3223 2010 3285 θέλεις
2041 3220 2224 3290 αὐτὴν,
2279 3224 2431 3277 οἱονεὶ

505 3308 700 3378 ἄψυχον
748 3312 832 3364 καὶ
875 3308 1032 3374 ἔζωον
1079 3310 1170 3372 ἔξω
1219 3311 1504 3363 ἐκτεθεῖσαν
1554 3307 1710 3376 αὐτὴν
1754 3306 1958 3361 ποιῶνῤ
2016 3309 2116 3361 Καὶ
2161 3305 2431 3371 θῶςαύτως

562 3468 660 3509 cst.
687 3470 757 3509 VI.
789 3492 845 3500 —
905 3468 939 3510 1.
972 3466 1076 3523 μετὰ
1103 3480 1176 3509 om.
1200 3471 1242 3509 in
1270 3470 1329 3509 ed.
1361 3470 1438 3510 Pe·
1549 3465 1588 3510 4.
1620 3463 1746 3510 αὐτοῦ
1778 3468 1889 3508 codd.
1925 3479 2017 3508 mss.
2046 3471 2081 3507 et
2108 3468 2166 3508 ed.
2196 3470 2320 3518 princ.

503 3529 581 3566 ιαυ.
617 3528 745 3566 Coton.
773 3530 890 3576 repet.
1554 3525 1650 3566 CAP.
1674 3525 1766 3563 Vn.
1795 3547 1850 3553 —
1909 3523 1943 3564 1.
1986 3525 2107 3575 Vulyo
2136 3528 2242 3564 extat
2272 3521 2325 3567 τὰ
2354 3522 2429 3578 ῤ’-

560 3581 599 3620 2.
634 3582 831 3629 „Placeat
870 3581 1044 3622 forsitan
1077 3579 1236 3636 Ξτεὸν,“
1285 3584 1439 3633 scripsit
1496 3596 1608 3638 ματα
1640 3578 1694 3623 τὰ
1728 3577 1938 3633 πρότερον.
1996 3582 2126 3620 Delevi
2162 3582 2325 3620 alterum
2361 3539 2428 3631 vg,

502 3639 678 3735 Βειίόἷηρ
704 3641 745 3678 in
772 3641 1036 3681 Marcellianis
1060 3652 1101 3690 p.
1124 3639 1192 3680 00.
1206 3669 1219 3691 ,
1263 3642 1329 3680 ubi
1355 3641 1438 3680 edi·
1493 3643 1636 3736 (12:213ss
1671 3639 1773 3688 quod
1804 3639 1972 3677 accrevit
1999 3648 2047 3676 ex
2073 3638 2322 3686 praecedente
2360 3649 2429 3678 ὐο-

507 3696 615 3791 dda„
633 3708 918 3794 ἕτΐισυνάπτειν
954 3755 1089 3793 vitium
1126 3757 1181 3793 est
1209 3754 1269 3794 ed.
1298 3754 1437 3795 Petav.
1499 3709 1589 3795 c“2-
1622 3724 1720 3795 ῒόεόν
1754 3751 1838 3791 cod.
1870 3750 2031 3799 Rhediy.

509 3809 638 3852 Coton.
667 3812 781 3859 repet.
