2508 4134
253 369 352 461 1222ss
382 359 457 449 ⁸3]-

274 1992 384 2049 Κεφ.
408 1990 456 2038 ε’.

478 254 544 303 54
1189 254 1296 295 SAN
1304 253 1393 296 CT!
1420 254 1703 296 EPIPHANH

625 359 696 409 Εἰ
724 360 888 408 τοίνυν
915 352 944 406 ὁ
976 356 1190 421 λίβελλος
1229 343 1374 413 οὗτος
1400 357 1560 418 καλῶς
1585 353 1703 419 ἔχει,
1752 354 1805 404 οἱ
1829 350 2093 419 δυνάμενοι
2121 350 2412 422 ἀναγνώτω-

479 461 596 508 σαν,
635 443 719 494 καὶ
746 443 797 493 οἷ
825 438 1091 505 δυνάμενοι
1118 434 1394 506 ἀκριβῶσαι
1421 434 1482 489 τά
1508 438 1559 490 ἐν
1585 434 1720 508 αὐτῷ
1743 438 1993 505 εἰρημένα·
2034 439 2117 491 καὶ
2146 440 2191 490 εἰ
2215 438 2301 505 μὲν
2326 459 2411 490 κα-

477 533 579 589 κῶς
606 528 722 593 ἔχει,
773 522 915 576 αὐτοὶ
951 523 1348 593 διακρινέτωσαν.
1429 519 1503 575 Οὐ
1543 519 1636 592 γάρ
1673 521 1963 590 βουλόμεθα
2009 524 2170 593 1πέρα
2202 516 2273 576 οἷν
2310 524 2411 577 ἐπι·

480 610 732 677 στάμεθα,
783 611 862 663 καὶ
894 614 992 662 τῶν
1018 611 1087 670 εἰς
1114 607 1247 676 ἡμᾶς
1272 605 1523 660 ἐλθόντων
1559 607 1723 677 λέγειν.
1799 609 1870 659 Εἰ
1895 605 1988 678 γάρ
2019 609 2103 660 καὶ
2133 614 2294 670 καλῶς
2320 609 2416 676 ἔχει

481 694 511 749 ό
540 699 755 763 λίβελλος
785 696 838 748 ἐκ
862 700 950 761 τῆς
978 691 1299 757 ὑποθέσεως,
1336 691 1485 764 ,πάλιν
1515 691 1937 759 διανοηθήσονται
1966 695 2019 745 οἷ
2046 691 2432 762 ἐντυγχάνοντές
2454 678 2467 692 ’

478 801 528 833 τε
557 782 641 832 καὶ
681 777 950 843 ἀκούοντες
991 778 1067 833 ὅτι
1104 776 1198 832 οὐκ
1240 779 1308 839 εἰς
1341 775 1524 844 μάτην,
1581 776 1694 829 οὔτε
1730 779 1799 838 εἰς
1828 777 2100 846 ἀργότητα,
2158 775 2271 831 οὔτε
2311 776 2415 831 κατ’

480 868 672 920 ἐκείνου
704 867 881 936 ἐγίνετο
915 862 1048 937 αὐτῷ
1078 862 1266 934 ἀνάγκη
1290 860 1584 932 ἀπολογίας,
1635 864 1679 914 εἰ
1703 860 1771 929 μὴ
1801 860 1897 930 ἄρα
1925 861 2122 930 ἐξήμεσε
2148 851 2415 933 λόγουςτι-

481 949 573 1013 νάς
602 948 962 1019 ταράσσοντας,
1013 951 1099 1002 καὶ
1143 946 1512 1018 ἀναγκάσαντας
1549 945 1701 1000 αὐτόν
1729 949 1796 1009 εἷς
1828 945 2095 1018 ἀπολογίαν
2125 947 2263 1015 ἥκειν
2302 951 2416 1020 περὶ

482 1042 581 1089 τῶν
610 1033 694 1088 ὕπ’
723 1034 880 1088 αὐτοῦ
907 1036 1187 1104 εἰρημένων.
1263 1035 1537 1100 Συμβαίνει
1570 1030 1664 1102 γάρ
1703 1034 1784 1085 καὶ
1822 1031 1942 1100 μετά
1969 1031 2023 1086 τὸ
2052 1032 2303 1098 ἐσφάλθαι
2329 1032 2416 1087 αὖ-

479 1120 566 1175 τὸν
592 1119 675 1174 διά
701 1126 790 1174 τοῦ
821 1121 1039 1188 λιβέλλου
1077 1116 1639 1189 ὖπεραπολογήσασθαι,
1693 1119 1780 1170 καὶ
1807 1117 1981 1171 ἑαυτὸν
2012 1117 2414 1188 διορθώσασθαι·

480 1206 515 1275 ἢ
541 1206 618 1260 ὅτι
645 1206 733 1274 μὲν
762 1212 830 1278 τῷ
860 1207 1057 1277 λιβέλλῳ
1098 1203 1365 1272 ἐκόσμησεν
1404 1200 1559 1256 αὐτοῦ
1591 1201 1706 1265 τούς
1732 1202 1937 1273 λόγους,
1988 1206 2072 1257 ’ἵνα
2103 1204 2415 1279 παρακρύψῃ

480 1290 539 1346 τά
570 1289 655 1345 ὕπ’
693 1289 847 1344 αὐτοῦ
872 1291 1118 1359 ρηθέντα,
1168 1292 1251 1342 ἵνα
1290 1286 1358 1357 μὴ
1387 1289 1568 1362 ἐκπέσῃ
1611 1287 1691 1341 διά
1718 1294 1806 1355 τῆς
1833 1291 2168 1358 καθαιρέσεως
2190 1296 2282 1343 τοῦ
2311 1312 2414 1344 κοι-

481 1382 573 1431 νοῦ
619 1380 716 1429 τῶν
766 1374 1049 1429 ἐπισκόπων
1096 1373 1333 1444 συλλόγου
1370 1394 1420 1425 τε
1456 1375 1540 1426 καὶ
1576 1379 1666 1425 τοῦ
1701 1372 1925 1435 κανόνος.
1984 1374 2159 1442 ΓὈμως
2205 1374 2265 1428 τά
2302 1378 2416 1446 περὶ

482 1463 780 1532 Μαρκέλλου
826 1463 894 1523 εἷς
937 1458 1070 1528 ἡμᾶς
1109 1460 1316 1514 ἐλθόντα
1356 1465 1521 1511 ταῦτα.
1592 1456 1810 1527 Ἠρόμην
1853 1459 1906 1512 δὲ
1941 1459 2094 1523 αὐτὸς
2130 1461 2223 1531 ἐγώ
2258 1461 2416 1536 χρόνῳ

480 1549 575 1601 τινὶ
615 1545 701 1600 τόν
737 1549 1008 1615 μακαρίτην
1048 1545 1220 1598 πάπαν
1252 1542 1563 1597 Ἀθανάσιον
1603 1545 1716 1613 περὶ
1755 1544 1935 1598 τούτου
1971 1551 2061 1599 τοῦ
2100 1549 2415 1615 Μαρκέλλου,

480 1638 588 1694 πῶς
624 1631 684 1684 ἂν
712 1633 812 1698 ἔχοι
849 1633 959 1699 περὶ
1002 1627 1167 1684 αὐτοῦ.
1241 1627 1296 1681 Ὁ
1332 1630 1383 1682 δὲ
1421 1626 1533 1681 οὔτε
1568 1626 2064 1700 ὖπεραπελογήσατο,
2119 1630 2232 1685 οὔτε
2269 1631 2418 1686 πάλιν

485 1716 612 1786 πρός
638 1714 789 1770 αὐτόν
827 1714 1058 1784 ἀπεχθῶς
1093 1713 1305 1783 ἠνέχθη,
1345 1712 1499 1781 μόνον
1534 1714 1587 1767 δὲ
1618 1712 1699 1767 διά
1732 1720 1825 1767 τοῦ
1863 1716 2134 1785 προςοόπου
2163 1717 2418 1786 μειδιάσας

484 1801 736 1871 ὑπέφηνε,
776 1804 1052 1871 μοχθηρίας
1088 1798 1155 1868 μὴ
1194 1798 1388 1868 μακράν
1425 1796 1578 1853 αὐτόν
1614 1797 1766 1863 εἶναι,
1822 1803 1902 1854 καὶ
1944 1799 2012 1865 αἷς
2049 1802 2418 1873 ἀπολογησάμε-

488 1910 574 1942 νον
611 1886 718 1957 εἶχε.

627 1972 1003 2042 Παραθήσομαι
1026 1972 1080 2024 δὲ
1107 1970 1249 2023 ἅτινά
1278 1991 1401 2033 τινες
1434 1976 1448 2006 ¹
1475 1969 1701 2041 εὑρόντες
1727 1972 1779 2025 ἐν
1802 1979 1906 2034 τοῖς
1932 1970 2086 2026 αὐτοῦ
2116 1975 2418 2042 Μαρκέλλου

484 2058 843 2129 συντάγμασιν,
882 2057 914 2110 ἃ
942 2055 1101 2111 ἐδόκει
1132 2055 1408 2124 ἐπιλήψιμα
1446 2055 1616 2118 αὐτοῖς
1653 2061 1947 2123 φαίνεσθαι,
1985 2056 2112 2127 πρὸς
2137 2058 2196 2112 ὃν
2223 2056 2415 2114 ἀποτει-

483 2143 681 2212 νόμενοι
710 2146 794 2197 καὶ
823 2142 969 2195 αὐτοὶ
997 2142 1388 2204 ἀντισυνέταξαν.
1466 2137 1627 2194 ²‘Ynd
1659 2142 1710 2194 δὲ
1741 2140 1896 2196 ἄλλων
1932 2145 2079 2196 πάλιν
2107 2142 2190 2197 διά
2218 2143 2274 2198 τό
2303 2144 2420 2209 τούς

491 2236 513 2267 ³
536 2227 910 2292 ἀντισυντάξας,
966 2226 1173 2295 ὕστερον
1212 2229 1277 2288 εἷς
1310 2223 1423 2279 ἄλλο
1454 2227 1721 2296 τραπέντας
1758 2229 1951 2298 ἐλέγχου
1979 2228 2146 2300 χάριν,
2203 2229 2264 2283 τά
2289 2230 2420 2285 ἀντι-

485 2315 819 2382 συνταχθέντα
856 2309 941 2366 ὕπ’
979 2310 1145 2364 αὐτῶν
1190 2310 1575 2381 προβαλλόμενοι
1615 2314 1887 2378 ἐδείκνυον,
1942 2315 2025 2367 καὶ
2065 2317 2115 2368 ἐν
2141 2322 2245 2378 τοῖς
2278 2323 2423 2383 σφῶν

487 2398 654 2453 αὐτῶν
681 2398 980 2468 συντάγμασι
1009 2394 1132 2450 κατά
1157 2395 1244 2458 τοὶς
1277 2397 1579 2467 4γενομένας
1617 2399 1873 2467 διαιρέσεις
1901 2398 2146 2468 ἀναμέσον
2173 2408 2272 2454 τῶν
2309 2405 2421 2470 περὶ

479 2483 712 2539 Ἀκάκιον
764 2485 847 2537 καὶ
892 2486 1142 2535 Βασίλειον
1189 2480 1276 2535 τόν
1316 2480 1537 2549 Γαλάτην
1572 2484 1657 2535 καὶ
1698 2482 1944 2555 Γεώργιον
1988 2484 2074 2539 τὸν
2122 2490 2422 2550 Λαοδικείας

485 2568 780 2638 ἐποιήσαντο
818 2568 946 2638 πρὸς
992 2570 1183 2637 ἔλεγχον
1227 2573 1316 2620 τοῦ
1354 2565 1508 2621 αὐτοῦ
1539 2565 1786 2622 Ἀκακίου.
1866 2564 2026 2633 Οὗτος
2061 2570 2153 2642 γάρ
2181 2566 2292 2640 ἦνό
2318 2571 2416 2627 ἀπό

485 2662 576 2710 τοῦ
618 2655 916 2725 Μαρκέλλου
953 2651 1304 2722 συνταγμάτων
1341 2650 1466 2705 κατά
1498 2656 1796 2724 Μαρκέλλου
1834 2655 2009 2722 εἰπών,
2060 2660 2143 2709 ’ἵνα
2181 2660 2230 2711 ἐν
2268 2663 2419 2712 πᾶσιν

483 2738 624 2809 ἡμεῖς
659 2746 747 2807 τῆς
787 2738 1027 2806 ἀληθείας
1062 2739 1213 2805 μηδὲν
1251 2742 1640 2807 παραλείψαντες
1682 2743 1913 2809 δείξωμεν
1944 2742 2018 2796 ὅτι
2059 2741 2171 2796 οὔτε
2208 2742 2417 2812 ἀπευχό-

485 2834 617 2895 μεθα
643 2824 703 2878 τά
731 2822 855 2894 πρὸς
884 2822 1184 2892 διόρθωσιν,
1241 2822 1355 2877 οὔτε
1391 2833 1639 2878 συναινεῖν
1673 2825 1962 2894 βουλόμεθα
1988 2835 2092 2890 τοῖς
2121 2850 2162 2880 τι
2195 2827 2329 2896 παρά
2359 2828 2413 2883 τό

485 2909 731 2979 ἀληθινόν
768 2913 1075 2979 ἐπιχειροῦσι.
1152 2911 1253 2962 Καὶ
1290 2911 1390 2963 ἔστι
1425 2915 1578 2962 ταῦτα
1617 2913 1670 2964 ἐκ
1707 2917 1796 2979 τῆς
1830 2910 2060 2966 Ἀκακίου
2098 2911 2224 2984 πρὸς
2263 2913 2413 2984 Μάρ-

485 3004 653 3051 κελλον
692 2994 966 3066 ἀντιλογίας
1001 2993 1131 3047 τάδε.

545 3170 641 3212 ΠΛΡ.
671 3169 742 3211 IV.
772 3191 827 3200 —
870 3168 907 3210 1.
937 3166 1043 3222 πέρα
1067 3170 1178 3209 codd.
1207 3180 1298 3209 mss.
1320 3173 1422 3209 uter·
1477 3178 1622 3224 ruptus
1643 3175 1668 3194 “
1713 3171 1899 3220 Suspicor
1924 3172 2120 3221 scripsisse
2145 3173 2411 3222 Epiphaniam

485 3241 569 3279 que.
628 3230 675 3268 Et
719 3228 931 3268 Carnarius
973 3225 1077 3265 ultra
1114 3228 1237 3266 vertit.
1307 3223 1420 3279 παρὰ
1476 3222 1582 3270 Ὑπὸ
1623 3226 1670 3271 δὲ
1709 3221 1843 3269 ἄλλων
1881 3225 2021 3275 πάλιν,
2068 3225 2138 3270 διὰ
2176 3225 2223 3270 τὸ
2258 3224 2412 3278 αὐτοὺς

487 3286 593 3325 editi.
1230 3330 1248 3339 κ
1475 3279 1786 3334 ἀντισυντάξαι,
1830 3278 2001 3336 ὕστερον
2028 3282 2087 3332 εἰς
2113 3278 2212 3326 ἄλλο
2237 3285 2410 3339 τραπέν-

544 3340 642 3380 CAP.
673 3341 722 3381 V.
751 3363 807 3371 —
884 3338 919 3380 1.
972 3340 1156 3389 Suspicor
1199 3338 1317 3391 εὖρον
1359 3342 1420 3380 vel
1474 3354 1544 3387 τες
1570 3341 1680 3387 κτλ.,
1724 3342 1760 3380 h.
1786 3353 1819 3380 e.
1881 3339 1940 3379 Ab
1967 3339 2055 3379 aliis
2092 3349 2252 3390 autem,
2297 3341 2410 3396 quod

489 3387 603 3449 εὗρον
630 3396 738 3446 τέως
761 3398 1048 3438 rescribendum
1075 3408 1153 3437 esse
1175 3408 1249 3447 pro
1278 3392 1419 3450 εὗρόν·
1475 3407 1592 3436 erant
1617 3404 1758 3437 contra
1785 3396 1899 3435 illum
1926 3397 2203 3445 commentati,
2233 3397 2275 3438 in
2303 3412 2408 3439 con-

487 3466 570 3500 τες.
1473 3453 1617 3494 trarias
1647 3461 1783 3507 partes
1816 3452 1982 3492 deducti
2007 3468 2143 3494 rursus
2170 3469 2274 3509 quae
2301 3468 2406 3496 con-

545 3514 583 3548 2.
616 3512 797 3551 Petavius
815 3513 856 3549 in
875 3522 999 3561 mar-9.
1024 3511 1227 3550 annotavit
1253 3509 1328 3561 ‚,F.
1347 3503 1418 3551 ἅλ-
1476 3518 1540 3550 tra
1585 3509 1823 3550 Marcellum
1857 3510 2106 3563 scripserant
2145 3511 2407 3565 protulerunt

491 3566 551 3608 λοι
576 3563 624 3609 δὲ
650 3563 769 3610 πάλιν
796 3564 866 3610 διὰ
892 3563 999 3615 τοὺς.
1058 3567 1192 3607 Locus
1221 3565 1289 3606 hic
1317 3580 1414 3607 cor-
1471 3574 1514 3608 et
1543 3566 1837 3617 ostenderunt,
1869 3573 1910 3606 et
1935 3581 2025 3607 cum
2051 3566 2273 3609 divisiones
2294 3570 2402 3609 Aca-
