2508 4134
292 274 560 315 ADDENDA
589 274 663 315 ET
692 270 1064 314 coRRmENDA.
1121 274 1262 316 ToMI
1291 270 1501 315 Pmoms
1532 275 1665 315 PARS
1693 274 1867 316 PmoR.
1936 263 2035 315 593

137 370 291 428 βίβλοις
314 372 420 413 Ven.
446 393 504 404 ——-
556 370 584 412 1.
610 371 672 414 13.
700 372 814 412 Pone
853 378 1050 425 punctum
1093 379 1189 425 post
1233 371 1397 415 ἔνεστιν.
1426 396 1480 403 -
1539 372 1566 412 1.
1594 369 1655 414 14.
1685 367 1819 422 οὕτως
1847 374 1950 414 Ven.
1985 396 2038 403 -

135 440 162 480 l.
187 442 249 482 15.
282 439 472 495 μητέρων
501 442 603 483 ven.
633 448 676 481 et
699 439 930 481 Chronicon
959 439 1099 480 Pasch.
1132 455 1222 495 pag.
1241 442 1321 491 23„
1353 442 1394 482 in
1426 457 1505 497 quo
1531 442 1633 483 haec
1663 451 1855 498 excerpta
1883 443 2032 497 legun-

133 518 223 560 tur,
250 518 418 550 auctore
444 525 528 552 non
558 510 784 551 nominato.
814 533 864 541 -
922 509 947 550 l.
975 508 1038 551 16.
1069 501 1193 552 αὗται
1222 511 1265 552 αἱ
1293 512 1453 564 πρῶται
1481 513 1583 552 ven.
1617 535 1664 543 ——-
1722 512 1750 552 l.
1780 512 1842 554 19.
1875 516 2038 567 γενεαῖς

134 580 238 621 Ven.
268 603 319 610 —
376 579 404 621 l.
421 580 490 621 25.
515 576 673 635 Ῥαγαῦ
703 581 807 621 Ven.
838 602 887 610 --
946 578 973 619 l.
995 578 1062 622 27.
1090 580 1193 620 Ven.
1225 578 1352 623 ἔθεσι.
1383 605 1437 612 -
1493 581 1520 622 l.
1545 580 1612 623 29.
1642 581 1777 623 Verba
1806 579 2035 636 ἐναρξάμε-

134 664 200 698 νος
227 646 298 693 διά
325 664 388 692 τοι
414 650 491 702 τῆς
521 648 837 703 εἰδωλολατρίας
864 647 1012 689 absunt
1042 663 1065 689 a
1094 650 1198 689 Ven.

243 719 374 775 Pag-
403 719 492 763 18.
547 719 573 759 l.
589 720 628 761 2.
658 718 700 762 ἐν
729 718 807 775 βίῳ
831 719 937 760 ven.
964 742 1019 750 ——-
1073 718 1101 759 l.
1121 717 1162 760 6.
1192 720 1426 773 κεραμικῆς
1454 720 1580 760 habet
1605 721 1729 761 etiam
1749 722 1843 762 cod.
1866 723 1964 763 Ven.
1989 744 2039 753 -

134 788 162 828 l.
188 784 227 829 9.
257 783 391 837 οὕτως
417 790 520 829 ven.
549 812 602 820 —
661 788 761 830 lbid.
791 786 1005 843 Αἰγύπτιοί
1027 802 1074 831 τε
1105 790 1209 830 Ven.
1240 813 1292 820 —
1349 789 1376 829 l.
1407 789 1466 831 10.
1496 787 1655 844 ταύτης
1680 792 1782 831 Ven.
1818 815 1867 822 -
1924 792 1951 831 1.
1976 792 2043 832 11.

133 854 460 913 οἷγαλματοποιιό
489 873 535 901 τε
560 860 663 900 ven.
692 881 745 891 —
801 856 827 899 l.
861 859 925 902 17.
959 858 1124 914 Corrige
1142 854 1316 912 Ἴωνες,
1358 854 1402 899 ιη
1431 867 1492 899 est
1522 860 1644 900 etiam
1677 860 1718 900 in
1750 862 1853 901 Ven.
1904 855 2042 910 Ἴονες

134 928 276 969 vitium
306 937 367 969 est
397 930 460 970 ed.
489 931 627 970 Petav.
663 928 805 970 Colon.
839 937 969 983 repet.
1004 953 1053 960 -—
1112 929 1139 971 l.
1166 929 1227 971 18.
1255 924 1428 972 Ἰωῦνὰν
1463 930 1563 969 Ven.
1595 952 1650 961 —-
1706 930 1734 970 Ι.
1754 930 1820 972 20.
1865 925 2040 984 μερόπει

133 999 237 1040 Ven.
266 1022 322 1029 —
378 998 405 1039 l.
424 998 491 1040 23.
523 997 595 1040 καὶ
621 996 669 1041 τὸ
711 996 818 1042 κατὰ
847 1000 951 1039 Ven.
981 1023 1034 1032 —
1102 998 1129 1038 1.
1157 997 1224 1039 29.
1258 999 1428 1052 Repone
1459 1013 1507 1038 ex
1538 999 1630 1039 cod.
1659 1002 1760 1041 Ven.
1793 1001 2041 1056 χαρακτῆρα

135 1066 206 1112 διὰ
239 1068 465 1123 περιτομῆς
499 1065 776 1123 κατειληφώς.
802 1091 857 1099 -
914 1069 995 1109 Pro
1024 1068 1192 1124 Μωῦσῇ
1228 1070 1334 1109 Veu.
1371 1068 1496 1108 habet
1535 1069 1725 1112 Μωῦσει.
1785 1070 1866 1109 Sed
1894 1070 2042 1110 nullius

135 1138 225 1178 fere
263 1151 395 1191 neque
423 1137 634 1192 scriptoris
660 1138 808 1192 ipsius,
850 1152 983 1193 neque
1020 1138 1175 1178 librarii
1209 1138 1447 1192 posterioris
1476 1139 1672 1192 temporis
1714 1139 1753 1179 in
1785 1154 1834 1181 eo
1874 1139 2042 1180 nomine

134 1207 379 1248 declinando
421 1215 491 1248 aut
530 1207 747 1248 scribendo
785 1215 850 1248 sat
887 1208 963 1248 sibi
1005 1217 1194 1249 constans
1236 1209 1328 1249 fuit.
1362 1232 1416 1239 —
1483 1208 1588 1251 Ibid.
1618 1205 1670 1252 δι’
1697 1205 1824 1252 αὐτοῦ
1853 1209 2044 1257 δοθέντος

133 1279 237 1320 ven.
269 1301 320 1308 -
376 1277 404 1318 l.
423 1275 490 1320 34.
519 1275 717 1332 ἐπιτιμῶν
755 1291 910 1333 repone
948 1293 1023 1333 pro
1064 1276 1267 1334 ἐπιτεμὼν
1305 1293 1354 1319 ex
1380 1280 1483 1320 Ven.
1515 1302 1568 1309 —
1624 1279 1652 1319 l.
1681 1279 1753 1319 ult.
1784 1276 2045 1333 Πυὲαγόριοι

135 1349 241 1390 Ven.

246 1419 378 1475 Pag.
406 1420 494 1463 20.
534 1418 560 1459 l.
575 1418 614 1460 2.
644 1413 714 1461 ἀπ’
742 1417 848 1462 οἰνοῦ
873 1422 944 1462 δεῖ
960 1417 1072 1474 ἐγκρ.
1103 1419 1204 1460 Ven.
1232 1443 1282 1450 —-
1329 1419 1412 1461 1.3.’
1445 1417 1638 1473 Διώριζεν
1660 1421 1764 1461 ven.
1790 1419 1918 1460 Artic.
1948 1427 2043 1459 ante

136 1482 222 1531 ἅνω
248 1487 379 1528 omitt.
405 1487 514 1528 idem
538 1487 655 1528 liber.
686 1512 739 1519 —
797 1488 824 1530 1.
848 1487 886 1529 4.
920 1485 1187 1532 ὑποκάτωθεν
1215 1487 1372 1543 θνητοὶ,
1404 1504 1493 1543 μετ.
1518 1488 1566 1532 δὲ
1593 1503 1748 1544 repone
1777 1505 1826 1530 ex
1852 1490 1956 1531 Ven.
1990 1513 2043 1521 —-

135 1557 163 1597 l.
182 1556 299 1599 5—6.
329 1557 465 1598 Verba
499 1556 566 1601 ἐπὶ
606 1557 749 1614 χρόνον
772 1574 814 1601 π.
844 1557 876 1601 ἐ.
904 1557 1100 1603 ἐδίδασκε
1126 1573 1208 1599 non
1237 1567 1478 1614 comparent
1506 1560 1547 1599 in
1580 1559 1672 1599 cod.
1705 1562 1808 1601 Ven.
1841 1583 1892 1590 --
1950 1559 1977 1599 l.
2003 1558 2043 1600 6.

137 1624 352 1681 ὠνόμασεν
373 1629 479 1670 Ven.
510 1651 559 1659 -
617 1628 645 1669 l.
661 1626 700 1668 8.
739 1629 910 1683 Repone
936 1626 1132 1685 ὑπάρχειν
1158 1644 1235 1684 pro
1265 1626 1445 1686 ὗπάρχον
1473 1644 1522 1669 ex
1550 1631 1666 1679 ven„
1697 1638 1739 1670 et
1767 1630 1971 1683 Anaceph.
2003 1638 2046 1670 et

136 1700 238 1753 Exp.
263 1698 353 1738 Fid.
376 1713 416 1752 p.
436 1696 554 1740 1088.
584 1722 635 1729 —
692 1697 720 1740 l.
740 1697 780 1740 9.
811 1694 943 1752 αὐτὴν
964 1699 1058 1753 τρία
1079 1701 1180 1740 Ven.
1211 1724 1265 1731 —
1322 1700 1350 1739 l.
1372 1701 1435 1740 12.
1467 1698 1674 1754 σωμάτων
1701 1697 1906 1755 διαφορὰς
1934 1700 2045 1755 (δια-

137 1770 270 1823 φορᾶς
293 1768 414 1821 Ven.)
445 1768 549 1809 Ven.
583 1775 625 1807 et
651 1768 858 1823 Anaceph.
892 1792 942 1799 --
1001 1769 1029 1808 l.
1053 1771 1114 1811 15.
1143 1769 1317 1812 Στοϊκοὶ
1344 1771 1431 1809 Bas.
1469 1779 1510 1810 et
1537 1770 1600 1809 ed.
1626 1771 1766 1810 Petav.
1802 1769 1947 1810 Colon.
1974 1785 2046 1810 re-

137 1846 219 1893 pet.
249 1839 393 1878 venet.
421 1845 462 1878 et
494 1836 557 1878 ed.
586 1838 726 1878 Petav.
755 1838 880 1879 Paris.
918 1839 1072 1879 habent
1109 1839 1306 1883 Στωϊκοὶ.
1337 1864 1390 1871 -
1460 1839 1489 1880 l.
1519 1839 1577 1883 17.
1621 1842 1694 1882 τοῦ
1741 1834 1857 1888 ὄντος
1895 1837 2048 1888 παντὸς

136 1909 237 1948 Ven.
266 1931 322 1939 —-
376 1906 404 1948 l.
430 1906 496 1948 21.
527 1901 707 1960 οἷτόμους
734 1907 806 1950 καὶ
836 1907 929 1963 μέρι
959 1907 1137 1964 σώματα
1166 1911 1266 1950 Ven.
1307 1934 1350 1941 -—-
1408 1910 1434 1950 1.
1464 1910 1532 1952 33.
1567 1911 1664 1964 ἰ’σα,
1707 1910 1819 1965 quod
1852 1924 1902 1950 ex
1931 1914 2047 1951 Ana-

100 1978 106 1988 ‘
138 1977 297 2032 cephal.
328 1975 517 2031 reposui,
547 1976 697 2031 legitur
726 1978 848 2018 etiam
876 1978 918 2019 in
948 1980 1051 2020 Ven.

245 2048 377 2104 Pag.
403 2049 490 2091 22.
545 2046 574 2086 1.
595 2047 633 2090 7.
661 2042 817 2102 ἥθεσεν
855 2050 958 2090 Ven.
988 2072 1043 2079 -—
1099 2049 1126 2089 l.
1155 2049 1221 2092 26.
1252 2044 1506 2106 κολοβιῶνων
1547 2050 1618 2093 καὶ
1656 2050 1728 2092 τοῦ
1771 2051 1889 2093 πλατ.
1932 2052 2046 2091 Voce

135 2115 333 2173 κολοβιών
361 2115 507 2171 Epiph.
533 2116 662 2157 utitur
686 2117 797 2159 haer.
819 2121 883 2172 15,
906 2120 956 2174 1.,
986 2134 1088 2160 voce
1114 2118 1298 2176 κολὸβιον
1323 2120 1434 2160 haer.
1458 2119 1528 2172 69,
1557 2121 1596 2162 3.
1629 2145 1677 2151 --
1713 2120 1741 2160 l.
1760 2120 1827 2162 22.
1858 2119 1924 2169 δὶς
1954 2121 2046 2161 for—

134 2195 242 2228 tasse
270 2186 528 2228 retinendum
558 2202 608 2227 ex
637 2187 730 2228 loco
760 2189 936 2243 gemello
967 2204 1007 2243 p.
1027 2188 1095 2231 34.
1132 2214 1178 2220 --
1251 2187 1364 2231 1.24.
1410 2188 1631 2246 ἐνδελεχὴς
1670 2186 1775 2245 εὐχὴ
1815 2191 1961 2231 venet.
2006 2199 2048 2231 et

137 2257 343 2313 Anaceph.
376 2281 426 2288 —
483 2257 510 2299 l.
528 2258 596 2301 27.
626 2258 832 2302 τουτέστιν
860 2256 1065 2313 σωμάτων
1095 2261 1196 2301 ven.
1228 2284 1280 2291 —
1338 2260 1366 2301 l.
1385 2260 1451 2302 31.
1486 2259 1687 2302 Articulus
1716 2260 1753 2303 οἱ
1789 2269 1885 2301 ante
1906 2256 2047 2316 γῖρμη-

136 2326 347 2382 νευόμενοι
375 2341 456 2367 non
487 2337 698 2382 comparet
729 2329 770 2370 in
801 2331 904 2370 Ven.

258 2398 390 2454 Pag.
417 2398 505 2442 24.
560 2398 588 2440 l.
611 2400 645 2440 1.
676 2398 724 2443 δὲ
758 2409 856 2440 ante
896 2399 1057 2454 μηδένα
1095 2414 1176 2441 om.
1219 2401 1321 2442 Ven.
1363 2425 1419 2432 -
1486 2401 1590 2441 Ibid.
1633 2400 1797 2444 αἰωνίου
1836 2399 2049 2458 τυγχάνειν

138 2470 240 2510 Ven.
271 2492 325 2499 —
381 2467 407 2508 l.
426 2468 465 2510 3.
490 2468 659 2523 Repone
682 2465 895 2524 Ὀσσηνοί.
953 2471 1008 2511 Ηί
1038 2480 1132 2511 sunt
1170 2485 1270 2526 quos
1311 2471 1407 2511 alibi
1448 2463 1684 2521 Ὀσσαίους,
1717 2495 1770 2503 -
1829 2471 1857 2512 l.
1890 2472 2047 2526 penult.

138 2537 234 2592 περὶ
259 2538 331 2580 τοῦ
356 2537 540 2592 Χριστοῦ
568 2537 647 2582 ἐνδ.
675 2540 778 2581 ven.
810 2562 862 2571 —
918 2541 1017 2581 Post
1044 2555 1133 2582 voc.
1161 2537 1358 2596 ὁμολογία
1384 2542 1425 2581 in
1453 2542 1555 2583 ven.
1581 2550 1803 2597 sequuntur
1825 2551 2045 2597 praeterea

139 2609 264 2649 haec:
305 2607 349 2650 αἱ
374 2605 452 2662 πρὸ
481 2608 561 2662 τῆς
587 2608 812 2663 παρουσίας
840 2609 1023 2664 Χριστοῦ
1055 2610 1246 2665 αἱρέσεις.

251 2679 382 2735 Pag.
405 2679 492 2722 26.
545 2678 573 2717 l.
589 2675 627 2719 4.
658 2678 866 2733 Πανάριος
891 2679 1034 2721 vitium
1062 2690 1124 2722 est
1150 2681 1215 2722 ed.
1240 2683 1378 2723 Petav.
1406 2682 1552 2723 Colon.
1578 2690 1707 2738 repet.
1740 2706 1790 2713 —
1850 2683 1876 2723 l.
1905 2684 1943 2728 7.
1970 2685 2051 2738 τῆς

142 2756 238 2790 ante
266 2751 338 2791 τοῦ
369 2745 529 2802 κόσμου
562 2748 679 2788 abest
708 2763 729 2788 a
760 2750 861 2789 Ven.
897 2774 944 2781 -
1003 2750 1030 2790 l.
1052 2751 1092 2793 8.
1124 2748 1170 2794 οὗ
1201 2748 1254 2796 δι’
1285 2751 1465 2806 ἐμαυτοῦ
1495 2754 1598 2793 Ven.

251 2820 383 2876 Pag.
409 2819 496 2863 28.
551 2818 578 2858 l.
606 2818 646 2859 2.
679 2818 769 2858 Alia
799 2819 922 2860 docta
962 2834 1104 2861 manus
1145 2836 1193 2861 ex
1223 2823 1328 2863 Ven.
1356 2823 1569 2864 annotavit
1597 2823 1840 2877 scripturam
1872 2821 2049 2877 ἐφευρέ-

145 2903 269 2944 ματα.
302 2912 356 2920 --
412 2888 442 2929 l.
466 2888 504 2930 3.
537 2889 636 2929 Voc.
668 2884 868 2943 η’δυνῆἓη
898 2890 1013 2930 abest
1042 2905 1065 2930 a
1096 2892 1198 2932 Ven.

253 2960 384 3017 rag.
410 2959 497 3002 30.
552 2958 580 2997 l.
606 2959 654 2999 15
678 2966 722 2998 et
752 2958 814 3001 16.
844 2959 980 3000 Verba
1004 2958 1183 3014 ἑρπετῶν
1211 2976 1269 3015 μ.,
1302 2957 1410 3005 οὕτω
1440 2978 1478 3005 κ.
1506 2960 1585 3018 ἠμ.
1607 2978 1643 3005 τ.
1673 2977 1713 3005 π,
1746 2965 1784 3005 δ.
1811 2963 1892 3015 τῆς
1921 2977 1956 3004 τ.
1982 2977 2049 3017 πρ.

144 3029 425 3070 desiderantur
446 3028 489 3068 in
514 3029 617 3070 Ven.
646 3051 701 3059 —
743 3028 772 3068 l.
792 3029 860 3070 22.
890 3027 941 3072 τοὶ
964 3028 1326 3084 παραπεπτωκότα
1349 3034 1451 3074 ven.
1488 3057 1530 3063 -
1577 3032 1603 3072 l.
1622 3032 1688 3075 32.
1724 3032 1892 3086 Corrige
1916 3030 2049 3089 χρεών

144 3112 221 3154 pro
251 3098 397 3155 χρέων.

254 3171 386 3226 Pag.
412 3170 500 3213 32.
547 3168 574 3211 l.
599 3165 637 3209 4.
671 3168 838 3223 Cor-rige
862 3170 1036 3223 γλῶσσα
1060 3184 1136 3224 pro
1161 3167 1346 3224 γλώσσα.
1374 3173 1476 3213 Ven.
1505 3172 1630 3213 habet
1656 3174 1832 3227 γλῶττα.
1863 3195 1911 3203 -
1943 3172 2050 3214 1.10.

147 3239 195 3284 δὲ
219 3239 431 3294 particula,
460 3252 537 3292 pro
562 3252 640 3292 qua
664 3253 877 3293 perperam
907 3239 1093 3280 Petavius
1120 3241 1334 3294 supposuit
1360 3255 1420 3295 τε,
1450 3241 1599 3295 legitur
1625 3250 1710 3282 tam
1733 3242 1775 3281 in
1799 3243 1902 3283 Ven.
1932 3256 2053 3297 quam

146 3310 189 3350 in
221 3311 308 3349 Bas.
339 3328 393 3341 -—-
448 3308 475 3349 l.
499 3306 561 3349 19.
591 3303 725 3356 οὕτως
751 3309 854 3348 Ven.
888 3333 939 3339 —
997 3309 1025 3348 l.
1052 3306 1107 3350 24
1134 3318 1174 3349 et
1200 3310 1267 3350 25.
1300 3306 1485 3365 οὐδαμοῦ
1512 3326 1535 3351 a
1560 3313 1662 3352 Ven.
1688 3311 1830 3352 abesse
1852 3312 2051 3366 suspicor.

257 3380 388 3436 Pag.
415 3378 502 3423 34.
557 3378 584 3418 l.
602 3379 641 3420 2.
671 3380 771 3419 Voc.
815 3373 1008 3433 ἀρφαξὰδ
1044 3378 1174 3419 altero
1218 3380 1313 3420 loco
1348 3381 1465 3421 abest
1500 3396 1524 3421 a
1554 3383 1656 3421 Ven.
1687 3406 1738 3414 —
1797 3381 1824 3423 l.
1856 3378 1919 3423 14.
1948 3377 2054 3425 οἷλλοὶ

149 3447 290 3505 ἀκροβ.
314 3450 417 3489 Ven.
449 3472 503 3479 —-
553 3447 579 3488 l.
604 3448 664 3490 15.
695 3448 887 3488 Rescribe
910 3444 1021 3504 ᾔδει.
1054 3472 1106 3479 -—
1164 3449 1191 3489 l.
1210 3450 1278 3491 23.
1307 3451 1442 3491 Verba
1466 3465 1510 3493 τε
1535 3450 1607 3493 καὶ
1635 3447 1809 3508 ἀσέβεια
1832 3466 1916 3492 non
1942 3465 2053 3492 com-

148 3527 294 3574 parent
321 3519 364 3559 in
391 3519 495 3560 Ven.
529 3541 580 3549 —-
639 3519 667 3558 1.
690 3517 755 3560 26.
783 3517 966 3572 Πέμπτη
998 3533 1033 3560 τ.
1061 3516 1188 3573 ,γενεὰ
1221 3521 1311 3559 Bas.

259 3589 391 3646 Pag-
418 3590 505 3633 36.
560 3589 588 3629 l.
615 3590 654 3630 5.
683 3588 871 3643 γλώττας
899 3590 1001 3630 ven.
1033 3612 1085 3620 -
1143 3589 1171 3629 l.
1195 3589 1234 3633 7.
1267 3588 1457 3643 μέρωπες
1493 3593 1583 3631 Bas.
1614 3615 1666 3623 —-
1723 3592 1752 3632 l.
1781 3592 1849 3632 25.
1884 3591 2052 3647 Corrige

150 3657 377 3714 γεγένηται.
407 3681 459 3689 -
516 3659 544 3699 l.
569 3658 635 3700 30.
669 3658 836 3713 Corrige
862 3657 1091 3714 γεγένηται.
1122 3682 1176 3690 --
1230 3658 1259 3701 1.
1287 3659 1358 3701 ult.
1388 3660 1520 3701 scribe
1553 3657 1821 3717 Ἐρεὲῑισμόν.
1868 3664 1958 3703 Bas.
1993 3663 2052 3703 le-

151 3728 259 3783 gitur
285 3725 542 3782 ἐρεΞρισμόν.
570 3752 620 3760 -
664 3729 692 3770 l.
716 3728 784 3771 36.
812 3725 843 3783 ἦ
869 3737 964 3769 ante
994 3724 1184 3785 ἀκρίβεια
1210 3729 1323 3769 abest
1348 3745 1371 3770 a
1391 3731 1494 3771 Ven.
1528 3755 1580 3762 —-
1637 3732 1664 3771 l.
1695 3733 1852 3786 penult.
1884 3734 2055 3788 Repone

151 3796 222 3842 τὸν
250 3796 438 3852 Ῥαγαῦ,
466 3794 627 3852 Ῥαγαῦ
656 3797 727 3842 τὸν
757 3797 935 3855 Σερούχ.
968 3800 1069 3841 Ven.
1099 3799 1224 3840 habet
1252 3798 1320 3843 τὸν
1348 3797 1508 3856 Ῥαγαῢ
1538 3800 1606 3846 τὸν
1635 3800 1814 3859 Σερούχ.

239 3865 383 3911 corpus
402 3864 626 3902 Haereseol.
656 3866 704 3902 11.
728 3866 760 3902 3.
1651 3876 1716 3929 38
