2508 4134
607 284 837 326 PANARn
866 284 971 324 Lm.
994 284 1065 323 111.
1094 284 1228 324 ΤοΜ.
1254 286 1285 324 1.
1313 284 1477 324 HAER.
1504 283 1698 324 Lxxw.
1992 267 2091 318 315

196 379 389 437 Etenim
417 400 514 434 non
543 382 689 433 multa
712 390 823 432 sunt
847 380 1181 444 invariabilia‚
1237 382 1320 431 sed
1351 398 1444 432 una
1485 382 1720 432 duntaxat
1759 380 1805 430 in
1839 377 2095 446 singulari-

197 477 294 521 tate
326 467 544 531 trinitas,
586 474 634 517 et
661 483 756 516 una
788 465 837 516 in
873 465 1087 516 trinitate
1119 463 1372 526 divinitas,
1414 482 1440 515 a
1467 483 1558 532 qua
1594 465 1775 533 reliqua
1803 463 1959 514 omnia
1985 479 2095 531 pro-

158 589 160 591 -
197 553 272 604 cul
299 552 494 602 distant.
569 548 744 618 Neque
771 566 891 600 vero
921 557 973 600 ut
1005 548 1270 617 patiantur,
1322 557 1404 598 aut
1426 557 1598 616 agant,
1655 547 1854 598 fortuito
1890 546 2093 615 quodam

197 653 310 687 casu
343 643 601 686 consecuta
627 642 766 697 sunt,
818 649 972 700 neque
1005 640 1316 683 sacrosancta
1343 632 1535 683 trinitas
1568 632 1674 682 dum
1707 632 1807 698 agit
1835 631 1928 700 pati
1964 630 2095 699 quic-

197 720 320 789 piam
356 727 544 789 potest,
600 736 706 770 cum
745 727 842 768 tota
875 716 1082 786 patiendi
1114 732 1321 783 experS‚
1375 724 1424 766 et
1455 716 1699 767 adoranda
1729 716 1816 779 sit,
1875 716 1964 766 hoc
1997 722 2090 777 est,

197 813 334 873 pater
362 812 410 854 et
439 803 562 854 filius
593 811 642 853 et
674 801 869 871 spiritus
910 809 1126 851 sanctus.
1205 797 1392 869 Quippe
1423 801 1539 851 deus
1572 817 1656 868 per
1687 800 1829 850 filium
1871 800 2095 850 universa

197 887 437 952 condidit,
479 885 622 938 filium
652 904 770 938 vero
794 904 890 936 non
924 884 1066 946 fecit,
1122 894 1171 934 ut
1200 885 1278 952 qui
1309 902 1414 935 cum
1444 883 1664 934 omnibus
1707 883 1897 933 minime
1932 900 2097 935 nume-

196 981 349 1024 retur.
428 968 675 1038 Siquidem
703 971 749 1021 in
778 969 938 1037 operis
971 969 1355 1020 communionem
1386 986 1491 1019 cum
1524 978 1658 1037 patre
1698 970 1858 1032 venit,
1913 978 1960 1018 et
1990 985 2095 1018 cum

197 1057 366 1107 eodem
404 1056 652 1107 adoratur.
726 1052 902 1122 Neque
944 1062 1187 1122 postremo
1225 1053 1443 1122 spiritum
1485 1062 1700 1103 sanctum
1745 1051 1958 1114 creavit,
2020 1050 2097 1119 qui

197 1157 258 1191 ne
285 1139 390 1209 ipse
418 1139 605 1208 quidem
650 1139 776 1189 inter
818 1137 977 1188 omnia
1023 1146 1321 1188 numeratur.
1399 1136 1554 1187 Huius
1590 1136 1716 1188 enim
1749 1136 1991 1205 proprium
2024 1145 2098 1186 est

198 1226 535 1276 universorum
585 1223 905 1274 corroborare
951 1222 1209 1285 virtutem3
1268 1223 1392 1272 unde
1422 1230 1470 1272 et
1497 1221 1817 1272 communiter
1853 1221 2095 1271 adoratur.

196 1307 354 1360 Porro
385 1327 490 1359 cum
525 1307 685 1359 omnia
713 1307 801 1358 sub
830 1306 970 1357 unius
1012 1306 1359 1375 providentiam
1399 1305 1959 1372 administrationemque
1990 1304 2101 1355 sub-

196 1394 322 1444 iecta
349 1392 476 1456 sint,
518 1394 738 1443 feruntur
763 1400 1003 1459 aguntque
1032 1391 1249 1459 singula,
1291 1399 1340 1440 et
1368 1407 1489 1458 quae
1519 1408 1546 1441 a
1575 1391 1663 1439 deo
1691 1399 1804 1440 sunt
1825 1389 1980 1440 aliena
2020 1406 2101 1456 pa-

197 1477 399 1528 tiuntur.
477 1475 720 1544 Quocirca
763 1492 854 1526 uua
893 1492 918 1525 a
950 1492 1002 1526 se
1031 1478 1135 1543 ipsa
1176 1475 1364 1526 trinitas
1402 1473 1701 1526 invariabilis
1739 1483 1841 1536 est,
1897 1474 2098 1541 reliqua,

198 1579 324 1630 quae
363 1562 421 1612 ab
464 1560 566 1629 ipsa
610 1560 965 1629 producuntur,
1025 1559 1182 1609 omnia
1228 1560 1505 1622 variantur3
1571 1576 1692 1626 quae
1734 1575 1823 1609 nec
1865 1567 2098 1626 tempore,

198 1663 288 1697 nec
327 1646 613 1696 aeternitate
655 1662 762 1695 cum
802 1644 883 1694 illa
930 1644 1070 1694 simul
1113 1643 1347 1694 existunt.
1427 1642 1543 1694 Sola
1585 1644 1743 1710 itaque
1785 1643 2098 1710 sempiterna,

196 1732 411 1782 increata
438 1739 486 1781 et
510 1729 722 1796 ingenita
751 1737 844 1779 est.
923 1728 997 1778 Ae
1025 1727 1149 1778 filius
1177 1729 1365 1796 quidem
1394 1728 1498 1778 sine
1530 1728 1625 1778 ullo
1655 1737 1870 1796 tempore
1900 1726 2102 1777 initiove

197 1814 388 1884 genitus
416 1814 539 1865 idem
566 1814 625 1863 ab
651 1821 850 1863 aeterno
878 1822 978 1875 est,
1021 1829 1109 1862 nec
1136 1830 1342 1880 unquam
1373 1830 1482 1863 esse
1508 1813 1699 1863 desinit.
1774 1811 2100 1878 Quamobrem

197 1907 336 1951 caute
367 1899 619 1949 admodum
647 1908 811 1962 caput,
871 1914 965 1947 non
995 1900 1174 1946 initium
1197 1900 1307 1963 filii
1333 1906 1514 1965 patrem
1560 1914 1669 1947 3333
1705 1913 1865 1946 sermo
1908 1896 2099 1946 divinus
2125 1920 2353 1966 1.cor.11‚3.

198 1983 417 2047 edocuit,
474 1983 616 2050 idque
664 1990 861 2050 propter
907 1982 1106 2032 eandem
1159 1981 1410 2049 utriusque
1462 1981 1794 2032 substantiam.
1891 1978 2102 2049 Spiritus

199 2085 317 2119 vero
349 2076 546 2119 sanctus
576 2067 899 2135 sempiternus
929 2075 1028 2129 est,
1085 2075 1131 2116 et
1160 2084 1185 2116 a
1213 2076 1350 2135 patre
1381 2066 1585 2131 missuS,
1641 2084 1745 2117 cum
1788 2083 1881 2134 quo
1912 2071 2106 2134 semper

200 2152 395 2215 existit,
438 2168 527 2202 nec
564 2151 623 2201 ab
661 2151 819 2218 aliquo
858 2159 1074 2219 tempore
1113 2168 1224 2202 esse
1263 2151 1438 2219 coepit.

343 2235 476 2286 Aetii
521 2232 679 2304 Caput
723 2233 978 2286 XXXVI.
1072 2233 1125 2286 Si
1167 2236 1442 2303 ingenituS,
1497 2243 1545 2285 et
1582 2235 1699 2285 deus
1747 2252 1831 2303 pro
1874 2252 1971 2285 uno
2023 2251 2105 2285 eo-

203 2321 406 2388 demque
433 2328 709 2383 sumantur,
751 2320 994 2388 ingenitus
1021 2319 1288 2387 ingenitum
1317 2320 1501 2388 genuit.
1581 2317 1667 2371 Sin
1701 2319 1942 2370 diversum
1972 2320 2106 2387 quid-

202 2404 308 2454 dam
347 2404 551 2471 ingeniti
584 2421 641 2454 ac
673 2405 747 2454 dei
789 2405 1024 2455 vocabula
1062 2405 1337 2467 declarant,
1403 2423 1704 2473 nequaquam
1740 2404 1996 2455 absurdum
2033 2412 2108 2454 est.

205 2488 343 2537 deum
375 2505 401 2536 a
433 2488 522 2537 deo
551 2488 763 2554 genitum
795 2506 934 2552 esse,
989 2507 1094 2539 cum
1136 2497 1338 2556 uterque
1370 2489 1428 2539 ab
1461 2490 1676 2558 ingenita
1713 2488 1981 2539 substantia
2012 2489 2107 2539 ori-

202 2572 360 2640 ginem
404 2570 628 2621 traxerit.
706 2570 847 2638 Quod
879 2573 918 2621 si
950 2582 1060 2623 ante
1106 2573 1244 2623 deum
1285 2573 1398 2623 nihil
1441 2573 1637 2623 omnino
1682 2573 1796 2636 fuit,
1853 2582 1906 2623 ut
1934 2590 2107 2623 revera

201 2656 318 2706 nihil
346 2655 536 2717 extitit,
592 2655 708 2705 (leus
739 2664 788 2705 et
817 2655 1082 2722 ingenitum
1121 2656 1247 2706 idem
1282 2658 1420 2725 plane
1451 2658 1753 2725 significant,
1808 2675 1913 2707 cum
1945 2658 2105 2725 genita

200 2740 393 2791 soboles
425 2739 691 2807 ingenitum
724 2757 819 2789 non
849 2740 1085 2790 admittat.
1162 2739 1302 2792 Unde
1336 2760 1441 2793 cum
1478 2743 1567 2792 deo
1597 2759 1652 2792 ac
1689 2751 1820 2811 patre
1848 2739 1935 2792 suo
1965 2741 2105 2792 simul

199 2825 427 2894 appellari
464 2840 573 2874 sese
613 2841 708 2872 non
748 2824 942 2889 patitur.

340 2905 542 2960 Confut.
573 2908 790 2956 XXXVI.
864 2909 898 2956 l.
945 2905 1080 2958 Unde
1105 2910 1292 2959 tandem
1322 2927 1410 2960 nos
1438 2910 1611 2961 Ae‘tius
1641 2910 1772 2960 iubet
1794 2927 1957 2959 earum
1987 2926 2105 2977 quas

199 2993 419 3062 proponit
460 2991 896 3058 interrogationum
936 3009 992 3040 ac
1026 2992 1444 3044 ratiocinationum
1490 3012 1683 3045 sensum
1729 3013 1784 3045 ac
1818 2993 2106 3044 sententiam

197 3077 426 3144 assequi?
497 3075 551 3128 Si
584 3093 647 3126 ex
679 3075 974 3142 argumentis
1019 3085 1068 3125 et
1101 3077 1394 3145 syllogismis
1438 3089 1605 3129 censet
1646 3079 1771 3129 istud
1815 3095 1922 3127 esse
1962 3094 2106 3144 qnae-

198 3162 429 3224 rendum,
483 3160 704 3229 quicquid
739 3160 991 3227 cogitando
1027 3161 1293 3226 quaesitum
1335 3162 1704 3229 indagatumque
1733 3162 1902 3223 fuerit,
1955 3162 2001 3210 in
2037 3161 2108 3210 ni-

198 3245 343 3295 hilum
373 3262 463 3295 una
493 3263 599 3295 cum
629 3246 733 3313 ipso
763 3243 1014 3310 redigitur.
1093 3242 1248 3293 Deum
1275 3245 1400 3295 enim
1432 3247 1588 3296 nullus
1619 3264 1823 3312 unquam
1851 3262 2107 3312 argumen-

198 3330 341 3379 tando
367 3329 769 3397 comprehendet,
825 3344 978 3395 neque
1009 3327 1245 3395 opificium
1277 3328 1434 3396 opifici
1466 3347 1553 3379 suo
1584 3330 1735 3390 dicet,
1793 3333 1912 3392 Quid
1937 3349 2005 3378 me
2033 3334 2098 3379 z‘ta
2116 3353 2224 3392 Rom.
2248 3358 2281 3402 9,
2303 3355 2355 3390 20,

182 3417 385 3482 fecisti?
435 3422 484 3463 ut
521 3415 746 3480 scriptum
778 3421 870 3463 est.
949 3410 1272 3478 Quamobrem
1314 3413 1390 3480 pia
1420 3421 1579 3462 mente
1608 3421 1654 3461 et
1686 3414 1927 3464 innocenti
1965 3431 2104 3464 secu-

197 3498 339 3548 ritate
371 3498 427 3547 ad
453 3497 609 3547 sancti
636 3499 861 3565 spiritus,
914 3513 1034 3564 quae
1065 3512 1149 3563 per
1185 3497 1338 3546 sacris
1376 3498 1541 3546 literas
1570 3498 1807 3563 patefacta
1839 3498 1976 3548 nobis
2006 3508 2099 3561 est,

202 3581 466 3631 doctrinam
508 3583 808 3632 revocandus
852 3590 924 3631 est
967 3580 1175 3630 auimuS.
1252 3578 1342 3631 Ubi
1384 3598 1489 3630 cum
1530 3581 1680 3630 solida
1726 3581 2103 3651 immutabilique

199 3684 356 3730 utroque
385 3681 496 3719 codd.
531 3691 620 3720 mss.
657 3684 690 3719 et
719 3681 806 3719 edit.
837 3682 959 3728 princ.
1180 3680 1407 3729 perioribus.

252 3734 291 3775 3.
320 3733 368 3777 τό
398 3732 475 3787 πρὸ
507 3738 609 3775 abest
639 3737 674 3775 h.
697 3738 721 3775 l.
749 3748 773 3774 a
791 3737 897 3774 libris
921 3739 999 3772 tam
1026 3736 1119 3773 scri-
1232 3732 1271 3774 4.
1302 3736 1432 3784 Supra
1465 3733 1576 3783 ἔστι,
1607 3732 1653 3777 τό
1686 3733 1794 3783 θεὸς.

192 3793 269 3842 ptis
290 3803 406 3842 quam
431 3793 553 3831 editis.
613 3793 798 3842 Supplevi
826 3793 950 3830 locum
980 3791 1026 3829 de
1053 3802 1118 3831 su·
1233 3792 1269 3830 ὃ.
1300 3792 1430 3842 Supra
1452 3788 1505 3835 ,τὸ
1539 3793 1903 3849 συνεκφωνεῖσὲαι.
