2508 4134
424 291 653 334 PANAan
682 291 785 331 ΜΒ.
808 271 888 330 111.
918 291 1054 331 ΤοΜ.
1087 291 1136 331 11.
1165 291 1357 332 EXPOS.
1388 290 1492 330 Ρη).
1526 290 1759 331 cATHoL.
1946 279 2048 329 499

143 409 261 442 vero
289 389 383 459 pati
415 389 532 440 nihil
564 405 725 457 posse.
805 388 879 439 Ad
911 387 1030 437 haec
1062 388 1267 438 animam
1313 389 1447 440 varia
1476 389 1522 438 in
1554 388 1778 438 animalia
1817 388 2045 438 transire.

143 474 260 526 Item
313 473 557 542 discipulis
601 472 701 524 suis
754 471 1108 540 quinquennale
1159 472 1400 522 silentium
1446 473 1704 523 indicebat.
1793 470 2050 522 Postremo

142 560 278 610 deum
321 575 431 608 sese
471 557 719 616 nominare
757 573 903 606 ausus
941 565 1034 606 est.

282 640 642 710 Xenophanes,
697 637 986 692 Orthumeni
1030 640 1182 702 filius,
1238 636 1572 707 Colophonius
1615 657 1641 690 e
1677 650 1808 690 terra
1847 649 1896 690 et
1926 656 2050 707 aqua

145 735 409 795 propagata
438 743 547 775 esse
578 725 700 775 dixit
726 724 913 785 omnia,
970 741 1124 790 neque
1159 723 1408 790 quicquam
1445 723 1491 773 in
1528 724 1621 773 ulla
1655 741 1705 774 re
1736 724 1956 774 veritatis
1981 724 2054 773 in-

143 828 282 874 esse,
340 810 409 860 sic
440 809 674 860 incertum
702 809 1011 876 ignotumque
1046 824 1214 857 verum
1246 824 1375 857 esse.
1455 804 1633 875 Opinio
1671 825 1822 870 vero,
1875 807 2048 875 inquit,

145 895 319 962 ubique
360 902 613 956 versatur,
656 893 939 961 praesertim
980 891 1027 942 in
1068 892 1305 942 obscuris.

283 976 633 1041 Parmenides,
689 975 879 1045 l‘yretis
922 976 1078 1039 filius,
1137 976 1293 1044 patria
1332 973 1562 1038 Eleates,
1618 975 1852 1026 infinitum
1897 975 2056 1026 aiebat

146 1062 360 1114 omnium
400 1079 561 1112 rerum
601 1078 710 1112 esse
751 1060 1053 1129 principium.

287 1145 456 1210 Zeno,
499 1145 726 1208 Eleates,
770 1143 1041 1207 Eristicus,
1085 1144 1189 1194 sive
1222 1141 1602 1208 Contentiosus,
1646 1162 1751 1194 cum
1790 1144 1957 1194 eadem
1988 1143 2057 1193 al-

148 1242 252 1283 tero
293 1250 399 1282 cum
431 1229 634 1281 Zenone
679 1229 950 1290 sentiebat,
1007 1237 1102 1279 tum
1135 1228 1427 1278 immobilem
1461 1245 1570 1278 esse
1603 1237 1814 1290 terram,
1869 1246 1958 1277 nec
1986 1227 2058 1277 in-

148 1334 286 1368 anem
326 1316 470 1366 ullum
515 1331 623 1364 esse
666 1313 840 1364 locum.
919 1312 1053 1380 Ergo
1082 1314 1150 1363 ita
1178 1312 1475 1380 disputabat:
1534 1310 1773 1380 Quicquid
1819 1321 2057 1375 movetur,

149 1410 231 1452 aut
263 1401 310 1450 in
344 1418 401 1450 eo
430 1399 478 1449 in
513 1416 606 1466 quo
638 1406 712 1448 est
740 1398 848 1448 loco
878 1407 1128 1461 movetur,
1171 1397 1326 1446 autin
1361 1415 1454 1464 qno
1490 1415 1584 1446 non
1618 1406 1708 1447 est.
1786 1395 1938 1464 Atqui
1973 1414 2061 1446 nec

154 1487 198 1536 in
240 1503 333 1552 quo
371 1484 499 1534 inest
535 1484 671 1546 loco,
713 1500 803 1533 nec
840 1482 888 1532 in
918 1500 1010 1549 quo
1045 1499 1140 1531 non
1173 1481 1301 1531 inest
1338 1489 1590 1546 movetur,
1633 1481 1749 1531 nihil
1787 1481 1934 1548 igitur
1961 1499 2061 1532 mo-

153 1579 313 1622 vetur.
1237 1556 1245 1567 ⁶

289 1651 552 1715 Melissus,
606 1649 854 1717 lthagenis
886 1651 1038 1714 filius,
1092 1648 1315 1712 Samius,
1371 1668 1515 1700 unum
1551 1668 1659 1702 esse
1688 1650 1853 1701 definit
1880 1651 2060 1713 omnia,

154 1755 308 1806 neque
340 1738 590 1804 quicquain
624 1734 672 1785 in
710 1744 878 1785 natura
913 1752 1022 1786 esse
1052 1744 1281 1786 constans
1315 1744 1397 1785 aut
1426 1745 1706 1803 perpetuum
1729 1774 1741 1798 ,
1784 1736 1868 1786 sed
1903 1736 2064 1786 omnia

153 1823 201 1874 vi
240 1839 350 1872 esse
391 1819 740 1888 corruptibilia.

291 1904 570 1973 Leucippus
597 1901 822 1955 Milesius
852 1902 1093 1971 (Eleatem
1126 1903 1204 1953 alii
1236 1903 1441 1970 faciunt)
1472 1921 1534 1954 ex
1567 1902 1887 1955 Eristicorum
1916 1921 2064 1972 grege

155 1992 436 2041 universum
466 1990 512 2039 in
542 1987 729 2038 infinito
763 1990 949 2039 versari
979 1987 1158 2038 docuit.
1237 1987 1394 2039 Porro
1423 1988 1582 2038 omnia
1617 1990 1717 2039 sola
1758 1989 1921 2057 specie
1966 1988 2066 2056 opi-

159 2076 398 2142 nioneque
439 2082 697 2135 constare,
755 2073 961 2123 veritate
991 2075 1094 2140 ipsa
1122 2072 1265 2135 nihil,
1319 2074 1402 2124 sed
1446 2091 1679 2141 apparere
1708 2073 1771 2124 ita
1811 2074 2064 2136 duntaxat,

158 2159 357 2228 perinde
397 2175 452 2209 ac
490 2175 653 2208 remus
690 2157 738 2207 in
778 2174 948 2224 aquam
988 2158 1257 2207 demersus.

296 2242 638 2305 Democritus,
707 2240 986 2310 Damasippi
1045 2242 1197 2306 filius,
1261 2241 1495 2292 Abderita
1554 2242 1776 2292 mundum
1833 2242 2068 2292 infinitum

159 2328 436 2390 constituit,
496 2345 551 2377 ac
608 2345 752 2395 supra
805 2326 948 2376 inane
999 2327 1176 2394 posuit.
1271 2325 1535 2377 Praeterea
1582 2345 1726 2377 unum
1775 2344 1886 2377 esse
1928 2327 2068 2377 finem

162 2413 401 2474 omnium,
459 2421 505 2461 et
536 2411 683 2469 animi
712 2411 1102 2478 tranquillitatem
1136 2411 1362 2478 optimum
1397 2429 1535 2474 csse,
1594 2412 1785 2462 dolores
1813 2429 1931 2461 vero
1961 2411 2071 2462 mali

161 2497 316 2548 omnis
354 2495 589 2546 terminos
633 2495 859 2546 asseruit.
939 2493 1078 2562 Quod
1124 2495 1299 2546 iustum
1348 2496 1565 2559 videtur,
1627 2513 1922 2563 nequaquam
1964 2512 2074 2546 esse

160 2583 367 2643 iustum,
423 2580 649 2630 iniustum
693 2597 811 2630 vero
854 2588 1054 2629 naturae
1087 2597 1196 2630 esse
1231 2580 1544 2631 contrarium.
1625 2578 1727 2630 Imo
1760 2597 1877 2631 vero
1922 2580 2075 2648 pessi-

162 2684 286 2716 mum
318 2665 564 2715 inventum
596 2664 730 2731 leges
758 2664 1053 2731 appellabat,
1110 2682 1198 2715 nec
1230 2665 1288 2715 iis
1317 2682 1487 2733 parere
1518 2664 1783 2733 sapientem
1826 2673 2072 2733 oportere,

163 2751 248 2800 sed
288 2750 334 2799 in
373 2766 559 2800 summa
598 2747 821 2798 libertate
860 2747 1047 2799 vivere.

302 2832 616 2884 Metrodorus
665 2829 817 2883 Chius
860 2833 976 2883 nihil
1004 2851 1029 2883 a
1058 2851 1293 2901 quoquam
1330 2833 1443 2884 sciri
1488 2833 1657 2884 voluit.
1737 2832 1950 2895 Verum,
2004 2833 2076 2882 in-

166 2919 294 2987 quit,
337 2936 458 2985 quae
487 2934 633 2968 nosse
662 2917 906 2978 videmur,
949 2927 1173 2968 accurate
1205 2936 1300 2967 non
1331 2917 1675 2985 intelligimus,
1732 2934 1887 2984 neque
1919 2917 2076 2967 sensi-

166 3004 252 3054 bus
291 3003 558 3054 adhibenda
598 3002 714 3051 fides
754 3010 859 3051 est:
902 3002 1060 3051 omnia
1100 3002 1269 3069 quippe
1310 3002 1535 3069 opinione
1576 3011 1818 3052 constant.

306 3085 631 3153 Protagoras,
674 3083 931 3135 Menandri
966 3086 1118 3145 filius,
1178 3085 1412 3137 Abderita
1442 3087 1558 3136 deos
1591 3103 1700 3136 esse
1729 3085 1965 3153 negabat,
2023 3103 2077 3135 ac

171 3171 468 3222 divinitatem
509 3187 698 3220 omnem
739 3170 951 3219 funditus
991 3169 1208 3219 tollebat.

309 3254 558 3322 Diogenes
593 3252 896 3322 Smyrnaeus
938 3254 1045 3316 vel,
1099 3262 1150 3303 ut
1177 3254 1255 3303 alii
1289 3255 1486 3317 volunt,
1549 3252 1837 3322 Cyrenaeus
1876 3254 2077 3303 eandem

174 3358 278 3390 eum
320 3338 590 3407 Protagora
628 3337 901 3406 opinionem
943 3337 1113 3387 tenuit.

309 3421 500 3491 Pyrrho
527 3422 772 3472 Elidensis
807 3421 1022 3472 collectis
1056 3422 1102 3470 in
1135 3439 1276 3471 unum
1324 3422 1591 3490 sapientum
1636 3421 1844 3471 oninium
1886 3422 2080 3488 dogma-

176 3508 299 3558 tibus
341 3506 696 3557 confutationes
740 3524 905 3556 eorum
945 3505 1168 3573 scripsit,
1224 3514 1271 3554 et
1310 3507 1497 3556 eversis
1540 3506 1730 3555 illorum
1776 3505 2082 3574 opinionibus

176 3593 353 3642 nullam
394 3592 646 3658 amplexus
685 3600 776 3642 est.

316 3673 668 3742 Empedocles,
737 3673 953 3725 Metonis
1012 3674 1162 3737 filins,
1225 3672 1575 3740 Agrigentinus
1625 3675 1817 3740 ignem,
1880 3684 2077 3739 terrain,

342 3754 347 3764 ¹
1615 3762 1680 3810 32
1703 3759 1730 3789 ²³*
