2508 4134
781 305 1318 348 ANACEPHALAEOSIS.
1893 291 1990 344 561

239 410 514 463 Nicolaitae
547 426 575 461 a
598 405 804 459 Nicolao
841 405 924 455 illo
967 404 1170 455 derivati
1212 413 1321 455 sunt
1365 403 1440 453 cui
1481 403 1539 453 ab
1570 401 1799 472 apostolis
1832 401 1997 452 vidua-

100 514 204 548 rum
250 513 365 546 cura
409 494 663 545 commissa
707 492 880 541 fuerat.
976 486 1067 538 Hic
1114 488 1356 556 zelotypia
1400 487 1460 537 ob
1501 504 1704 538 uxorem
1745 495 1994 548 aestuanS,

101 598 204 630 cum
228 579 334 629 aliis
359 585 719 647 praeposteram
745 574 986 625 libidinem
1013 588 1250 623 exercere
1274 589 1389 622 suos
1416 572 1594 621 docuit.
1672 568 1771 622 Sed
1796 580 1842 622 et
1868 567 1998 621 Cau-

101 664 264 715 lacaeh
292 671 341 713 et
368 660 658 724 Prunicum,
699 668 748 711 et
776 658 869 709 alia
898 657 1142 709 nominum
1177 665 1416 724 portenta,
1458 656 1507 705 in
1537 656 1763 706 mundum
1786 654 1994 706 invexit.

243 830 425 882 Harum
453 828 674 881 Gnostici
705 843 1017 880 successores
1045 825 1296 875 haeresum
1328 825 1471 890 longe
1494 841 1663 874 omnes
1692 824 1998 893 turpitudinis

101 925 242 983 atque
271 914 606 966 exsecrandae
634 911 876 963 foeditatis
901 909 1099 963 vesania
1127 917 1434 977 superarunt.
1509 906 1749 959 Militares
1778 926 1921 976 porro
1948 909 1998 959 in

100 1000 327 1068 Aegypto
369 999 593 1048 dicuntur
635 1006 684 1048 et
715 994 1044 1058 Phibionitae,
1103 994 1152 1044 in
1193 993 1442 1061 superiore
1484 1001 1640 1042 tractu
1680 989 1997 1057 Secundiani,

101 1084 212 1134 alibi
249 1080 553 1144 Socratitae,
595 1081 654 1132 ab
689 1080 795 1131 aliis
824 1078 1085 1129 Zacchaei.
1162 1075 1287 1130 Sunt
1315 1077 1391 1145 qui
1424 1094 1509 1128 eos
1541 1073 1815 1127 Coddianos
1846 1076 1998 1128 nomi-

101 1177 245 1232 nent,
288 1167 478 1235 quidam
518 1165 844 1233 Βορβορίτας,
884 1163 988 1215 sive
1026 1163 1307 1214 lutulentOS.

240 1332 608 1403 Carpocratiani
633 1351 659 1383 a
689 1330 987 1401 Carpocrate
1015 1332 1219 1400 quodam
1243 1331 1464 1382 Asiatico
1490 1330 1599 1381 dicti
1616 1369 1629 1393 ,
1672 1330 1749 1399 qui
1775 1331 1832 1380 ad
1861 1347 2000 1381 omne

104 1419 444 1488 turpitudinum
489 1436 545 1470 ac
579 1418 869 1485 flagitiorum
912 1434 1068 1484 genus
1108 1415 1366 1485 discipulos
1401 1415 1710 1466 informabat.
1790 1413 1929 1482 Quod
1960 1414 2002 1465 si

102 1504 238 1571 quis,
281 1503 470 1566 aiebat,
529 1520 623 1552 non
652 1501 811 1552 omnia
844 1501 1168 1570 percurrerit,
1222 1517 1377 1567 neque
1413 1501 1698 1550 daemonum
1731 1509 1778 1550 et
1809 1499 2004 1567 angelo-

102 1606 206 1639 rum
239 1588 448 1638 omnium
488 1586 723 1637 voluntati
757 1586 1078 1647 satisfecerit,
1131 1602 1405 1653 supremum
1439 1584 1488 1634 in
1518 1584 1702 1635 coelum
1744 1584 1883 1635 evehi
1915 1583 2004 1634 mi-

102 1673 228 1723 nime
262 1681 449 1740 potest,
504 1688 658 1738 neque
690 1670 984 1738 principatus
1017 1678 1375 1737 potestatesque
1409 1669 1772 1719 transcendere.
1847 1669 2003 1719 Asse-

101 1756 238 1806 rehat
265 1757 387 1806 idem
415 1753 573 1806 lesum
604 1763 763 1805 mente
790 1755 1050 1823 praeditam
1080 1754 1283 1804 animam
1312 1754 1604 1822 sumpsisse,
1646 1763 1693 1803 et
1723 1753 2002 1803 coelestium

103 1857 158 1890 ac
189 1849 489 1890 terrenorum
531 1838 806 1905 cognitione
856 1840 1118 1907 praeditum
1154 1838 1422 1888 hominibus
1461 1855 1517 1889 ea
1547 1838 1824 1900 nuntiasse,
1880 1855 1936 1887 ac
1963 1837 2005 1888 si

103 1924 208 1991 quis
236 1924 402 1975 eadem
435 1939 554 1991 quae
582 1921 720 1972 lesus
747 1923 857 1972 olim
891 1931 1162 1991 perpetret,
1218 1922 1339 1973 haud
1371 1940 1428 1972 eo
1461 1923 1740 1973 inferiorem
1771 1924 1999 1973 futurum.

105 2007 311 2058 Demum
345 2007 499 2074 legem
529 2024 623 2056 una
655 2024 761 2056 eum
789 2016 1086 2058 mortuorum
1116 2007 1477 2058 resurrectione
1505 2007 1787 2071 damnabat,
1841 2024 2006 2075 quem-

104 2092 354 2143 admodum
383 2101 431 2141 et
460 2088 749 2154 Simoniani,
791 2092 1036 2159 ceterique
1068 2109 1265 2154 omneS,
1306 2110 1425 2159 quos
1455 2092 1701 2160 hucusque
1727 2091 2001 2160 percensui.

106 2174 185 2227 Ex
221 2176 359 2227 huius
393 2191 541 2243 grege
571 2172 855 2226 Marcellina
885 2176 962 2226 illa
995 2175 1182 2227 Romae
1211 2177 1317 2226 fuit.
1395 2177 1554 2244 Atque
1585 2177 1707 2227 idem
1741 2174 1851 2227 lesu
1878 2174 2006 2227 Pau-

103 2261 228 2328 lique
247 2300 260 2324 ,
302 2278 391 2311 nee
415 2276 510 2309 non
540 2268 588 2310 et
614 2257 815 2310 Homeri
845 2278 899 2310 ac
927 2258 1237 2329 Pythagorae
1267 2261 1532 2311 clanculum
1557 2260 1792 2328 imagines
1820 2261 2006 2329 fingens

105 2345 335 2395 suffitibus
375 2361 456 2394 eas
495 2352 547 2394 et
580 2344 859 2395 adoratione
898 2355 1181 2412 prosecutus
1220 2354 1312 2396 est.

247 2426 579 2490 Cerinthiani,
621 2429 724 2479 sive
755 2426 1104 2493 Merinthiani,
1158 2448 1184 2479 a
1220 2427 1456 2481 Cerintho
1487 2430 1565 2481 vel
1593 2427 1871 2493 MerinthO,
1927 2426 2007 2480 Iu-

107 2513 228 2564 daici
251 2513 444 2581 generis
475 2512 762 2576 extiterunt,
805 2513 884 2580 qui
913 2513 1328 2565 circumcisionem
1359 2531 1473 2583 prae
1498 2531 1552 2565 se
1583 2514 1818 2564 ferebant.
1859 2511 2007 2564 Mun-

107 2601 215 2649 dum
255 2599 311 2650 ab
340 2595 526 2664 angelis
559 2595 876 2660 fabricatum,
929 2595 1089 2649 lesum
1120 2599 1177 2649 ad
1211 2596 1394 2650 Christi
1427 2598 1706 2667 dignitatem
1745 2617 1829 2667 per
1858 2598 2008 2651 virtu-

107 2692 203 2733 tum
242 2682 542 2732 incrementa
580 2680 862 2747 pervenisse
900 2682 1148 2734 dixerunt.

244 2765 495 2817 Nazareni
536 2764 600 2814 ita
629 2762 786 2815 Iesum
820 2782 928 2816 esse
961 2763 1235 2831 Christum,
1288 2768 1458 2836 deique
1488 2768 1632 2818 filium
1671 2780 2005 2834 asseruerunt,

108 2860 159 2902 ut
196 2848 351 2900 Mosis
390 2850 543 2916 legem
584 2848 780 2899 omnino
816 2849 947 2900 vitae
984 2852 1045 2901 ad
1080 2852 1348 2903 institutum
1388 2852 1701 2904 adsciverint.

249 2928 609 2995 CerinthianiS‚
663 2950 718 2983 ae
755 2931 1031 2984 Nazarenis
1074 2936 1299 2986 simillimi
1340 2946 1452 2988 sunt
1493 2936 1778 3001 Ebionitae,
1838 2937 2008 3005 quibus

111 3037 216 3070 cum
248 3016 527 3086 Sampsaeis
553 3025 601 3067 et
630 3015 877 3068 Elcesaeis
903 3018 1058 3086 aliqua
1086 3036 1150 3070 ex
1180 3030 1314 3088 parte
1343 3022 1588 3072 convenit.
1665 3020 1729 3071 Hi
1761 3019 2007 3073 Christum

110 3105 157 3154 in
188 3103 323 3154 coelo
354 3111 594 3160 creatum,
637 3101 838 3168 eiusque
867 3111 1082 3154 sanctum
1110 3104 1327 3172 spiritum
1360 3106 1612 3157 affirmant.
1688 3105 1826 3156 Illum
1855 3106 2009 3174 ipsum

110 3187 158 3238 in
191 3188 426 3238 Adamum
457 3203 567 3236 sese
595 3184 830 3235 infudisse
871 3186 1048 3254 primo,
1105 3205 1160 3238 ac
1191 3189 1360 3240 deinde
1393 3191 1590 3242 exuisse
1625 3199 1853 3254 narrant3
1913 3200 2008 3241 tum

111 3272 316 3322 subiisse
356 3271 541 3333 denuo,
593 3270 734 3336 idque
778 3271 1075 3321 commodum
1118 3273 1322 3336 fecisse,
1376 3292 1483 3324 cum
1524 3274 1571 3324 in
1610 3285 1765 3324 terras
1806 3292 2009 3343 corpore

113 3357 427 3406 circumfusus
458 3354 669 3404 advenit.
745 3353 822 3404 Ae
848 3354 960 3405 licet
988 3356 1147 3406 ludaei
1175 3357 1299 3419 sint,
1355 3358 1659 3426 evangelium
1701 3358 2009 3409 nihilominus

112 3440 353 3490 adhibent.
430 3435 659 3489 Carnium
693 3455 826 3488 esum
862 3439 1189 3503 detestantur,
1242 3459 1412 3508 aquam
1444 3459 1528 3509 pro
1563 3443 1652 3492 deo
1681 3452 2006 3507 venerantur3

116 3520 358 3575 Christum
400 3523 447 3573 in
489 3540 576 3573 suo
606 3522 716 3585 illo,
772 3521 839 3571 uti
871 3522 1107 3589 diximus,
1166 3526 1373 3576 adventu
1413 3525 1653 3576 hominem
1694 3527 1908 3581 induisse
1940 3529 2010 3578 ‹li-

116 3616 247 3658 cunt.
321 3604 542 3674 Denique
574 3606 709 3674 aquis
738 3623 791 3656 se
827 3604 1084 3658 identidem
1111 3617 1204 3660 tam
1240 3609 1412 3678 hyeme
1444 3626 1581 3677 quam
1611 3619 1794 3663 aestate
1822 3613 2005 3677 lavant,

177 3802 239 3844 16.
269 3800 347 3856 γὰρ
378 3805 525 3843 uncinis
550 3806 696 3843 notavit
724 3805 915 3844 Pelavius.

203 3871 347 3915 eorpus
370 3869 589 3905 Haereseol.
604 3868 651 3903 ΙΙ.
666 3869 699 3903 3.
1612 3882 1678 3933 36
