2508 4134
660 268 800 312 TOM1
825 268 1034 310 Pmoms
1063 268 1198 311 PARS
1228 268 1543 310 Pos'rEmoR.
1931 257 2031 310 665

140 371 167 412 l.
189 368 343 425 penult.
372 364 507 423 Κάγώ
537 365 610 424 μὲν
636 368 706 412 νῦν
733 364 801 410 ἐπὶ
826 367 1063 422 κεφαλαιῶν
1095 365 1131 422 (ἶ)
1159 364 1477 422 ἐπικεφαλαιῶν)
1507 362 1614 411 αὑτοὶ
1637 362 1960 423 διεξερχόμενος,
1988 360 2032 410 ὃν

178 438 189 454 “
286 453 350 479 en.

139 454 219 489 τας
246 440 381 566 ζῇς.
408 509 533 554 322.
588 506 614 548 l.
636 507 677 549 5.
706 499 782 550 κᾶν
811 503 848 548 εἰ
875 501 898 548 ὅ
919 508 1102 559 γενναῖος
1129 506 1231 546 ven.
1287 505 1454 561 Ideml.
1470 504 1509 548 6.
1541 502 1804 562 ὑφελόμενος.
1835 532 1887 540 -
1944 508 1973 550 l.
1992 509 2030 554 7.

137 574 299 624 ἀνίατον
325 577 488 618 videtur
515 576 638 618 etiam
661 576 702 617 in
730 577 835 616 Ven.
866 574 959 629 legi.
987 599 1039 606 —-
1082 575 1111 615 l.
1131 574 1172 617 9.
1201 570 1336 628 ἄρτιον
1360 567 1394 631 ᾖ
1416 574 1521 620 κατὰ
1550 574 1673 631 φύσιν
1699 580 1802 619 Ven.
1829 601 1880 610 -
1922 578 2031 621 1.15.

138 644 365 702 ἀσώματος
403 644 480 701 πρὸ
517 645 685 701 ἐντολῆς
729 645 836 701 (sine
868 644 967 699 τῆς)
1009 642 1079 687 τὸν
1116 642 1436 699 πρωτόπλαστον
1472 647 1574 687 Veu.
1604 670 1655 678 --
1713 647 1741 688 l.
1766 646 1831 689 21.
1865 647 2031 703 Corrige

139 715 209 764 διὰ
235 716 307 760 τοῦ
336 714 475 771 νόμου.
503 741 558 748 -
613 715 640 757 l.
663 714 719 759 23
742 729 830 770 sqq.
860 715 1006 756 Denuo
1036 714 1134 755 mihi
1165 721 1208 755 et
1234 715 1458 756 accuratius
1490 717 1731 757 retractanti
1759 718 1867 760 huuc
1897 718 2033 760 locum

138 788 197 830 ita
223 786 387 828 omnino
411 785 712 827 rescribendum
748 799 835 825 esse
859 786 990 824 visum
1027 791 1090 824 est
1129 809 1181 815 —-
1208 809 1260 815 —
1297 781 1432 838 σάρκα
1459 784 1605 841 νομίζῃ
1632 786 1704 829 καὶ
1728 790 2033 843 παραιτεῖσθαι,

136 855 357 915 παραφέρῃ
385 870 432 899 τε
461 850 545 899 ὅσα
574 879 624 887 -
656 878 707 887 -
738 874 790 886 -
819 849 925 899 ἀλλὰ
953 852 994 898 ἐν
1024 850 1247 908 πνεύματι,
1279 852 1440 897 λεκτέον
1471 849 1585 910 αὑτῷ
1615 857 1705 897 κτλ.
1763 858 1905 913 ltaque
1936 874 2032 901 ver-

137 927 308 969 tendum
333 934 419 967 erat
440 926 578 981 potius
607 925 681 980 „si
707 923 795 980 quis
824 948 878 956 —-
906 948 958 954 —
991 924 1291 979 reprehendere
1333 924 1578 978 arbitratur,
1622 933 1663 965 et
1691 940 1950 983 quaecunque
1990 928 2033 970 id

137 1011 262 1052 genus
303 995 382 1037 alia
421 1004 514 1037 sunt
554 995 663 1037 dicta
697 995 886 1049 profert,
918 1017 966 1025 —-
994 1018 1046 1026 -
1072 1018 1123 1025 —
1154 995 1197 1035 in
1222 994 1388 1049 spiritu:
1434 993 1703 1036 dicendumne
1731 996 1820 1036 illi“
1853 1006 1949 1040 cett.
1980 1021 2032 1031 -·-·

137 1067 166 1109 l.
189 1067 227 1111 7.
257 1073 353 1107 ante
378 1066 446 1107 fin.
480 1066 647 1121 corrige
669 1064 885 1110 πολιτείαν.
919 1087 968 1096 —-
1025 1064 1051 1105 1.
1078 1065 1117 1107 3.
1143 1073 1238 1105 ante
1266 1064 1335 1105 fin.
1366 1062 1445 1116 τὰ,
1475 1072 1569 1104 ante
1599 1063 1669 1109 διὰ
1694 1068 1765 1109 τοῦ
1794 1065 1920 1122 νόμου
1947 1083 2031 1110 non

137 1145 377 1179 annotatum
401 1136 565 1178 invenio
592 1137 643 1178 ab
672 1135 800 1176 altera
827 1149 947 1175 manu
974 1148 1079 1190 quae
1105 1135 1194 1177 cod.
1213 1136 1315 1175 Ven.
1342 1133 1566 1189 scripturae
1594 1134 1907 1191 discrepantiam
1933 1138 2032 1180 mihi

138 1207 335 1251 enotavit.
366 1231 418 1238 —
474 1207 500 1248 1.
530 1205 683 1262 penult.
713 1205 816 1246 Dele
847 1219 1004 1246 comma
1032 1213 1129 1261 post
1157 1203 1415 1248 ἐπιστέλλων.

246 1279 378 1335 Pag.
398 1277 523 1322 324.
576 1276 605 1317 1.
639 1276 674 1318 1.
707 1275 874 1330 Corrige
915 1273 1108 1330 σαρκικόν
1134 1273 1203 1318 τὸν
1232 1270 1378 1324 οὕτως.
1438 1274 1505 1315 Sic
1534 1274 1643 1315 enim
1669 1275 1711 1316 in
1739 1276 1830 1317 cod.
1861 1277 1941 1332 legi
1965 1278 2033 1319 alii

135 1348 402 1391 affirmarunt.
435 1371 487 1378 —
544 1346 572 1387 1.
600 1344 639 1389 9.
669 1345 988 1386 Rescribendum
1020 1345 1180 1386 videtur
1220 1345 1292 1388 καὶ
1324 1340 1371 1388 οὑ
1401 1342 1512 1399 παρὰ
1542 1342 1676 1402 τούτῳ
1716 1344 1769 1401 δή
1801 1345 1915 1404 ψυχή
1959 1346 2032 1402 μὲν

135 1415 383 1470 ἀπόλλυται,
414 1413 521 1461 ἄλλα
546 1414 594 1461 δὲ
618 1414 730 1471 παρὰ
757 1417 859 1466 κτλ.,
890 1424 934 1456 ut
960 1415 1095 1471 potius
1122 1415 1364 1457 vertendum
1391 1415 1444 1455 sit
1473 1429 1634 1470 „neque
1665 1431 1761 1457 vero
1788 1417 1920 1458 anima
1950 1418 2032 1459 eius

133 1489 265 1545 perit,
297 1497 435 1529 cetera
453 1495 617 1543 praeter
642 1486 818 1527 animam
842 1486 1073 1536 salvantur,
1104 1486 1162 1526 sic
1193 1486 1350 1527 etiam“
1379 1493 1476 1527 cett.
1507 1509 1560 1518 -
1616 1486 1642 1526 l.
1671 1486 1731 1527 15.
1766 1486 1917 1528 Codice
1944 1490 2031 1530 Ve-

134 1569 233 1601 neto
262 1559 396 1599 denuo
418 1558 604 1613 inspecto
630 1557 796 1598 inventa
821 1565 884 1598 est
908 1571 1006 1598 vera
1028 1556 1229 1612 scriptura
1252 1552 1418 1611 Ἰησοῦν
1447 1580 1498 1588 -
1521 1580 1573 1588 -
1604 1553 1626 1599 ὅ
1652 1554 1816 1611 ἐγείρας
1840 1556 2034 1612 Χριστὸν.

136 1630 302 1684 Corrige
332 1629 470 1683 itaque
496 1627 538 1668 in
575 1627 763 1669 versione
787 1627 914 1668 latina
951 1627 1146 1682 „spiritus
1177 1626 1259 1667 eius
1287 1627 1356 1682 qui
1382 1629 1515 1668 Iesum
1542 1625 1594 1666 de
1619 1627 1790 1667 mortuis
1824 1629 2034 1670 suscitavit

133 1702 173 1743 in
201 1699 316 1742 vobis
341 1698 512 1747 habitat,
543 1698 610 1753 qui
638 1697 839 1738 Christum
863 1696 914 1737 de
940 1697 1111 1738 mortuis
1137 1697 1347 1738 suscitavit
1368 1697 1401 1737 is
1425 1696 1646 1738 vivificabit
1674 1697 1828 1738 etiam“
1853 1707 1949 1739 cett.
1981 1723 2034 1733 -

133 1771 159 1812 l.
185 1772 247 1815 17.
278 1761 358 1824 ἆρα
388 1760 455 1812 οὖν
481 1770 582 1810 Ven.
612 1791 667 1799 -
710 1767 821 1810 l.18.
855 1767 957 1808 Dele
984 1781 1142 1807 comma
1166 1776 1262 1822 post
1288 1763 1396 1824 αὑτῇ
1424 1765 1560 1823 σαρκὶ.
1592 1791 1640 1798 —-
1701 1767 1727 1807 l.
1752 1768 1815 1811 19.
1847 1769 2028 1824 μέλλετε,

134 1856 218 1883 non
247 1840 437 1895 μέλλητε,
468 1837 535 1879 alii
562 1837 749 1892 legerunt
773 1837 814 1877 in
838 1839 942 1877 Ven.
990 1839 1092 1877 Item
1115 1837 1238 1892 paulo
1264 1846 1360 1892 post
1384 1836 1597 1893 πνεύματι,
1628 1854 1710 1881 non
1733 1837 1960 1894 πνεύματα.
1983 1863 2033 1871 ——

132 1912 159 1953 1.
184 1912 251 1953 21.
281 1905 606 1966 διεβεβαιώσατο
632 1909 736 1949 Ven.
767 1931 818 1937 —
876 1907 903 1947 1.
927 1907 994 1950 31.
1024 1903 1274 1961 ἀπεφαίνετο
1299 1909 1399 1948 Ven.
1432 1932 1484 1940 —
1540 1909 1570 1950 1.
1601 1910 1638 1951 5.
1669 1910 1719 1950 ab
1749 1910 1824 1952 inf.
1860 1904 1930 1952 ὅτε
1961 1907 2032 1964 μὲν

132 1981 210 2034 (ita
236 1980 358 2021 etiam
390 1981 477 2019 Bas.
509 1986 552 2018 et
579 1977 644 2018 ed.
672 1978 836 2032 Petav.)
865 1976 982 2020 πάλιν
1012 1977 1143 2032 ζύμην
1172 1979 1274 2019 Ven.
1338 1977 1449 2019 Idem
1475 1978 1502 2019 1.
1521 1975 1560 2021 4.
1589 1980 1640 2020 ab
1669 1979 1744 2020 inf.
1776 1978 2032 2035 ἐπισπέρχων

133 2049 234 2095 αὑτὸ
261 2048 427 2098 τελέως.
458 2071 509 2079 -
566 2047 594 2088 l.
620 2046 660 2089 3.
692 2047 743 2088 ab
768 2047 842 2090 inf.
874 2043 947 2090 ὅτε
974 2046 1022 2091 δὲ
1050 2049 1169 2099 Ven„
1201 2050 1293 2089 Bas.
1325 2055 1366 2088 et
1391 2048 1457 2089 ed.
1488 2050 1627 2090 Petav.
1660 2075 1711 2080 —
1767 2049 1794 2090 l.
1829 2049 1903 2094 ult.
1932 2046 2028 2094 ου’δὲ

134 2121 291 2178 μέμψιν
322 2115 463 2173 ἀσελγ.
495 2117 601 2173 (sine
624 2111 690 2171 ἂν)
722 2119 827 2158 Ven.
856 2176 859 2179 ¹

244 2191 376 2247 rag.
393 2190 518 2233 326.
573 2187 602 2228 l.
629 2188 662 2229 1.
692 2183 947 2241 πράσσοντες
970 2189 1072 2230 Ven.
1102 2213 1152 2219 —
1213 2189 1239 2228 1.
1264 2187 1304 2230 9.
1333 2188 1406 2232 καὶ
1434 2188 1771 2244 ἐγκρατεύονται,
1803 2187 2032 2246 ἐγκρατεύ-

131 2276 242 2306 ονται
270 2258 318 2304 δὲ
346 2255 471 2302 ὁπότε
499 2256 544 2302 τὸ
577 2258 702 2311 σῶμα
731 2254 845 2300 ὑποτ.
874 2258 976 2298 Ven.
1007 2283 1060 2289 —
1117 2258 1145 2300 Ι.
1178 2258 1239 2300 12.
1269 2253 1341 2311 ἄν,
1372 2268 1467 2300 ante
1499 2256 1523 2303 ό
1547 2257 1769 2315 Ἰωάννης,
1816 2276 1894 2301 om.
1924 2263 2029 2303 Ven-

130 2331 244 2373 Idem
271 2329 420 2370 deinde
448 2326 645 2379 ὑπέταξεν
673 2324 816 2371 αὑτοῦ.
845 2351 896 2359 -
956 2328 984 2369 1.
1009 2326 1069 2370 14.
1101 2326 1244 2383 ὑμῶν,
1275 2328 1411 2384 λέγει,
1444 2326 1622 2384 σώματι,
1653 2330 1712 2380 εἰς
1735 2328 1782 2374 τὸ
1810 2326 2030 2374 ὑπακούειν

131 2402 234 2444 ven.
291 2400 408 2441 Idem
434 2398 462 2439 1.
489 2400 551 2441 15.
582 2393 692 2441 ὅπλα
711 2395 917 2452 οἱμαρτίας
939 2399 994 2454 τῇ
1019 2394 1176 2456 ἀδικίᾳ,
1207 2395 1311 2443 ἀλλά
1335 2398 1635 2455 παραστήσατε
1662 2400 1834 2451 ἑαυτοὺς
1856 2402 1917 2458 τῷ
1943 2401 2029 2458 θεῷ’

130 2474 232 2513 Ven.
265 2495 314 2501 —
375 2469 404 2509 1.
439 2468 501 2511 17.
532 2463 699 2522 ’“Ὠςπερ
737 2466 815 2523 γὰρ
852 2467 1145 2523 παρεστήσατε
1181 2468 1234 2514 τά
1264 2470 1369 2525 μέλη
1396 2468 1512 2525 ὑμῶν
1539 2472 1644 2511 Ven.
1676 2496 1726 2502 —
1784 2472 1812 2512 l.
1840 2472 1907 2513 20.
1941 2470 2030 2526 ἐγί-

129 2555 294 2598 γνωσκε
318 2542 421 2581 Ven.
481 2538 594 2579 Idem
617 2538 644 2579 l.
658 2539 725 2580 22.
753 2538 884 2580 omitt.
918 2535 941 2582 ὁ
968 2548 1062 2579 ante
1086 2534 1315 2594 ἅνθρωπος,
1348 2549 1390 2581 et
1417 2549 1555 2582 tuetur
1579 2541 1704 2583 verba
1730 2539 1796 2597 ἐφ’
1821 2539 1957 2596 ήμῶν.
1977 2566 2025 2572 -

122 2613 154 2654 1.
173 2613 238 2655 23.
276 2610 421 2654 ἑαυτοῦ
458 2606 511 2652 τὰ
550 2610 654 2662 μέλη
691 2610 794 2650 ven.
851 2609 964 2650 Idem
993 2610 1019 2650 1.
1041 2608 1107 2652 24.
1137 2610 1432 2655 πολιτεύσεται.
1469 2635 1515 2642 -
1574 2612 1601 2652 l.
1622 2609 1688 2654 24.
1719 2613 1853 2652 Verba
1884 2611 2027 2656 καὶτὸ

130 2681 189 2738 μή
218 2679 461 2736 ἀμαρτῆσαι
488 2678 634 2719 desunt
658 2678 699 2718 in
726 2680 829 2719 Ven.
887 2679 1001 2719 Idem
1026 2681 1148 2734 paulo
1177 2690 1273 2736 post
1299 2681 1493 2736 γίγνεται.
1528 2706 1573 2711 -
1636 2683 1736 2723 Ibid.
1767 2677 1798 2736 ἦ
1827 2690 1922 2737 post
1951 2684 2029 2735 ψυ-

127 2754 210 2810 χῆς
235 2766 313 2793 om.
342 2752 444 2791 Ven.
473 2773 541 2804 —,
583 2748 611 2789 l.
638 2749 703 2791 27.
737 2743 831 2791 οὔτε
855 2749 1055 2803 μαλακοὶ,
1088 2746 1182 2794 οὔτε
1211 2746 1496 2806 ἀρσενοκοίται
1524 2755 1627 2794 Ven.
1656 2776 1712 2785 —-
1766 2754 1795 2793 l.
1822 2753 1889 2795 29.
1923 2755 2029 2807 κλη-

129 2824 356 2878 ρονομῆσαι
382 2815 427 2863 οὔ
451 2816 643 2864 δύνανται
671 2820 773 2860 Ven.
806 2842 856 2849 -
914 2819 991 2859 l.5.
1025 2820 1074 2860 ab
1099 2822 1174 2861 inf.
1205 2820 1398 2878 κρατήσῃ
1428 2820 1596 2873 τούτων,
1628 2829 1777 2878 κρατεῖ
1800 2823 1848 2867 δὲ
1873 2821 2028 2867 τούτων

128 2895 230 2934 ven.
262 2894 381 2931 Bene.
416 2914 466 2921 -
523 2889 550 2928 l.
572 2886 609 2930 4.
642 2889 692 2929 ab
720 2888 795 2929 inf.
824 2887 958 2932 πίστιν
987 2887 1034 2934 τὸ
1068 2893 1191 2945 σῶμα
1219 2893 1280 2948 τῷ
1311 2890 1426 2948 νόμῳ
1456 2893 1528 2936 τοῦ
1557 2895 1654 2936 ἓεοῦ
1685 2895 1859 2949 (omissis
1889 2897 2027 2937 verbis

128 2960 404 3006 ὑποτάσσεται
440 2954 538 3013 ἄρα)
584 2960 685 3000 Ven.
720 2983 770 2989 -—
826 2959 853 3000 1.
882 2960 1035 3013 penult.
1080 2957 1209 3016 αὑτὴν
1248 2960 1324 3016 τήν
1351 2962 1454 3017 πρὸς
1488 2961 1565 3012 τάς
1597 2959 1804 3018 ἀκρασίας
1837 2963 2027 3020 ἀναιρῶν,

127 3027 262 3084 ὥςπερ
290 3029 344 3084 δή
372 3030 444 3073 καὶ
469 3031 548 3084 τῆς
572 3031 714 3085 ψυχῆς
734 3026 808 3083 τήν
832 3027 935 3083 πρὸς
957 3028 1004 3073 τὸ
1033 3025 1174 3074 ἄδικον
1203 3031 1395 3076 ἔκκλισιν.
1452 3030 1814 3089 Ἐκκαὲαίρεσὲαι
1840 3038 1943 3079 Veu.
1973 3060 2029 3068 —-

124 3102 152 3143 l.
186 3103 256 3143 ult.
289 3101 369 3156 ἔφη
401 3115 480 3140 om.
513 3102 615 3141 Ven.

237 3173 369 3228 rag.
400 3171 525 3215 328.
581 3170 607 3210 l.
633 3170 664 3210 1.
696 3165 907 3214 διδάσκων
935 3185 980 3213 τε
1005 3173 1107 3212 Ven.
1138 3194 1190 3203 --
1246 3172 1274 3213 l.
1300 3173 1339 3214 2.
1372 3170 1470 3222 τούς
1497 3187 1544 3216 τε
1583 3173 1681 3229 (sic)
1723 3175 1880 3229 τρυφᾶν
1907 3176 2027 3220 τοῦτο

125 3242 199 3286 καὶ
220 3239 566 3286 πολυτελεὺεσὲῑαι
591 3241 665 3293 ζῆν
689 3236 791 3282 εἶναι
815 3242 916 3281 Ven.
965 3242 1057 3282 Hoc
1083 3242 1376 3283 restituendum
1397 3243 1571 3285 videtur.
1601 3267 1655 3274 —
1711 3244 1739 3284 l.
1755 3241 1794 3284 4.
1822 3242 2027 3300 άδήφαγα

126 3312 347 3368 Βρέμματα
386 3310 500 3354 κάτω
542 3312 643 3350 ven.
705 3311 816 3351 Idem
852 3310 877 3349 1.
900 3312 936 3351 5.
981 3310 1053 3352 καὶ
1092 3309 1168 3360 τοὶς
1197 3312 1412 3366 τραπέζας.
1443 3338 1494 3344 -
1552 3313 1581 3353 1.
1614 3314 1675 3355 11.
1708 3309 1924 3358 verba”¹H
1950 3312 2026 3359 οὑκ

127 3384 264 3427 οἴδατε
289 3377 353 3425 ὅτι
379 3380 662 3427 desiderantur
682 3380 723 3419 in
751 3382 855 3420 Ven.
915 3380 1026 3420 Idem
1051 3381 1077 3420 l.
1108 3382 1169 3423 12.
1202 3381 1262 3430 εἰς
1287 3379 1422 3436 σάρκα
1448 3383 1557 3437 μίαν.
1602 3379 1671 3426 7'H
1697 3380 1772 3427 οὑκ
1797 3386 1935 3429 οἴδατε
1962 3382 2026 3429 ὅτι

125 3450 147 3496 ὅ
186 3455 295 3496 κολλ.
334 3454 437 3495 Ven.
467 3475 522 3482 —
578 3450 606 3490 l.
638 3448 699 3492 14.
733 3443 755 3492 ὃ
784 3445 830 3492 ἂν
856 3448 1083 3507 ἁμαρτήσῃ
1109 3453 1210 3492 Ven.
1239 3476 1294 3483 —
1350 3453 1379 3494 l.
1408 3453 1468 3494 17.
1498 3454 1635 3508 τιμῆς.
1691 3446 1799 3508 Ἀρά
1825 3470 1872 3510 γε
1898 3454 2024 3507 δοξά-

127 3536 228 3565 σατε
256 3520 325 3565 τὸν
352 3520 448 3566 ἓεόν
475 3522 579 3562 Ven.
640 3521 750 3561 Idem
774 3520 802 3562 l.
824 3521 886 3562 19.
916 3519 1138 3577 Πρόςσχες
1165 3519 1243 3576 γὰρ
1271 3517 1337 3565 ὅτι
1363 3524 1465 3564 Ven.
1494 3548 1549 3555 —
1607 3524 1719 3566 l.22.
1751 3523 1844 3576 διὸ,
1876 3536 1972 3567 ante
2001 3524 2024 3570 ὁ

125 3590 377 3641 ἀπόστολος,
420 3606 499 3632 om.
536 3593 639 3632 Ven.
699 3591 811 3631 Idem
849 3591 998 3631 deinde
1036 3587 1315 3646 ἀνεφθέγξατο
1352 3608 1427 3647 pro
1470 3594 1756 3649 διεφὲςέγξατο.
1791 3621 1840 3627 -
1900 3597 1927 3637 l.
1955 3597 2024 3639 23.

126 3659 233 3705 κατὰ
262 3658 338 3715 τήν
368 3660 547 3715 σύνερξιν
575 3662 657 3704 τῶν
687 3661 914 3715 μελλόντων
943 3661 1014 3704 καὶ
1040 3661 1113 3716 τήν
1141 3663 1347 3706 κοινωνίαν
1377 3662 1541 3718 μίασμα
1568 3663 1802 3720 γιγνόμενον
1835 3668 1937 3708 ven.
1967 3692 2021 3700 —

125 3731 152 3772 l.
172 3732 238 3773 25.
268 3732 400 3773 ταῦτα
422 3729 555 3775 πάντα
575 3732 823 3786 πληροῦνται
846 3730 900 3775 τοὶ
924 3729 1026 3784 πρὸς
1051 3732 1155 3786 μίξιν
1191 3732 1264 3775 καὶ
1300 3732 1461 3777 ἔκλυσιν
1486 3732 1798 3790 ἁμαρτημάτων
1825 3739 1929 3779 ven.
1962 3762 2016 3770 —-

126 3800 154 3843 1.
178 3800 244 3844 26.
273 3797 430 3859 ποιήσῃ
458 3796 672 3857 ἅνθρωπος
697 3802 805 3857 (sine
829 3799 872 3857 ὁ)
899 3804 1001 3843 Ven.
1035 3827 1082 3834 —
1143 3803 1170 3845 l.
1196 3802 1263 3845 29.
1293 3803 1435 3859 πορνία
1464 3806 1565 3847 ven.
1598 3829 1649 3838 -
1706 3806 1731 3846 l.
1752 3807 1819 3849 30.
1851 3809 2019 3863 Repone
