2508 4134
469 278 571 329 606
1045 286 1315 330 ADDENDA
1344 291 1420 332 ET
1450 290 1820 333 conRIGENDA.

467 410 520 417 —
549 387 579 426 l.
599 384 666 428 29.
695 385 866 438 πάντας,
896 386 1010 442 quod
1037 388 1225 429 Petavius
1251 388 1478 443 suspicatus
1502 399 1606 441 erat,
1637 405 1747 431 nunc
1770 391 1906 431 firmat
1927 389 2051 431 etiam
2074 393 2176 432 Ven.
2218 414 2272 426 -
2276 391 2332 432 l.
2345 392 2389 435 5.

465 457 516 496 ab
545 457 620 498 inf.
663 457 1019 512 προςεγγίζοντες,
1064 458 1102 501 εἰ
1130 474 1190 513 μη
1228 474 1268 502 τι
1294 475 1343 502 αν
1370 458 1475 515 πρὸς
1509 463 1609 502 Ven.
1644 485 1694 492 —
1753 461 1780 501 1.
1799 461 1838 502 2.
1867 461 1918 502 ab
1945 461 2022 502 inf.
2065 460 2113 522 τὸ
2142 460 2389 542 ἐπίπλαστον

465 524 519 569 τὰ
547 527 629 581 τῆς
657 526 770 572 ἐαυτ.
803 527 956 577 κακίας
984 526 1241 583 Βηράσονται
1271 532 1373 571 Ven.

578 599 859 656 Pag.208.
914 598 942 640 1.
966 600 1102 642 Ῑοι2.
1146 598 1223 649 τοὶς
1248 599 1442 651 κακακοὶς
1469 602 1568 658 (sic)
1595 599 1735 645 αυτῶν
1761 617 1830 657 πρ.
1855 599 1909 645 τοὶ
1926 600 2013 646 οἷν-τ.
2042 542 2390 658 άνταποδοῦἤσεν

463 683 532 711 ται
556 669 658 710 Ven.
692 693 739 700 Μ
801 670 828 710 l.
855 670 915 711 12.
947 668 1073 721 δείξω
1098 672 1133 713 λ.
1160 672 1388 727 δυςοσμίας
1410 675 1514 714 ven.
1549 698 1598 703 —
1658 672 1685 712 1.
1713 673 1771 716 17.
1803 673 2071 727 λαγνιετέρων
2095 673 2267 729 ὁμιλίων
2297 676 2385 715 Bas.

463 739 660 782 -1.18.
705 739 1026 795 εἰδωλολατρίας
1064 744 1153 784 Bas.
1189 767 1235 774 -—
1295 744 1321 784 1.
1342 745 1410 784 20.
1452 739 1709 798 ὀφλημάτων
1747 744 1851 784 ven.
1892 769 1933 774 —
1994 743 2020 784 l.
2044 744 2112 787 26.
2155 741 2278 800 μόνον
2312 744 2389 800 τήν

463 805 561 853 καῖ
589 806 708 865 ημᾶς
731 813 835 852 Ven.
867 836 917 843 -
977 813 1005 853 l.
1025 814 1065 854 5.
1090 813 1143 854 ab
1171 813 1294 854 infer.
1325 815 1496 868 Repone
1523 813 1564 856 ἐν
1594 828 1628 870 ῳ
1661 810 1699 856 εἴ
1728 812 1769 857 ἐν
1797 829 1846 855 ex
1872 816 1980 855 Ven.
2011 838 2066 849 --
2123 815 2151 857 1.
2172 815 2211 859 3.
2236 816 2288 858 ab
2311 815 2387 857 inf.

465 879 574 938 βάλη
607 884 696 923 Bas.
727 906 782 913 —
838 883 866 922 l.
901 883 973 923 ult.
1005 882 1189 928 ἐπίλυσιν
1218 884 1347 926 habet
1377 885 1500 926 etiam
1533 887 1635 925 Ven.

576 953 708 1011 Pag.
729 955 858 999 21⁰.
914 954 941 994 l.
964 954 1003 996 9.
1048 956 1127 996 Pro
1154 950 1335 1012 ’Ἄβολον
1387 969 1543 1010 repone
1581 953 1778 1012 Διάβολον
1819 971 1868 997 ex
1898 956 1988 998 cod.
2016 958 2120 997 Ven.
2153 979 2204 993 -ψ
2261 957 2290 997 l.
2323 957 2388 1000 13.

461 1023 712 1079 προείπαμεν
742 1027 846 1066 Ven.
886 1049 930 1056 -
989 1025 1016 1066 1.
1050 1025 1098 1068 16
1126 1035 1169 1067 et
1199 1027 1260 1069 17.
1294 1023 1509 1081 πραξάσαν
1536 1027 1639 1066 Ven.
1674 1050 1717 1057 —-
1780 1027 1805 1067 l.
1828 1026 1895 1068 23.
1929 1026 2071 1082 ξηρίου
2098 1029 2187 1071 Bas.
2215 1030 2388 1071 bt'Vm.

463 1095 586 1145 Quod
621 1096 904 1150 reponendum
942 1096 1117 1137 videtur.
1153 1123 1202 1128 —
1261 1097 1288 1137 l.
1309 1095 1377 1139 24.
1421 1094 1557 1154 λωβόν
1602 1099 1689 1138 Bas.
1721 1121 1776 1130 -—
1833 1098 1860 1139 l.
1882 1098 1950 1139 26.
1992 1098 2161 1153 Corn'ge
2196 1094 2387 1154 Ῥώμης.

462 1165 618 1207 Mando
644 1161 797 1221 Ῥώμη
824 1166 989 1208 laborat
1012 1168 1135 1208 etiam
1168 1176 1340 1223 utraque
1371 1167 1469 1208 edit.
1497 1170 1639 1209 Petav.
1662 1186 1722 1199 ⁷-
1780 1169 1807 1211 l.
1827 1171 1865 1211 5.
1911 1164 2035 1225 ἤλγει
2061 1184 2136 1225 pro
2163 1164 2288 1225 ἥργει
2309 1169 2390 1211 ha-

464 1236 537 1277 bet
568 1239 668 1277 Ven.
705 1261 753 1269 -—
810 1239 836 1278 1.
869 1238 940 1279 ult.
973 1237 1046 1293 μὲν
1076 1253 1152 1294 pro
1182 1239 1304 1293 ἴσμεν
1335 1248 1400 1279 est
1427 1239 1469 1279 in
1500 1241 1606 1282 Ven.

575 1309 712 1366 Pag-
737 1311 864 1354 212.
921 1309 948 1351 l.
966 1309 1004 1352 6.
1037 1309 1226 1353 Σπανίαν
1254 1312 1358 1350 ven.
1388 1333 1444 1348 -.-
1500 1310 1527 1351 l.
1562 1311 1620 1353 13.
1652 1308 1902 1367 Εὐάρεστος
1938 1325 2091 1352 nomen
2131 1310 2391 1352 desideratur

461 1378 503 1419 in
529 1380 632 1420 Ven.
663 1403 712 1410 -—-
770 1379 798 1420 l.
827 1380 889 1423 16.
925 1382 1001 1420 Pro
1023 1375 1158 1429 οὕτως
1183 1381 1223 1421 in
1253 1382 1355 1423 Ven.
1383 1378 1555 1424 τούτων.
1617 1383 1748 1423 Proba
1775 1382 1990 1437 scriptura.
2025 1406 2075 1414 -—
2133 1382 2162 1423 l.
2180 1381 2248 1424 21.
2279 1396 2389 1438 χρω-

463 1447 633 1505 μάτων,
676 1446 782 1494 άλλὰ
811 1451 884 1493 καὶ
913 1452 950 1494 οἱ
979 1449 1053 1506 μὲν
1080 1450 1129 1494 ἐκ
1159 1467 1222 1507 χρ.
1255 1453 1357 1492 Ven.
1387 1475 1443 1483 -—
1500 1453 1526 1493 1.
1547 1452 1617 1495 ’23.
1663 1454 1945 1508 γεγενῆσθαι,
1990 1452 2200 1497 τουτέστιν
2225 1447 2279 1496 τᾶ
2301 1452 2388 1496 ἐκτ.

461 1523 564 1563 ven.
585 1546 638 1553 --
686 1522 712 1562 l.
731 1520 797 1564 24.
830 1519 994 1571 εἰκόνας
1022 1537 1103 1563 om.
1126 1525 1229 1564 Ven.
1265 1546 1307 1554 -
1358 1522 1386 1566 l.
1406 1523 1472 1565 30.
1506 1523 1719 1578 σωτηρίας
1743 1538 1786 1580 φ.
1817 1527 1922 1566 Ven.
1951 1549 2000 1556 —
2058 1524 2084 1564 1.
2103 1523 2171 1567 33.
2205 1524 2391 1580 μωρείας

461 1594 565 1635 Ven.
605 1617 652 1624 -
711 1593 735 1634 l.
768 1593 1024 1648 antepenult.
1055 1594 1110 1650 τῇ
1140 1593 1267 1634 habet
1297 1594 1421 1635 etiam
1450 1596 1553 1636 Ven.

577 1665 855 1722 vagu-4.
912 1664 938 1705 l.
963 1664 995 1706 1.
1040 1660 1073 1718 ἥ
1112 1664 1223 1708 ἔστιν
1266 1667 1354 1706 Bas.
1391 1690 1435 1696 —
1495 1666 1522 1706 l.
1545 1666 1584 1708 3.
1627 1664 1861 1721 ποιήσωσιν
1896 1669 1999 1708 ven.
2035 1690 2082 1697 -
2156 1666 2182 1706 l.
2211 1664 2274 1708 16.
2314 1665 2388 1709 τοῦ

460 1729 621 1779 ἄνωθεν
657 1733 770 1789 παρὰ
798 1737 900 1775 ven.
937 1759 985 1766 --
1048 1735 1111 1778 17.
1144 1734 1280 1791 ἑαυτῷ
1319 1741 1448 1779 ποιεῖν
1489 1738 1592 1777 Ven.
1625 1761 1676 1769 -
1735 1735 1849 1779 l.24.
1895 1739 2069 1792 Repone
2094 1733 2314 1793 ἐβούλετο,
2355 1733 2387 1791 ὀἷ

461 1805 654 1864 ἐβούλετο
682 1806 755 1850 καὶ
783 1801 886 1857 ούκ,
930 1806 988 1846 uti
1015 1807 1167 1862 legitur
1204 1808 1329 1847 etiam
1350 1810 1393 1848 in
1420 1809 1522 1848 Ven.
1553 1816 1595 1849 et
1623 1810 1712 1850 Bas.
1771 1808 1928 1849 Eodem
1957 1807 2059 1849 vitio
2083 1808 2246 1852 laborat
2272 1816 2389 1849 utra-

460 1893 539 1934 que
570 1878 668 1919 edit.
698 1880 837 1919 Petav.
871 1903 923 1909 -—
982 1878 1007 1918 l.
1028 1878 1093 1921 27.
1129 1875 1345 1930 σώζεσθαι
1374 1881 1478 1919 Ven.
1508 1903 1564 1910 --
1622 1879 1650 1920 l.
1682 1880 1755 1920 ult.
1787 1874 1905 1924 ἄνοια
1934 1881 2038 1920 Ven.

572 1951 854 2008 Pag.2lss.
909 1949 934 1989 l.
958 1949 989 1990 1.
1038 1939 1208 2005 Βεροιιο
1248 1965 1339 1991 cum
1378 1959 1551 1992 accentu
1594 1942 1732 2000 αὖθις.
1761 1977 1815 1983 —
1874 1951 1901 1991 l.
1924 1952 1961 1993 2.
2006 1947 2090 1995 άπὸ
2128 1953 2210 1994 τῶν
2249 1945 2386 1996 ἄλλων

459 2016 598 2064 αύτῶν
625 2023 725 2061 Ven.
754 2045 808 2052 --
866 2021 891 2061 l.
912 2022 948 2061 5.
982 2024 1094 2061 Acue
1122 2021 1310 2076 κτίστην.
1336 2046 1388 2054 --
1446 2022 1473 2062 1.
1499 2024 1560 2064 11.
1593 2018 1842 2072 ἀσύστατον,
1873 2018 1911 2065 εἴ
1937 2037 2015 2066 παν
2043 2024 2144 2063 Ven.
2171 2045 2223 2054 -
2284 2021 2387 2083 lbid.

460 2091 716 2147 δηλητηρίου
757 2090 927 2146 ἔμπνεον
968 2093 1071 2133 ven.
1104 2117 1159 2124 --
1216 2092 1243 2133 l.
1271 2095 1330 2134 15.
1360 2091 1518 2136 τούτων
1560 2088 1680 2147 ἥκειν
1722 2091 1897 2141 ἑαυτοὺς
1935 2090 2004 2136 διὰ
2031 2091 2110 2146 τήν
2139 2091 2387 2148 ἐπαγγελίαν

458 2159 778 2218 οἷναγκάσωμεν.
817 2164 918 2205 Ven.
953 2187 1003 2194 —
1063 2164 1232 2209 Nicetas
1278 2164 1406 2204 Chon.
1445 2164 1568 2205 Thes.
1605 2164 1778 2205 Orthod.
1818 2164 1908 2203 Fid.
1949 2163 2119 2213 lib.1V‚
2150 2179 2239 2219 cap.
2268 2165 2306 2206 2.
2334 2163 2387 2204 de

461 2234 793 2289 carpocratianis
821 2234 947 2275 habet
982 2235 1110 2276 haec:
1158 2234 1469 2289 Καρποκράτης
1498 2248 1561 2283 τις
1586 2233 1628 2278 ἐν
1653 2234 1709 2290 τῇ
1736 2229 1862 2291 Ἀσίᾳ
1889 2233 2117 2291 διατρίβων
2144 2232 2288 2289 πάσης
2317 2234 2387 2278 αἰ-

461 2305 709 2362 σχρουργίας
736 2302 921 2360 ἐγεγόνει
944 2303 1220 2355 διδάσκαλος,
1253 2305 1325 2348 καὶ
1349 2307 1429 2348 πᾶν
1460 2299 1719 2359 ἐπιτήδευμα
1743 2302 1952 2359 ἁμαρτίας
1977 2302 2127 2361 μετῄει
2149 2306 2224 2348 καὶ
2249 2302 2390 2349 ὑπετί-

460 2378 583 2431 zero,
616 2375 794 2432 φάσκων
819 2374 898 2426 ὥς,
931 2376 967 2421 εἰ
994 2374 1057 2430 μη
1086 2391 1149 2425 τις
1176 2374 1247 2420 διὰ
1271 2376 1417 2418 πασῶν
1445 2374 1646 2429 παρέλθοι
1675 2375 1747 2430 (al.
1776 2375 1868 2417 cod.
1901 2375 2114 2433 παρέλθῃ)
2145 2377 2228 2420 τῶν
2253 2373 2388 2431 ἆμαρ-

458 2450 557 2491 τιῶν
589 2448 662 2491 καὶ
688 2446 734 2491 τὸ
765 2447 933 2501 ὃέλημα
959 2445 1107 2500 δράσει
1139 2447 1225 2489 τῶν
1248 2444 1484 2500 δαιμόνων,
1516 2443 1563 2489 ού
1595 2446 1822 2500 δυνήσεται
1846 2448 2067 2502 παρελθεῖν
2095 2446 2157 2496 εἰς
2182 2445 2254 2491 τὸν
2275 2443 2388 2493 οἰνω-

458 2516 573 2562 τάτω
599 2514 783 2573 οὐρανόν.
840 2513 1118 2571 Ἀπαγορεύει
1154 2514 1203 2560 δὲ
1230 2515 1304 2560 καὶ
1329 2514 1399 2560 τὸν
1436 2513 1592 2571 γάμον,
1635 2517 1708 2560 καὶ
1734 2515 1811 2573 τὴν
1839 2520 1923 2561 τῶν
1963 2519 2139 2572 νεκρῶν·
2161 2514 2388 2561 ἀνάστασιν

459 2587 508 2633 ού
538 2588 760 2643 προςίεται.
814 2585 1130 2642 Ἐπινενόηνται
1158 2585 1207 2632 δὲ
1236 2582 1348 2642 παρά
1384 2592 1471 2637 τοῖς
1499 2588 1873 2643 Καρποκρατηνοῖς
1908 2587 2068 2637 τούτοις
2107 2588 2180 2632 καὶ
2219 2588 2390 2644 μαγείαι

460 2660 534 2704 καὶ
561 2659 724 2716 ἐπῳδαὶ
761 2657 867 2714 πρὸς
901 2660 1037 2702 πᾶσαν
1067 2657 1260 2715 μηχανήν
1296 2657 1568 2714 δαιμονιώδη.
1624 2656 1754 2703 Ἀλλὰ
1783 2659 1856 2702 καὶ
1886 2663 2099 2715 σφραγῖδα
2123 2657 2194 2704 διὰ
2222 2659 2388 2714 καυτῆ-

463 2746 533 2787 ρος
559 2724 591 2786 ’ἕί
620 2730 745 2785 ξηροῦ
776 2730 874 2786 (sic)
903 2723 937 2784 ἧ
966 2730 1140 2785 ῥαφίδος
1164 2728 1396 2773 ἐπιτιὶῒέασι
1421 2731 1482 2787 τῷ
1507 2731 1618 2787 λοβῷ
1646 2731 1728 2774 τῶν
1756 2726 1825 2774 ὑπ’
1853 2728 1992 2774 αύτῶν
2014 2726 2300 2785 άπατωμένων
2327 2730 2388 2780 εἰς

461 2807 616 2858 δεῖγμα
642 2804 714 2845 τοῦ
751 2802 830 2856 τῆς
869 2799 1006 2844 αὐτῶν
1037 2798 1138 2844 εἶναι
1174 2799 1364 2855 ζηλωτὰς
1392 2801 1617 2855 αἱρέσεως·
1650 2797 1787 2845 ’Ὅθεν
1827 2802 1901 2844 καὶ
1927 2801 2192 2856 Μαρκελλίνα
2225 2817 2290 2851 τις
2318 2798 2387 2846 ὑπ’

460 2870 600 2919 αὐτῶν
642 2870 911 2928 άπατηὲτεῖσα
939 2871 980 2915 ἐν
1003 2868 1154 2928 Ῥώμῃ
1184 2871 1252 2915 ἐπὶ
1275 2869 1498 2926 Ἀνικητου
1538 2872 1766 2917 ἐπισκόπου
1791 2869 1968 2927 Ῥώμης
1993 2869 2149 2921 πολλὰς
2176 2870 2285 2927 πρὸς
2307 2870 2386 2927 τὴν

460 2942 656 2999 τοιαύτην
692 2944 849 2998 αἵρεσιν
879 2939 1132 2998 ὑπηγάγετο.
1192 2941 1379 2992 Εἰκόνας
1407 2940 1456 2987 δὲ
1482 2945 1694 2993 ποιοῦντες
1724 2944 1908 2999 Χριστοῦ
1940 2942 2013 2986 καὶ
2038 2940 2236 2995 Παύλου,
2280 2939 2386 2988 ἀλλὰ

461 3019 535 3060 καὶ
559 3013 816 3071 Πυθαγόρου
845 3013 918 3059 καὶ
944 3014 1026 3057 τῶν
1049 3015 1198 3057 λοιπῶν
1224 3011 1480 3069 φιλοσόφων,
1510 3013 1550 3057 ἐν
1576 3015 1719 3071 κρυφῇ
1743 3015 2034 3069 προςκυνοῦσιν
2062 3010 2205 3062 αύτάς.
2262 3009 2386 3060 Ἐπι-

463 3088 628 3131 τελοῦσι
667 3086 715 3131 δὲ
752 3085 825 3129 καὶ
863 3083 917 3128 τὰ
956 3086 1038 3128 τῶν
1075 3082 1291 3139 Ἑλλήνων
1331 3082 1556 3140 μυστήρια.
1589 3110 1639 3117 -
1710 3086 1735 3126 l.
1774 3086 1836 3129 19.
1879 3084 2017 3140 φέρειν
2055 3078 2155 3138 ἥκει
2199 3085 2299 3124 ven.
2328 3108 2384 3117 --

462 3158 489 3200 l.
514 3156 581 3201 34.
627 3158 763 3199 Verba
806 3156 847 3200 ἐν
875 3157 937 3213 τῷ
968 3153 1159 3212 Ἰορδάνῃ
1193 3171 1271 3197 om.
1304 3159 1407 3196 Ven.
1441 3181 1491 3188 —
1552 3156 1578 3197 1.
1609 3156 1864 3211 antepenult.
1896 3150 1985 3210 μετ’
2016 3150 2140 3198 αύτὸν
2175 3153 2245 3199 τὸν
2278 3155 2382 3196 Ven.

576 3231 710 3287 Pag.
736 3230 864 3273 218.
893 3252 946 3259 -·
1004 3228 1030 3268 1,
1051 3227 1089 3270 6.
1123 3224 1181 3277 ιός
1203 3224 1363 3282 οἷγαῖιόν
1390 3229 1491 3268 Ven.
1519 3252 1573 3259 -
1631 3228 1658 3268 1.
1678 3228 1745 3270 23.
1776 3229 1858 3281 τῆς
1883 3221 2011 3269 αύτοῦ
2040 3221 2253 3275 ἀπωλείας
2280 3228 2383 3267 Ven.

454 3326 515 3338 .--
547 3301 573 3342 l.
594 3300 661 3343 29.
692 3302 863 3355 Repone
891 3313 940 3338 ex
967 3300 1128 3339 Veneto
1149 3296 1314 3342 καὶτὸν
1343 3296 1449 3353 πρὸς
1473 3295 1597 3342 αύτόν
1624 3315 1662 3341 κ.
1694 3313 1728 3341 τ.
1757 3293 1911 3346 αύτούς
1939 3295 2119 3351 ἔλεγχον.
2152 3319 2206 3328 -
2265 3296 2291 3338 l.
2311 3295 2380 3339 31.

463 3371 716 3426 καθιεμένην
744 3369 971 3425 δεδεμένην
1001 3368 1041 3413 ἐν
1071 3372 1174 3411 Ven.
1199 3395 1265 3401 >—-
1323 3370 1350 3410 1.
1381 3370 1454 3410 ult.
1486 3367 1545 3424 μή
1576 3367 1699 3413 κύνου
1731 3370 1833 3409 Ven.

577 3443 709 3500 Pag.
730 3442 857 3487 220.
913 3441 938 3481 l.
966 3445 998 3483 1.
1039 3440 1296 3495 εἱστῆκασαν
1328 3445 1414 3481 Bas.
1448 3465 1493 3471 —
1559 3441 1583 3480 1.
1603 3439 1640 3482 4.
1673 3437 1809 3482 αύτῶν
1837 3435 1909 3482 διὰ
1935 3437 2017 3480 τῶν
2045 3439 2147 3479 ven.
2178 3462 2232 3470 —
2289 3439 2316 3480 l.
2340 3439 2380 3483 7.

465 3512 649 3556 κωλύσει
676 3528 755 3554 om.
785 3515 890 3554 Ven.
921 3537 973 3543 —
1031 3513 1058 3553 l.
1091 3512 1137 3555 11
1168 3520 1212 3552 et
1240 3513 1303 3553 12.
1346 3512 1418 3555 τοῦ
1447 3509 1566 3566 οἶγίου
1593 3506 1825 3564 πνεύματος
1854 3510 1956 3549 ven.
1992 3532 2036 3539 -
2097 3508 2125 3549 1.
2150 3507 2209 3550 19.
2240 3504 2381 3564 οἶπῆλι-

467 3586 537 3628 {rev
568 3600 610 3639 μ.
639 3584 691 3626 Τ.
723 3583 794 3627 καὶ
818 3581 879 3633 ὥς
907 3586 1009 3625 ven.
1041 3608 1095 3616 —
1152 3583 1179 3624 1.
1199 3584 1266 3624 20.
1296 3581 1392 3637 περὶ
1421 3582 1547 3626 Τίτου
1577 3581 1707 3636 λέγων
1743 3581 1847 3624 Ven.
1876 3600 1934 3609 -—-
1990 3578 2016 3618 l.
2050 3578 2116 3620 25.
2150 3580 2287 3622 Verba
2314 3574 2381 3623 ’ότι

467 3652 537 3698 ἐὰν
566 3654 872 3709 περιτέμνησθε
900 3669 984 3695 ιιοιι
1014 3654 1200 3709 agnoscit
1229 3655 1335 3695 Ven.
1363 3677 1420 3685 —
1476 3653 1502 3694 l.
1534 3653 1596 3695 18.
1629 3649 1751 3694 παντὶ
1778 3647 1825 3692 τὸ
1856 3650 1981 3702 δῆλον
2011 3650 2113 3690 Ven.

578 3727 711 3783 Pag.
734 3728 860 3771 222.
916 3725 944 3766 l.
969 3728 1003 3767 1.
1034 3727 1095 3783 τῷ
1124 3721 1345 3780 άποστόλῳ
1375 3722 1538 3779 Παύλῳ
1567 3724 1670 3765 Ven.
1700 3744 1756 3752 —-
1811 3719 1836 3759 l.
1859 3720 1898 3763 7.
1929 3719 2236 3775 περιτμῆἓτητι,
2268 3719 2380 3775 quod

467 3795 607 3835 Petav.
642 3810 692 3836 ex
715 3796 848 3838 Vatic.
876 3796 1082 3851 reposuit,
1126 3795 1254 3837 habet
1293 3794 1418 3834 etiarn
1443 3796 1545 3834 Ven.
1581 3816 1631 3824 -
1687 3791 1716 3831 1.
1737 3789 1777 3832 9.
1824 3786 2164 3845 ύπαπαρχὲςέντες
2190 3793 2292 3832 Ven.
2324 3815 2378 3823 ——

468 3864 573 3906 lbid.
612 3866 922 3921 πειὸανολογίας
962 3870 1050 3909 Bas.
1082 3891 1133 3900 --
1190 3867 1218 3908 1.
1249 3866 1311 3909 13.
1356 3860 1564 3919 ω’φεληση
1604 3864 1707 3904 Ven.
1737 3883 1792 3892 -
1847 3861 1875 3901 l.
1897 3861 1958 3903 17.
1999 3860 2113 3916 παροὶ
2141 3859 2302 3911 τούτοις
2325 3859 2378 3907 τά
