2508 4134
559 305 783 349 PANARH
814 306 917 347 Lm.
939 307 1011 347 111.
1039 307 1175 349 ToM.
1198 309 1228 348 1.
1261 308 1421 349 HAER.
1447 307 1645 348 Lxxm.
1955 296 2051 346 105

147 406 227 473 illa
252 403 401 456 verba
417 441 430 467 ,
483 406 696 455 Formam
732 408 861 454 servi
881 408 1139 470 accipiem,
1194 416 1241 454 et
1274 410 1320 456 in
1351 409 1696 456 similitudinem
1729 408 1957 455 hominum
1967 406 2054 472 sa-

154 477 290 550 etus,
334 504 527 540 carnem
556 488 688 540 illum
718 506 743 539 e
770 488 958 557 virgine
989 488 1253 558 sumpsisse
1282 490 1545 541 declarant.
1622 488 1950 558 Quamobrem
1976 489 2056 540 illa

149 574 252 643 ipsa
281 590 423 637 οπο,
465 590 603 642 quam
638 573 713 624 dei
742 573 871 624 filius
901 572 1082 635 induit,
1123 573 1290 623 eadem
1327 582 1401 623 est
1433 591 1537 624 cum
1587 583 1856 625 ceterorum
1904 573 2055 625 homi-

149 676 260 710 num
292 674 466 723 carne3
518 657 577 708 ad
609 657 850 708 homiuum
884 674 1000 708 vero
1034 656 1394 708 similitudinem
1437 674 1545 707 esse
1576 658 1775 722 dicitur,
1832 656 2054 726 quoniam

150 760 245 794 non
277 741 405 794 virili
432 750 539 793 satu
567 759 623 793 ac
653 741 909 793 concubitu
939 740 1179 792 hominum
1212 758 1347 792 more
1376 749 1639 810 prognatus
1668 751 1761 794 εει.
1834 741 1949 794 Non
1978 759 2057 793 se-

150 845 234 879 cus
261 844 316 878 ac
339 827 494 889 filius,
548 838 654 878 cum
686 826 882 895 spiritus
916 825 1008 889 sit,
1050 835 1096 877 et
1127 825 1324 895 spiritus
1351 842 1375 875 a
1405 834 1541 894 patre
1573 825 1634 876 sit
1665 828 1884 893 genituS,
1941 844 2056 895 qua-

149 920 289 962 tenus
333 910 527 978 spiritus
568 928 595 962 a
633 911 804 980 spiritu
841 910 1042 979 prodiit,
1084 910 1209 961 idem
1249 919 1324 960 est
1359 927 1467 960 cum
1503 910 1612 973 illo,
1668 909 1793 961 sicut
1821 921 2056 979 quatenus

151 1013 264 1047 caro
305 1012 370 1046 ex
410 1012 555 1046 carne
595 996 747 1046 factus
788 1003 890 1058 est,
948 993 1138 1046 Mariae
1169 994 1422 1057 videlicet,
1481 994 1604 1044 idem
1647 1002 1720 1044 est
1749 1012 1855 1046 cum
1887 1013 2052 1047 carne.

148 1078 304 1132 Porro
347 1088 584 1148 quatenus
626 1079 731 1130 sine
769 1080 1032 1149 profluvio,
1087 1079 1312 1148 passione
1356 1096 1412 1129 ac
1457 1077 1695 1129 divisione
1727 1079 1821 1129 ulla
1860 1097 1887 1129 a
1922 1087 2057 1147 patre

87 1228 90 1229 γ
149 1165 341 1234 genitus
383 1173 482 1229 est,
537 1164 684 1233 patris
713 1173 788 1216 εει
816 1163 1012 1227 similis,
1066 1181 1156 1215 nec
1188 1163 1312 1214 idem
1343 1181 1449 1214 cum
1480 1180 1568 1226 eo,
1627 1163 1697 1213 sic
1739 1171 1788 1213 et
1817 1163 1939 1215 filius
1981 1180 2058 1215 εε-

151 1251 355 1301 cundum
387 1266 578 1300 carnem
597 1288 610 1313 ‚
663 1267 720 1298 ae
748 1252 1091 1299 similitudinem
1122 1251 1352 1298 hominum
1372 1249 1533 1314 sactus
1564 1256 1660 1308 est,
1718 1264 1808 1298 nec
1833 1257 1909 1299 est
1932 1248 2057 1300 idem

152 1333 348 1386 omnino
387 1351 493 1384 cum
532 1332 744 1385 homine.

292 1417 445 1487 lgitur
489 1417 537 1468 in
577 1418 780 1487 epistola
823 1418 880 1468 ad
919 1416 1253 1487 Philippenses
1300 1417 1389 1468 hoc
1441 1417 1520 1468 ille
1566 1435 1655 1468 nos
1694 1416 1883 1481 docuit,
1938 1434 2057 1485 quo-
2100 1414 2241 1512 ,ἔδῃ-Ι

153 1504 294 1554 modo
322 1503 402 1554 filii
432 1502 705 1571 hypostasis
738 1503 887 1571 patris
914 1501 1161 1572 hypostasi
1192 1503 1255 1554 sit
1285 1502 1484 1567 similis3
1526 1501 1725 1572 spiritus
1760 1502 1887 1553 enim
1918 1519 1943 1552 a
1978 1519 2061 1571 pa-
2244 1500 2254 1511 ⁰

154 1597 226 1639 tre
266 1587 586 1656 progreditur.
663 1584 830 1654 Quare
870 1586 912 1637 si
951 1586 1148 1654 spiritus
1190 1587 1436 1637 notionem
1464 1587 1776 1650 considereS,
1833 1586 1956 1637 idem
1988 1595 2062 1637 εει

153 1690 260 1723 cum
305 1680 458 1740 patre.
533 1669 743 1722 Perinde
786 1689 842 1722 ac
882 1671 1042 1722 carnis
1082 1671 1210 1722 illum
1259 1672 1391 1722 notio
1419 1671 1543 1722 idem
1576 1690 1682 1722 cum
1721 1671 1913 1722 homine
1946 1688 2062 1722 con-

152 1755 326 1808 stituit.
401 1754 516 1807 Non
547 1756 672 1806 idem
701 1773 820 1807 vero
855 1764 947 1819 est,
990 1756 1074 1807 sed
1106 1755 1274 1807 similis
1305 1757 1559 1821 duntaxat,
1600 1765 1836 1825 quatenus
1865 1754 2062 1825 spiritus

152 1840 260 1905 ille,
303 1839 381 1908 qui
410 1840 535 1891 filius
570 1848 672 1903 est,
715 1857 811 1891 non
839 1849 912 1890 εει
940 1849 1093 1909 pater.
1171 1839 1238 1892 Et
1266 1841 1344 1891 illa
1381 1858 1522 1904 οπο,
1565 1859 1704 1909 quam
1735 1841 1827 1892 sibi
1860 1841 2061 1893 verbum

153 1924 399 1988 adiunxit,
454 1941 549 1975 non
584 1941 611 1975 ε
649 1924 776 1975 virili
810 1933 916 1975 satu
950 1941 1006 1975 ac
1034 1925 1281 1994 voluptate
1311 1926 1662 1994 proficiscitur,
1718 1926 1803 1976 sed
1832 1943 1890 1976 eo
1921 1925 2062 1976 modo

154 2009 233 2078 qui
269 2008 319 2059 in
362 2009 617 2077 evangelio
667 2009 888 2060 traditur.
978 2008 1068 2060 His
1111 2010 1255 2078 igitur
1293 2010 1545 2073 omnibuS‚
1599 2018 1651 2061 ut
1694 2019 1837 2061 antea
1886 2010 2060 2060 dictum

153 2102 246 2158 cst,
297 2094 693 2162 quemadmodum
735 2094 892 2157 lilius,
947 2102 1183 2162 quatenus
1223 2103 1296 2146 est
1334 2112 1389 2145 ac
1425 2094 1646 2145 subsistit
1674 2095 1805 2164 ipse,
1858 2094 1979 2161 patri
2008 2093 2058 2144 in

154 2178 373 2229 omnibus
403 2177 466 2228 sit
493 2177 689 2241 similis,
740 2177 869 2229 filius
900 2196 987 2229 nos
1013 2179 1224 2229 edocuit.
1302 2178 1713 2247 Quemadmodum
1746 2197 1864 2230 vero
1893 2179 2063 2230 volun-

156 2271 250 2313 tate
280 2272 329 2313 et
358 2263 549 2313 actione
580 2262 902 2332 operibusque
930 2263 993 2314 sit
1022 2263 1220 2328 similis,
1275 2281 1338 2314 ex
1367 2263 1572 2333 epistola
1610 2265 1665 2315 ad
1702 2262 1952 2314 Romanos
1995 2263 2064 2314 di-

154 2345 376 2409 dicimus,
416 2347 497 2397 ubi
526 2347 606 2398 ille
636 2347 775 2411 dixit,
817 2351 871 2396 In
897 2352 1199 2398 similitudziaee
1228 2354 1386 2399 earnis
1406 2353 1594 2415 peccati
1617 2352 1936 2398 condemnavit
1951 2366 2062 2414 pec·
2085 2359 2192 2395 Rom.
2208 2359 2242 2405 8,
2260 2359 2293 2393 3.

153 2441 304 2482 catum
335 2435 382 2481 in
412 2449 568 2481 carne.
645 2430 774 2483 Nam
806 2431 883 2482 illa
916 2449 1058 2495 caro,
1101 2451 1239 2501 quam
1273 2433 1347 2484 dei
1379 2434 1502 2484 filius
1531 2433 1711 2496 induit,
1754 2433 1865 2484 licet
1898 2434 2062 2484 eadem

154 2524 285 2567 esset
314 2533 420 2566 cum
452 2532 598 2566 carne
632 2516 846 2584 peccati,
904 2525 951 2567 et
982 2518 1149 2568 eodem
1182 2519 1325 2568 modo
1359 2519 1416 2568 ad
1453 2520 1657 2583 famem,
1711 2517 1868 2582 sitim,
1921 2526 2064 2585 atque

154 2618 405 2663 somnum,
460 2617 554 2668 quo
597 2599 779 2667 reliqua
813 2617 925 2651 caro
952 2602 1107 2651 omnis
1136 2602 1493 2671 impelleretur,
1550 2603 1622 2653 his
1653 2611 1810 2653 tamen
1844 2601 2063 2653 omnibus

154 2701 454 2752 nequaquam
483 2685 540 2735 ad
571 2693 770 2752 peccata
798 2685 1149 2737 concitabatur.
1225 2685 1491 2756 Propterea
1529 2686 1651 2738 dixit
1677 2687 1924 2756 apostolus
1943 2726 1956 2751 ,
2008 2691 2064 2736 In
2086 2696 2316 2742 Ioauu.5‚1c.

153 2772 456 2819 similitudine
480 2773 638 2818 earnis
662 2772 869 2833 peceati,
929 2771 1051 2837 quod
1086 2771 1253 2821 eodem
1286 2789 1391 2822 cum
1429 2772 1511 2823 illo
1557 2772 1757 2835 recidit,
1814 2775 2066 2835 Quaecum-

154 2874 241 2922 que
263 2858 380 2904 enim
401 2864 542 2919 pater·
559 2856 706 2920 facit,
765 2856 877 2902 haec
904 2863 951 2902 et
963 2856 1106 2919 filius
1134 2858 1351 2904 similiter
1365 2858 1511 2923 facit.
1589 2855 1718 2907 Nam
1751 2865 1888 2925 pater
1905 2896 1917 2919 ,
1959 2874 2062 2906 cum

155 2940 218 2992 sit
245 2938 474 3008 spirituS‚
526 2946 749 3005 tanquam
790 2937 1038 3006 principali
1068 2940 1208 2989 modo
1239 2940 1379 3004 facit,
1432 2941 1556 2991 filius
1596 2958 1714 2991 vero
1755 2941 1831 3008 qui
1874 2949 1922 2990 et
1961 2940 2064 3008 ipse

158 3023 354 3092 spiritus
387 3031 493 3087 est,
546 3040 640 3072 non
676 3021 921 3090 principali
955 3022 1125 3086 modo,
1178 3024 1311 3075 velut
1342 3034 1508 3093 pater,
1563 3027 1645 3076 sed
1679 3025 1901 3075 similiter
1930 3023 2060 3074 facit.

157 3107 399 3175 Quocirca
426 3107 465 3158 si
495 3124 689 3158 carnem
717 3106 954 3173 utrimque
983 3116 1193 3174 specteS,
1220 3108 1343 3158 idem
1376 3118 1451 3159 est
1483 3128 1587 3159 cum
1624 3108 1894 3160 hominibus
1923 3104 2066 3159 Chri-

155 3200 286 3256 stus3
349 3192 743 3260 quemadmodum
773 3191 812 3242 si
853 3190 1070 3258 spiritum
1111 3190 1349 3259 utrimque
1388 3203 1607 3261 spectes,
1672 3193 1794 3242 idem
1843 3199 1917 3242 est
1957 3208 2063 3242 cum

156 3285 311 3345 patre.
389 3274 488 3327 lam
534 3285 768 3344 quatenus
809 3275 914 3325 sine
943 3275 1126 3325 semiue
1155 3276 1347 3342 genitus
1378 3285 1481 3340 est,
1544 3295 1638 3327 non
1668 3277 1790 3326 idem
1820 3284 1923 3338 εει,
1979 3276 2063 3326 sed

158 3361 360 3424 similis3
416 3361 615 3429 perinde
649 3369 792 3428 atque
821 3368 1056 3427 quatenus
1084 3361 1189 3410 sine
1229 3361 1464 3428 profluvio
1490 3361 1586 3411 ullo
1618 3378 1673 3410 ac
1696 3359 1920 3428 passione
1954 3377 2064 3428 pro-

159 3445 307 3497 cessit
339 3445 492 3507 filius,
545 3463 639 3495 non
670 3445 795 3496 idem
829 3453 929 3507 est,
983 3444 1066 3495 sed
1095 3442 1292 3494 similis:
1348 3453 1586 3512 quatenus
1619 3461 1736 3494 vero
1771 3448 1818 3494 in
1849 3447 2062 3494 similitu-

158 3527 263 3578 dine
289 3539 360 3578 εει
382 3533 539 3578 earnis
562 3534 758 3595 peceati,
804 3547 898 3579 non
929 3528 1052 3578 idem
1084 3535 1159 3577 est
1188 3545 1293 3578 cum
1324 3528 1483 3578 carnis
1517 3527 1935 3592 commotionibus,
1977 3530 2062 3579 sed

160 3613 347 3664 similis.
422 3611 536 3664 Non
568 3614 708 3665 aliter
741 3623 883 3682 atque
919 3612 1043 3663 idem
1072 3610 1152 3679 qui
1179 3612 1516 3663 commotionis
1552 3612 1678 3663 illius
1706 3612 2063 3664 similitudinem

157 3755 281 3805 princ.
340 3751 446 3795 καῇὸ
476 3755 535 3794 ed.
564 3756 698 3795 Petav.
1136 3746 1287 3793 ταύτὸν
1316 3754 1467 3792 uncinis
1491 3755 1638 3792 notavit
1662 3754 1857 3797 Petavius.

215 3811 254 3851 5.
287 3811 408 3851 Verba
438 3808 510 3851 καὶ
547 3807 653 3854 καὶτὸ
695 3833 719 3841 -
741 3833 766 3841 -
810 3809 881 3852 καὶ
919 3808 1081 3863 πνεῦμα
1193 3805 1230 3851 6,
1266 3809 1385 3861 Vulyo
1416 3802 1550 3864 ὥςπερ
1581 3798 1663 3855 οὖν.
