2508 4134
876 326 1066 367 ToMtrs
1098 324 1294 367 ALTER.
1936 310 2036 362 675

257 423 387 481 Peg.
403 424 491 469 20.
546 424 575 465 l.
596 423 636 467 9.
666 423 718 465 ab
745 423 818 464 inf.
851 424 965 466 Corr.
993 420 1240 466 ἀντιπῖπτον.

261 493 396 550 Pag.
421 494 508 539 22.
563 493 591 536 1.
612 494 672 535 12.
704 494 815 535 Corr.
846 496 1074 537 διικνεῖται.

258 562 388 620 Pag.
414 564 501 608 24.
557 563 583 604 1.
613 562 674 606 13.
705 563 843 604 Scribe
872 560 1229 619 διισχυριζόμενοι.
1263 584 1312 593 -
1369 562 1397 603 l.
1422 562 1494 603 ult.
1526 562 1638 603 Corr.
1670 559 2010 615 ὁμολογηθεῖσαν.

257 633 386 690 Pag.
410 635 498 679 28.
552 633 578 674 l.
609 631 646 674 4.
690 636 800 674 Acue
837 631 1149 676 πεντεκαίδεκα.
1179 654 1235 663 -
1299 631 1326 672 l.
1361 632 1424 673 11.
1454 631 1506 672 ab
1534 631 1610 671 inf.
1652 629 1794 672 Scribe
1836 626 2039 686 διισχυρί-

149 703 291 752 ζονται.

257 772 388 830 Pag.
417 774 504 818 32.
560 773 586 814 1.
615 773 683 816 23.
712 773 851 815 Scribe
881 771 1108 829 συμβαίνει.

257 842 387 898 Pag.
410 843 497 887 38.
552 843 580 885 l.
610 843 670 886 13.
699 843 751 884 ab
778 843 854 884 inf.
885 843 1047 884 Excidit
1073 842 1241 897 spiritus
1276 843 1489 898 negativae
1517 841 1742 898 particulae
1771 834 1836 884 οὗ.

257 912 388 968 Pag.
414 911 505 957 42.
560 913 586 955 l.
612 912 652 955 9.
681 921 776 954 ante
803 913 870 954 fin.
901 913 1042 954 Scribe
1068 913 1344 969 προϋπῆρχεν.

257 982 387 1038 Pag.
403 984 491 1027 66.
546 983 573 1024 l.
588 983 630 1026 3.
659 983 796 1024 Scribe
823 980 1038 1027 συναΐδιον.
1056 1006 1113 1013 -
1167 983 1195 1024 l.
1217 983 1278 1025 12.
1303 992 1398 1025 ante
1423 983 1491 1024 fin.
1521 983 1692 1037 Repone
1715 976 1935 1025 ἀλλοιωτὸν
1962 991 2039 1032 pro

145 1045 399 1106 ἀλλοιωτὴν,
429 1053 540 1108 quod
567 1052 710 1094 vitium
734 1053 886 1093 habent
915 1053 1038 1094 etiam
1067 1052 1162 1094 edd.
1197 1055 1283 1094 Bas.
1316 1061 1358 1094 et
1386 1055 1526 1094 Petav-

261 1123 393 1180 Pag.
419 1123 504 1168 70.
572 1123 600 1163 1.
629 1122 669 1164 6.
702 1131 797 1163 ante
835 1123 905 1164 fin.
948 1123 1061 1164 Corr.
1101 1123 1385 1177 προρρηθέντα
1416 1137 1493 1178 pro
1533 1121 1826 1178 προρρηθέντα.
1883 1118 2040 1161 Eodem

144 1191 268 1233 modo
296 1202 506 1246 peccatum
532 1202 594 1234 est
630 1208 672 1248 p.
693 1195 773 1247 52,
803 1194 842 1236 2.
866 1193 908 1234 in
935 1207 1025 1234 voc.
1053 1191 1265 1247 ἔρρωσῇε,
1308 1208 1348 1248 Ρ.
1371 1191 1439 1237 74.
1469 1194 1534 1235 20.
1569 1207 1610 1247 Ρ.
1636 1193 1704 1242 80,
1739 1191 1801 1234 13.
1831 1205 1874 1245 Ρ.
1903 1189 1971 1239 82,
1999 1189 2037 1229 5.

144 1263 214 1316 88,
243 1263 281 1303 5.
313 1260 404 1312 104,
436 1262 463 1304 9
495 1271 536 1304 et
561 1263 600 1304 5.
628 1271 723 1304 ante
749 1263 816 1303 fin.
838 1263 881 1303 in
909 1277 998 1304 voc.
1028 1260 1253 1318 οἷπόρροια,
1294 1279 1333 1318 Ρ.
1364 1263 1432 1313 76,
1461 1262 1501 1306 6.
1532 1270 1574 1303 et
1601 1261 1667 1312 92,
1696 1262 1764 1303 22.
1796 1260 1838 1301 in
1865 1272 1955 1300 voc.
1983 1252 2035 1301 οἷ-

143 1329 297 1386 πορροῆ
314 1364 325 1384 ,
373 1348 412 1387 Ρ.
440 1333 519 1387 88,
548 1333 586 1376 7.
613 1342 708 1374 ante
736 1333 802 1373 fin.
833 1333 875 1373 in
901 1347 990 1374 voc.
1023 1330 1278 1388 ἀπόρρητον,
1321 1348 1362 1388 p.
1389 1333 1495 1383 100,
1525 1333 1564 1375 3.
1594 1332 1637 1372 in
1664 1344 1753 1373 voc.
1783 1325 2041 1383 ἐπαρρησιά-

147 1415 270 1451 σατο,
301 1417 342 1457 p.
375 1401 464 1453 116,
494 1403 531 1444 2.
557 1403 599 1443 in
628 1416 715 1444 voc.
745 1402 991 1458 παρρησίας,
1020 1417 1061 1457 p.
1092 1404 1184 1454 128,
1214 1404 1280 1447 25.
1307 1403 1351 1444 in
1375 1417 1467 1445 voc.
1496 1399 1775 1457 ἀπορρεῦσαν,
1805 1414 1847 1455 Ρ.
1878 1397 1968 1450 134,
1997 1393 2039 1439 4.

145 1471 186 1511 in
216 1486 308 1512 voc.
339 1466 514 1526 ἄρρητα.
1160 1504 1162 1506 -

212 1578 217 1586 .
257 1544 387 1600 rag.
417 1542 503 1587 74.
559 1542 584 1583 l.
612 1544 674 1585 15.
699 1552 741 1584 et
772 1544 834 1586 18.
869 1544 1035 1599 Corrige
1059 1543 1229 1600 κτίστην
1255 1559 1331 1600 pro
1362 1541 1548 1598 κτιστῆν.
1607 1541 1765 1584 Eodem
1789 1539 1914 1581 modo
1938 1550 2037 1578 ³0⁰0

143 1612 226 1653 hoc
247 1612 488 1653 vocabulum
514 1628 553 1667 p.
581 1613 649 1666 88,
680 1613 717 1656 9.
747 1623 842 1654 ante
870 1615 952 1666 fin„
983 1630 1023 1669 p.
1047 1614 1116 1664 90,
1146 1613 1201 1669 4.,
1231 1630 1273 1670 Ρ.
1296 1615 1391 1666 262,
1425 1614 1488 1656 12.
1514 1621 1556 1654 et
1584 1612 1660 1664 16.‚
1689 1635 1731 1675 p.
1756 1609 1854 1660 406,
1889 1609 1969 1658 11.,
1999 1614 2042 1647 et

144 1696 186 1736 p.
219 1679 287 1731 74,
321 1681 385 1737 16,
415 1683 487 1731 23,
516 1681 584 1734 26,
613 1683 708 1732 32,
741 1685 810 1734 76,
846 1685 917 1735 19,
949 1686 1016 1735 2ο,
1047 1682 1125 1735 24,
1156 1686 1210 1728 26
1238 1685 1364 1740 (bis),
1394 1699 1435 1740 p.
1460 1684 1529 1738 78,
1561 1684 1627 1737 11,
1655 1683 1723 1731 22,
1753 1679 1845 1732 24„
1875 1695 1917 1735 p.
1943 1675 2040 1730 206,

149 1752 212 1802 10,
246 1751 325 1802 13„
358 1767 397 1807 p.
429 1749 524 1804 242,
562 1752 622 1804 17,
658 1752 746 1805 19.,
777 1770 817 1809 p.
849 1752 946 1808 244,
976 1755 1078 1805 ult„
1108 1769 1149 1809 p.
1178 1754 1275 1809 262,
1305 1755 1373 1804 7.,
1403 1769 1444 1810 Ρ.
1475 1754 1571 1806 270,
1607 1754 1658 1805 1.,
1688 1768 1731 1808 p·
1761 1751 1857 1803 282,
1886 1750 1969 1798 2l·›
2000 1762 2041 1803 P·

145 1819 243 1872 290,
279 1822 340 1863 11.

258 1893 388 1949 Pag.
417 1895 507 1937 92.
562 1892 590 1933 l.
608 1892 647 1935 7.
683 1893 793 1934 Corr.
824 1892 959 1951 χρόνῳ
987 1908 1063 1950 pro
1091 1893 1241 1951 χόρνῳ.

257 1962 388 2018 Pag.
415 1962 540 2005 114.
597 1962 624 2003 l.
655 1966 694 2004 5.
726 1973 821 2004 ante
851 1965 917 2005 fin.
952 1964 1119 2019 Corrige
1145 1963 1200 2007 ‘O
1231 1964 1304 2021 μὲν
1334 1979 1410 2021 pro
1428 1960 1491 2007 nO
1523 1963 1608 2019 μὲν.

255 2032 386 2088 Pag.
409 2032 533 2075 116.
591 2032 619 2072 l.
655 2034 694 2075 7.
726 2034 867 2075 Scribe
897 2030 1034 2078 αὐτῶν
1063 2050 1139 2090 pro
1171 2038 1319 2078 αυτῶν.

256 2102 388 2159 Peg.
409 2104 533 2146 122.
589 2102 615 2142 l.
638 2103 704 2145 23.
735 2105 875 2145 Scribe
904 2101 1110 2158 οἶπολύτην
1140 2120 1216 2160 pro
1247 2102 1464 2160 ἀπολυτῆν.

256 2171 387 2227 Pag.
405 2171 528 2214 142.
585 2172 611 2213 l.
630 2174 670 2214 2.
702 2174 842 2215 Scribe
864 2174 1078 2231 διαφόρως
1103 2189 1180 2230 pro
1203 2172 1421 2231 διαφόρης,
1448 2184 1489 2217 et
1515 2172 1705 2232 ἀκάνθης
1729 2189 1806 2230 pro
1830 2170 2038 2224 οἷκάνὲτως.

256 2241 386 2297 Pag.
416 2239 541 2287 148.
599 2242 625 2283 l.
661 2240 720 2285 14.
758 2245 898 2286 Scribe
928 2247 985 2300 γῆ
1015 2262 1090 2302 pro
1119 2248 1191 2304 γῇ.

255 2311 386 2368 Pag.
408 2310 533 2356 154.
588 2312 615 2354 1.
645 2313 685 2357 9.
717 2315 885 2370 Repone
915 2314 962 2359 τὸ
995 2313 1108 2372 ἅγιον
1137 2333 1213 2373 pro
1244 2316 1313 2362 τόν
1342 2312 1470 2372 ἅγιον.

255 2382 387 2439 Pag.
417 2382 542 2427 168.
597 2383 623 2423 l.
656 2383 694 2426 9.
726 2394 822 2426 ante
852 2386 919 2428 fin.
953 2387 1123 2443 Repone
1152 2389 1180 2431 8
1207 2403 1283 2444 pro
1313 2389 1350 2431 7.

254 2452 384 2509 Pag.
415 2453 538 2496 172.
595 2453 621 2494 l.
649 2456 685 2496 5.
731 2456 872 2498 Scribe
909 2454 932 2500 ὁ
969 2473 1046 2513 pro
1079 2453 1115 2502 ὃ.
1150 2482 1198 2491 -
1256 2458 1283 2500 l.
1308 2457 1369 2501 19.
1415 2457 1556 2499 Scribe
1591 2455 1804 2514 τυγχάνειν
1831 2471 1908 2513 pro
1936 2471 2038 2512 τυγ-

144 2535 293 2577 γανειν.

255 2591 385 2649 Pag.
414 2593 540 2638 174.
595 2593 622 2634 l.
655 2594 718 2636 11.
750 2596 890 2637 Scribe
919 2595 1154 2642 ὖποπῖπτον.

256 2663 388 2719 Pag.
419 2663 544 2707 176.
598 2663 627 2704 l.
655 2660 723 2705 24.
755 2669 866 2706 Acue
897 2668 1091 2722 μυθώδη.

255 2733 387 2789 Pag.
418 2734 544 2778 180.
598 2733 627 2774 l.
662 2736 724 2776 11.
755 2744 850 2776 ante
878 2737 946 2777 fin.
977 2739 1117 2780 Scribe
1146 2737 1319 2794 οἷγνεῖαι.

259 2802 390 2859 Pag.
421 2804 546 2847 210.
603 2803 632 2844 l.
665 2805 725 2845 12.
759 2806 926 2861 Corrige
957 2806 1175 2864 συντόμοις
1201 2824 1278 2864 pro
1310 2813 1535 2864 συντομοῖς.

257 2873 387 2929 Pag.
419 2874 544 2917 220.
599 2873 624 2913 l.
655 2875 695 2916 2.
724 2876 864 2916 Scribe
893 2875 1286 2935 οἷποκεκληρωμένῃ.

256 2943 386 2999 Pag.
417 2943 542 2987 224.
598 2944 624 2985 l.
654 2945 693 2986 3.
726 2955 822 2986 ante
852 2946 918 2987 fin.
950 2948 1116 3003 Corrige
1146 2945 1467 3003 ὅνοματοποιίας.

256 3011 386 3069 rag.
416 3013 541 3058 226.
597 3014 625 3053 l.
655 3015 695 3056 8.
723 3015 931 3069 Virgulam
961 3026 1057 3071 post
1087 3014 1163 3074 οὐχ
1191 3018 1366 3073 positam
1394 3019 1487 3060 voci
1515 3013 1672 3074 νοήσῃς
1700 3025 1921 3074 postpone.

258 3083 389 3139 Pag.
421 3084 545 3127 234.
602 3084 628 3124 l.
658 3085 724 3138 22.
762 3085 930 3141 Corrige
961 3087 1103 3143 βιάζου
1134 3103 1209 3142 pro
1242 3087 1398 3144 βιάρου.

257 3153 386 3210 Pag.
418 3154 544 3197 242.
599 3154 626 3195 1.
657 3156 695 3195 5.
724 3164 819 3195 ante
849 3156 915 3197 fin.
946 3157 1086 3198 Scribe
1114 3157 1225 3212 παρά
1256 3173 1328 3202 σου
1356 3174 1432 3214 pro
1462 3157 1574 3214 παροὶ
1606 3160 1695 3202 σοῦ.

257 3224 387 3280 Pag.
419 3225 541 3268 268.
602 3226 646 3264 In
672 3234 856 3266 annotat.
887 3227 964 3269 col.
994 3228 1028 3268 1.
1059 3228 1135 3268 lin.
1161 3228 1200 3270 3.
1233 3243 1386 3284 repone
1415 3227 1530 3279 ἐντὸς
1559 3244 1635 3284 pro
1667 3228 1788 3278 ἔντος.

259 3292 390 3350 Pag.
421 3294 544 3337 270.
603 3294 629 3333 l.
656 3295 722 3336 25.
752 3296 893 3336 Scribe
925 3292 1271 3352 αὖτοϋμνηγορία.
1777 3323 1778 3326 “

258 3365 389 3421 Pag.
419 3364 542 3408 228.
599 3363 626 3404 l.
657 3362 697 3405 9.
733 3365 873 3405 Scribe
904 3362 929 3409 ἆ
960 3381 1036 3421 pro
1067 3382 1098 3409 0.

259 3434 391 3490 Pag-
426 3434 549 3477 290.
607 3434 632 3474 l.
668 3435 728 3476 11.
761 3435 969 3490 Virgulam
997 3445 1090 3491 post
1118 3434 1316 3494 οἷγγέλους
1345 3439 1462 3481 adde.

258 3505 388 3560 Pag.
420 3503 545 3547 294.
599 3504 626 3544 l.
657 3502 696 3546 4.
735 3514 829 3546 ante
868 3506 934 3546 fin.
980 3507 1145 3562 Virgula
1192 3523 1267 3563 pro
1307 3517 1461 3563 puncto
1500 3509 1643 3551 melius
1686 3510 1866 3567 reposita
1909 3510 2040 3553 scribe

146 3568 406 3627 Ἐπειδτῖπερ
435 3587 510 3627 pro
540 3572 777 3629 ἐπειδήπερ.

262 3643 392 3700 Pag.
422 3647 544 3690 296.
601 3646 628 3687 l.
656 3646 723 3687 22.
753 3646 894 3687 Scribe
924 3645 1131 3702 ἐμπῖπτον.

262 3713 392 3770 Pag.
421 3717 546 3760 298.
602 3716 629 3756 l.
648 3717 685 3759 3.
717 3716 854 3757 Scribe
882 3717 954 3760 καὶ
979 3733 1054 3772 pro
1082 3717 1191 3770 Καὶ,
1223 3718 1376 3773 virgula
1401 3720 1542 3761 melius
1567 3736 1642 3775 pro
1668 3732 1821 3776 puncto
1845 3725 2038 3779 reposita.

262 3782 394 3840 Pag.
427 3786 549 3828 304.
605 3786 630 3826 l.
658 3787 718 3829 10.
749 3795 843 3827 ante
870 3787 936 3831 fin.
967 3789 1086 3829 Tolle
1114 3798 1308 3845 punctum
1338 3799 1433 3844 post
1459 3791 1695 3849 περιουσίᾳ,
1726 3808 1880 3848 repone
1906 3795 2042 3850 virgu-

151 3851 234 3893 lam
264 3858 305 3893 et
334 3853 465 3895 scribe
495 3854 566 3898 καὶ
595 3870 669 3910 pro
701 3856 801 3899 Καὶ.

1580 3933 1691 3988 43*
