2508 4134
214 1734 299 1769 pag.
322 1723 417 1759 1000.

240 2608 351 2663 Κεφ.
380 2607 434 2657 ς’.

441 234 543 286 342
1152 245 1356 288 SANGTI
1386 247 1668 290 ΕΡῙΡΗΑΝΠ

439 341 529 408 τὴν
560 339 781 394 διάνοιαν
810 344 893 394 καὶ
937 341 1026 409 τὴν
1064 341 1220 411 αὐτὴν
1250 345 1427 411 ἔχοντα,
1448 343 1576 414 πρὸς
1604 344 1831 413 ἀσέβειαν
1866 346 2198 413 2βλέπουσαν.
2272 344 2374 399 Διά

440 432 592 478 ταῦτα
621 429 921 495 διεκρίνοντο
965 429 1046 480 καὶ
1082 427 1371 496 διεμάχοντο
1402 428 1528 499 πρὸς
1559 429 1797 499 ἀλλήλους
1823 434 1875 485 οἷ
1900 432 2164 499 αὐχοῦντες
2199 433 2283 484 ἐπὶ
2311 437 2371 503 τῇ

442 508 678 583 ὁμολογίᾳ
709 518 806 564 τῶν
846 514 1070 582 πατέρων
1115 519 1251 566 3τῶν
1290 517 1341 567 εἶν
1373 519 1561 587 Νικαία
1601 518 1850 590 γενομένῃ.
1919 515 2050 586 Ἐγώ
2082 517 2135 570 δὲ
2160 513 2250 583 τὴν
2283 514 2374 584 σὴν

441 595 706 664 ἐθαύμασα
733 600 1020 665 θεοσέβειαν
1060 598 1422 667 ἆνασχομένην,
1472 603 1556 653 καὶ
1589 600 1665 654 ὅτι
1692 599 1761 669 μὴ
1787 598 1999 662 τούτους
2031 601 2160 669 4μὲν
2189 602 2373 654 ἔπαυσε

440 689 595 735 ταῦτα
620 683 864 751 λέγοντας,
902 681 992 750 τὴν
1022 684 1074 736 δὲ
1106 683 1285 752 εὐσεβῆ
1311 689 1474 738 πίστιν
1502 687 1788 756 παρέθηκεν
1818 684 2011 751 αὐτοῖς,
2048 689 2132 739 ἵνα
2158 684 2191 754 ἢ
2222 683 2376 742 ἄκου’-

442 785 611 829 σαντες
648 767 988 836 ἠρεμήσωσιν,
1039 767 1074 837 ἢ
1102 767 1428 840 ἀντιλέγοντες
1471 769 1538 832 ὥς
1577 773 1812 840 αἱρετικοὶ
1844 771 2222 839 ὄόνομασθῶσι.
2303 770 2375 826 To}

441 852 534 924 γάρ
570 855 937 924 6προειρημένα
966 852 1077 907 οὔτε
1103 854 1273 920 λεκτοὶ,
1313 854 1426 909 οὔτε
1453 853 1668 908 ἀκουστὰ
1692 855 1829 926 παρὰ
1861 862 2203 927 Χριστιανοῖς,
2255 853 2375 911 ἄλλα

443 939 671 1010 ἀλλότρια
721 938 848 992 κατὰ
901 939 1062 993 πάντα
1107 939 1296 1010 τρόπον
1342 947 1433 1008 τῆς
1482 940 1813 1008 ἆποστολικῆς
1858 945 2172 1004 διδασκαλίας
2221 944 2375 996 7ἐστί.

445 1024 545 1078 Διά
570 1030 716 1078 τοῦτο
741 1031 863 1095 γοῦν
891 1024 1026 1096 κάγώ
1051 1023 1111 1078 τοὶ
1138 1024 1253 1095 παρ’
1282 1028 1496 1091 ἐκείνων,
1536 1023 1603 1088 ὥς
1631 1032 1654 1063 ⁸
1672 1029 1874 1096 εἴρηται,
1912 1034 2108 1098 γυμνῶς
2131 1031 2379 1096 πεποίηκα

445 1113 754 1181 ἐγγραφῆναι
790 1118 849 1184 τῇ
879 1113 1135 1184 ἐπιστολῇ,
1185 1113 1266 1163 ἵνα
1295 1113 1381 1164 καὶ
1411 1110 1569 1178 μόνον
1596 1109 1627 1165 ό
1651 1111 1854 1165 ἀκούων
1884 1118 2056 1186 θεωρῇ
2093 1112 2184 1181 τήν
2212 1115 2263 1166 ἐν
2292 1111 2379 1166 αύ-

445 1204 549 1258 τοῖς
576 1195 811 1265 αἰσχύνην
839 1199 924 1249 καὶ
968 1196 1250 1264 9ἆσέβειαν.
1328 1198 1427 1249 Καὶ
1462 1199 1507 1249 εἰ
1533 1198 1618 1249 καὶ
1643 1199 1740 1250 ἔδει
1775 1195 1857 1250 διοὶ
1895 1197 2134 1252 πλειόνων
2170 1219 2379 1268 κατηγο-

446 1290 550 1352 ρεῖν
581 1283 665 1335 καὶ
706 1284 959 1352 διελέγχειν
997 1281 1087 1350 τὴν
1131 1287 1302 1335 ιοτῶν
1335 1289 1487 1335 ταῦτα
1530 1283 1902 1351 διανοηθέντων
1944 1281 2208 1350 αἰσχύνην,
2258 1283 2379 1337 ἀλλὰ

454 1374 470 1403 ¹
493 1369 617 1420 ικαὶ
666 1367 889 1422 12καλὸν
920 1366 1040 1423 εἶναι
1085 1372 1177 1433 ἕως
1220 1369 1409 1422 τούτων
1449 1366 1539 1435 τὴν
1585 1367 1866 1436 ἐπιστολὴν,
1919 1369 2004 1422 καὶ
2044 1367 2195 1435 μηδὲν
2232 1369 2380 1421 πλέον

445 1452 669 1523 γράφειν.
751 1453 821 1506 To}
848 1452 941 1524 γαρ
967 1454 1125 1517 οὕτως
1150 1461 1377 1523 φανερῶς
1403 1451 1694 1520 δεικνύμενα
1721 1458 1887 1521 φαῦλα
1908 1451 2168 1524 γυμνάζειν
2201 1460 2217 1490 ¹
2235 1459 2256 1490 ³
2275 1455 2381 1507 {wt-

448 1540 597 1591 πλέον
621 1540 706 1591 καὶ
734 1540 1135 1610 περιεργάζεσθαι
1167 1541 1226 1595 οὐ
1259 1544 1357 1604 δεῖ,
1410 1542 1491 1593 ’ἵνα
1520 1538 1588 1607 μὴ
1614 1547 1718 1602 τοῖς
1742 1546 2107 1605 φιλονεικοῦσιν
2135 1536 2203 1601 ὥς
2225 1537 2378 1608 ἆμφί-

447 1627 571 1692 βολα
605 1632 838 1699 νομισθῇ.
919 1632 977 1663 14
1000 1633 1158 1680 Τοῦτο
1203 1630 1360 1694 μόνον
1398 1625 1766 1694 ἀποκρίνασθαι
1806 1624 1932 1695 πρὸς
1971 1624 2029 1679 τοὶ
2057 1631 2258 1679 τοιαῦτα
2294 1627 2380 1678 καὶ

450 1713 605 1763 εἰπεῖν
633 1708 797 1781 ἀρκεῖ,
837 1710 912 1764 ὅτι
936 1711 1030 1765 οὐκ
1050 1714 1149 1766 ἔστι
1176 1717 1328 1767 ταῦτα
1353 1717 1441 1780 τῆς
1465 1717 1741 1779 καθολικῆς
1774 1713 2046 1779 ἐκκλησίας,
2086 1709 2203 1764 οὐδὲ
2226 1717 2380 1764 ταῦτα

450 1799 502 1850 οἷ
530 1797 735 1866 πατέρες
779 1796 1073 1867 ἐφρόνησαν.
1133 1798 1245 1853 Ἵνα
1288 1799 1341 1851 δὲ
1372 1795 1439 1866 μὴ
1477 1799 1531 1851 ἐκ
1568 1803 1656 1866 τῆς
1697 1799 1860 1851 τέλεον
1903 1803 2093 1864 σιωπῆς
2130 1795 2384 1868 πρόφασιν
2454 1801 2456 1803 ’

457 1880 852 1950 1ι’)οέναίσχυντον
894 1885 1088 1947 ἑαυτοῖς
1128 1887 1180 1938 οἷ
1208 1890 1306 1938 τῶν
1345 1888 1515 1938 κακῶν
1553 1885 1810 1953 ἐφευρεταὶ
1847 1886 2178 1954 πορίσωνται,
2234 1880 2383 1937 καλὸν

450 1969 504 2022 ἐκ
534 1974 634 2021 τῶν
660 1972 813 2022 θείων
839 1975 1047 2039 γραφῶν
1082 1978 1138 2008 ¹⁶
1157 1970 1333 2041 ὀλίγων
1371 1974 1719 2038 μνημονεῦσαι.
1802 1966 1935 2036 Τάχα
1971 1966 2065 2038 γὰρ
2096 1965 2191 2021 κᾶν
2226 1966 2385 2030 οὕτως

452 2056 764 2117 αἰδεσθέντες
800 2054 1086 2109 παύσωνται
1123 2055 1223 2110 ἆπὸ
1262 2062 1357 2109 τῶν
1393 2058 1630 2126 ῥυπαρῶν
1663 2052 1851 2108 τούτων
1888 2056 2136 2108 ἐπινοιῶν.

607 2594 788 2648 Πόθεν
833 2601 852 2632 1
874 2593 992 2663 ύμῖν
1027 2598 1241 2664 ἐπῆλθεν
1282 2599 1459 2662 εἰπεῖν,
1514 2593 1555 2651 ὦ
1581 2591 1743 2663 οῦτοι,
1795 2595 1849 2650 τὸ
1884 2594 2153 2664 όμοούσιον
2184 2591 2390 2648 εἷναιτὸ

457 2685 597 2747 σῶμα
620 2686 706 2749 τῆς
733 2687 825 2733 τοῦ
852 2680 1001 2751 λόγου
1024 2681 1316 2751 θεότητοςς-
1344 2681 1442 2736 ἆπὸ
1475 2682 1567 2754 γάρ
1598 2682 1776 2736 τούτου
1811 2680 1962 2735 καλὸν
1988 2678 2258 2750 ἄρξασθαι,
2306 2682 2392 2732 ’ἵνα

456 2764 635 2819 τούτου
664 2769 985 2834 δεικνυμένου
1010 2775 1220 2835 σαθροῦ,
1260 2771 1345 2822 καὶ
1368 2768 1530 2822 πάντα
1552 2769 1613 2822 τοὶ
1640 2767 1756 2821 ἄλλα
1782 2774 1982 2822 τοιαῦτα
2010 2770 2197 2840 δειχθῇ.
2268 2763 2389 2819 'And

458 2851 546 2918 μὲν
577 2845 669 2905 οῦν
705 2858 804 2905 τῶν
831 2859 1037 2923 γραφῶν
1070 2853 1161 2907 οὐκ
1195 2857 1324 2908 ἔστιν
1350 2853 1522 2924 εὑρεῖν.
1600 2852 1725 2907 Θεόν
1752 2852 1845 2923 γάρ
1875 2855 1927 2906 ἐν
1953 2853 2259 2924 ἀνθρωπίνῳ
2296 2850 2392 2904 σώ-

457 2959 570 3005 ματι
596 2939 843 3008 γεγονέναι
874 2941 1110 3009 λέγουσιν.
1179 2938 1323 2993 Ἀλλά
1354 2939 1447 3011 γοὶρ
1478 2942 1561 2993 καὶ
1590 2942 1644 2993 οἷ
1668 2941 1871 3008 πατέρες
1899 2940 1951 2991 οἴ
1973 2940 2027 2991 ἐν
2054 2940 2244 3007 Νικαία
2276 2954 2391 2989 συν-

458 3023 686 3087 ελθόντες
725 3023 786 3077 οὐ
827 3022 880 3077 τό
925 3031 1093 3092 σῶμα,
1148 3023 1244 3078 ἄλλ’
1279 3025 1431 3079 αὐτόν
1467 3024 1553 3078 τόν
1583 3024 1694 3079 υἷόν
1723 3023 1973 3094 εἰρήκασιν
2011 3019 2276 3089 ὄμοούσιον
2300 3026 2391 3075 τοῦ

458 3108 668 3180 πατρός·
720 3112 804 3163 καὶ
843 3115 1019 3163 τοῦτον
1062 3112 1151 3178 μὲν
1179 3114 1232 3165 ἐκ
1270 3118 1357 3179 τῆς
1392 3109 1562 3173 οὐσίας
1600 3117 1690 3164 τοῦ
1722 3107 1931 3179 πατρός,
1980 3105 2035 3160 τὸ
2079 3107 2132 3159 δὲ
2163 3113 2302 3175 σῶμα
2336 3108 2390 3160 ἐκ

459 3199 665 3266 Μαρίας
694 3193 1001 3266 ὦμολόγηται
1031 3194 1155 3250 εἶναι
1190 3196 1336 3250 πάλιν
1367 3195 1491 3251 κατοὶ
1522 3195 1609 3260 τοὶς
1640 3194 1887 3266 2γραφάς.
1951 3192 2025 3245 ”H
2044 3195 2209 3245 τοίνυν
2241 3189 2391 3263 ἀρνή-

513 3398 553 3439 2.
587 3396 816 3453 βλέπουσαν
846 3396 1020 3453 δύναμιν
1049 3402 1094 3440 Β.
1509 3397 1549 3440 9.
1596 3393 1793 3453 ἀσέβειαν
1834 3397 1894 3435 ed.
1940 3397 2065 3445 princ.
2141 3393 2390 3450 δυσσέβειαν

513 3455 552 3496 3·
583 3454 638 3509 τῇ
668 3457 714 3495 B·
1302 3474 1308 3479 κ
1452 3457 1647 3506 scriptura
1689 3458 1742 3493 est
1769 3464 1818 3492 ex
1846 3453 1975 3492 codice
2007 3454 2133 3492 nescio
2166 3463 2241 3502 quo
2279 3450 2390 3504 (cum

514 3508 553 3552 4.
587 3511 742 3555 ἔπαυσε
774 3511 845 3565 μὲν
875 3515 920 3553 Β.
1455 3514 1552 3563 siylo
1598 3513 1656 3562 M)
1710 3513 1896 3549 annotata
1950 3510 1991 3548 in
2038 3520 2167 3559 mary.
2223 3509 2390 3558 exempli

514 3570 554 3609 5.
584 3570 818 3622 νομισῇὥσι
842 3573 910 3620 Β.,
940 3571 1045 3621 quod
1070 3570 1301 3611 verum'est.
1455 3569 1694 3614 Somnium,
1726 3567 1829 3616 quod
1856 3577 1971 3615 penes
1999 3577 2058 3604 me
2087 3569 2152 3605 est.

515 3624 555 3665 6.
587 3624 786 3680 εἰρημένα
814 3629 859 3666 Β.
1518 3625 1578 3665 10.
1611 3617 1850 3676 ἀφροσύνην
1885 3622 1968 3663 τῶν
2005 3619 2058 3664 τὰ
2088 3620 2258 3663 τοιαῦτα
2294 3634 2390 3672 νοη-

516 3681 554 3722 7.
591 3682 680 3725 ἐστι
709 3685 814 3723 abest
844 3695 867 3722 α
897 3685 942 3724 Β.
1456 3678 1638 3730 σάντων,
1682 3673 1789 3720 ἀλλὰ
1820 3675 1946 3721 καλὸν
1983 3676 2065 3726 ἕως
2092 3675 2248 3720 τούτων
2287 3671 2392 3718 εἶναι

515 3738 852 3836 δὲπροείρηται,
883 3737 997 3795 ἐγγρ.
1024 3739 1194 3796 γυμνῶς
1218 3737 1396 3793 πεποίη-
1455 3734 1532 3792 τὴν
1562 3738 1607 3777 Β.

461 3807 516 3836 κα
578 3824 587 3833 .
