2508 4134
232 807 343 863 Κεφ.
377 806 413 849 ι’.

234 1421 320 1459 pag.
344 1411 438 1447 10⁰4.

461 270 563 322 350
1170 281 1376 324 SANc'm
1397 282 1685 325 EPIPHANH

459 379 545 429 καὶ
586 377 861 445 ἐλέγχεσθαι
900 375 1047 429 πάλιν
1084 375 1317 431 δύνανται
1358 381 1411 431 οἱ
1448 380 1772 482 τολμήσαντες
1810 383 1964 433 εἰπεῖν
2009 382 2078 443 εἰς
2113 379 2273 452 σάρκα
2302 383 2387 436 καὶ

461 459 604 514 ὀστέα
641 459 941 529 ἠλλοιῶσθαι
979 459 1065 514 τόν
1103 461 1447 532 κύριον.οὗ
1482 464 1572 535 γάρ
1615 463 1744 532 εἶπε,
1801 465 1993 527 Καθως
2033 467 2116 532 ἐμὲ
2155 474 2389 537 θεωρεῖτε

460 545 619 616 σάρκα
647 547 730 599 καὶ
758 546 902 599 ὀστέα
932 544 1074 611 όντα,
1126 545 1223 600 αλλ’
1236 546 1473 616 ’Έχοντα,
1524 553 1607 602 ι’να
1633 550 1700 619 μή
1732 550 1882 613 αὐτὸς
1909 549 1937 604 ὁ
1960 548 2105 621 λόγος
2137 554 2208 613 εἰς
2234 558 2388 606 ταῦτα

457 633 660 701 τραπεὶς
684 637 929 704 νομισθη,
984 630 1082 684 ἀλλ’
1115 630 1265 695 αυτός
1301 637 1388 670 10’
1372 636 1494 702 έχων
1522 641 1675 687 ταῦτα
1704 638 1788 689 καὶ
1811 635 1907 708 πρδ
1936 641 2024 689 τοῦ
2053 635 2280 690 θανάτου
2303 639 2387 691 καὶ

459 714 579 784 μετά
614 715 706 784 τὴν,
741 716 1008 770 ἀνάστασιν
1046 715 1170 771 εἶναι
1206 725 1467 792 πιστευθῇ.

612 800 810 854 Τούτων
849 802 902 854 δὲ
937 802 1098 865 οὕτως
1140 803 1349 871 ἐχόντων
1386 803 1475 871 τήν
1507 803 1785 871 ἀπόδειξιν,
1826 806 2051 875 περιττὸν
2082 810 2150 861 ἔτι
2183 812 2281 860 τῶν
2309 805 2387 860 άλ-

458 893 555 939 λων
594 885 839 939 ἅπτεσθαι
878 889 963 940 καὶ
995 888 1254 957 γυμνάζειν
1282 912 1326 942 τι
1353 892 1462 958 περὶ
1503 888 1691 942 αὐτῶν·
1742 897 1832 943 τοῦ
1871 891 1998 962 ιγάρ
2027 892 2280 960 σώματος,
2336 895 2389 947 έν

462 967 500 1044 ᾧ
533 965 596 1039 ἦν
629 970 658 1025 o‘
697 972 865 1042 λόγος,
914 971 980 1041 μή
1024 972 1165 1035 ὄντος
1210 972 1478 1041 όμοουσίου
1520 980 1608 1042 τῆς
1645 973 1908 1043 θεότητος,
1963 975 2060 1031 ἄλλ’
2104 980 2159 1031 ἐκ
2184 981 2390 1048 Μαρίας

460 1055 661 1125 άληθῶς
686 1059 960 1125 τεχθέντος,
998 1061 1080 1111 καὶ
1114 1058 1270 1112 αὐτοῦ
1299 1060 1352 1112 δὲ
1374 1066 1463 1112 τοῦ
1488 1060 1635 1129 λόγου
1666 1059 1734 1127 μη
1761 1064 2026 1130 τραπέντος
2048 1066 2116 1125 εἰς
2137 1063 2283 1116 ὀστέα
2304 1064 2389 1116 καὶ

459 1143 642 1212 σάρκα,
681 1141 778 1196 ἀλλ’
810 1145 860 1196 έν
890 1146 1035 1213 σαρκὶ
1061 1146 1337 1214 γενομένου.
1419 1144 1484 1198 Τὸ
1517 1143 1610 1214 γάρ
1638 1144 1773 1214 παρά
1798 1152 1864 1219 τῷ
1890 1145 2090 1221 Ἰωάννῃ
2113 1148 2388 1219 λεγόμενον,

456 1226 511 1281 Ὁ
537 1228 679 1298 λόγος
715 1227 834 1297 σάρξ
873 1231 1084 1298 ἐγένετο,
1133 1229 1315 1297 ταύτην
1345 1232 1436 1297 ἔχει
1474 1230 1563 1297 τὴν
1587 1229 1836 1294 διάνοιαν,
1890 1231 2067 1294 καθώς
2094 1235 2178 1286 καὶ
2216 1236 2268 1307 ἐκ
2302 1239 2391 1287 τοῦ

461 1312 641 1381 ὁμοίου
669 1319 812 1366 τοῦτο
838 1313 1050 1367 δυνατὸν
1079 1313 1251 1384 εὑρεῖν.
1330 1317 1605 1385 Γέγραπται
1631 1314 1723 1386 γάρ
1765 1322 1791 1351 2
1810 1319 1861 1370 ἐν
1900 1323 1970 1390 τῷ
2002 1317 2213 1390 Παύλῳ,
2271 1323 2391 1388 Χρι-

462 1397 574 1461 στὸς
606 1396 729 1465 ὖπὲρ
763 1397 903 1467 ἡμῶν
931 1401 1096 1469 γέγονε
1123 1399 1326 1469 κατάρα.
1404 1403 1502 1453 Καὶ
1533 1400 1693 1471 ῶςπερ
1729 1402 1822 1455 οὔκ
1851 1401 2001 1466 αὐτὸς
2033 1402 2223 1474 κατάρα
2253 1405 2389 1475 γέγο-

458 1507 563 1550 νεν,
613 1483 710 1538 ἀλλ’
737 1486 812 1537 ὅτι
837 1483 925 1552 τὴν
955 1483 1079 1555 ’ὑπὲρ
1110 1483 1250 1553 ἡμῶν
1280 1483 1539 1549 άνεδέξατο
1578 1486 1822 1557 κατάραν,
1875 1492 2063 1559 εἴρηται
2097 1488 2288 1559 κατάρα
2316 1510 2391 1559 γε·

459 1572 682 1640 γονέναι,
737 1569 863 1623 οὕτω
907 1572 989 1622 καὶ
1033 1570 1153 1638 σάρξ
1199 1573 1441 1641 3έγένετο,
1492 1571 1552 1625 οὖ
1594 1575 1795 1643 τραπεὶς
1835 1576 1905 1636 εἰς
1945 1574 2128 1646 σάρκα,
2181 1573 2280 1628 ἀλλ’
2316 1574 2391 1628 ὅτι

461 1654 668 1724 4σάρκα
708 1653 832 1724 ὑπὲρ
875 1653 1015 1723 ἡμῶν
1057 1657 1285 1724 ἀνέλαβε,
1338 1660 1420 1710 καὶ
1451 1659 1646 1728 γέγονεν
1674 1657 1958 1727 ἅνθρωπος.
2033 1662 2135 1712 Καὶ
2170 1659 2263 1731 γάρ
2296 1660 2389 1714 5τὸ

461 1743 638 1806 εἰπεῖν,
687 1738 742 1792 ‘O
767 1740 909 1810 λόγος
936 1741 1055 1811 σάρξ
1087 1744 1297 1812 ἐγένετο,
1350 1745 1459 1795 ἰ’σον
1491 1745 1589 1796 ἐστὶ
1618 1744 1763 1797 πάλιν
1791 1748 1944 1799 εἰπεῖν
1980 1752 2002 1784 ⁶
2021 1744 2096 1799 ὅτι
2119 1744 2392 1816 ἅνθρωπος

460 1828 648 1896 γέγονε,
697 1825 820 1879 κατά
861 1826 914 1879 τὸ
951 1829 1206 1896 εἰρημένον
1244 1830 1295 1881 ἐν
1329 1834 1396 1901 τῷ
1421 1827 1591 1896 Ἰωήλ,
1639 1825 1815 1898 Ἐκχεῶ
1846 1829 1944 1884 άπὸ
1988 1837 2077 1884 τοῦ
2112 1829 2392 1899 πνεύματός

462 1935 559 1979 μου
589 1913 670 1965 ἐπὶ
702 1917 866 1966 πᾶσαν
891 1912 1070 1983 σάρκα·
1119 1914 1222 1968 7οὔ
1254 1919 1351 1966 τῶν
1380 1912 1572 1984 άλόγων
1597 1909 1660 1983 ἦν
1689 1914 1723 1984 ’ἦ
1753 1919 2008 1987 ἐπαγγελία
2019 1960 2031 1984 ,
2083 1915 2180 1970 ἄλλ’
2210 1919 2279 1979 εἰς
2309 1915 2390 1970 ἆν-

459 1996 703 2065 θρῶπους
746 2001 899 2064 ἐστὶν,
952 1992 1020 2052 ῶν
1048 2001 1188 2052 ἕνεκα
1227 2001 1312 2052 καὶ
1344 1998 1615 2069 ἅνθρωπος
1646 2003 1842 2072 γέγονεν
1879 2000 1907 2055 ὁ
1934 2001 2118 2072 κύριος.
2201 2001 2392 2055 Τούτου

462 2083 514 2135 δὲ
542 2089 631 2136 τοῦ
674 2086 827 2150 ῥητοῦ
865 2084 1048 2152 ταύτην
1079 2087 1274 2153 ἔχοντος
1304 2084 1393 2151 τὴν
1424 2093 1448 2124 8
1466 2086 1715 2152 διάνοιαν,
1769 2087 1969 2149 εἰκότως
1997 2087 2394 2158 καταγνώσονται

461 2169 649 2222 ἑαυτῶν
691 2169 930 2232 9πάντως
970 2173 1019 2224 οἵ
1048 2175 1333 2237 νομίσαντες
1374 2168 1496 2224 εἶναι
1535 2169 1631 2242 πρὸ
1673 2178 1761 2239 τῆς
1787 2176 1993 2242 Μαρίας
2031 2171 2122 2240 τήν
2157 2176 2206 2236 ἐξ
2242 2170 2394 2240 αὐτῆς

461 2253 644 2323 σάρκα,
694 2257 776 2308 καὶ
817 2254 912 2323 πρὸ
955 2255 1135 2323 ταύτης
1186 2258 1511 2324 10ἐσχηκέναι
1547 2256 1713 2324 ψυχὴν
1745 2255 2069 2327 ἀνθρωπίνην
2101 2257 2186 2312 τὸν
2221 2257 2387 2329 λόγον,

460 2341 542 2392 καὶ
576 2343 627 2393 έν
657 2341 782 2414 αὐτῇ
811 2339 907 2413 πρὸ
942 2347 1030 2408 τῆς
1061 2344 1324 2408 ἐπιδημίας
1342 2339 1429 2394 ’άεὶ
1454 2349 1763 2412 γεγενῆσθαι.
1841 2342 2128 2397 Παύσονται
2152 2345 2204 2397 δὲ
2229 2346 2314 2397 καὶ
2341 2346 2393 2397 οἱ

461 2425 680 2488 εἰπόντες
708 2425 775 2494 μὴ
803 2423 925 2479 εἶναι
969 2425 1196 2494 δεκτικὴν
1237 2426 1465 2480 θανάτου
1504 2427 1595 2495 τήν
1623 2427 1807 2498 σάρκα,
1859 2426 1975 2482 άλλά
2008 2436 2097 2497 τῆς
2131 2426 2389 2483 άθανάτου

461 2510 658 2577 φύσεως
686 2509 809 2564 εἶναι
832 2510 1026 2580 ταύτην.
1102 2515 1173 2564 Εἰ
1199 2510 1291 2582 γάρ
1321 2511 1388 2579 μὴ
1420 2510 1658 2579 άπέθανε,
1697 2519 1804 2575 πῶς
1830 2511 1860 2567 ὅ
1893 2519 2094 2577 Παῦλος
2116 2518 2389 2585 παρεδίδου

463 2600 780 2667 Κορινθίοις,
819 2596 847 2650 ὃ
874 2599 958 2650 καὶ
988 2599 1288 2669 παρέλαβεν,
1327 2596 1404 2651 ὅτι
1437 2597 1653 2667 Χριστὸς
1680 2596 1931 2652 άπέθανεν
1956 2597 2079 2671 ’ὑπὲρ
2107 2607 2205 2654 τῶν
2233 2599 2389 2671 ἆμαρ-

459 2688 577 2735 τιῶν
618 2679 783 2750 ἡμῶν,
833 2681 959 2736 κατά
999 2683 1085 2745 τοὶς
1122 2683 1343 2755 γραφάς,
1424 2689 1543 2744 Πῶς
1569 2684 1622 2736 δὲ
1654 2690 1706 2720 1¹
1728 2687 1813 2738 καὶ
1842 2684 1967 2747 ὅλως
1994 2683 2197 2754 άνέστη,
2251 2689 2297 2739 εἰ
2322 2684 2389 2754 μὴ

467 2772 525 2804 1²
545 2770 922 2838 προαπέθανεν,·
993 2768 1378 2839 Ἐρυθριῶσιδὲ
1410 2769 1627 2838 μεγάλως
1668 2773 1721 2824 οἷ
1756 2770 1883 2832 ὅλως
1909 2773 2272 2839 ἐνθυμηθέντες
2303 2771 2389 2824 δύ-

460 2862 647 2907 νασθαι
684 2851 792 2907 άντὶ
828 2859 911 2922 τῆς
947 2855 1144 2923 τριάδος
1189 2858 1486 2924 ιξ”γίνεσθαι
1523 2855 1757 2925 τετράδα,
1808 2859 1853 2909 εἰ
1875 2858 2060 2926 λέγοιτο
2099 2859 2153 2910 ἐκ
2184 2860 2391 2927 Μαρίας

461 2937 585 2992 εἶναι
622 2937 675 2992 τὸ
714 2945 866 3008 σῶμα.
939 2938 1234 3007 Ὁμοούσιον
1279 2941 1438 3006 14μὲν
1473 2938 1565 3009 γάρ
1606 2939 1692 2994 ἐάν
1740 2944 2025 3009 15εἴπωμεν
2062 2940 2116 2995 τὸ
2151 2948 2292 3010 σῶμα
2321 2948 2391 3015 τῷ

459 3024 603 3097 λόγῳ,
643 3026 774 3092 μένει
796 3023 830 3092 ἦ
856 3024 991 3094 τριάς
1013 3025 1176 3094 τριάς,
1221 3031 1275 3062 1⁶
1295 3023 1500 3087 οὐδενὸς
1530 3028 1674 3089 ξένου
1702 3027 2110 3096 ἐπειςφερομένου
2141 3029 2209 3089 εἰς
2236 3025 2390 3096 αὐτὴν

459 3115 548 3162 τοῦ
572 3109 735 3180 λόγου.
806 3108 921 3163 Ἐάν
952 3112 1004 3164 δὲ
1031 3109 1306 3182 ἄνθρωπον
1335 3113 1547 3179 εἴπωμεν
1573 3110 1626 3165 τὸ
1661 3114 1714 3165 ἐκ
1742 3115 1947 3182 Μαρίας
1975 3118 2140 3179 σῶμα,
2180 3111 2387 3187 ἀνάγκη,

464 3196 604 3257 ξένου
630 3193 770 3256 ὄντος
807 3194 910 3248 κατ’
948 3197 1122 3250 οὐσίαν
1153 3203 1241 3250 τοῦ
1271 3194 1522 3262 σώματος,
1573 3199 1657 3250 καὶ
1686 3196 1825 3259 ὄντος
1862 3198 1914 3250 έν
1942 3194 2077 3269 αὐτῷ
2102 3203 2192 3250 τοῦ
2222 3197 2388 3268 λόγου,

462 3279 630 3351 τετράς
668 3279 772 3333 άντὶ
811 3281 1008 3351 τριάδος
1045 3286 1252 3352 γίνεται,
1293 3279 1375 3334 διά
1412 3279 1503 3349 τήν
1539 3289 1627 3336 τοῦ
1665 3281 1890 3350 σώματος
1926 3281 2234 3351 προςθήκην.

519 3409 580 3451 10.
629 3409 733 3467 ἔχων
771 3415 830 3452 ed.
862 3416 996 3454 Petav.
1056 3412 1115 3462 εἰς
1155 3416 1267 3454 codd.
1309 3425 1398 3453 mss.
1456 3415 1636 3462 quamvis
1671 3417 1704 3453 et
1728 3415 1818 3452 aliis
1853 3416 2008 3462 praeter
2045 3415 2256 3464 Epiphania·
2280 3417 2388 3455 tuen-

460 3471 494 3507 et
524 3469 584 3508 ed.
612 3472 736 3518 princ.
799 3472 1011 3510 Cornarius
1049 3473 1245 3511 transtulit
1274 3495 1327 3500 —-
1358 3478 1400 3509 et
1458 3471 1559 3510 tibus
1589 3472 1707 3509 libris.

462 3538 553 3563 ossa
594 3539 707 3577 esse,
754 3525 827 3565 sed
872 3526 1046 3575 habe1,e
1094 3536 1137 3566 ut
1171 3541 1224 3566 ne
1264 3527 1399 3581 ipsum
1513 3527 1552 3567 2.
1584 3524 1697 3577 παρὰ
1726 3528 1770 3567 Β.

460 3581 665 3620 verbum
654 3596 695 3621 m
717 3581 820 3621 haec
839 3591 1039 3623 mutatum
1063 3592 1293 3638 putaretm,
1324 3583 1399 3622 sed
1512 3582 1551 3624 3.
1584 3581 1747 3650 ἐγένετο
1776 3585 1820 3622 Β.

461 3635 571 3676 idem
613 3646 655 3677 et
682 3647 779 3678 ante
811 3648 990 3679 mortem
1020 3649 1062 3680 et
1091 3648 1188 3694 post
1215 3654 1395 3680 resurre-
1511 3636 1550 3679 4.
1581 3635 1716 3691 σάρκα
1740 3639 1875 3688 ζῶσαν
1901 3644 2123 3690 receperunt
2134 3642 2385 3682 Benedictim'

464 3692 646 3733 ctionem
673 3709 761 3735 esse
791 3696 1039 3737 crederetur.
1079 3699 1124 3737 Β.
1153 3699 1265 3738 habet
1290 3695 1395 3752 ἔχων
1509 3699 1546 3738 5.
1579 3697 1834 3736 scribendum
1862 3697 2024 3746 fortasse
2053 3711 2131 3753 τῳ.

464 3743 585 3791 αυτοὶ.
1508 3751 1547 3794 6.
1579 3747 1602 3794 ὁ
1615 3746 1753 3818 λόγος
1782 3747 1899 3805 civim.
1931 3755 1977 3792 Β

521 3805 615 3844 CAP.
633 3806 689 3845 X.
720 3831 772 3837 —
822 3809 855 3849 1.
876 3813 1052 3851 Fortasse
1079 3823 1127 3864 γε
1152 3810 1394 3850 scribendum
1509 3808 1548 3851 7.
1580 3804 1626 3850 ου’
1648 3805 1727 3861 γὰρ
1757 3805 1837 3856 ἕως
1861 3810 1943 3851 τῶν
1971 3805 2134 3864 ἀλόγων
2169 3808 2284 3860 ζώων
2313 3811 2355 3850 Β.

459 3874 532 3912 pro
557 3859 665 3916 γὰρ,
707 3867 808 3914 quod
846 3868 887 3905 in
910 3868 953 3905 Β.
980 3879 1057 3907 ηοη
1095 3871 1288 3916 receptum
1326 3871 1393 3916 est,
1509 3866 1547 3905 ὃ.
1579 3862 1729 3906 ἔννοιαν
1759 3867 1805 3904 Β.
