2508 4134
627 287 769 329 T0M1
797 287 1008 328 Pmoms
1039 288 1173 329 PARS
1202 288 1516 330 Pos‘rEmoR.
1915 278 2012 328 671

125 381 281 429 Ἀννᾶν.
309 408 364 418 —-
423 385 523 427 lbid.
563 387 732 442 Repone
768 391 839 425 aut
876 382 922 428 τὸ
957 383 1003 428 τὸ
1044 384 1160 434 τέλος
1189 386 1273 440 (ed.
1303 387 1441 427 Petav.
1470 383 1516 429 τὸ
1546 385 1717 426 alterum
1746 383 1902 435 omisit)
1927 398 2018 424 cum

127 455 245 507 Bas„
287 463 357 495 aut
379 454 425 498 τὸ
455 454 523 498 ἐπὶ
548 454 664 504 τέλος
690 468 780 495 cum
804 455 907 496 Ven.
939 477 992 486 —-
1047 454 1074 495 l.
1102 455 1164 496 19.
1210 449 1306 508 ὅρος
1338 454 1411 497 κα).
1446 453 1619 498 τελεύτα
1655 457 1756 496 Ven.
1786 478 1838 486 —
1895 453 1921 494 1.
1947 453 2015 497 21.

128 523 278 580 μηκέτι
302 525 586 579 κεκηδεῦσθαι
608 526 710 566 Ven.
767 523 880 564 Idem
901 523 926 563 l.
951 523 1017 565 22.
1046 523 1178 566 πάντα
1202 525 1335 567 ταῦτα
1359 523 1419 567 ἔτι
1444 520 1559 574 ὄντος
1585 522 1711 568 αὐτοῦ
1736 523 1777 567 ἐν
1802 522 1935 580 τούτῳ
1956 522 2016 580 τῷ

127 590 292 649 κόσμῳ.
331 618 381 625 -
441 595 468 635 1.
485 595 552 638 23.
582 593 744 649 τούτῳ,
787 601 882 647 post
905 593 1096 649 ψυχικῷ,
1146 608 1225 634 om.
1249 595 1348 634 Ven.
1407 593 1520 633 Idem
1548 592 1650 633 ibid.
1679 588 1769 647 ἅμα
1807 592 1878 636 καὶ
1901 606 2018 636 πνευ-

127 664 317 717 ματικῶς
353 664 534 713 τελείως.
573 665 709 705 Recte.
770 662 958 703 Ceterum
995 677 1071 717 pro
1099 662 1305 718 γενομένῳ
1332 662 1372 702 in
1400 664 1561 703 Veneto
1585 677 1671 703 esse
1699 664 1884 719 suspicor
1908 678 2018 718 γινο-

128 732 253 788 μένῳ.
280 756 336 764 -
391 733 418 774 l.
437 733 504 776 29.
549 728 816 788 λακιζόμενόν
854 746 901 774 τε
935 731 1008 774 καὶ
1037 731 1312 786 θρυπτόμενον
1348 732 1420 775 καὶ
1442 734 1545 772 ven.
1575 732 1716 773 Recte.
1751 757 1801 764 —
1859 734 1885 774 1.
1907 734 1944 777 7.
1969 733 2019 773 ab

125 802 200 842 inf.
231 803 420 856 φιλανθρ.
451 802 492 846 έν
519 798 678 859 οὐρανῷ
705 805 799 860 βασ.
835 803 937 843 Ven.
979 811 1020 842 et
1053 802 1175 856 paulo
1208 810 1303 856 post
1328 799 1461 855 λάμψ.
1488 802 1524 845 οἱ
1551 801 1716 845 δίκαιοι.
1751 827 1797 834 -
1855 804 1882 844 l.
1900 803 1940 846 6.
1968 804 2018 844 ab

126 872 203 913 inf.
232 870 468 929 χορεύουσιν
498 875 600 915 Ven.
627 896 680 905 -·
736 872 765 912 l.
789 873 826 914 5.
855 871 906 912 ab
934 871 1007 912 inf.
1050 873 1217 927 Repone
1246 870 1316 915 ἐπὶ
1344 869 1515 915 δώδεκα
1543 869 1725 925 θρόνων,
1767 888 1816 913 ex
1845 875 2019 914 veneto.

238 942 370 1000 Pag.
393 944 519 988 368.
576 943 603 984 1.
621 938 659 984 4.
707 955 779 985 σου
816 942 972 996 πολλῆς
1010 943 1112 983 Ven.
1144 966 1197 973 —
1253 941 1295 983 1..
1318 942 1358 982 5.
1389 938 1411 984 ὁ
1440 939 1638 995 ῥυόμενος
1664 942 1736 984 καὶ
1761 937 2021 996 ἀποστρέψαι

125 1014 226 1056 Ven.
258 1036 310 1044 —
367 1013 395 1054 1.
415 1013 455 1054 8.
499 1009 700 1067 μακάριος
743 1008 832 1054 εἷπε
857 1010 1069 1061 Μεθόδιος
1098 1013 1196 1053 Ven.
1226 1035 1285 1042 —
1339 1007 1452 1051 l.14.
1497 1010 1637 1051 Scribe
1676 1009 1837 1061 δεικνὺς
1872 1010 1926 1066 δὴ
1954 1007 2019 1055 ὅτι

125 1097 175 1123 ex
199 1084 301 1123 Ven.
363 1082 475 1122 Idem
502 1082 601 1123 ibid.
629 1078 862 1138 φθάσωμεν
891 1096 981 1122 cum
1008 1082 1095 1122 Bas.
1129 1105 1179 1112 --
1235 1082 1262 1121 1.
1288 1082 1349 1122 15.
1379 1081 1466 1137 θεῷ
1492 1078 1680 1133 ποριστόν
1703 1081 1776 1124 καὶ
1801 1079 2020 1136 δυνάμενον

125 1149 324 1207 ἀποδείξῃ
352 1153 455 1194 Ven.
487 1176 537 1183 -
595 1151 621 1192 1.
648 1151 709 1194 16.
741 1152 891 1202 ζῶντες
917 1146 964 1194 οὗ
991 1147 1215 1206 φθάνωμεν
1240 1148 1335 1199 τοῦς
1360 1164 1452 1192 κεκ.
1483 1151 1584 1191 Ven.
1642 1150 1754 1191 ldem
1775 1151 1880 1192 liber
1904 1152 1929 1192 1.
1958 1153 2019 1195 17.

123 1236 209 1263 non
232 1221 356 1262 habet
384 1221 508 1262 verba
532 1216 612 1265 ἀπὸ
637 1222 720 1264 τῶν
746 1217 921 1272 ζώντων.
958 1245 1007 1252 -
1066 1221 1093 1261 1.
1117 1221 1179 1262 18.
1210 1219 1366 1264 ἐκείνου
1392 1221 1495 1261 Ven.
1529 1243 1577 1251 -
1633 1220 1662 1260 1.
1685 1220 1747 1262 19.
1780 1222 1876 1262 Post
1896 1222 2019 1263 verba

123 1292 196 1334 τοῦ
226 1291 324 1334 θεοῦ
365 1287 564 1347 ἀποδείξῃ
599 1290 703 1332 liber
733 1292 913 1332 Venetus
951 1290 1157 1332 interserit
1196 1299 1431 1344 excerptum
1457 1305 1505 1330 ex
1525 1291 1764 1345 apocrypho
1795 1292 2017 1333 Ezechielis

121 1360 253 1412 libro,
283 1361 457 1402 maxime
482 1360 766 1412 memorabile,
795 1361 897 1402 hoc:
938 1355 1264 1416 ’Δναστήσονται
1291 1356 1370 1415 γὰρ
1402 1360 1439 1403 οἱ
1465 1358 1626 1414 νεκροὶ,
1670 1360 1742 1403 καὶ
1766 1360 2018 1416 ἐγερθήσον-

123 1421 191 1474 ται
217 1431 253 1474 οἱ
280 1429 320 1474 ἐν
343 1436 429 1480 τοῖς
454 1430 694 1485 μνημείοις,
723 1430 851 1485 φησὶν
883 1428 906 1474 ὁ
955 1429 1186 1486 προφήτης.
1233 1426 1330 1473 Ἵνα
1359 1428 1407 1474 δὲ
1434 1429 1506 1472 καὶ
1530 1425 1582 1473 τοὶ
1609 1427 1688 1473 five&
1718 1431 1790 1473 τοῦ
1812 1426 2019 1487 Ἱεζεκιήλ

124 1503 196 1543 τοῦ
224 1498 436 1555 προφήτου
460 1499 501 1544 έν
528 1501 589 1557 τῷ
617 1500 709 1556 ἰδίῳ
733 1497 963 1556 ἀποκρύφῳ
991 1500 1171 1555 ῥηθέντα
1191 1499 1286 1555 περὶ
1307 1495 1577 1548 ἀναστάσεως
1602 1497 1660 1554 μή
1686 1500 2018 1556 παρασιωπήσω,

125 1570 198 1613 καὶ
228 1569 409 1614 ἐνταῦθα
444 1570 758 1625 παραθήσομαι.
813 1570 1139 1625 Αἰνιγματωδῶς
1170 1568 1249 1625 γὰρ
1286 1567 1555 1624 διηγούμενος
1592 1568 1703 1624 λέγει
1731 1571 1825 1625 περὶ
1849 1570 1928 1625 τῆς
1955 1575 2020 1614 δι-

124 1640 248 1689 καίας
273 1640 474 1695 κρίσεως,
503 1633 538 1696 ἦ
562 1644 751 1683 κοινωνεῖ
772 1638 889 1696 ψυχή
920 1638 992 1683 καὶ
1018 1641 1165 1695 σῶμα,
1196 1635 1287 1692 ὅτι,
1316 1637 1523 1688 Βασιλεύς
1550 1654 1613 1689 τις
1643 1639 1682 1683 ἐν
1710 1640 1764 1696 τῇ
1792 1635 1917 1684 αὐτοῦ
1946 1644 2022 1697 βα-

126 1710 261 1767 σιλείᾳ
286 1708 442 1759 πάντας
470 1708 577 1766 εἶχεν
602 1709 973 1764 ἐστρατευμένους,
1001 1708 1181 1765 παγανόν
1206 1708 1254 1754 δὲ
1279 1706 1354 1753 οῦκ
1379 1706 1485 1766 εἶχεν
1507 1703 1539 1763 ἦ
1563 1709 1685 1764 μόνον
1714 1705 1815 1760 δύο,
1847 1710 1916 1754 ἕνα
1938 1725 2023 1767 χω·-

125 1777 193 1823 λὸν
223 1779 296 1823 καὶ
323 1779 394 1823 ἕνα
418 1778 595 1835 τυφλὸν,
625 1779 698 1823 καὶ
726 1779 900 1828 ἕκαστος
924 1776 1014 1823 κατ’
1045 1779 1148 1823 ἰδίαν
1176 1779 1378 1831 καθέζετο
1410 1779 1482 1822 καὶ
1506 1775 1598 1822 κατ’
1624 1779 1726 1824 ἰδίαν
1754 1774 1867 1837 ᾤ’κει.
1927 1781 1965 1823 Γ
1968 1776 2021 1824 ά·

126 1864 227 1904 μους
255 1849 303 1894 δὲ
329 1847 508 1903 ποιήσας
540 1846 564 1894 ό
590 1847 786 1906 βασιλεὺς
812 1850 873 1906 τῷ
899 1850 991 1907 ἰδίῳ
1029 1849 1107 1906 υὶῷ
1133 1849 1310 1893 ἐκάλεσε
1333 1847 1489 1898 πάντας
1513 1847 1610 1898 τοῦς
1633 1848 1674 1892 ἐν
1702 1849 1756 1907 τῇ
1789 1847 1914 1893 αὐτοῦ
1942 1854 2022 1907 βα-

126 1919 283 1976 σιλείᾳ,
323 1918 626 1974 περιεφρόνησε
652 1918 700 1964 δὲ
726 1920 807 1963 τῶν
836 1918 910 1964 δύο
947 1922 1164 1974 παγανῶν,
1207 1920 1279 1963 τοῦ
1308 1918 1356 1964 δὲ
1384 1919 1519 1976 χωλοῦ
1548 1919 1621 1962 καὶ
1644 1920 1716 1962 τοῦ
1743 1919 1912 1975 τυφλοῦ.
1967 1919 2021 1963 Οἱ

125 1987 173 2032 δὲ
197 1985 495 2043 ἠγανάκτησαν
524 1988 565 2032 ἐν
591 1988 764 2038 ἑαυτοῖς,
794 1990 867 2033 καὶ
890 1988 1107 2046 ἐπιβουλὴν
1136 1989 1396 2045 ἐργάσασθαι
1421 1990 1482 2045 τῷ
1510 1991 1675 2046 βασιλεῖ
1692 1988 1891 2034 ἐπενόουν.
1927 1989 2022 2034 Hot-

126 2055 313 2113 ράδεισον
353 2058 400 2102 δὲ
437 2056 545 2115 εἶχεν
576 2056 598 2102 ὁ
624 2057 842 2115 βασιλεῦς,
888 2059 960 2103 καὶ
987 2056 1067 2103 ἀπὸ
1112 2059 1296 2115 μήκοθεν
1320 2057 1342 2103 ὁ
1369 2056 1524 2113 τυφλὸς
1550 2057 1687 2102 ἐλάλει
1712 2059 1773 2117 τῷ
1801 2061 1924 2117 χωλῷ
1951 2058 2021 2104 λέ·

124 2143 209 2184 γων
226 2160 236 2179 ,
282 2125 425 2171 Πόσον
454 2120 507 2182 ήν
533 2125 656 2184 ήμῶν
684 2126 731 2174 τό
758 2127 927 2185 κλάσμα
950 2130 1021 2173 τοῦ
1048 2123 1170 2184 ἄρτου
1194 2126 1299 2183 μετὰ
1323 2130 1405 2172 τῶν
1433 2124 1566 2185 ὄχλων
1589 2129 1671 2172 τῶν
1701 2130 1935 2184 κληθέντων
1963 2128 2022 2180 εἰς

124 2195 200 2253 τὴν
229 2194 480 2253 εῦφρασίαν;
538 2199 669 2253 Δεῦρο
690 2199 844 2251 τοίνυν,
890 2198 1036 2248 καθώς
1063 2198 1234 2254 ἐποίησε
1258 2194 1386 2254 ἡμῖν,
1426 2195 1675 2253 ἀμυνόμεθα
1701 2201 1825 2254 (corr.
1851 2197 2020 2254 ἀμυνώ-

128 2269 258 2323 μεθα)
301 2263 439 2311 αὐτόν.
495 2265 548 2311 Ὁ
577 2267 625 2312 δὲ
653 2267 790 2323 ἔτερος
824 2266 998 2324 ήρώτα,
1043 2269 1163 2326 Ποίῳ
1201 2267 1369 2325 τρόπῳ;
1424 2267 1475 2311 Ὁ
1503 2267 1550 2313 δὲ
1579 2266 1713 2322 εἶπεν,
1752 2264 2021 2325 Ἀπέλθωμεν

129 2337 190 2387 εἰς
213 2335 290 2391 τήν
317 2334 563 2392 παράδεισον
581 2335 716 2382 αὐτοῦ
742 2338 814 2383 καὶ
840 2335 1108 2394 ἀφανίσωμεν
1136 2338 1229 2382 ἐκεῖ
1252 2337 1304 2382 τοὶ
1330 2339 1402 2383 τοῦ
1426 2338 1692 2393 παραδείσου.
1750 2336 1801 2382 Ὁ
1827 2339 1875 2384 δὲ
1898 2338 2021 2392 εἶπεν,

125 2406 215 2450 Καὶ
239 2406 330 2455 πῶς
371 2404 572 2462 δύναμαι,
612 2406 748 2464 χωλὸς
775 2402 855 2463 ὦν,
898 2408 970 2452 καὶ
1005 2406 1063 2463 μή
1103 2408 1326 2463 δυνάμενος
1365 2408 1583 2453 ἐπισαίνειν
1609 2410 1736 2464 (corr.
1765 2409 2022 2465 ἐπειςιέναι);

125 2473 177 2520 ‘O
207 2476 254 2521 δὲ
279 2475 434 2531 τυφλὸς
474 2476 584 2532 ἔφη,
626 2474 762 2528 Αῦτός
792 2478 874 2534 ἐγώ
905 2477 1086 2534 δυ’ναμαί
1110 2494 1150 2522 τι
1173 2477 1389 2534 πράττειν,
1433 2476 1491 2534 μη
1531 2477 1638 2533 ὁρῶν
1664 2479 1742 2523 ποῦ
1767 2477 2021 2537 ἀπέρχομαι;

126 2544 231 2592 ἀλλὰ
267 2545 582 2603 τεχνασώμεθα.
640 2547 771 2598 Τίλας
800 2549 995 2604 (fortasse
1016 2545 1205 2598 Ἐκεῖνος
1243 2540 1312 2593 οὖν
1341 2549 1483 2599 τίλας,
1528 2550 1594 2590 vel
1621 2550 1751 2590 simile
1773 2551 1886 2606 quid)
1919 2548 2023 2607 χόρ-

125 2631 192 2661 τον
217 2614 288 2660 τὸν
316 2616 486 2671 πλησίον
521 2617 593 2659 καὶ
626 2617 776 2668 πλέξας
812 2616 1008 2672 ήκόντισε
1045 2619 1106 2675 τῷ
1133 2620 1275 2676 τυφλῷ
1304 2619 1376 2662 καὶ
1402 2617 1536 2671 εἶπεν,
1578 2618 1762 2674 Κράτει,
1805 2620 1877 2664 καὶ
1902 2622 2024 2675 δεῦρο

124 2684 231 2742 πρὸς
267 2683 314 2729 τὸ
358 2685 528 2742 σχοινίον
563 2684 667 2741 πρός
703 2702 768 2742 με.
827 2685 909 2737 “Ως
935 2687 982 2732 δὲ
1011 2687 1202 2744 ἐποίησεν
1230 2684 1255 2733 δ’
1279 2688 1542 2744 προετράπη,
1586 2685 1611 2733 ’ὅ
1637 2705 1684 2733 τε
1712 2689 1873 2745 ἔφθασε
1911 2690 2022 2745 λέγει

128 2755 329 2812 (rescribo
359 2751 433 2799 ὅδε
460 2754 622 2810 ἔφθασε
650 2755 826 2811 λέγειν),
868 2755 998 2812 Δεῦρό
1025 2773 1118 2812 μοι,
1159 2762 1277 2814 γενοῦ
1303 2757 1457 2815 πόδες,
1500 2758 1573 2803 καὶ
1599 2757 1808 2816 βάστασόν
1839 2775 1918 2814 με,
1948 2760 2020 2803 καὶ

125 2825 291 2882 γίνομαί
317 2839 380 2868 σοι
405 2821 615 2881 όφθαλμοὶ
640 2819 798 2868 ἄνωθεν
826 2824 994 2882 ὁδηγῶν
1021 2842 1067 2871 σε
1093 2827 1207 2880 δεξιοὶ
1232 2829 1305 2872 καὶ
1327 2825 1532 2884 εὐώνυμα.
1591 2829 1725 2873 Τοῦτο
1751 2830 1800 2874 δὲ
1823 2828 2021 2885 ποιήσαν·

125 2909 196 2944 τες
219 2894 454 2952 κατέβησαν
484 2895 544 2944 εἰς
572 2892 641 2939 τὸν
669 2893 932 2950 παράδεισον.
986 2893 1097 2940 Εἶτα
1124 2897 1283 2950 λοιπὸν,
1332 2900 1415 2943 εἴτε
1441 2895 1677 2955 ήδίκησαν,
1708 2900 1791 2943 εἴτε
1818 2897 1893 2943 οῦκ
1918 2897 2020 2956 ήδί-
2046 2907 2051 2913 ’

127 2980 287 3020 κησαν,
321 2960 439 3019 ὅμως
463 2962 515 3008 τοὶ
540 2966 633 3019 ἴχνη
660 2964 839 3020 πέφηνεν
866 2965 906 3010 ἐν
932 2966 993 3023 τῷ
1023 2968 1281 3026 παραδείσῳ.
1340 2967 1662 3018 Καταλύσαντες
1688 2967 1735 3014 δὲ
1760 2969 1809 3013 ἐκ
1835 2971 1917 3014 τῶν
1944 2968 2021 3026 γά·

129 3051 216 3090 μων
247 3035 285 3078 οἱ
318 3030 640 3090 εῦφρανθέντες,
684 3034 939 3091 καταβάντες
967 3036 1026 3085 εἰς
1052 3034 1121 3080 τὸν
1147 3038 1393 3092 παράδεισον
1422 3037 1704 3094 ἐξεπλάγησαν
1740 3038 1792 3083 τοὶ
1819 3041 1912 3096 ἴχνη
1953 3037 2020 3084 εῦ-

128 3104 269 3162 ρόντες
298 3103 339 3147 έν
367 3105 430 3161 τῷ
453 3104 721 3161 παραδείσῳ,
765 3104 838 3148 καὶ
871 3106 1002 3149 ταῦτα
1029 3101 1271 3162 ἀνήγγειλαν
1301 3110 1361 3164 τῷ
1389 3111 1554 3164 βασιλεῖ
1576 3109 1784 3164 λέγοντες,
1813 3108 2020 3159 ’Ἀπαντες

129 3175 354 3229 σρατιῶται
379 3173 420 3218 ἐν
446 3174 503 3230 τῇ
527 3174 717 3231 βασιλείᾳ
746 3189 842 3228 σου,
873 3174 944 3218 καὶ
969 3172 1104 3225 ου’δείς
1128 3176 1216 3220 ἐστι
1236 3176 1440 3233 παγανός.
1470 3177 1599 3222 πόθεν
1619 3179 1747 3222 τοίνυν
1773 3180 1866 3235 ἴχνη
1886 3195 2018 3234 παγα-

126 3245 207 3290 νῶν
237 3243 278 3289 ἐν
302 3244 363 3301 τῷ
390 3244 655 3301 παραδείσῳ;
711 3242 763 3286 Ὁ
790 3244 837 3288 δὲ
863 3242 1091 3299 ἐθαύμασε.
1150 3245 1237 3289 Καὶ
1266 3245 1326 3296 ὥς
1352 3245 1424 3302 μὲν
1451 3244 1482 3302 ή
1511 3247 1755 3305 παραβολὴ,
1801 3251 1925 3304 δῆλον
1955 3245 2021 3293 ὅτι

126 3315 198 3359 τοῦ
223 3311 490 3371 ἀποκρύφου,
534 3313 671 3368 λέγει,
716 3312 775 3362 ὠς
802 3315 953 3369 (scribe
978 3307 1037 3363 ὣς
1062 3337 1087 3345 -
1112 3339 1137 3345 -
1166 3312 1246 3368 ὥς,
1289 3325 1358 3357 aut
1389 3314 1448 3365 ὥς
1472 3340 1498 3347 -
1522 3340 1547 3347 -
1575 3313 1652 3371 ὣς)
1682 3316 1785 3371 πρὸς
1808 3314 2020 3374 ἄνθρωπον

129 3385 362 3429 αἰνίττεται.
419 3382 469 3427 Ὁ
499 3381 597 3433 θεὸς
626 3382 673 3427 δὲ
709 3380 827 3427 οῦδὲν
855 3380 1005 3437 ἀγνοεῖ.
1063 3381 1122 3426 ‘H
1151 3384 1198 3429 δὲ
1225 3383 1422 3440 διήγησις
1451 3386 1584 3440 λέγει·
1625 3385 1707 3436 “Ως
1732 3389 2020 3443 μετεστείλατο

127 3451 197 3498 τόν
224 3451 358 3511 χωλόν
383 3454 456 3498 καὶ
480 3452 550 3498 τὸν
580 3450 758 3509 τυφλὸν,
802 3453 873 3495 καὶ
899 3449 1099 3508 ήρώτησε
1126 3453 1196 3498 τόν
1224 3454 1400 3510 τυφλὸν,
1444 3454 1519 3509 Μη
1549 3454 1599 3499 σῦ
1626 3458 1834 3512 κατῆλθες
1859 3459 1919 3508 εἰς
1947 3457 2016 3502 τὸν

127 3522 399 3579 παράδεισον;
430 3522 452 3568 ὅ
482 3523 529 3569 δὲ
558 3523 664 3578 ἔφη,
695 3524 841 3577 Οἴμοι,
872 3520 1001 3577 κύριε,
1034 3520 1136 3580 ὁρᾷς
1164 3520 1285 3579 ήμῶν
1308 3523 1383 3578 τήν
1412 3523 1661 3581 ἀδυναμίαν,
1693 3524 1808 3577 οἶδας
1836 3523 1901 3572 ὅτι
1929 3527 2014 3584 ὁρῶ

130 3594 281 3648 (scribe
310 3589 386 3650 οὐχ
413 3591 520 3650 ὁρῶ)
546 3594 624 3637 ποῦ
653 3593 835 3650 βαδίζω·
868 3590 957 3635 εἶτα
986 3590 1117 3637 ἐλθών
1144 3593 1212 3636 ἐπὶ
1231 3591 1300 3637 τόν
1327 3593 1460 3650 χωλὸν
1489 3596 1561 3639 καὶ
1589 3594 1712 3641 αὐτὸν
1736 3594 1908 3653 ήρώτα,
1944 3598 2015 3642 Σὺ

129 3665 339 3718 κατῆλθες
365 3663 424 3712 εἰς
446 3661 514 3707 τὸν
540 3660 792 3718 παράδεισόν
819 3677 919 3717 μου;
975 3658 1026 3705 Ὁ
1055 3662 1103 3707 δὲ
1130 3660 1370 3718 ἀποκριθεὶς
1394 3661 1528 3719 εἶπεν,
1566 3657 1629 3708 Ὦ
1658 3665 1798 3722 κύριε,
1826 3669 2017 3724 πικράναι

131 3748 208 3788 μου
232 3730 309 3787 την
338 3730 475 3789 ψυχήν
502 3732 543 3776 ἐν
567 3733 626 3789 τῷ
660 3732 775 3787 μέρει
801 3732 880 3788 τῆς
915 3729 1144 3788 ἀδυναμίας
1173 3732 1320 3791 βούλει.
1378 3734 1466 3778 Καὶ
1502 3734 1637 3780 λοιπὸν
1662 3736 1693 3792 η’
1719 3739 1854 3793 κρίσις
1880 3735 2012 3795 ἀργεῖ.

130 3802 187 3847 Τί
211 3794 279 3848 οὖν
304 3808 415 3847 ποιεῖ
436 3800 458 3847 o‘
486 3800 631 3860 κριτὴς
655 3801 677 3847 ο“
702 3802 885 3853 δίκαιος;
941 3799 1162 3858 Ἀναγνοὺς
1186 3804 1290 3861 ποίῳ
1317 3802 1459 3862 τρόπῳ
1487 3805 1716 3863 ἀμφότεροι
1739 3806 2012 3867 ἐζεύχθησαν,
