2508 4134
522 331 745 373 PANARn
776 331 879 371 Lm.
898 332 968 371 ιιι.
1002 331 1208 374 ToM.11.
1237 332 1651 373 HAER.LXXVI11.
1933 318 2033 367 427

142 429 344 482 Davidis
376 446 431 480 ac
457 427 603 480 Iudae
645 429 793 497 stirpe
831 428 893 478 sit
924 428 1126 480 oriunda
1158 428 1501 494 Elizabethae,
1556 446 1678 498 quae
1720 445 1782 480 ex
1812 426 2036 479 Levitico

142 531 325 583 genere
363 521 523 575 esset,
566 521 768 580 cognata
811 513 984 563 fuerit?

278 596 482 648 lacobus
506 596 598 647 iste
621 597 860 647 bracteam
888 596 937 646 in
965 596 1120 665 capite
1148 595 1319 664 gessit.
1397 595 1462 646 Et
1493 614 1598 647 cum
1629 596 1881 665 aliquando
1907 604 2034 645 terra
2061 590 2291 645 cap.X1V.

141 681 360 734 siccitate
400 680 668 743 laboraret,
725 680 925 731 sublatis
961 680 1018 731 ad
1058 680 1243 730 coelum
1287 680 1503 731 manibus
1545 681 1728 743 oravit,
1785 681 2036 748 statimque

140 765 295 817 imber
327 766 384 816 de
416 765 552 815 coelo
581 764 773 815 decidit..
848 761 1018 815 Lanea
1047 763 1334 814 vestimenta
1367 782 1606 832 nunquam
1635 765 1804 815 induit.
1881 763 2037 815 Huius

140 867 260 901 vero
295 865 450 916 genua
479 849 768 899 camelorum
803 848 957 898 instar
986 848 1211 899 callosam
1243 847 1462 898 duritiem
1489 857 1860 912 contraxerant,
1915 847 2039 916 qnod

139 950 255 1002 prae
281 931 565 984 abundantia
597 932 787 1001 pietatis
815 932 1007 982 assidue
1037 932 1112 982 illa
1141 949 1301 982 coram
1332 931 1524 982 domino
1549 933 1782 983 flecteret.
1858 931 2038 999 Quam-

139 1017 303 1068 obrem
337 1033 477 1067 nemo
517 1016 718 1084 amplius
759 1016 951 1084 proprio
995 1016 1125 1067 illum
1165 1016 1358 1066 nomine
1398 1017 1632 1078 vocabat,
1685 1017 1765 1066 sed
1794 1020 1951 1065 Iustus
1978 1015 2035 1066 ab

140 1101 360 1153 omnibus
399 1100 742 1169 appellabatur.
819 1099 895 1150 Ad
927 1100 1045 1151 haec
1082 1118 1320 1168 nunquam
1353 1100 1400 1150 in
1432 1100 1616 1151 balneis
1649 1100 1791 1162 lavit,
1846 1100 1902 1150 ab
1935 1100 2038 1149 ani-

138 1194 266 1237 mato
296 1184 424 1235 omni
458 1184 769 1252 temperavit,
803 1181 870 1234 'ut
904 1193 1045 1234 antea
1092 1185 1267 1235 dictum
1303 1193 1403 1248 est,
1463 1201 1616 1252 neque
1656 1184 1881 1235 sandaliis
1923 1200 2037 1234 usus

139 1278 230 1320 est.
307 1267 512 1336 Reliqua
557 1269 714 1319 omnia
755 1267 1085 1336 praetermitto
1128 1286 1248 1336 quae
1281 1269 1338 1318 de
1370 1269 1458 1319 hoc
1492 1269 1630 1332 viro,
1687 1270 1837 1337 deque
1875 1269 2038 1318 lauda-

136 1354 218 1404 bili
252 1353 378 1404 vitae
409 1351 535 1404 illius
566 1352 813 1415 instituto,
871 1353 1131 1420 quamlibet
1164 1353 1359 1421 copiose
1403 1353 1494 1403 dici
1527 1361 1745 1420 possunt.
1823 1351 2038 1404 Videsne

138 1456 277 1507 quam
309 1437 503 1505 egregia
529 1436 706 1488 familia
732 1436 810 1487 illa
838 1436 992 1486 omnis
1020 1437 1273 1488 extiterit?
1327 1435 1454 1488 Nam
1487 1437 1526 1489 si
1560 1437 1747 1506 Iosephi
1774 1437 1910 1487 liberi
1944 1436 2039 1487 vir-

138 1523 299 1590 ginum
342 1521 557 1572 ordinem
594 1520 725 1571 illum
760 1529 808 1570 et
835 1519 1202 1572 Nazaraeorum
1237 1522 1438 1572 officium
1471 1522 1808 1585 sectabantur,
1862 1530 2039 1589 quanto

137 1606 290 1674 magis
329 1623 484 1656 senex
522 1604 602 1655 ille
633 1605 945 1656 veneratione
992 1606 1119 1655 omni
1166 1605 1472 1673 dignissimus
1518 1615 1697 1657 castam
1739 1615 1787 1656 et
1816 1606 2040 1656 intactam

137 1691 373 1757 virginem
417 1706 714 1740 conservare
755 1698 989 1754 noverat,
1042 1698 1090 1740 et
1130 1689 1175 1739 ei
1224 1691 1328 1741 vasi
1372 1691 1663 1758 singularem
1695 1691 1928 1758 quendam
1959 1689 2043 1739 ho-

138 1792 303 1826 norem
336 1774 552 1837 del'erre,
594 1773 717 1840 quod
744 1774 945 1824 salutem
975 1774 1217 1824 hominum
1247 1775 1502 1842 aliquando
1533 1776 1868 1826 continuerat?
1942 1772 2040 1826 Sed

138 1868 187 1910 et
220 1867 391 1909 natura
420 1856 519 1925 ipsa
553 1857 839 1908 documento
872 1858 1009 1908 nobis
1038 1875 1146 1909 esse
1178 1868 1364 1924 potest,
1408 1861 1530 1927 quod
1562 1869 1609 1911 et
1639 1861 1810 1912 affecta
1836 1860 1928 1910 iam
1959 1876 2039 1909 ae-

137 1951 235 1993 tate
266 1943 389 1992 foret
417 1959 473 1992 ac
501 1951 613 1993 natu
642 1943 897 2010 grandior,
942 1960 1141 2009 magnus
1166 1942 1293 1994 inter
1323 1944 1476 2007 viros,
1521 1945 1731 1995 moribus
1764 1944 1942 2005 fidelis,
1985 1960 2041 1994 ac

135 2027 295 2095 specie
338 2027 438 2092 ipsa
477 2026 753 2103 religiosus.
832 2025 907 2077 De
947 2044 1004 2076 eo
1039 2028 1209 2096 quippe
1248 2036 1452 2078 testatur
1493 2030 1828 2097 evangelium,
1879 2031 2037 2078 Homi-
2090 2035 2229 2116 Mlatss.

132 2129 234 2161 nem
259 2113 405 2175 fuisse
437 2114 661 2160 timentem
687 2114 850 2171 demn5
907 2111 984 2179 qui
1022 2111 1202 2162 idcirco
1238 2113 1357 2163 clam
1396 2112 1647 2181 coniugem
1679 2113 1917 2163 dimittere
1944 2121 2042 2163 sta·
2143 2108 2154 2124 '
2222 2106 2230 2115 ’

139 2195 330 2246 tuisset.
408 2192 507 2246 Sed
541 2203 590 2245 ut
618 2195 674 2245 ad
707 2195 926 2246 Iacobum
957 2197 1180 2261 redeam,
1240 2197 1417 2247 domini
1459 2199 1655 2248 fratrem
1688 2215 1743 2248 ac
1773 2197 1958 2265 losepbi
1989 2197 2041 2247 fi-

136 2279 250 2330 lium
271 2318 284 2343 ,
346 2277 419 2329 hic
452 2278 806 2347 Hierosolymis
839 2289 1056 2331 mortuus
1085 2291 1159 2331 est
1186 2281 1324 2332 annis
1356 2290 1461 2348 post
1492 2282 1825 2333 ascensionem
1862 2280 2041 2333 domiui

135 2363 241 2432 plus
271 2363 426 2413 minus
467 2362 636 2431 viginti
676 2372 881 2431 quatuor
916 2365 1130 2425 exactiS,
1184 2384 1288 2416 cum
1331 2367 1434 2434 ipse
1467 2375 1659 2417 sextum
1698 2375 1745 2417 et
1779 2366 2038 2434 nonagesi-

136 2466 262 2498 mum
291 2447 463 2497 aetatis
490 2457 675 2515 ageret.
752 2447 879 2498 Huic
910 2449 1034 2499 enim
1065 2450 1179 2500 fullo
1206 2450 1391 2518 quidam
1425 2460 1565 2519 capnt
1590 2453 1713 2501 fuste
1740 2450 2038 2513 comminuit,

137 2549 242 2582 cum
283 2547 513 2599 praeceps
540 2540 672 2582 esset
704 2549 728 2581 e
766 2533 924 2601 templi
956 2534 1209 2602 pinnaculo
1239 2535 1452 2585 deiectus
1473 2575 1484 2595 ,
1539 2537 1621 2586 sed
1651 2536 1766 2586 nihil
1790 2536 2041 2586 admodum

141 2615 387 2678 offensus,
443 2615 761 2683 procumbens
791 2616 837 2666 in
874 2635 1031 2684 genua
1073 2636 1158 2687 pro
1200 2619 1272 2669 his
1302 2619 1418 2687 ipsis
1445 2637 1471 2670 a
1501 2620 1669 2687 quibus
1703 2619 2041 2688 praecipitatus

141 2701 326 2762 fuerat,
380 2699 518 2749 deum
551 2708 773 2767 precatus
802 2710 876 2751 est
907 2701 978 2753 his
1017 2703 1209 2767 verbis,
1265 2701 1464 2754 Dimitte
1506 2704 1630 2767 illis,
1682 2705 1788 2772 quia
1820 2703 2041 2755 nesciunt

138 2784 247 2852 quid
281 2782 479 2834 faciunt.
556 2781 696 2834 Unde
737 2781 950 2853 Symeon
994 2786 1119 2837 illius
1154 2804 1180 2837 e
1212 2805 1383 2838 sorore
1420 2805 1569 2856 nepos
1611 2806 1666 2839 ac
1702 2786 1946 2856 Cleophae
1988 2788 2040 2837 fi-

138 2869 231 2919 lius
254 2868 420 2937 procul
452 2868 646 2919 adstans
677 2868 724 2917 iu
758 2868 875 2919 haec
906 2870 1054 2920 verba
1084 2870 1271 2923 locutus
1300 2882 1401 2936 est,
1456 2877 1695 2923 Desinite!
1771 2877 1892 2936 Quid
1923 2875 2039 2937 lapi-

136 2955 271 3002 dibus
303 2957 472 3002 iustum
501 2955 722 3002 hominem
765 2957 1017 3017 appetitis?
1086 2959 1135 3004 Is
1158 2974 1247 3021 pro
1277 2959 1401 3006 vobis
1438 2961 1607 3022 optima
1641 2975 1845 3023 quaeque
1868 2973 2034 3022 preca-

138 3047 231 3087 tur.
311 3036 418 3087 Hoc
454 3036 602 3104 igitur
640 3037 779 3087 modo
817 3037 1049 3105 martyrio
1088 3041 1366 3106 perfunctus
1403 3051 1495 3092 est.

279 3123 373 3172 lam
417 3138 534 3172 vero
572 3121 611 3171 si
648 3120 833 3188 losephi
873 3120 995 3171 lilius
1034 3131 1193 3173 aetate
1225 3124 1294 3174 sic
1330 3134 1588 3193 provectus
1631 3125 1745 3188 fuit,
1802 3126 1905 3192 quis
1935 3124 2037 3174 eius
2071 3136 2168 3191 Cap.
2195 3137 2289 3178 XV.

140 3214 324 3274 patrem
352 3205 640 3268 arbitretur,
683 3205 758 3273 qui
789 3213 880 3254 tam
914 3205 1153 3256 horrenda
1182 3209 1454 3275 spectacula
1484 3209 1712 3270 vidisset,
1755 3217 1863 3277 puta
1893 3225 2040 3275 ange-

137 3290 210 3340 los
242 3290 457 3340 nascenti
491 3290 584 3339 lilio
615 3289 688 3340 dei
722 3289 1003 3357 stipatorum
1039 3307 1092 3340 ac
1124 3291 1378 3342 satellitum
1412 3293 1562 3343 officia
1598 3301 1927 3360 praestantes,
1983 3309 2039 3342 ac

138 3374 195 3424 de
221 3373 357 3424 coelo
386 3382 634 3425 cantantes
652 3412 665 3437 ,
708 3381 756 3422 et
783 3372 1025 3435 dicentes,
1069 3377 1228 3423 Gloria
1257 3379 1303 3424 in
1330 3380 1569 3426 altissimis
1595 3381 1701 3435 dee,
1757 3386 1805 3425 et
1833 3380 1879 3424 in
1906 3386 2033 3425 terra
2056 3387 2146 3422 Luc.
2159 3388 2192 3431 2,
2215 3387 2268 3422 14.

131 3476 258 3522 pam,
316 3462 362 3506 in
392 3460 647 3507 hominibus
685 3460 881 3522 benig-na
918 3460 1160 3518 volmetces,·
1217 3476 1322 3508 cum
1360 3470 1578 3527 pastores
1621 3461 1819 3527 insuper
1847 3461 1902 3509 ad
1933 3477 2035 3510 eam

138 3542 411 3609 speluncam
439 3541 487 3591 in
518 3559 609 3609 qua
640 3538 864 3593 Christus
899 3550 1039 3592 natus
1077 3551 1180 3592 erat
1209 3544 1562 3608 accessissent,
1617 3545 1878 3612 eademque
1917 3562 2038 3595 nun-

139 3624 368 3687 tiassent,
421 3642 525 3675 cum
566 3626 710 3689 baec,
767 3626 984 3692 inquam,
1042 3635 1136 3675 tam
1172 3627 1447 3677 admiranda
1482 3628 1694 3695 prodigia
1728 3645 1783 3677 ac
1812 3627 2039 3679 miracula

142 3709 371 3778 Iosephus
414 3709 492 3759 ille
531 3726 685 3760 senex
724 3727 778 3759 ac
812 3708 1083 3777 decrepitus
1116 3711 1332 3773 audiret,
1387 3711 1554 3762 fierine
1594 3712 1746 3782 potuit
1778 3721 1945 3763 sancto
1985 3721 2036 3764 ut

199 3819 405 3864 ctaxv.
439 3844 487 3850 -
552 3820 585 3863 1.
625 3823 745 3873 Vulyo
773 3812 865 3877 ἆρα.
