<?xml version="1.0" encoding="UTF-8"?>
<!DOCTYPE html PUBLIC "-//W3C//DTD XHTML 1.0 Transitional//EN"
    "http://www.w3.org/TR/xhtml1/DTD/xhtml1-transitional.dtd">
<html xmlns="http://www.w3.org/1999/xhtml" xml:lang="en" lang="en">
 <head>
  <title>
</title>
<meta http-equiv="Content-Type" content="text/html;charset=utf-8" />
  <meta name='ocr-system' content='tesseract 3.04.00' />
  <meta name='ocr-capabilities' content='ocr_page ocr_carea ocr_par ocr_line ocrx_word'/>
</head>
<body>
  <div class='ocr_page' id='page_1' title='image "./pt3corporishaere02epipuoft/pt3corporishaere02epipuoft_0186.png"; bbox 0 0 2508 4134; ppageno 0'>
   <div class='ocr_carea' id='block_1_1' title="bbox 225 1323 414 1383">
    <p class='ocr_par' dir='ltr' id='par_1_1' title="bbox 225 1323 414 1383">
     <span class='ocr_line' id='line_1_1' title="bbox 225 1323 414 1383; baseline -0.011 -11"><span class='ocrx_word' id='word_1_1' title='bbox 225 1327 336 1383; x_wconf 85' lang='grc' dir='ltr'><strong>Κεφ.</strong></span> <span class='ocrx_word' id='word_1_2' title='bbox 360 1323 414 1371; x_wconf 84' lang='grc' dir='ltr'><strong><em>α’.</em></strong></span> 
     </span>
    </p>
   </div>
   <div class='ocr_carea' id='block_1_2' title="bbox 250 1497 431 1546">
    <p class='ocr_par' dir='ltr' id='par_1_2' title="bbox 250 1497 431 1546">
     <span class='ocr_line' id='line_1_2' title="bbox 250 1497 431 1546; baseline -0.006 -12"><span class='ocrx_word' id='word_1_3' title='bbox 250 1507 335 1546; x_wconf 75' lang='lat' dir='ltr'><strong>pag.</strong></span> <span class='ocrx_word' id='word_1_4' title='bbox 356 1497 431 1533; x_wconf 70' lang='lat'><strong>9⁰5.</strong></span> 
     </span>
    </p>
   </div>
   <div class='ocr_carea' id='block_1_3' title="bbox 461 259 1681 310">
    <p class='ocr_par' dir='ltr' id='par_1_3' title="bbox 461 259 1681 310">
     <span class='ocr_line' id='line_1_3' title="bbox 461 259 1681 310; baseline 0.001 -1"><span class='ocrx_word' id='word_1_5' title='bbox 461 259 561 310; x_wconf 83' lang='lat'><strong><em>176</em></strong></span> <span class='ocrx_word' id='word_1_6' title='bbox 1047 300 1050 302; x_wconf 91' lang='lat'>.</span> <span class='ocrx_word' id='word_1_7' title='bbox 1164 267 1369 310; x_wconf 72' lang='lat' dir='ltr'>SANCTI</span> <span class='ocrx_word' id='word_1_8' title='bbox 1396 268 1681 310; x_wconf 80' lang='lat' dir='ltr'><strong>EPIPHANII</strong></span> 
     </span>
    </p>
   </div>
   <div class='ocr_carea' id='block_1_4' title="bbox 453 360 2391 1035">
    <p class='ocr_par' dir='ltr' id='par_1_4' title="bbox 453 360 2391 1035">
     <span class='ocr_line' id='line_1_4' title="bbox 462 360 2390 436; baseline 0.002 -18"><span class='ocrx_word' id='word_1_9' title='bbox 462 360 848 432; x_wconf 84' lang='grc' dir='ltr'><strong><em>όμοουσιότητα,</em></strong></span> <span class='ocrx_word' id='word_1_10' title='bbox 901 363 971 424; x_wconf 78' lang='grc' dir='ltr'><strong><em>εἷς</em></strong></span> <span class='ocrx_word' id='word_1_11' title='bbox 996 365 1107 431; x_wconf 81' lang='grc' dir='ltr'><strong><em>τρία</em></strong></span> <span class='ocrx_word' id='word_1_12' title='bbox 1135 365 1314 430; x_wconf 86' lang='grc' dir='ltr'><strong><em>τέλεια,</em></strong></span> <span class='ocrx_word' id='word_1_13' title='bbox 1363 368 1479 433; x_wconf 86' lang='grc' dir='ltr'><strong><em>μίαν</em></strong></span> <span class='ocrx_word' id='word_1_14' title='bbox 1510 366 1564 419; x_wconf 83' lang='grc' dir='ltr'><strong><em>δὲ</em></strong></span> <span class='ocrx_word' id='word_1_15' title='bbox 1591 364 1834 432; x_wconf 84' lang='grc' dir='ltr'><strong><em>θεότητα,</em></strong></span> <span class='ocrx_word' id='word_1_16' title='bbox 1885 367 2003 432; x_wconf 90' lang='grc' dir='ltr'><strong><em>μίαν</em></strong></span> <span class='ocrx_word' id='word_1_17' title='bbox 2018 363 2233 432; x_wconf 84' lang='grc' dir='ltr'><strong><em>-ούσίαν,</em></strong></span> <span class='ocrx_word' id='word_1_18' title='bbox 2271 370 2390 436; x_wconf 84' lang='grc' dir='ltr'><strong><em>μίαν</em></strong></span> 
     </span>
     <span class='ocr_line' id='line_1_5' title="bbox 459 446 2389 520; baseline 0.003 -18"><span class='ocrx_word' id='word_1_19' title='bbox 459 450 762 517; x_wconf 81' lang='grc' dir='ltr'><strong><em>δοξολογίαν,</em></strong></span> <span class='ocrx_word' id='word_1_20' title='bbox 785 450 902 515; x_wconf 88' lang='grc' dir='ltr'><strong><em>μίαν</em></strong></span> <span class='ocrx_word' id='word_1_21' title='bbox 928 446 1212 516; x_wconf 86' lang='grc' dir='ltr'><strong><em>κυριότητα,</em></strong></span> <span class='ocrx_word' id='word_1_22' title='bbox 1241 446 1340 504; x_wconf 79' lang='grc' dir='ltr'><strong><em>άπό</em></strong></span> <span class='ocrx_word' id='word_1_23' title='bbox 1367 457 1457 504; x_wconf 84' lang='grc' dir='ltr'><strong><em>τοῦ</em></strong></span> <span class='ocrx_word' id='word_1_24' title='bbox 1478 449 1786 518; x_wconf 82' lang='grc' dir='ltr'><strong><em>πιστεύομεν,</em></strong></span> <span class='ocrx_word' id='word_1_25' title='bbox 1822 452 1907 503; x_wconf 83' lang='grc' dir='ltr'><strong><em>καὶ</em></strong></span> <span class='ocrx_word' id='word_1_26' title='bbox 1934 451 2244 520; x_wconf 81' lang='grc' dir='ltr'><strong><em>πιστεύομεν,</em></strong></span> <span class='ocrx_word' id='word_1_27' title='bbox 2273 454 2389 507; x_wconf 66' lang='grc' dir='ltr'><strong><em>2ιιειιιὶ</em></strong></span> 
     </span>
     <span class='ocr_line' id='line_1_6' title="bbox 457 531 2391 608; baseline 0.003 -21"><span class='ocrx_word' id='word_1_28' title='bbox 457 532 763 601; x_wconf 82' lang='grc' dir='ltr'><strong><em>πιστεύομεν.</em></strong></span> <span class='ocrx_word' id='word_1_29' title='bbox 839 535 938 586; x_wconf 76' lang='grc' dir='ltr'><strong><em>Καὶ</em></strong></span> <span class='ocrx_word' id='word_1_30' title='bbox 973 535 1197 588; x_wconf 84' lang='grc' dir='ltr'><strong><em>ἐνταῦθα</em></strong></span> <span class='ocrx_word' id='word_1_31' title='bbox 1235 537 1456 589; x_wconf 82' lang='grc' dir='ltr'><strong><em>διέπεσεν</em></strong></span> <span class='ocrx_word' id='word_1_32' title='bbox 1481 531 1509 590; x_wconf 81' lang='grc' dir='ltr'>ὅ</span> <span class='ocrx_word' id='word_1_33' title='bbox 1535 542 1634 589; x_wconf 78' lang='grc' dir='ltr'><strong><em>τῶν</em></strong></span> <span class='ocrx_word' id='word_1_34' title='bbox 1665 535 1901 590; x_wconf 84' lang='grc' dir='ltr'><strong><em>τοιούτων</em></strong></span> <span class='ocrx_word' id='word_1_35' title='bbox 1929 535 2090 608; x_wconf 80' lang='grc' dir='ltr'><strong><em>λόγος.</em></strong></span> <span class='ocrx_word' id='word_1_36' title='bbox 2164 539 2269 591; x_wconf 85' lang='grc' dir='ltr'><strong><em>Καὶ</em></strong></span> <span class='ocrx_word' id='word_1_37' title='bbox 2297 539 2391 600; x_wconf 75' lang='grc' dir='ltr'><strong><em>ἕως</em></strong></span> 
     </span>
     <span class='ocr_line' id='line_1_7' title="bbox 456 616 2390 694; baseline 0.003 -23"><span class='ocrx_word' id='word_1_38' title='bbox 456 623 558 672; x_wconf 89' lang='grc' dir='ltr'><strong><em>ποῦ</em></strong></span> <span class='ocrx_word' id='word_1_39' title='bbox 593 617 799 687; x_wconf 89' lang='grc' dir='ltr'><strong><em>μηκύνω</em></strong></span> <span class='ocrx_word' id='word_1_40' title='bbox 825 616 911 671; x_wconf 73' lang='grc' dir='ltr'><strong><em>τόν</em></strong></span> <span class='ocrx_word' id='word_1_41' title='bbox 934 618 1105 689; x_wconf 86' lang='grc' dir='ltr'><strong><em>λόγον,</em></strong></span> <span class='ocrx_word' id='word_1_42' title='bbox 1156 617 1373 690; x_wconf 80' lang='grc' dir='ltr'><strong><em>άρκετῶς</em></strong></span> <span class='ocrx_word' id='word_1_43' title='bbox 1409 621 1715 693; x_wconf 76' lang='grc' dir='ltr'><strong><em>ἡγησάμενος</em></strong></span> <span class='ocrx_word' id='word_1_44' title='bbox 1747 629 1852 684; x_wconf 86' lang='grc' dir='ltr'><strong><em>τοῖς</em></strong></span> <span class='ocrx_word' id='word_1_45' title='bbox 1886 620 1976 691; x_wconf 78' lang='grc' dir='ltr'><strong><em>τὴν</em></strong></span> <span class='ocrx_word' id='word_1_46' title='bbox 2003 620 2244 691; x_wconf 83' lang='grc' dir='ltr'><strong><em>άλήθειαν</em></strong></span> <span class='ocrx_word' id='word_1_47' title='bbox 2271 622 2390 694; x_wconf 78' lang='grc' dir='ltr'><strong><em>ἀγα-</em></strong></span> 
     </span>
     <span class='ocr_line' id='line_1_8' title="bbox 453 702 2391 778; baseline 0.002 -20"><span class='ocrx_word' id='word_1_48' title='bbox 453 709 584 758; x_wconf 82' lang='grc' dir='ltr'><strong><em>πῶσι</em></strong></span> <span class='ocrx_word' id='word_1_49' title='bbox 607 702 668 757; x_wconf 76' lang='grc' dir='ltr'><strong><em>τά</em></strong></span> <span class='ocrx_word' id='word_1_50' title='bbox 697 702 823 757; x_wconf 79' lang='grc' dir='ltr'><strong><em>κατά</em></strong></span> <span class='ocrx_word' id='word_1_51' title='bbox 859 703 1048 759; x_wconf 87' lang='grc' dir='ltr'><strong><em>τούτων</em></strong></span> <span class='ocrx_word' id='word_1_52' title='bbox 1084 707 1344 776; x_wconf 74' lang='grc' dir='ltr'><strong><em>εἰρημένας</em></strong></span> <span class='ocrx_word' id='word_1_53' title='bbox 1420 706 1514 761; x_wconf 78' lang='grc' dir='ltr'><strong><em>Διό</em></strong></span> <span class='ocrx_word' id='word_1_54' title='bbox 1545 705 1889 775; x_wconf 70' lang='grc' dir='ltr'><strong><em>ὑπερβήσομαι</em></strong></span> <span class='ocrx_word' id='word_1_55' title='bbox 1921 709 2006 761; x_wconf 75' lang='grc' dir='ltr'><strong><em>καὶ</em></strong></span> <span class='ocrx_word' id='word_1_56' title='bbox 2034 707 2246 778; x_wconf 85' lang='grc' dir='ltr'><strong><em>ταύτην,</em></strong></span> <span class='ocrx_word' id='word_1_57' title='bbox 2283 707 2391 763; x_wconf 87' lang='grc' dir='ltr'><strong><em>δεό-</em></strong></span> 
     </span>
     <span class='ocr_line' id='line_1_9' title="bbox 455 787 2391 865; baseline 0.002 -22"><span class='ocrx_word' id='word_1_58' title='bbox 455 811 601 859; x_wconf 89' lang='grc' dir='ltr'><strong><em>μενος</em></strong></span> <span class='ocrx_word' id='word_1_59' title='bbox 631 795 758 843; x_wconf 83' lang='grc' dir='ltr'><strong><em>θεοῦ</em></strong></span> <span class='ocrx_word' id='word_1_60' title='bbox 789 787 945 858; x_wconf 58' lang='grc' dir='ltr'><strong><em>θῆμῖν</em></strong></span> <span class='ocrx_word' id='word_1_61' title='bbox 975 791 1211 859; x_wconf 84' lang='grc' dir='ltr'><strong><em>συνήθως</em></strong></span> <span class='ocrx_word' id='word_1_62' title='bbox 1240 791 1590 862; x_wconf 73' lang='grc' dir='ltr'><strong><em>ἀντιλαβέσθαι</em></strong></span> <span class='ocrx_word' id='word_1_63' title='bbox 1618 791 1744 864; x_wconf 78' lang='grc' dir='ltr'><strong><em>πρὸς</em></strong></span> <span class='ocrx_word' id='word_1_64' title='bbox 1773 792 1864 862; x_wconf 77' lang='grc' dir='ltr'><strong><em>τὴν</em></strong></span> <span class='ocrx_word' id='word_1_65' title='bbox 1889 792 2079 848; x_wconf 88' lang='grc' dir='ltr'><strong><em>τούτων</em></strong></span> <span class='ocrx_word' id='word_1_66' title='bbox 2104 791 2391 865; x_wconf 71' lang='grc' dir='ltr'><strong><em>ἀνατροπὴν</em></strong></span> 
     </span>
     <span class='ocr_line' id='line_1_10' title="bbox 455 874 2390 951; baseline 0.002 -21"><span class='ocrx_word' id='word_1_67' title='bbox 455 874 717 940; x_wconf 75' lang='grc' dir='ltr'><strong><em>ἁπάντων,</em></strong></span> <span class='ocrx_word' id='word_1_68' title='bbox 754 874 893 939; x_wconf 82' lang='grc' dir='ltr'><strong><em>ὅπως</em></strong></span> <span class='ocrx_word' id='word_1_69' title='bbox 923 878 977 930; x_wconf 87' lang='grc' dir='ltr'><strong><em>ἐν</em></strong></span> <span class='ocrx_word' id='word_1_70' title='bbox 1001 882 1063 951; x_wconf 81' lang='grc' dir='ltr'><strong><em>τῇ</em></strong></span> <span class='ocrx_word' id='word_1_71' title='bbox 1091 874 1245 931; x_wconf 77' lang='grc' dir='ltr'><strong><em>αὐτοῦ</em></strong></span> <span class='ocrx_word' id='word_1_72' title='bbox 1277 877 1487 947; x_wconf 78' lang='grc' dir='ltr'><strong><em>δυνάμει</em></strong></span> <span class='ocrx_word' id='word_1_73' title='bbox 1515 877 1570 934; x_wconf 76' lang='grc' dir='ltr'><strong><em>τό</em></strong></span> <span class='ocrx_word' id='word_1_74' title='bbox 1602 877 1875 950; x_wconf 76' lang='grc' dir='ltr'><strong><em>ἐπάγγελμα</em></strong></span> <span class='ocrx_word' id='word_1_75' title='bbox 1905 878 2239 944; x_wconf 75' lang='grc' dir='ltr'><strong><em>τελειώσαντες</em></strong></span> <span class='ocrx_word' id='word_1_76' title='bbox 2263 876 2390 934; x_wconf 69' lang='grc' dir='ltr'><strong><em>κατὰ</em></strong></span> 
     </span>
     <span class='ocr_line' id='line_1_11' title="bbox 454 959 1311 1035; baseline 0 -18"><span class='ocrx_word' id='word_1_77' title='bbox 454 962 617 1017; x_wconf 88' lang='grc' dir='ltr'><strong><em>πάντα</em></strong></span> <span class='ocrx_word' id='word_1_78' title='bbox 654 959 786 1035; x_wconf 83' lang='grc' dir='ltr'><strong><em>αύτῷ</em></strong></span> <span class='ocrx_word' id='word_1_79' title='bbox 823 968 851 999; x_wconf 81' lang='lat'>4</span> <span class='ocrx_word' id='word_1_80' title='bbox 873 959 1311 1034; x_wconf 81' lang='grc' dir='ltr'><strong><em>εύχαριστήσωμεν.</em></strong></span> 
     </span>
    </p>
   </div>
   <div class='ocr_carea' id='block_1_5' title="bbox 737 1195 2094 1270">
    <p class='ocr_par' dir='ltr' id='par_1_5' title="bbox 737 1195 2094 1270">
     <span class='ocr_line' id='line_1_12' title="bbox 737 1195 2094 1270; baseline 0.001 -13"><span class='ocrx_word' id='word_1_81' title='bbox 737 1200 972 1258; x_wconf 85' lang='grc' dir='ltr'><strong>ΚΑΤΑ</strong></span> <span class='ocrx_word' id='word_1_82' title='bbox 1037 1200 1363 1256; x_wconf 85' lang='grc' dir='ltr'><strong>ΑΕΡΙΟΥ</strong></span> <span class='ocrx_word' id='word_1_83' title='bbox 1418 1195 1588 1270; x_wconf 85' lang='grc' dir='ltr'><strong><em>ΝΖ’,</em></strong></span> <span class='ocrx_word' id='word_1_84' title='bbox 1653 1201 1708 1256; x_wconf 90' lang='lat' dir='ltr'>H</span> <span class='ocrx_word' id='word_1_85' title='bbox 1750 1200 1903 1257; x_wconf 90' lang='lat' dir='ltr'><strong><em>KAI</em></strong></span> <span class='ocrx_word' id='word_1_86' title='bbox 1945 1195 2094 1258; x_wconf 91' lang='lat' dir='ltr'>OZ&#39;.</span> 
     </span>
    </p>
   </div>
   <div class='ocr_carea' id='block_1_6' title="bbox 446 1303 2391 3527">
    <p class='ocr_par' dir='ltr' id='par_1_6' title="bbox 446 1303 2391 3527">
     <span class='ocr_line' id='line_1_13' title="bbox 595 1303 2387 1379; baseline 0.001 -19"><span class='ocrx_word' id='word_1_87' title='bbox 595 1305 784 1379; x_wconf 85' lang='grc' dir='ltr'><strong><em>Ἀέριός</em></strong></span> <span class='ocrx_word' id='word_1_88' title='bbox 813 1328 888 1368; x_wconf 90' lang='grc' dir='ltr'><strong><em>τις</em></strong></span> <span class='ocrx_word' id='word_1_89' title='bbox 927 1304 1098 1369; x_wconf 90' lang='grc' dir='ltr'><strong><em>πάλιν,</em></strong></span> <span class='ocrx_word' id='word_1_90' title='bbox 1157 1303 1388 1368; x_wconf 77' lang='grc' dir='ltr'><strong><em>ὦςαύτως</em></strong></span> <span class='ocrx_word' id='word_1_91' title='bbox 1427 1311 1495 1378; x_wconf 79' lang='grc' dir='ltr'><strong><em>τῷ</em></strong></span> <span class='ocrx_word' id='word_1_92' title='bbox 1539 1306 1710 1378; x_wconf 77' lang='grc' dir='ltr'><strong><em>κόσμῳ</em></strong></span> <span class='ocrx_word' id='word_1_93' title='bbox 1753 1307 2005 1376; x_wconf 87' lang='grc' dir='ltr'><strong><em>γεγένηται</em></strong></span> <span class='ocrx_word' id='word_1_94' title='bbox 2049 1308 2171 1378; x_wconf 87' lang='grc' dir='ltr'><strong><em>μέγα</em></strong></span> <span class='ocrx_word' id='word_1_95' title='bbox 2212 1305 2387 1373; x_wconf 79' lang='grc' dir='ltr'><strong><em>κακόν,</em></strong></span> 
     </span>
     <span class='ocr_line' id='line_1_14' title="bbox 461 1389 2390 1464; baseline -0.001 -16"><span class='ocrx_word' id='word_1_96' title='bbox 461 1393 858 1462; x_wconf 76' lang='grc' dir='ltr'><strong><em>1ἐμβροντηθεὶς</em></strong></span> <span class='ocrx_word' id='word_1_97' title='bbox 886 1390 976 1459; x_wconf 81' lang='grc' dir='ltr'><strong><em>τὴν</em></strong></span> <span class='ocrx_word' id='word_1_98' title='bbox 1005 1393 1221 1455; x_wconf 75' lang='grc' dir='ltr'><strong><em>ἔννοιαν,</em></strong></span> <span class='ocrx_word' id='word_1_99' title='bbox 1262 1393 1502 1460; x_wconf 81' lang='grc' dir='ltr'><strong><em>ἐπαρθεὶς</em></strong></span> <span class='ocrx_word' id='word_1_100' title='bbox 1526 1389 1582 1444; x_wconf 85' lang='grc' dir='ltr'>τὸ</span> <span class='ocrx_word' id='word_1_101' title='bbox 1611 1390 1860 1461; x_wconf 88' lang='grc' dir='ltr'><strong><em>φρόνημα.</em></strong></span> <span class='ocrx_word' id='word_1_102' title='bbox 1938 1397 2116 1446; x_wconf 78' lang='grc' dir='ltr'><strong><em>Πᾶσαν</em></strong></span> <span class='ocrx_word' id='word_1_103' title='bbox 2140 1389 2234 1463; x_wconf 75' lang='grc' dir='ltr'><strong><em>γάρ</em></strong></span> <span class='ocrx_word' id='word_1_104' title='bbox 2259 1395 2390 1464; x_wconf 77' lang='grc' dir='ltr'><strong><em>αἳρε-</em></strong></span> 
     </span>
     <span class='ocr_line' id='line_1_15' title="bbox 456 1474 2388 1547; baseline -0.002 -13"><span class='ocrx_word' id='word_1_105' title='bbox 456 1498 535 1534; x_wconf 87' lang='grc' dir='ltr'><strong><em>σιν</em></strong></span> <span class='ocrx_word' id='word_1_106' title='bbox 568 1482 870 1547; x_wconf 88' lang='grc' dir='ltr'><strong><em>κακοβουλία</em></strong></span> <span class='ocrx_word' id='word_1_107' title='bbox 910 1483 1009 1530; x_wconf 80' lang='grc' dir='ltr'><strong><em>τῶν</em></strong></span> <span class='ocrx_word' id='word_1_108' title='bbox 1047 1478 1324 1547; x_wconf 84' lang='grc' dir='ltr'><strong><em>γενομένων</em></strong></span> <span class='ocrx_word' id='word_1_109' title='bbox 1364 1474 1450 1529; x_wconf 79' lang='grc' dir='ltr'><strong><em>ἄπ’</em></strong></span> <span class='ocrx_word' id='word_1_110' title='bbox 1483 1474 1633 1545; x_wconf 72' lang='grc' dir='ltr'><strong><em>ἀρχῆς</em></strong></span> <span class='ocrx_word' id='word_1_111' title='bbox 1660 1475 1767 1547; x_wconf 72' lang='grc' dir='ltr'><strong><em>ι’ίχρι</em></strong></span> <span class='ocrx_word' id='word_1_112' title='bbox 1791 1478 1960 1540; x_wconf 83' lang='grc' dir='ltr'><strong><em>τέλους</em></strong></span> <span class='ocrx_word' id='word_1_113' title='bbox 1981 1477 2016 1546; x_wconf 84' lang='grc' dir='ltr'>ἢ</span> <span class='ocrx_word' id='word_1_114' title='bbox 2049 1481 2388 1544; x_wconf 71' lang='grc' dir='ltr'><strong><em>2κενοδοξίας,</em></strong></span> 
     </span>
     <span class='ocr_line' id='line_1_16' title="bbox 455 1560 2391 1636; baseline -0.001 -17"><span class='ocrx_word' id='word_1_115' title='bbox 455 1566 489 1634; x_wconf 79' lang='grc' dir='ltr'><em>ἢ</em></span> <span class='ocrx_word' id='word_1_116' title='bbox 515 1564 765 1636; x_wconf 85' lang='grc' dir='ltr'><strong><em>ἐπάρσεως</em></strong></span> <span class='ocrx_word' id='word_1_117' title='bbox 788 1570 940 1617; x_wconf 88' lang='grc' dir='ltr'><strong><em>ταῦτα</em></strong></span> <span class='ocrx_word' id='word_1_118' title='bbox 965 1561 1244 1633; x_wconf 80' lang='grc' dir='ltr'><strong><em>εἰργάσατο,</em></strong></span> <span class='ocrx_word' id='word_1_119' title='bbox 1294 1560 1330 1629; x_wconf 76' lang='grc' dir='ltr'><em>ἢ</em></span> <span class='ocrx_word' id='word_1_120' title='bbox 1354 1564 1627 1631; x_wconf 81' lang='grc' dir='ltr'><strong><em>ἐπιθυμίας</em></strong></span> <span class='ocrx_word' id='word_1_121' title='bbox 1655 1560 1839 1632; x_wconf 72' lang='grc' dir='ltr'><strong><em>ὄρεξις,</em></strong></span> <span class='ocrx_word' id='word_1_122' title='bbox 1889 1561 1924 1631; x_wconf 81' lang='grc' dir='ltr'><em>ἢ</em></span> <span class='ocrx_word' id='word_1_123' title='bbox 1954 1568 2094 1632; x_wconf 81' lang='grc' dir='ltr'><strong><em>ζῆλος</em></strong></span> <span class='ocrx_word' id='word_1_124' title='bbox 2119 1561 2248 1634; x_wconf 73' lang='grc' dir='ltr'><strong><em>πρός</em></strong></span> <span class='ocrx_word' id='word_1_125' title='bbox 2272 1561 2391 1626; x_wconf 79' lang='grc' dir='ltr'><strong><em>τούς</em></strong></span> 
     </span>
     <span class='ocr_line' id='line_1_17' title="bbox 456 1646 2388 1720; baseline -0.001 -15"><span class='ocrx_word' id='word_1_126' title='bbox 456 1653 629 1715; x_wconf 88' lang='grc' dir='ltr'><strong><em>πέλας,</em></strong></span> <span class='ocrx_word' id='word_1_127' title='bbox 678 1649 712 1719; x_wconf 80' lang='grc' dir='ltr'><em>ἢ</em></span> <span class='ocrx_word' id='word_1_128' title='bbox 740 1647 1078 1720; x_wconf 81' lang='grc' dir='ltr'><strong><em>παροξυσμός,</em></strong></span> <span class='ocrx_word' id='word_1_129' title='bbox 1128 1646 1162 1717; x_wconf 78' lang='grc' dir='ltr'><em>ἢ</em></span> <span class='ocrx_word' id='word_1_130' title='bbox 1189 1649 1468 1719; x_wconf 81' lang='grc' dir='ltr'><strong><em>προπέτεια.</em></strong></span> <span class='ocrx_word' id='word_1_131' title='bbox 1550 1647 1615 1703; x_wconf 84' lang='grc' dir='ltr'>Τὸ</span> <span class='ocrx_word' id='word_1_132' title='bbox 1659 1649 1713 1702; x_wconf 82' lang='grc' dir='ltr'><strong><em>δὲ</em></strong></span> <span class='ocrx_word' id='word_1_133' title='bbox 1748 1654 1850 1702; x_wconf 79' lang='grc' dir='ltr'><strong><em>πᾶν</em></strong></span> <span class='ocrx_word' id='word_1_134' title='bbox 1881 1649 1936 1702; x_wconf 87' lang='grc' dir='ltr'><strong><em>ἐκ</em></strong></span> <span class='ocrx_word' id='word_1_135' title='bbox 1977 1648 2216 1717; x_wconf 83' lang='grc' dir='ltr'><strong><em>διαβόλου</em></strong></span> <span class='ocrx_word' id='word_1_136' title='bbox 2244 1646 2279 1718; x_wconf 81' lang='grc' dir='ltr'><em>ἦ</em></span> <span class='ocrx_word' id='word_1_137' title='bbox 2305 1647 2388 1703; x_wconf 87' lang='grc' dir='ltr'><strong><em>τύ-</em></strong></span> 
     </span>
     <span class='ocr_line' id='line_1_18' title="bbox 455 1732 2390 1804; baseline -0.001 -14"><span class='ocrx_word' id='word_1_138' title='bbox 455 1744 664 1804; x_wconf 88' lang='grc' dir='ltr'><strong><em>φλωσις,</em></strong></span> <span class='ocrx_word' id='word_1_139' title='bbox 704 1733 765 1789; x_wconf 86' lang='grc' dir='ltr'><strong><em>ού</em></strong></span> <span class='ocrx_word' id='word_1_140' title='bbox 791 1741 879 1789; x_wconf 90' lang='grc' dir='ltr'><strong><em>τοῦ</em></strong></span> <span class='ocrx_word' id='word_1_141' title='bbox 908 1733 1145 1802; x_wconf 88' lang='grc' dir='ltr'><strong><em>διαβόλου</em></strong></span> <span class='ocrx_word' id='word_1_142' title='bbox 1176 1734 1430 1803; x_wconf 81' lang='grc' dir='ltr'><strong><em>ἰσχύοντος</em></strong></span> <span class='ocrx_word' id='word_1_143' title='bbox 1455 1732 1651 1788; x_wconf 83' lang='grc' dir='ltr'><strong><em>άπατᾶν</em></strong></span> <span class='ocrx_word' id='word_1_144' title='bbox 1681 1732 1769 1788; x_wconf 87' lang='grc' dir='ltr'><strong><em>τὸν</em></strong></span> <span class='ocrx_word' id='word_1_145' title='bbox 1798 1733 1865 1802; x_wconf 79' lang='grc' dir='ltr'><strong><em>μή</em></strong></span> <span class='ocrx_word' id='word_1_146' title='bbox 1892 1733 2222 1803; x_wconf 87' lang='grc' dir='ltr'><strong><em>βουλόμενον,</em></strong></span> <span class='ocrx_word' id='word_1_147' title='bbox 2267 1733 2390 1789; x_wconf 69' lang='grc' dir='ltr'><strong><em>ἀλλὰ</em></strong></span> 
     </span>
     <span class='ocr_line' id='line_1_19' title="bbox 455 1818 2387 1894; baseline -0.001 -17"><span class='ocrx_word' id='word_1_148' title='bbox 455 1820 666 1877; x_wconf 76' lang='grc' dir='ltr'><strong><em>ἑκάστου</em></strong></span> <span class='ocrx_word' id='word_1_149' title='bbox 710 1822 868 1894; x_wconf 76' lang='grc' dir='ltr'><strong><em>ἑαυτῷ</em></strong></span> <span class='ocrx_word' id='word_1_150' title='bbox 899 1823 1164 1891; x_wconf 87' lang='grc' dir='ltr'><strong><em>παραιτίου</em></strong></span> <span class='ocrx_word' id='word_1_151' title='bbox 1203 1821 1465 1891; x_wconf 91' lang='grc' dir='ltr'><strong><em>γινομένου</em></strong></span> <span class='ocrx_word' id='word_1_152' title='bbox 1489 1825 1577 1888; x_wconf 85' lang='grc' dir='ltr'><strong><em>τῆς</em></strong></span> <span class='ocrx_word' id='word_1_153' title='bbox 1612 1821 1725 1888; x_wconf 79' lang='grc' dir='ltr'><strong><em>περὶ</em></strong></span> <span class='ocrx_word' id='word_1_154' title='bbox 1755 1818 1845 1888; x_wconf 83' lang='grc' dir='ltr'><strong><em>τὴν</em></strong></span> <span class='ocrx_word' id='word_1_155' title='bbox 1872 1818 2115 1890; x_wconf 83' lang='grc' dir='ltr'><strong><em>άμαρτίαν</em></strong></span> <span class='ocrx_word' id='word_1_156' title='bbox 2141 1823 2387 1892; x_wconf 78' lang='grc' dir='ltr'><strong><em>ἐργασίας,</em></strong></span> 
     </span>
     <span class='ocr_line' id='line_1_20' title="bbox 454 1899 2388 1977; baseline -0.001 -15"><span class='ocrx_word' id='word_1_157' title='bbox 454 1911 562 1974; x_wconf 78' lang='grc' dir='ltr'><strong><em>ἵνα,</em></strong></span> <span class='ocrx_word' id='word_1_158' title='bbox 614 1910 763 1976; x_wconf 87' lang='grc' dir='ltr'><strong><em>φησὶ,</em></strong></span> <span class='ocrx_word' id='word_1_159' title='bbox 820 1910 871 1961; x_wconf 80' lang='grc' dir='ltr'><strong><em>οἰ</em></strong></span> <span class='ocrx_word' id='word_1_160' title='bbox 902 1906 1101 1974; x_wconf 88' lang='grc' dir='ltr'><strong><em>δόκιμοι</em></strong></span> <span class='ocrx_word' id='word_1_161' title='bbox 1127 1907 1338 1977; x_wconf 81' lang='grc' dir='ltr'><strong><em>φανεροὶ</em></strong></span> <span class='ocrx_word' id='word_1_162' title='bbox 1366 1908 1614 1977; x_wconf 86' lang='grc' dir='ltr'><strong><em>γένωνται.</em></strong></span> <span class='ocrx_word' id='word_1_163' title='bbox 1706 1899 1867 1968; x_wconf 77' lang='grc' dir='ltr'><strong><em>Οὗτος</em></strong></span> <span class='ocrx_word' id='word_1_164' title='bbox 1905 1903 1935 1960; x_wconf 83' lang='grc' dir='ltr'><strong><em>ό</em></strong></span> <span class='ocrx_word' id='word_1_165' title='bbox 1966 1904 2152 1976; x_wconf 88' lang='grc' dir='ltr'><strong><em>’Λέριος</em></strong></span> <span class='ocrx_word' id='word_1_166' title='bbox 2196 1908 2267 1961; x_wconf 68' lang='grc' dir='ltr'><strong><em>ἔτι</em></strong></span> <span class='ocrx_word' id='word_1_167' title='bbox 2303 1908 2388 1961; x_wconf 82' lang='grc' dir='ltr'><strong><em>καὶ</em></strong></span> 
     </span>
     <span class='ocr_line' id='line_1_21' title="bbox 458 1989 2387 2068; baseline -0.001 -20"><span class='ocrx_word' id='word_1_168' title='bbox 458 1998 603 2065; x_wconf 89' lang='grc' dir='ltr'><strong><em>δεῦρο</em></strong></span> <span class='ocrx_word' id='word_1_169' title='bbox 630 2000 685 2068; x_wconf 78' lang='grc' dir='ltr'><strong><em>ζῇ</em></strong></span> <span class='ocrx_word' id='word_1_170' title='bbox 708 1996 760 2048; x_wconf 88' lang='grc' dir='ltr'><strong><em>ἐν</em></strong></span> <span class='ocrx_word' id='word_1_171' title='bbox 784 1996 957 2065; x_wconf 83' lang='grc' dir='ltr'><strong><em>σαρκὶ,</em></strong></span> <span class='ocrx_word' id='word_1_172' title='bbox 1008 1994 1094 2047; x_wconf 85' lang='grc' dir='ltr'><strong><em>καὶ</em></strong></span> <span class='ocrx_word' id='word_1_173' title='bbox 1120 1996 1330 2063; x_wconf 84' lang='grc' dir='ltr'><strong><em>περίεστι</em></strong></span> <span class='ocrx_word' id='word_1_174' title='bbox 1357 2000 1426 2066; x_wconf 81' lang='grc' dir='ltr'><strong><em>τῷ</em></strong></span> <span class='ocrx_word' id='word_1_175' title='bbox 1454 1996 1578 2066; x_wconf 77' lang='grc' dir='ltr'><strong><em>βίῳ,</em></strong></span> <span class='ocrx_word' id='word_1_176' title='bbox 1626 1989 1874 2060; x_wconf 84' lang='grc' dir='ltr'><strong><em>Ἀρειανός</em></strong></span> <span class='ocrx_word' id='word_1_177' title='bbox 1902 1991 1990 2060; x_wconf 81' lang='grc' dir='ltr'><strong><em>μὲν</em></strong></span> <span class='ocrx_word' id='word_1_178' title='bbox 2021 1991 2076 2046; x_wconf 81' lang='grc' dir='ltr'><strong><em>τό</em></strong></span> <span class='ocrx_word' id='word_1_179' title='bbox 2100 1998 2214 2046; x_wconf 86' lang='grc' dir='ltr'><strong><em>πᾶν.</em></strong></span> <span class='ocrx_word' id='word_1_180' title='bbox 2274 1989 2387 2047; x_wconf 75' lang='grc' dir='ltr'><strong><em>’Ἁλ-</em></strong></span> 
     </span>
     <span class='ocr_line' id='line_1_22' title="bbox 454 2075 2387 2150; baseline -0.001 -16"><span class='ocrx_word' id='word_1_181' title='bbox 454 2087 550 2144; x_wconf 91' lang='grc' dir='ltr'><strong><em>λως</em></strong></span> <span class='ocrx_word' id='word_1_182' title='bbox 582 2079 673 2150; x_wconf 78' lang='grc' dir='ltr'><strong><em>γάρ</em></strong></span> <span class='ocrx_word' id='word_1_183' title='bbox 714 2079 775 2133; x_wconf 82' lang='grc' dir='ltr'><strong><em>οὗ</em></strong></span> <span class='ocrx_word' id='word_1_184' title='bbox 821 2086 1023 2150; x_wconf 90' lang='grc' dir='ltr'><strong><em>φρονεῖ,</em></strong></span> <span class='ocrx_word' id='word_1_185' title='bbox 1075 2076 1176 2132; x_wconf 73' lang='grc' dir='ltr'><strong><em>ἀλλ’</em></strong></span> <span class='ocrx_word' id='word_1_186' title='bbox 1213 2075 1281 2140; x_wconf 74' lang='grc' dir='ltr'><strong><em>ὥς</em></strong></span> <span class='ocrx_word' id='word_1_187' title='bbox 1302 2076 1526 2147; x_wconf 63' lang='lat' dir='ltr'><strong><em>’‘Ao-³2⁰9,</em></strong></span> <span class='ocrx_word' id='word_1_188' title='bbox 1579 2079 1664 2132; x_wconf 79' lang='grc' dir='ltr'><strong><em>καὶ</em></strong></span> <span class='ocrx_word' id='word_1_189' title='bbox 1691 2080 1762 2132; x_wconf 75' lang='grc' dir='ltr'><strong><em>ἔτι</em></strong></span> <span class='ocrx_word' id='word_1_190' title='bbox 1798 2079 2021 2131; x_wconf 80' lang='grc' dir='ltr'><strong><em>ἐπέκεινα</em></strong></span> <span class='ocrx_word' id='word_1_191' title='bbox 2058 2076 2291 2145; x_wconf 83' lang='grc' dir='ltr'><strong><em>μειζόνως</em></strong></span> <span class='ocrx_word' id='word_1_192' title='bbox 2325 2075 2387 2132; x_wconf 76' lang='grc' dir='ltr'><strong><em>τά</em></strong></span> 
     </span>
     <span class='ocr_line' id='line_1_23' title="bbox 446 2162 2388 2238; baseline -0.001 -18"><span class='ocrx_word' id='word_1_193' title='bbox 446 2166 648 2238; x_wconf 86' lang='grc' dir='ltr'><strong><em>Ἀρείου</em></strong></span> <span class='ocrx_word' id='word_1_194' title='bbox 676 2164 987 2234; x_wconf 84' lang='grc' dir='ltr'><strong><em>ἐπιζητήσας,</em></strong></span> <span class='ocrx_word' id='word_1_195' title='bbox 1046 2162 1331 2233; x_wconf 80' lang='grc' dir='ltr'><strong><em>ω’ξυμμένος</em></strong></span> <span class='ocrx_word' id='word_1_196' title='bbox 1360 2186 1410 2218; x_wconf 88' lang='grc' dir='ltr'><strong><em>τε</em></strong></span> <span class='ocrx_word' id='word_1_197' title='bbox 1434 2163 1524 2233; x_wconf 85' lang='grc' dir='ltr'><strong><em>τὴν</em></strong></span> <span class='ocrx_word' id='word_1_198' title='bbox 1551 2168 1785 2235; x_wconf 80' lang='grc' dir='ltr'><strong><em>γλῶτταν,</em></strong></span> <span class='ocrx_word' id='word_1_199' title='bbox 1835 2164 1919 2216; x_wconf 79' lang='grc' dir='ltr'><strong><em>καὶ</em></strong></span> <span class='ocrx_word' id='word_1_200' title='bbox 1952 2165 2305 2231; x_wconf 81' lang='grc' dir='ltr'><strong><em>ἐξωπλισμένος</em></strong></span> <span class='ocrx_word' id='word_1_201' title='bbox 2333 2165 2388 2219; x_wconf 77' lang='grc' dir='ltr'><strong><em>ἐν</em></strong></span> 
     </span>
     <span class='ocr_line' id='line_1_24' title="bbox 454 2246 2386 2324; baseline -0.001 -18"><span class='ocrx_word' id='word_1_202' title='bbox 454 2256 652 2321; x_wconf 89' lang='grc' dir='ltr'><strong><em>χείλεσιν</em></strong></span> <span class='ocrx_word' id='word_1_203' title='bbox 688 2254 741 2306; x_wconf 87' lang='grc' dir='ltr'><strong><em>ἐν</em></strong></span> <span class='ocrx_word' id='word_1_204' title='bbox 783 2251 942 2324; x_wconf 81' lang='grc' dir='ltr'><strong><em>τούτῳ</em></strong></span> <span class='ocrx_word' id='word_1_205' title='bbox 978 2255 1046 2323; x_wconf 79' lang='grc' dir='ltr'><strong><em>τῷ</em></strong></span> <span class='ocrx_word' id='word_1_206' title='bbox 1095 2251 1254 2320; x_wconf 89' lang='grc' dir='ltr'><strong><em>μέρει,</em></strong></span> <span class='ocrx_word' id='word_1_207' title='bbox 1305 2248 1443 2313; x_wconf 79' lang='grc' dir='ltr'><strong><em>ὅπως</em></strong></span> <span class='ocrx_word' id='word_1_208' title='bbox 1479 2249 1708 2323; x_wconf 81' lang='grc' dir='ltr'><strong><em>ἐξελκύσῃ</em></strong></span> <span class='ocrx_word' id='word_1_209' title='bbox 1754 2251 1822 2312; x_wconf 80' lang='grc' dir='ltr'><strong><em>εἰς</em></strong></span> <span class='ocrx_word' id='word_1_210' title='bbox 1855 2247 2034 2302; x_wconf 76' lang='grc' dir='ltr'><strong><em>ἑαυτὸν</em></strong></span> <span class='ocrx_word' id='word_1_211' title='bbox 2069 2246 2386 2318; x_wconf 84' lang='grc' dir='ltr'><strong><em>ἠπατημένον</em></strong></span> 
     </span>
     <span class='ocr_line' id='line_1_25' title="bbox 455 2333 2386 2407; baseline -0.002 -15"><span class='ocrx_word' id='word_1_212' title='bbox 455 2337 685 2406; x_wconf 79' lang='grc' dir='ltr'><strong><em>στρατόν,</em></strong></span> <span class='ocrx_word' id='word_1_213' title='bbox 740 2339 826 2392; x_wconf 85' lang='grc' dir='ltr'><strong><em>καὶ</em></strong></span> <span class='ocrx_word' id='word_1_214' title='bbox 862 2335 1064 2405; x_wconf 77' lang='grc' dir='ltr'><strong><em>πληθύν</em></strong></span> <span class='ocrx_word' id='word_1_215' title='bbox 1099 2341 1196 2389; x_wconf 78' lang='grc' dir='ltr'><strong><em>τῶν</em></strong></span> <span class='ocrx_word' id='word_1_216' title='bbox 1241 2333 1318 2389; x_wconf 86' lang='grc' dir='ltr'><strong><em>άεὶ</em></strong></span> <span class='ocrx_word' id='word_1_217' title='bbox 1360 2335 1449 2399; x_wconf 78' lang='grc' dir='ltr'><strong><em>τάς</em></strong></span> <span class='ocrx_word' id='word_1_218' title='bbox 1488 2334 1645 2398; x_wconf 80' lang='grc' dir='ltr'><strong><em>άκοᾶς</em></strong></span> <span class='ocrx_word' id='word_1_219' title='bbox 1675 2336 2120 2407; x_wconf 86' lang='grc' dir='ltr'><strong><em>γαργαλιζομένων,</em></strong></span> <span class='ocrx_word' id='word_1_220' title='bbox 2173 2337 2258 2388; x_wconf 85' lang='grc' dir='ltr'><strong><em>καὶ</em></strong></span> <span class='ocrx_word' id='word_1_221' title='bbox 2294 2334 2386 2404; x_wconf 81' lang='grc' dir='ltr'><strong><em>τὴν</em></strong></span> 
     </span>
     <span class='ocr_line' id='line_1_26' title="bbox 456 2418 2385 2494; baseline -0.003 -15"><span class='ocrx_word' id='word_1_222' title='bbox 456 2424 680 2479; x_wconf 87' lang='grc' dir='ltr'><strong><em>διάνοιαν</em></strong></span> <span class='ocrx_word' id='word_1_223' title='bbox 716 2422 1121 2492; x_wconf 85' lang='grc' dir='ltr'><strong><em>ύποχαλωμένων.</em></strong></span> <span class='ocrx_word' id='word_1_224' title='bbox 1198 2423 1298 2475; x_wconf 85' lang='grc' dir='ltr'><strong><em>Καὶ</em></strong></span> <span class='ocrx_word' id='word_1_225' title='bbox 1335 2420 1428 2493; x_wconf 77' lang='grc' dir='ltr'><strong><em>γάρ</em></strong></span> <span class='ocrx_word' id='word_1_226' title='bbox 1470 2423 1554 2476; x_wconf 86' lang='grc' dir='ltr'><strong><em>καὶ</em></strong></span> <span class='ocrx_word' id='word_1_227' title='bbox 1583 2418 1733 2484; x_wconf 81' lang='grc' dir='ltr'><strong><em>αύτὸς</em></strong></span> <span class='ocrx_word' id='word_1_228' title='bbox 1768 2427 1836 2494; x_wconf 78' lang='grc' dir='ltr'><strong><em>τῷ</em></strong></span> <span class='ocrx_word' id='word_1_229' title='bbox 1869 2423 1963 2494; x_wconf 79' lang='grc' dir='ltr'><strong><em>βίῳ</em></strong></span> <span class='ocrx_word' id='word_1_230' title='bbox 2000 2419 2244 2491; x_wconf 87' lang='grc' dir='ltr'><strong><em>ἐφεύρατό</em></strong></span> <span class='ocrx_word' id='word_1_231' title='bbox 2276 2442 2385 2474; x_wconf 82' lang='grc' dir='ltr'><strong><em>τινα</em></strong></span> 
     </span>
     <span class='ocr_line' id='line_1_27' title="bbox 457 2507 2386 2582; baseline -0.003 -18"><span class='ocrx_word' id='word_1_232' title='bbox 457 2511 669 2582; x_wconf 78' lang='grc' dir='ltr'><strong><em>μεγάλην</em></strong></span> <span class='ocrx_word' id='word_1_233' title='bbox 705 2507 920 2579; x_wconf 79' lang='grc' dir='ltr'><strong><em>μυθωδή</em></strong></span> <span class='ocrx_word' id='word_1_234' title='bbox 959 2510 1268 2572; x_wconf 82' lang='grc' dir='ltr'><strong><em>κενοδοξίαν,</em></strong></span> <span class='ocrx_word' id='word_1_235' title='bbox 1318 2515 1508 2578; x_wconf 88' lang='grc' dir='ltr'><strong><em>γελοῖον</em></strong></span> <span class='ocrx_word' id='word_1_236' title='bbox 1545 2508 1633 2575; x_wconf 83' lang='grc' dir='ltr'><strong><em>μὲν</em></strong></span> <span class='ocrx_word' id='word_1_237' title='bbox 1671 2509 1974 2575; x_wconf 85' lang='grc' dir='ltr'><strong><em>ἐμποιοῦσαν</em></strong></span> <span class='ocrx_word' id='word_1_238' title='bbox 2000 2514 2106 2569; x_wconf 84' lang='grc' dir='ltr'><strong><em>τοῖς</em></strong></span> <span class='ocrx_word' id='word_1_239' title='bbox 2140 2507 2386 2577; x_wconf 75' lang='grc' dir='ltr'><strong><em>ἔμφροσιν</em></strong></span> 
     </span>
     <span class='ocr_line' id='line_1_28' title="bbox 455 2585 2387 2665; baseline -0.003 -14"><span class='ocrx_word' id='word_1_240' title='bbox 455 2596 592 2665; x_wconf 75' lang='grc' dir='ltr'><strong><em>ὅμως</em></strong></span> <span class='ocrx_word' id='word_1_241' title='bbox 623 2594 706 2649; x_wconf 73' lang='grc' dir='ltr'><strong><em>διά</em></strong></span> <span class='ocrx_word' id='word_1_242' title='bbox 743 2594 924 2650; x_wconf 90' lang='grc' dir='ltr'><strong><em>τούτου</em></strong></span> <span class='ocrx_word' id='word_1_243' title='bbox 966 2591 1176 2657; x_wconf 80' lang='grc' dir='ltr'><strong><em>πολλοὺς</em></strong></span> <span class='ocrx_word' id='word_1_244' title='bbox 1219 2592 1441 2663; x_wconf 83' lang='grc' dir='ltr'><strong><em>ἦπάτησε</em></strong></span> <span class='ocrx_word' id='word_1_245' title='bbox 1476 2595 1560 2647; x_wconf 90' lang='grc' dir='ltr'><strong><em>καὶ</em></strong></span> <span class='ocrx_word' id='word_1_246' title='bbox 1595 2597 1929 2664; x_wconf 85' lang='grc' dir='ltr'><strong><em>παρείλκυσεν.</em></strong></span> <span class='ocrx_word' id='word_1_247' title='bbox 2008 2585 2171 2655; x_wconf 82' lang='grc' dir='ltr'><strong><em>Οὗτος</em></strong></span> <span class='ocrx_word' id='word_1_248' title='bbox 2206 2595 2387 2663; x_wconf 86' lang='grc' dir='ltr'><strong><em>γίνεται</em></strong></span> 
     </span>
     <span class='ocr_line' id='line_1_29' title="bbox 456 2677 2387 2752; baseline -0.002 -16"><span class='ocrx_word' id='word_1_249' title='bbox 456 2679 783 2752; x_wconf 77' lang='grc' dir='ltr'><strong><em>συσχολαστὴς</em></strong></span> <span class='ocrx_word' id='word_1_250' title='bbox 825 2680 1122 2734; x_wconf 82' lang='grc' dir='ltr'><strong><em>Εὗσταθίου</em></strong></span> <span class='ocrx_word' id='word_1_251' title='bbox 1163 2683 1462 2748; x_wconf 85' lang='grc' dir='ltr'><strong><em>Σεβαστίου,</em></strong></span> <span class='ocrx_word' id='word_1_252' title='bbox 1513 2685 1603 2733; x_wconf 88' lang='grc' dir='ltr'><strong><em>τοῦ</em></strong></span> <span class='ocrx_word' id='word_1_253' title='bbox 1643 2686 1730 2748; x_wconf 82' lang='grc' dir='ltr'><strong><em>τῆς</em></strong></span> <span class='ocrx_word' id='word_1_254' title='bbox 1759 2681 2057 2747; x_wconf 86' lang='grc' dir='ltr'><strong><em>Σεβαστείας</em></strong></span> <span class='ocrx_word' id='word_1_255' title='bbox 2095 2677 2298 2733; x_wconf 89' lang='grc' dir='ltr'><strong><em>Πόντου</em></strong></span> <span class='ocrx_word' id='word_1_256' title='bbox 2335 2698 2387 2732; x_wconf 79' lang='grc' dir='ltr'><strong><em>τε</em></strong></span> 
     </span>
     <span class='ocr_line' id='line_1_30' title="bbox 456 2758 2384 2838; baseline -0.003 -15"><span class='ocrx_word' id='word_1_257' title='bbox 456 2770 759 2837; x_wconf 81' lang='grc' dir='ltr'><strong><em>καλουμένης</em></strong></span> <span class='ocrx_word' id='word_1_258' title='bbox 778 2767 957 2838; x_wconf 76' lang='grc' dir='ltr'><strong><em>χώρας,</em></strong></span> <span class='ocrx_word' id='word_1_259' title='bbox 994 2763 1105 2834; x_wconf 72' lang='grc' dir='ltr'><strong><em>ἤτοι</em></strong></span> <span class='ocrx_word' id='word_1_260' title='bbox 1132 2773 1311 2837; x_wconf 81' lang='grc' dir='ltr'><strong><em>μικρᾶς</em></strong></span> <span class='ocrx_word' id='word_1_261' title='bbox 1334 2764 1602 2835; x_wconf 85' lang='grc' dir='ltr'><strong><em>Ἀρμενίας.</em></strong></span> <span class='ocrx_word' id='word_1_262' title='bbox 1656 2762 1811 2834; x_wconf 86' lang='grc' dir='ltr'><strong><em>Ὁμοῦ</em></strong></span> <span class='ocrx_word' id='word_1_263' title='bbox 1839 2762 1930 2835; x_wconf 70' lang='grc' dir='ltr'><strong><em>γάρ</em></strong></span> <span class='ocrx_word' id='word_1_264' title='bbox 1953 2758 2080 2833; x_wconf 78' lang='grc' dir='ltr'><strong><em>ἦσαν</em></strong></span> <span class='ocrx_word' id='word_1_265' title='bbox 2103 2763 2384 2830; x_wconf 72' lang='grc' dir='ltr'><strong><em>ἀσκοῦντες,</em></strong></span> 
     </span>
     <span class='ocr_line' id='line_1_31' title="bbox 458 2847 2387 2925; baseline -0.002 -17"><span class='ocrx_word' id='word_1_266' title='bbox 458 2853 488 2909; x_wconf 70' lang='grc' dir='ltr'><strong><em>’ὅ</em></strong></span> <span class='ocrx_word' id='word_1_267' title='bbox 514 2875 563 2908; x_wconf 89' lang='grc' dir='ltr'><strong><em>τε</em></strong></span> <span class='ocrx_word' id='word_1_268' title='bbox 600 2855 955 2925; x_wconf 87' lang='grc' dir='ltr'><strong><em>προειρημένος</em></strong></span> <span class='ocrx_word' id='word_1_269' title='bbox 993 2852 1286 2915; x_wconf 82' lang='grc' dir='ltr'><strong><em>Εὗστάθιος</em></strong></span> <span class='ocrx_word' id='word_1_270' title='bbox 1319 2854 1404 2905; x_wconf 88' lang='grc' dir='ltr'><strong><em>καὶ</em></strong></span> <span class='ocrx_word' id='word_1_271' title='bbox 1445 2849 1475 2906; x_wconf 83' lang='grc' dir='ltr'>ὁ</span> <span class='ocrx_word' id='word_1_272' title='bbox 1509 2850 1716 2922; x_wconf 85' lang='grc' dir='ltr'><strong><em>Ἀέριος.</em></strong></span> <span class='ocrx_word' id='word_1_273' title='bbox 1775 2849 1895 2920; x_wconf 77' lang='grc' dir='ltr'><strong><em>’Ὅτε</em></strong></span> <span class='ocrx_word' id='word_1_274' title='bbox 1937 2851 1991 2904; x_wconf 83' lang='grc' dir='ltr'><strong><em>δὲ</em></strong></span> <span class='ocrx_word' id='word_1_275' title='bbox 2027 2847 2057 2904; x_wconf 83' lang='grc' dir='ltr'><strong><em>ό</em></strong></span> <span class='ocrx_word' id='word_1_276' title='bbox 2097 2848 2387 2914; x_wconf 78' lang='grc' dir='ltr'><strong><em>Εὐστάθιος</em></strong></span> 
     </span>
     <span class='ocr_line' id='line_1_32' title="bbox 454 2932 2387 3010; baseline -0.003 -15"><span class='ocrx_word' id='word_1_277' title='bbox 454 2935 612 3010; x_wconf 79' lang='grc' dir='ltr'><strong><em>ἦλθεν</em></strong></span> <span class='ocrx_word' id='word_1_278' title='bbox 638 2943 707 3004; x_wconf 82' lang='grc' dir='ltr'><strong><em>εἰς</em></strong></span> <span class='ocrx_word' id='word_1_279' title='bbox 734 2939 822 3010; x_wconf 79' lang='grc' dir='ltr'><strong><em>τὴν</em></strong></span> <span class='ocrx_word' id='word_1_280' title='bbox 850 2937 1147 3006; x_wconf 81' lang='grc' dir='ltr'><strong><em>ἐπισκοπὴν,</em></strong></span> <span class='ocrx_word' id='word_1_281' title='bbox 1185 2940 1372 3001; x_wconf 82' lang='grc' dir='ltr'><strong><em>ἐκεῖνος</em></strong></span> <span class='ocrx_word' id='word_1_282' title='bbox 1401 2944 1580 3006; x_wconf 84' lang='grc' dir='ltr'><strong><em>μᾶλλον</em></strong></span> <span class='ocrx_word' id='word_1_283' title='bbox 1609 2935 1877 3004; x_wconf 83' lang='grc' dir='ltr'><strong><em>ἐπεθύμει,</em></strong></span> <span class='ocrx_word' id='word_1_284' title='bbox 1915 2932 2012 2989; x_wconf 77' lang='grc' dir='ltr'><strong><em>ἄλλ’</em></strong></span> <span class='ocrx_word' id='word_1_285' title='bbox 2041 2932 2133 2989; x_wconf 87' lang='grc' dir='ltr'><strong><em>ούκ</em></strong></span> <span class='ocrx_word' id='word_1_286' title='bbox 2162 2937 2387 3003; x_wconf 74' lang='grc' dir='ltr'><strong><em>ἔφθασεν</em></strong></span> 
     </span>
     <span class='ocr_line' id='line_1_33' title="bbox 457 3019 2387 3094; baseline -0.004 -13"><span class='ocrx_word' id='word_1_287' title='bbox 457 3030 526 3090; x_wconf 82' lang='grc' dir='ltr'><strong><em>εἰς</em></strong></span> <span class='ocrx_word' id='word_1_288' title='bbox 551 3033 712 3081; x_wconf 88' lang='grc' dir='ltr'><strong><em>τοῦτο.</em></strong></span> <span class='ocrx_word' id='word_1_289' title='bbox 777 3026 1045 3079; x_wconf 80' lang='grc' dir='ltr'><strong><em>Ἐντεῦθεν</em></strong></span> <span class='ocrx_word' id='word_1_290' title='bbox 1075 3030 1215 3092; x_wconf 83' lang='grc' dir='ltr'><strong><em>ζῆλος</em></strong></span> <span class='ocrx_word' id='word_1_291' title='bbox 1249 3028 1443 3094; x_wconf 87' lang='grc' dir='ltr'><strong><em>γίνεται.</em></strong></span> <span class='ocrx_word' id='word_1_292' title='bbox 1522 3021 1714 3077; x_wconf 85' lang='grc' dir='ltr'><strong><em>Ἐδόκει</em></strong></span> <span class='ocrx_word' id='word_1_293' title='bbox 1754 3023 1808 3076; x_wconf 82' lang='grc' dir='ltr'><strong><em>δὲ</em></strong></span> <span class='ocrx_word' id='word_1_294' title='bbox 1844 3028 2191 3093; x_wconf 86' lang='grc' dir='ltr'><strong><em>προςλιπαρεῖν</em></strong></span> <span class='ocrx_word' id='word_1_295' title='bbox 2226 3019 2255 3075; x_wconf 90' lang='grc' dir='ltr'><strong><em>ό</em></strong></span> <span class='ocrx_word' id='word_1_296' title='bbox 2280 3019 2387 3074; x_wconf 80' lang='grc' dir='ltr'><strong><em>Εὖ-</em></strong></span> 
     </span>
     <span class='ocr_line' id='line_1_34' title="bbox 455 3105 2383 3182; baseline -0.004 -16"><span class='ocrx_word' id='word_1_297' title='bbox 455 3113 664 3175; x_wconf 85' lang='grc' dir='ltr'><strong><em>στάθιος</em></strong></span> <span class='ocrx_word' id='word_1_298' title='bbox 701 3110 787 3168; x_wconf 82' lang='grc' dir='ltr'><strong><em>τόν</em></strong></span> <span class='ocrx_word' id='word_1_299' title='bbox 818 3110 1019 3182; x_wconf 84' lang='grc' dir='ltr'><strong><em>Ἀέριον.</em></strong></span> <span class='ocrx_word' id='word_1_300' title='bbox 1094 3108 1290 3163; x_wconf 80' lang='grc' dir='ltr'><strong><em>Αὐτίκα</em></strong></span> <span class='ocrx_word' id='word_1_301' title='bbox 1332 3109 1539 3179; x_wconf 72' lang='grc' dir='ltr'><strong><em>ὕστερον</em></strong></span> <span class='ocrx_word' id='word_1_302' title='bbox 1571 3114 1787 3181; x_wconf 78' lang='grc' dir='ltr'><strong><em>καθιστᾷ</em></strong></span> <span class='ocrx_word' id='word_1_303' title='bbox 1824 3113 2000 3176; x_wconf 85' lang='grc' dir='ltr'><strong><em>τοῦτον</em></strong></span> <span class='ocrx_word' id='word_1_304' title='bbox 2035 3105 2383 3177; x_wconf 87' lang='grc' dir='ltr'><strong><em>πρεσβύτερον,</em></strong></span> 
     </span>
     <span class='ocr_line' id='line_1_35' title="bbox 455 3190 2385 3269; baseline -0.004 -16"><span class='ocrx_word' id='word_1_305' title='bbox 455 3199 513 3253; x_wconf 91' lang='grc' dir='ltr'><strong><em>τό</em></strong></span> <span class='ocrx_word' id='word_1_306' title='bbox 538 3221 587 3253; x_wconf 93' lang='grc' dir='ltr'><strong><em>τε</em></strong></span> <span class='ocrx_word' id='word_1_307' title='bbox 613 3202 918 3267; x_wconf 84' lang='grc' dir='ltr'><strong><em>ξενοδοχεῖον</em></strong></span> <span class='ocrx_word' id='word_1_308' title='bbox 942 3194 1078 3269; x_wconf 74' lang='grc' dir='ltr'><strong><em>αὐτῷ</em></strong></span> <span class='ocrx_word' id='word_1_309' title='bbox 1103 3194 1395 3263; x_wconf 85' lang='grc' dir='ltr'><strong><em>ἐμπιστεύει,</em></strong></span> <span class='ocrx_word' id='word_1_310' title='bbox 1432 3190 1554 3266; x_wconf 73' lang='grc' dir='ltr'><strong><em>ὅπερ</em></strong></span> <span class='ocrx_word' id='word_1_311' title='bbox 1584 3197 1636 3249; x_wconf 91' lang='grc' dir='ltr'><strong><em>ἐν</em></strong></span> <span class='ocrx_word' id='word_1_312' title='bbox 1661 3200 1728 3268; x_wconf 83' lang='grc' dir='ltr'><strong><em>τῷ</em></strong></span> <span class='ocrx_word' id='word_1_313' title='bbox 1758 3193 1938 3266; x_wconf 79' lang='grc' dir='ltr'><strong><em>Πόντῳ</em></strong></span> <span class='ocrx_word' id='word_1_314' title='bbox 1965 3198 2176 3246; x_wconf 88' lang='grc' dir='ltr'><strong><em>καλεῖται</em></strong></span> <span class='ocrx_word' id='word_1_315' title='bbox 2200 3213 2385 3261; x_wconf 80' lang='grc' dir='ltr'><strong><em>πτωχο-</em></strong></span> 
     </span>
     <span class='ocr_line' id='line_1_36' title="bbox 455 3276 2384 3355; baseline -0.003 -18"><span class='ocrx_word' id='word_1_316' title='bbox 455 3293 702 3355; x_wconf 88' lang='grc' dir='ltr'><strong><em>τροφεῖον.</em></strong></span> <span class='ocrx_word' id='word_1_317' title='bbox 784 3288 998 3338; x_wconf 86' lang='grc' dir='ltr'><strong><em>Τοιαῦτα</em></strong></span> <span class='ocrx_word' id='word_1_318' title='bbox 1037 3280 1130 3352; x_wconf 86' lang='grc' dir='ltr'><strong><em>γάρ</em></strong></span> <span class='ocrx_word' id='word_1_319' title='bbox 1168 3303 1275 3334; x_wconf 90' lang='grc' dir='ltr'><strong><em>τινα</em></strong></span> <span class='ocrx_word' id='word_1_320' title='bbox 1323 3280 1737 3345; x_wconf 86' lang='grc' dir='ltr'><strong><em>κατασκευάζουσι</em></strong></span> <span class='ocrx_word' id='word_1_321' title='bbox 1778 3276 1902 3332; x_wconf 75' lang='grc' dir='ltr'><strong><em>κατὰ</em></strong></span> <span class='ocrx_word' id='word_1_322' title='bbox 1937 3280 2241 3345; x_wconf 81' lang='grc' dir='ltr'><strong><em>φιλοξενίαν,</em></strong></span> <span class='ocrx_word' id='word_1_323' title='bbox 2297 3278 2384 3334; x_wconf 79' lang='grc' dir='ltr'><strong><em>καὶ</em></strong></span> 
     </span>
     <span class='ocr_line' id='line_1_37' title="bbox 458 3364 2382 3439; baseline -0.004 -15"><span class='ocrx_word' id='word_1_324' title='bbox 458 3370 575 3433; x_wconf 79' lang='grc' dir='ltr'><strong><em>τούς</em></strong></span> <span class='ocrx_word' id='word_1_325' title='bbox 601 3371 968 3439; x_wconf 88' lang='grc' dir='ltr'><strong><em>λελωβημένους</em></strong></span> <span class='ocrx_word' id='word_1_326' title='bbox 994 3369 1079 3421; x_wconf 87' lang='grc' dir='ltr'><strong><em>καὶ</em></strong></span> <span class='ocrx_word' id='word_1_327' title='bbox 1112 3365 1386 3428; x_wconf 75' lang='grc' dir='ltr'><strong><em>ἀδυνάτους</em></strong></span> <span class='ocrx_word' id='word_1_328' title='bbox 1417 3368 1568 3420; x_wconf 86' lang='grc' dir='ltr'><strong><em>ἐκεῖσε</em></strong></span> <span class='ocrx_word' id='word_1_329' title='bbox 1588 3371 1845 3426; x_wconf 88' lang='grc' dir='ltr'><strong><em>ποιοῦντες</em></strong></span> <span class='ocrx_word' id='word_1_330' title='bbox 1867 3364 2154 3431; x_wconf 86' lang='grc' dir='ltr'><strong><em>καταμένειν</em></strong></span> <span class='ocrx_word' id='word_1_331' title='bbox 2192 3364 2382 3432; x_wconf 45' lang='lat' dir='ltr'><strong><em>&amp;naxo-</em></strong></span> 
     </span>
     <span class='ocr_line' id='line_1_38' title="bbox 459 3448 1918 3527; baseline -0.006 -16"><span class='ocrx_word' id='word_1_332' title='bbox 459 3463 666 3527; x_wconf 86' lang='grc' dir='ltr'><strong><em>ρηγοῦσι</em></strong></span> <span class='ocrx_word' id='word_1_333' title='bbox 701 3454 826 3510; x_wconf 78' lang='grc' dir='ltr'><strong><em>κατά</em></strong></span> <span class='ocrx_word' id='word_1_334' title='bbox 864 3454 1079 3523; x_wconf 89' lang='grc' dir='ltr'><strong><em>δύναμιν</em></strong></span> <span class='ocrx_word' id='word_1_335' title='bbox 1115 3456 1167 3507; x_wconf 87' lang='grc' dir='ltr'><strong><em>οἷ</em></strong></span> <span class='ocrx_word' id='word_1_336' title='bbox 1199 3459 1299 3506; x_wconf 80' lang='grc' dir='ltr'><strong><em>τῶν</em></strong></span> <span class='ocrx_word' id='word_1_337' title='bbox 1335 3454 1602 3521; x_wconf 78' lang='grc' dir='ltr'><strong><em>ἐκκλησιῶν</em></strong></span> <span class='ocrx_word' id='word_1_338' title='bbox 1637 3448 1918 3522; x_wconf 88' lang='grc' dir='ltr'><strong><em>προστάται.</em></strong></span> 
     </span>
    </p>
   </div>
   <div class='ocr_carea' id='block_1_7' title="bbox 457 3575 2386 3812">
    <p class='ocr_par' dir='ltr' id='par_1_7' title="bbox 457 3575 2386 3694">
     <span class='ocr_line' id='line_1_39' title="bbox 513 3575 2386 3641; baseline -0.002 -13"><span class='ocrx_word' id='word_1_339' title='bbox 513 3587 553 3628; x_wconf 78' lang='lat'><strong><em>2.</em></strong></span> <span class='ocrx_word' id='word_1_340' title='bbox 585 3590 756 3628; x_wconf 78' lang='lat' dir='ltr'><strong><em>Alterum</em></strong></span> <span class='ocrx_word' id='word_1_341' title='bbox 782 3584 855 3629; x_wconf 82' lang='grc' dir='ltr'><strong><em>καὶ</em></strong></span> <span class='ocrx_word' id='word_1_342' title='bbox 875 3581 1126 3641; x_wconf 81' lang='grc' dir='ltr'><strong><em>πιστεύομεν</em></strong></span> <span class='ocrx_word' id='word_1_343' title='bbox 1155 3584 1400 3626; x_wconf 76' lang='lat' dir='ltr'><strong><em>desideratur</em></strong></span> <span class='ocrx_word' id='word_1_344' title='bbox 1510 3584 1549 3625; x_wconf 78' lang='lat'><strong><em>2.</em></strong></span> <span class='ocrx_word' id='word_1_345' title='bbox 1570 3579 1826 3632; x_wconf 77' lang='grc' dir='ltr'><strong><em>καινοδοξίας</em></strong></span> <span class='ocrx_word' id='word_1_346' title='bbox 1848 3580 1931 3621; x_wconf 83' lang='lat' dir='ltr'><strong><em>cod.</em></strong></span> <span class='ocrx_word' id='word_1_347' title='bbox 1955 3579 2117 3632; x_wconf 67' lang='lat' dir='ltr'><strong><em>Rhediq.</em></strong></span> <span class='ocrx_word' id='word_1_348' title='bbox 2146 3575 2386 3631; x_wconf 76' lang='grc' dir='ltr'><strong><em>κενοδοξίας</em></strong></span> 
     </span>
     <span class='ocr_line' id='line_1_40' title="bbox 457 3637 2215 3694; baseline -0.001 -11"><span class='ocrx_word' id='word_1_349' title='bbox 457 3645 499 3684; x_wconf 81' lang='lat' dir='ltr'><strong><em>in</em></strong></span> <span class='ocrx_word' id='word_1_350' title='bbox 526 3645 614 3684; x_wconf 76' lang='lat' dir='ltr'><em>edit.</em></span> <span class='ocrx_word' id='word_1_351' title='bbox 644 3646 779 3686; x_wconf 80' lang='lat' dir='ltr'><em>Pelav.</em></span> <span class='ocrx_word' id='word_1_352' title='bbox 810 3646 942 3685; x_wconf 84' lang='lat' dir='ltr'><em>colon.</em></span> <span class='ocrx_word' id='word_1_353' title='bbox 966 3647 1085 3694; x_wconf 79' lang='lat' dir='ltr'><strong><em>repet.</em></strong></span> <span class='ocrx_word' id='word_1_354' title='bbox 2171 3637 2215 3666; x_wconf 62' lang='grc' dir='ltr'><strong><em>αι</em></strong></span> 
     </span>
    </p>

    <p class='ocr_par' dir='ltr' id='par_1_8' title="bbox 515 3681 2288 3753">
     <span class='ocr_line' id='line_1_41' title="bbox 515 3681 2288 3753; baseline -0.006 -12"><span class='ocrx_word' id='word_1_355' title='bbox 515 3702 555 3741; x_wconf 79' lang='grc' dir='ltr'><strong><em>ὅ.</em></strong></span> <span class='ocrx_word' id='word_1_356' title='bbox 573 3695 668 3753; x_wconf 68' lang='grc' dir='ltr'><strong><em>ὑμῖν</em></strong></span> <span class='ocrx_word' id='word_1_357' title='bbox 693 3703 753 3741; x_wconf 82' lang='lat' dir='ltr'><strong><em>ed.</em></strong></span> <span class='ocrx_word' id='word_1_358' title='bbox 783 3703 915 3742; x_wconf 74' lang='grc' dir='ltr'><strong><em>Ρειαυ.</em></strong></span> <span class='ocrx_word' id='word_1_359' title='bbox 943 3702 1072 3741; x_wconf 78' lang='lat' dir='ltr'><strong><em>Coton.</em></strong></span> <span class='ocrx_word' id='word_1_360' title='bbox 1096 3704 1230 3751; x_wconf 63' lang='lat' dir='ltr'><em>repet„</em></span> <span class='ocrx_word' id='word_1_361' title='bbox 1247 3702 1394 3741; x_wconf 74' lang='lat' dir='ltr'><strong><em>vitiose.</em></strong></span> <span class='ocrx_word' id='word_1_362' title='bbox 1451 3686 1534 3726; x_wconf 77' lang='lat' dir='ltr'><strong><em>⁰⁰d·</em></strong></span> <span class='ocrx_word' id='word_1_363' title='bbox 1563 3685 1656 3733; x_wconf 64' lang='lat' dir='ltr'><strong><em>len„</em></strong></span> <span class='ocrx_word' id='word_1_364' title='bbox 1685 3683 1734 3722; x_wconf 65' lang='lat' dir='ltr'><strong><em>ab</em></strong></span> <span class='ocrx_word' id='word_1_365' title='bbox 1764 3681 1900 3721; x_wconf 64' lang='lat' dir='ltr'><strong>‘fldem</strong></span> <span class='ocrx_word' id='word_1_366' title='bbox 1926 3691 2047 3720; x_wconf 70' lang='lat' dir='ltr'><strong><em>&#39;nam‘</em></strong></span> <span class='ocrx_word' id='word_1_367' title='bbox 2075 3692 2172 3721; x_wconf 70' lang='lat' dir='ltr'><strong>0⁰¹”T-</strong></span> <span class='ocrx_word' id='word_1_368' title='bbox 2286 3742 2288 3745; x_wconf 86' lang='lat'>.</span> 
     </span>
    </p>

    <p class='ocr_par' dir='ltr' id='par_1_9' title="bbox 514 3742 2381 3812">
     <span class='ocr_line' id='line_1_42' title="bbox 514 3742 2381 3812; baseline -0.002 -16"><span class='ocrx_word' id='word_1_369' title='bbox 514 3751 557 3796; x_wconf 81' lang='lat'><strong><em>4.</em></strong></span> <span class='ocrx_word' id='word_1_370' title='bbox 586 3752 945 3812; x_wconf 73' lang='grc' dir='ltr'><strong><em>εὖχαριστήσομεν</em></strong></span> <span class='ocrx_word' id='word_1_371' title='bbox 975 3759 1058 3797; x_wconf 88' lang='lat' dir='ltr'><strong><em>cod.</em></strong></span> <span class='ocrx_word' id='word_1_372' title='bbox 1089 3759 1250 3808; x_wconf 74' lang='lat' dir='ltr'><strong><em>Rhediy.</em></strong></span> <span class='ocrx_word' id='word_1_373' title='bbox 1506 3754 1545 3796; x_wconf 84' lang='lat'><strong><em>3.</em></strong></span> <span class='ocrx_word' id='word_1_374' title='bbox 1565 3756 1687 3794; x_wconf 86' lang='lat' dir='ltr'><em>Verba</em></span> <span class='ocrx_word' id='word_1_375' title='bbox 1713 3746 2008 3807; x_wconf 79' lang='grc' dir='ltr'><strong><em>ἐπιχορηγοῦσι</em></strong></span> <span class='ocrx_word' id='word_1_376' title='bbox 2032 3774 2080 3781; x_wconf 93' lang='grc'>-</span> <span class='ocrx_word' id='word_1_377' title='bbox 2095 3773 2152 3781; x_wconf 88' lang='grc'>-</span> <span class='ocrx_word' id='word_1_378' title='bbox 2171 3747 2298 3805; x_wconf 80' lang='grc' dir='ltr'><strong><em>μῆνις</em></strong></span> <span class='ocrx_word' id='word_1_379' title='bbox 2310 3742 2381 3793; x_wconf 77' lang='grc' dir='ltr'><strong><em>ἄπ’</em></strong></span> 
     </span>
    </p>
   </div>
   <div class='ocr_carea' id='block_1_8' title="bbox 453 3807 2382 3929">
    <p class='ocr_par' dir='ltr' id='par_1_10' title="bbox 453 3807 2382 3929">
     <span class='ocr_line' id='line_1_43' title="bbox 453 3807 2382 3868; baseline -0.003 -16"><span class='ocrx_word' id='word_1_380' title='bbox 453 3830 455 3833; x_wconf 95' lang='grc'><strong><em>·</em></strong></span> <span class='ocrx_word' id='word_1_381' title='bbox 519 3811 614 3853; x_wconf 67' lang='lat' dir='ltr'><strong><em>Cn.</em></strong></span> <span class='ocrx_word' id='word_1_382' title='bbox 635 3814 662 3852; x_wconf 88' lang='lat' dir='ltr'><strong><em>l.</em></strong></span> <span class='ocrx_word' id='word_1_383' title='bbox 693 3834 749 3844; x_wconf 95' lang='lat'><strong><em>-—</em></strong></span> <span class='ocrx_word' id='word_1_384' title='bbox 794 3815 827 3854; x_wconf 92' lang='lat'><strong><em>1.</em></strong></span> <span class='ocrx_word' id='word_1_385' title='bbox 860 3811 1173 3868; x_wconf 59' lang='grc' dir='ltr'><strong><em>ἐμβροντισὲεὶς</em></strong></span> <span class='ocrx_word' id='word_1_386' title='bbox 1189 3815 1274 3855; x_wconf 85' lang='lat' dir='ltr'><strong><em>cod.</em></strong></span> <span class='ocrx_word' id='word_1_387' title='bbox 1293 3814 1393 3854; x_wconf 81' lang='lat' dir='ltr'><strong><em>Rhe·</em></strong></span> <span class='ocrx_word' id='word_1_388' title='bbox 1450 3807 1577 3854; x_wconf 70' lang='grc' dir='ltr'><strong><em>αὐτοῦ</em></strong></span> <span class='ocrx_word' id='word_1_389' title='bbox 1596 3841 1605 3856; x_wconf 88' lang='grc'><strong><em>,</em></strong></span> <span class='ocrx_word' id='word_1_390' title='bbox 1647 3822 1747 3860; x_wconf 82' lang='lat' dir='ltr'><strong><em>quae</em></strong></span> <span class='ocrx_word' id='word_1_391' title='bbox 1769 3811 1915 3860; x_wconf 77' lang='lat' dir='ltr'><strong><em>partim</em></strong></span> <span class='ocrx_word' id='word_1_392' title='bbox 1944 3812 2033 3848; x_wconf 81' lang='lat' dir='ltr'><strong><em>sunt</em></strong></span> <span class='ocrx_word' id='word_1_393' title='bbox 2057 3808 2197 3858; x_wconf 75' lang='lat' dir='ltr'><em>capitis</em></span> <span class='ocrx_word' id='word_1_394' title='bbox 2225 3818 2382 3858; x_wconf 77' lang='lat' dir='ltr'>sequen·</span> 
     </span>
     <span class='ocr_line' id='line_1_44' title="bbox 457 3866 2378 3929; baseline -0.008 -11"><span class='ocrx_word' id='word_1_395' title='bbox 457 3875 537 3929; x_wconf 59' lang='lat' dir='ltr'><strong><em>dia.</em></strong></span> <span class='ocrx_word' id='word_1_396' title='bbox 1448 3871 1521 3919; x_wconf 79' lang='lat' dir='ltr'><strong><em>tis,</em></strong></span> <span class='ocrx_word' id='word_1_397' title='bbox 1558 3878 1731 3917; x_wconf 80' lang='lat' dir='ltr'><strong><em>quaeque</em></strong></span> <span class='ocrx_word' id='word_1_398' title='bbox 1759 3868 1800 3906; x_wconf 81' lang='lat' dir='ltr'><strong><em>in</em></strong></span> <span class='ocrx_word' id='word_1_399' title='bbox 1824 3866 1908 3906; x_wconf 85' lang='lat' dir='ltr'><strong><em>cod.</em></strong></span> <span class='ocrx_word' id='word_1_400' title='bbox 1939 3866 2015 3905; x_wconf 83' lang='lat' dir='ltr'><strong><em>Ien.</em></strong></span> <span class='ocrx_word' id='word_1_401' title='bbox 2043 3867 2232 3916; x_wconf 68' lang='lat' dir='ltr'><strong><em>integram</em></strong></span> <span class='ocrx_word' id='word_1_402' title='bbox 2257 3875 2378 3905; x_wconf 84' lang='lat' dir='ltr'><strong><em>unam</em></strong></span> 
     </span>
    </p>
   </div>
  </div>
 </body>
</html>
