2508 4134
222 3045 307 3085 pag.
329 3036 405 3071 81⁰.

467 295 501 344 4
1180 244 1409 342 εικύῗᾶξ
1407 251 1701 341 ὗιιῖῑῐλῇῐ

466 400 575 462 σὶν,
629 395 742 449 υίὸν
770 396 995 465 λέγομεν,
1048 390 1165 445 δια
1195 392 1230 449 ὲ
1243 388 1303 454 ‘w
1318 383 1412 464 μή
1432 392 1606 454 πάθος
1633 384 1891 461 προςῆψαι
1926 399 1996 466 τῷ
2019 398 2166 465 πατρὶ
2205 396 2289 451 δια
2315 404 2403 452 τοῦ

465 482 800 552 γεγεννηκέναι
841 475 1033 531 κτιστὸν
1071 474 1238 530 αὐτον
1228 462 1463 547 λέγομεν.
1530 467 1781 540 Ὧςαύτως
1810 499 1893 528 και
1920 479 2031 547 περὶ
2060 489 2149 533 τοῦ
2182 480 2404 549 πνεύμα-

463 589 548 628 τος
588 572 677 618 τοῦ
715 561 858 634 άγίου
907 566 1084 627 κτίσμα
1124 567 1372 626 παντελῶς
1411 558 1696 630 ὁρίζονται*
1731 561 2147 630 παρεκβάλλοντες
2187 567 2303 618 υἱοῦ
2345 564 2399 619 vd

466 647 758 717 ὄμοούσιον,
799 645 1118 715 δμοιοούσιον
1145 646 1203 699 δὲ
1205 640 1432 729 &aava
1447 643 1674 716 MyseW
1668 642 1850 698 ῙἈλλοι
1877 646 1930 699 δὲ
1958 648 2007 710 ἐξ
2039 646 2205 702 αὐτῶν
2233 651 2319 702 καὶ
2344 648 2399 703 τὸ

466 732 785 802 ὄμοιοούσιον
821 732 1168 800 παρεξέβαλον.
1216 735 1230 755 ”

604 816 653 869 ε’.
697 814 1123 882 Πνευματομάχοι.
1204 808 1357 867 Οὗτοι
1384 816 1499 884 περι
1525 814 1612 881 μὲν
1638 820 1858 883 Χριστοῦ
1890 820 2051 876 καλῶς
2089 818 2303 883 ιἔχουσι,
2340 816 2396 872 vo*

464 910 490 941 2
509 901 560 954 δὲ
589 906 783 968 πνεῦμα
811 900 864 954 τὸ
893 900 1034 969 ἅγιον
1061 903 1437 967 βλασφημοῦσι,
1474 897 1673 951 κτιστόν
1698 897 1821 951 αὐτὸ
1852 896 2152 967 ὁριζόμενοι,
2189 903 2273 954 καὶ
2302 900 2398 955 οὔκ

458 985 516 1040 ὃν
557 988 611 1039 ἐκ
650 992 737 1053 τῆς
775 984 1038 1052 θεότητος,
1092 990 1271 1051 μᾶλλον
1312 984 1365 1036 δὲ
1396 989 1793 1052 καταχρηστικῶς
1840 981 1924 1035 δια
1962 985 2203 1054 ἐνέργειαν
2241 989 2396 1039 κεκτί-

455 1079 605 1136 σθαι,
645 1067 936 1140 άγιαστικήν
971 1066 1092 1121 αὐτὸ
1132 1067 1346 1135 δύναμιν
1381 1067 1653 1134 φάσκοντες
1691 1064 1818 1119 εἶναι
1853 1066 2020 1133 μόνον.
2252 1119 2260 1124 ν

595 1153 656 1217 ς’.
694 1152 948 1223 Ἀεριανοί.
1027 1146 1189 1214 Οὗτος
1211 1150 1398 1222 ’Λέριος
1428 1148 1528 1205 dud
1564 1150 1764 1204 Πόντου
1802 1156 1822 1187 ¹
1842 1148 2068 1221 ωρμᾶτο,
2106 1153 2186 1207 ἔτι
2198 1150 2339 1239 ff

456 1261 514 1309 ρο
532 1242 752 1308 περίεστι
777 1235 1048 1306 πειρασμός
1080 1243 1147 1308 τῷ
1175 1240 1282 1309 βίῳ,
1360 1234 1703 1305 Πρεσβύτερος
1729 1257 1879 1297 ουτος
1906 1230 1970 1303 ἦν
1995 1242 2084 1290 τοῦ
2113 1233 2364 1331 ἐπέ.ᾗ
2427 1274 2430 1277 .

455 1319 793 1376 2Εῦι”ῖι·αθίου
823 1328 912 1375 τοῦ
952 1324 1003 1375 ἐν
1030 1319 1300 1391 Ἀρειανοῖς
1325 1321 1679 1387 διαβληθέντος
1702 1321 1787 1372 καὶ
1815 1318 1986 1387 ἐπειδὴ
2025 1318 2196 1383 αὐτος

451 1405 513 1464 οὗ
539 1399 818 1508 κατεστάθη
847 1409 1140 1469 ἐπίσκοπος,
1188 1403 1344 1457 πολλοὶ
1380 1426 1505 1457 κατα
1544 1409 1633 1471 τῆς
1672 1406 1928 1470 ἐκκλησίας
1963 1399 2314 1473 ἐδογμάτισε,Δ

450 1493 538 1561 μὲν
578 1495 735 1545 πίστει
774 1490 844 1544 ῶν
876 1488 1131 1560 Ἀρειανὸς
1167 1488 1490 1552 τελειότατος,
1541 1486 1785 1556 περιττότ
1770 1507 1879 1556 ρον
1916 1489 1970 1541 δὲ
2009 1491 2281 1559 δογματίζει
2320 1513 2389 1559 μη

450 1581 578 1641 δεῖν,
634 1578 788 1644 φησὶ,
841 1576 1137 1642 προςφέρειν
1170 1571 1295 1642 ὑπὲρ
1328 1579 1427 1625 τῶν
1473 1573 2003 1640 3προκεκοιμημένων·
2054 1574 2304 1641 νηστεύειν
2331 1576 2385 1629 δὲ

447 1660 685 1729 τετράδα,
736 1662 817 1712 καὶ
846 1657 1221 1728 προσάββατον,
1271 1659 1353 1710 καὶ
1381 1654 1798 1726 τεσσαρακοστὴν,
1847 1658 1938 1709 καὶ
1972 1656 2151 1726 Πάσχα
2183 1661 2384 1714 κωλύει·

449 1745 720 1808 άποταξίαν
747 1742 1004 1814 κηρύσσει,
1057 1745 1416 1811 σαρκοφαγίαις
1445 1741 1498 1793 δὲ
1527 1745 1783 1802 παντοίαις
1806 1742 2059 1811 κέχρηται,
2112 1745 2197 1796 καὶ
2225 1749 2252 1781 4
2272 1767 2383 1814 πρυ·

447 1838 568 1897 φαῖς
594 1829 764 1891 άδεῶς.
839 1831 911 1880 Εἰ
936 1830 989 1881 δέ
1012 1850 1086 1889 τις
1102 1834 1205 1880 τῶν
1233 1824 1388 1879 αὐτοῦ
1413 1824 1640 1892 βούλοιτο
1668 1824 1943 1892 νηστεύειν,
1982 1825 2078 1893 Μὴ
2104 1829 2157 1880 ἐν
2180 1825 2383 1897 ἡμέραις

442 1916 779 1984 τεταγμέναις,
827 1914 979 1980 φησὶ,
1030 1910 1127 1964 ἀλλ’
1155 1912 1236 1965 ὅτε
1270 1917 1293 1947 ⁶
1312 1910 1559 1978 βούλεται·
1613 1906 1675 1962 ού
1703 1907 1795 1978 γάρ
1825 1907 1874 1961 εἷ
1893 1907 1993 1964 ὖπὸ
2027 1910 2196 1980 νόμον.
2275 1911 2381 1966 Φά-

442 2016 542 2052 σκει
582 1999 635 2051 δὲ
671 1997 795 2066 μηδὲ
831 1994 956 2050 εἶναι
992 1995 1364 2065 διαφορώτερον
1400 1996 1670 2047 ἐπίσκοπον
1707 1997 2055 2063 πρεσβυτέρου.

582 2081 636 2147 ζ’.
680 2079 926 2135 Ἀετιανοί.
1006 2083 1073 2134 Οἱ
1104 2078 1202 2134 άπὸ
1228 2078 1412 2132 Ἀετίου
1452 2084 1543 2131 τοῦ
1571 2081 1793 2142 Κίλικος,
1848 2078 2086 2133 διακόνου
2122 2081 2382 2151 γενομένου

439 2165 539 2221 ὖπὸ
579 2170 829 2235 Γεωργίου
870 2172 959 2219 τοῦ
1000 2171 1100 2218 τῶν
1141 2162 1407 2234 Ἀρειανῶν
1444 2162 1719 2216 ἐπισκόπου
1756 2168 1846 2230 τῆς
1882 2160 2269 2232 Ἀλεξανδρείας,
2327 2169 2380 2219 οἳ

437 2253 523 2305 καὶ
557 2248 807 2316 Ἀνόμοιοι
851 2252 1174 2317 καλούμενοι,
1227 2246 1364 2317 παρά
1403 2265 1498 2300 τισι
1533 2247 1586 2299 δὲ
1618 2245 1952 2314 Εὕνομιανοὶ,
2004 2246 2072 2302 ,δι’
2115 2247 2377 2314 Εὕνόμιόν

439 2357 546 2389 τινα
575 2332 805 2402 μαθητὴν
835 2341 925 2388 τοῦ
951 2333 1136 2387 Ἀετίου
1174 2332 1438 2404 γενόμενον
1470 2333 1541 2385 ἔτι
1573 2330 1818 2401 περιόντα.
1893 2331 2002 2385 Σῦν
2032 2331 2201 2396 αὐτοῖς
2228 2334 2281 2386 δὲ
2307 2327 2374 2401 ἦν

436 2421 523 2473 καὶ
551 2418 827 2484 Εὗδόξιος,
883 2417 999 2471 άλλά
1030 2422 1188 2486 δῆθεν
1223 2416 1306 2470 διά
1337 2415 1422 2470 τδν
1452 2414 1579 2485 πρὸς
1605 2414 1692 2469 τόν
1719 2418 1920 2484 βασιλέα
1948 2416 2035 2471 τὸν
2072 2416 2374 2471 ιΚωνστάν-

436 2525 544 2557 τιον
582 2502 746 2570 φόβον
783 2502 1032 2572 άφώρισεν
1069 2501 1271 2567 ἑαυτὸν,
1322 2503 1405 2555 καὶ
1432 2507 1611 2568 μᾶλλον
1650 2500 1735 2554 τόν
1765 2499 1949 2558 Ἀέτιον
1979 2501 2216 2572 ἐξώρισεν.
2273 2501 2373 2555 ''E-

439 2608 569 2656 μεινε
598 2588 651 2640 δὲ
677 2585 925 2651 Εὖδόξιος
948 2587 1253 2656 Ἀρειανίζων
1269 2629 1281 2652 ,
1322 2585 1382 2639 οὐ
1410 2587 1497 2653 μέν
1520 2589 1595 2639 τοί
1615 2607 1667 2656 γε
1691 2584 1815 2639 κατά
1841 2585 1926 2640 τὸν
1950 2584 2146 2640 Ἀέτιον.
2225 2592 2252 2623 ²
2272 2579 2371 2639 Οὗ-

434 2694 509 2725 τοι
538 2674 589 2725 οἱ
613 2669 859 2738 Ἀνόμοιοι
886 2675 971 2725 καὶ
997 2670 1235 2725 Ἀετιανοὶ
1259 2669 1548 2724 παντάπασι
1578 2670 1794 2743 Χριστόν
1821 2673 1907 2724 καὶ
1927 2667 1982 2725 τὸ
2011 2670 2152 2741 ἅγιον
2176 2677 2372 2738 πνεῦμα

435 2757 813 2826 ἆπαλλοτριοῦσι
841 2763 994 2822 θεοῦ,
1049 2755 1240 2810 κτιστὸν
1266 2754 1419 2808 αύτὸν
1452 2756 1909 2824 διαβεβαιούμενοι,
1945 2757 2030 2808 καὶ
2053 2754 2173 2808 οὐδὲ
2199 2753 2367 2823 ὅμοιό-

434 2840 556 2908 τητά
598 2862 708 2894 τινα
748 2843 871 2909 ἔχειν
913 2844 1147 2912 λέγουσιν.
1214 2841 1304 2893 Ἐκ
1344 2846 1677 2910 συλλογισμῶν
1716 2838 1809 2911 γάρ
1853 2842 1938 2894 καὶ
1975 2837 2369 2909 Ἀριστοτελικῶν

432 2928 516 2978 καὶ
551 2931 900 2995 Γεωμετρικῶν
931 2925 1016 2980 τὸν
1055 2924 1179 2979 θεόν
1216 2931 1459 2993 παριστᾶν
1501 2924 1786 2993 βούλονται,
1842 2926 1926 2977 καὶ
1958 2923 2173 2990 Χριστόν
2212 2928 2368 2992 δῆθεν

437 3008 504 3078 μὴ
537 3008 787 3063 δύνασθαι
830 3009 956 3064 εἶναι
986 3013 1039 3065 ἐκ
1084 3016 1210 3063 θεοῦ
1241 3008 1322 3063 διά
1352 3008 1601 3063 τοιούτων.
1680 3013 1746 3063 Oi
1770 3010 1824 3062 δὲ
1852 3006 1935 3061 ἄπ’
1963 3006 2117 3062 αὐτοῦ
2162 3015 2184 3046 ³
2205 3007 2367 3063 Εύνο-

435 3096 603 3162 μιανοὶ
635 3087 957 3163 καλούμενοι,
1015 3093 1394 3163 άναβαπτίζουσι
1436 3094 1626 3157 πάντας
1661 3092 1778 3155 τούς
1805 3092 1930 3163 πρὸς
1957 3090 2138 3155 αὐτούς
2170 3095 2364 3162 ἐρχομέ-

430 3201 579 3245 νους,
629 3178 692 3233 οὗ
726 3178 880 3247 μόνον
921 3178 1083 3234 4άλλά
1112 3181 1195 3234 καὶ
1224 3178 1341 3241 τούς
1369 3177 1467 3233 <ind
1497 3178 1760 3251 Ἀρειανῶν
1800 3175 1925 3232 κατά
1961 3183 2204 3246 κεφαλῆς,
2260 3176 2363 3232 ὅίνω

488 3350 536 3389 V
569 3374 627 3383 —-
658 3352 692 3392 1.
724 3349 866 3408 ἔχουσι
893 3350 1007 3405 παρά
1036 3366 1078 3395 τι
1106 3355 1368 3394 10.Damasc.
1481 3350 1518 3393 3.
1545 3347 1867 3404 κεκοιμημένων
1897 3351 1984 3390 cod.
2017 3350 2204 3402 Rhediy„
2252 3353 2360 3392 Ana-

489 3406 527 3446 2.
560 3405 608 3449 δὲ
636 3419 710 3448 om.
741 3412 781 3448 in
806 3411 863 3449 ed.
893 3412 1029 3451 Petav.
1065 3411 1196 3450 colon.
1226 3414 1339 3459 repet.
1423 3409 1598 3459 cephal„
1634 3412 1667 3447 et
1695 3409 1746 3447 lo.
1778 3409 2059 3447 Damascenus.

487 3462 644 3501 V1.-
695 3467 725 3502 1.
758 3459 931 3517 ωρμᾶτο
971 3467 1206 3515 Anacephal.
1248 3470 1282 3505 et
1316 3467 1368 3506 Io.
1482 3464 1522 3504 4.
1554 3466 1727 3515 τροφαῖς
1755 3463 1807 3503 Ιο.
1837 3464 2021 3503 Damaso.

428 3518 641 3565 Damaso,
681 3523 714 3557 er.
742 3522 853 3560 codd.
884 3534 974 3562 mss.
1003 3533 1174 3562 meorum
1201 3525 1372 3571 uterque,
1483 3518 1522 3558 5.
1557 3516 1696 3574 βούλει
1723 3520 1774 3558 lo.
1806 3521 1988 3558 Damaso.

427 3575 470 3613 in
499 3576 638 3623 quibus
664 3578 853 3624 reperitur
881 3573 1050 3631 ὁρμᾶτο.
1109 3579 1154 3618 In
1181 3577 1294 3617 editis
1317 3581 1371 3618 est
1483 3576 1572 3614 vll.
1602 3597 1656 3605 -—
1693 3576 1723 3613 Ι.
1754 3573 2063 3616 Κωνσταντῖνον
2102 3575 2214 3616 habet
2251 3576 2357 3617 Ana-

430 3623 626 3694 ὅρμᾶται;
1427 3633 1531 3684 ceph.
1561 3634 1596 3670 et
1624 3632 1675 3670 Io.
1709 3632 1890 3669 Damasc.

485 3689 523 3724 2
557 3679 802 3727 Eu'emfflou
840 3687 913 3728 τοῦ
952 3690 1065 3729 codd
1106 3701 1199 3732 mss,
1242 3693 1277 3732 et
1312 3691 1368 3731 lo.
1481 3691 1521 3728 2.
1551 3687 1659 3726 Libri
1682 3687 1821 3725 habent
1840 3699 1951 3727 ουτοι
1967 3681 2191 3739 Ἀνόμοιοι,
2222 3684 2357 3729 οἱκαὶ

425 3740 610 3782 Damasc-
638 3741 711 3784 τοῦ
741 3739 985 3786 Ευσταθίου
1014 3746 1118 3789 editi.
1419 3739 1651 3789 Ἀετιανοὶ,
1679 3740 1718 3783 οὶ
1742 3738 1991 3784 παντάπασι.
2047 3743 2091 3782 In
2121 3743 2355 3809 Anacephal.

1422 3791 1550 3843 Οὗτοι
1576 3797 1614 3840 οἱ
1634 3791 1842 3851 Ἀνόμοιοι
1862 3795 1937 3840 καὶ
1961 3791 2166 3841 Ἀετιανοὶ
2201 3793 2356 3842 παντά-
