2508 4134
521 289 744 331 PANARn
775 288 874 327 Lm.
898 288 969 327 111.
999 288 1131 328 ΤοΜ.
1162 288 1193 327 1.
1225 286 1386 326 HAER.
1417 284 1595 324 Lxxn.
1938 271 1998 320 61

108 391 260 440 scribe
297 393 444 438 virum
473 390 596 437 hunc
622 388 880 436 abdicatum
918 387 1171 444 hominem5
1226 388 1438 449 quoniam
1474 401 1564 433 non
1606 389 1783 430 crescet
1815 397 1875 428 ex
1908 382 2007 427 eius

108 476 278 523 semine
305 476 527 538 princeps
563 473 761 536 amplius
797 473 844 518 in
881 471 1025 527 Iuda,
1066 471 1228 516 sedens
1264 472 1310 516 in
1350 471 1514 516 throno
1550 468 1717 515 David.

247 554 366 607 Post
395 556 512 606 haec
551 572 656 605 cum
688 571 753 604 ex
788 552 984 603 Asterio
1011 548 1275 601 Marcellus
1319 550 1544 600 nonnulla
1579 554 2006 599 commemorasset
2028 545 2125 600 cap.
2147 545 2254 586 v111.

109 640 315 692 subiecit
350 639 581 690 Aeacius.

249 722 337 774 His
365 723 526 791 itaque
558 721 759 791 positis,
815 720 1004 787 longius
1047 717 1217 769 deinde
1249 734 1537 786 progressus
1565 717 1819 784 imaginem
1849 716 2007 766 salva-

108 807 227 858 toris
257 816 304 858 et
331 807 620 870 essentiam,
673 813 722 859 et
761 803 890 855 unici
935 803 1012 853 filii
1055 820 1119 852 ex
1157 809 1322 869 patre,
1379 817 1590 850 necnon
1632 809 1678 850 et
1706 799 2009 869 primogeniti

109 891 263 942 omnis
293 900 544 942 creaturae
571 888 894 940 conditionem
931 904 1143 954 negans,
1183 894 1325 952 atque
1352 884 1477 934 illam
1510 883 1721 935 eiusdem
1756 884 2009 950 singulari-

109 984 286 1038 tatem,
328 992 448 1043 quae
480 993 507 1026 a
538 972 769 1042 singulari
802 972 892 1022 deo
922 980 1113 1034 manat,
1156 979 1203 1020 et
1231 967 1578 1037 perfectionem
1606 985 1633 1017 a
1664 969 1905 1036 perfect0,
1962 976 2011 1019 et

109 1060 288 1127 regiam
321 1059 380 1110 ab
407 1076 524 1126 rege
553 1064 864 1126 potestatem,
921 1073 947 1106 a
979 1053 1170 1104 domino
1202 1052 1523 1115 dominatum,
1579 1062 1629 1102 et
1656 1051 1951 1103 divinitatem
1983 1071 2011 1104 a

109 1144 230 1207 dee,
271 1153 317 1194 et
343 1143 604 1194 essentiam
636 1141 840 1209 denique
868 1158 925 1190 ae
954 1136 1226 1200 consilium,
1265 1136 1521 1199 virtutem,
1562 1136 1858 1203 gloriamque
1884 1137 2011 1187 nullo

110 1229 249 1278 modo
274 1228 493 1278 diversae
523 1225 744 1293 imaginis
774 1224 850 1275 dei
875 1222 1084 1274 funditus
1119 1221 1323 1284 tollenS,
1365 1237 1520 1288 neque
1549 1219 1711 1288 paucis
1742 1219 1902 1270 verbis
1932 1238 2012 1270 co-

109 1329 213 1362 ram
254 1311 523 1362 hominibus
568 1310 817 1372 inficianS,
882 1308 1097 1375 adeoque
1146 1323 1307 1355 coram
1356 1314 1489 1373 patre
1533 1303 1662 1355 illius
1705 1303 2007 1368 inficiandus,

110 1396 228 1446 haee
266 1405 430 1464 aperte
467 1393 734 1463 scripsisti:
764 1390 1040 1443 ⁴Eiusmodi
1077 1389 1223 1441 verba
1266 1406 1459 1457 pravam
1493 1388 1643 1458 ipsius
1688 1390 1746 1440 de
1776 1389 1925 1457 patris
1955 1407 2010 1440 ac

112 1481 192 1531 filii
226 1479 473 1530 divinitate
500 1478 787 1529 sententiam
819 1485 982 1545 aperte
1015 1476 1363 1526 demonstrant.
1443 1471 1624 1524 Verum
1660 1482 1706 1523 tu
1731 1472 1826 1523 illis
1856 1473 2014 1541 potius

112 1563 343 1632 negandis
378 1580 653 1632 perversam
686 1562 1088 1630 depravatamque
1116 1567 1244 1609 tuam
1278 1559 1334 1608 de
1369 1555 1551 1609 Christi
1582 1557 1829 1609 divinitate
1856 1567 1905 1609 et
1936 1575 2013 1609 es—

113 1649 270 1699 sentia
311 1646 581 1716 opinionem
621 1654 782 1697 rectae
821 1645 927 1695 fidei
967 1643 1256 1695 contrariam
1295 1641 1546 1711 perspicue
1588 1641 1857 1711 prodidisti.

245 1729 366 1782 Post
403 1731 518 1781 haec
554 1727 776 1780 Marcelli
818 1728 964 1780 verba
1003 1727 1213 1778 subiicit.
2032 1733 2129 1791 Cap.
2162 1735 2236 1775 IX.

249 1817 414 1883 Inepta
443 1814 639 1882 proinde
667 1822 779 1864 sunt
813 1830 935 1881 quae
960 1810 1225 1863 Marcellus
1248 1810 1451 1861 adiecit:
1493 1808 1629 1860 Nihil
1656 1829 1850 1876 eorum,
1892 1829 2013 1880 quae

111 1908 253 1951 antea
283 1906 774 1960 commemoraverat,
816 1913 926 1948 esse
957 1898 1150 1959 statuit,
1192 1904 1240 1946 tu
1277 1894 1401 1945 enim
1434 1895 1634 1945 istorum
1666 1896 1875 1946 omnium
1906 1913 2015 1947 esse

114 2001 286 2036 censes
328 1984 606 2050 imaginem.
682 1979 820 2033 Unde
848 1981 887 2030 si
916 1979 1159 2031 essentiae
1191 1979 1350 2047 imago
1380 1988 1481 2042 est,
1535 1979 1636 2048 ipsa
1671 1997 1780 2030 esse
1811 1998 1903 2030 non
1932 1998 2016 2049 po-

112 2077 207 2120 test
249 2067 480 2118 essentia.
558 2065 624 2116 Et
663 2065 704 2116 si
737 2063 921 2116 consilii
964 2063 1122 2131 imago
1165 2064 1259 2126 sit,
1314 2063 1564 2114 consilium
1604 2063 1757 2132 ipsum
1793 2082 1902 2115 esse
1931 2083 2016 2115 ne-

112 2153 240 2221 quit3
281 2169 435 2219 neque
466 2150 649 2215 virtuS,
690 2149 731 2201 si
759 2149 981 2212 virtutis;
1021 2164 1176 2215 neque
1204 2146 1357 2215 gloria
1377 2187 1389 2211 ,
1443 2148 1483 2198 si
1510 2149 1697 2215 quidem
1727 2149 1884 2216 imago
1913 2149 2015 2215 glo-

112 2236 214 2287 riae
249 2245 341 2287 est.
415 2233 543 2286 Nam
577 2235 735 2302 imago
777 2252 872 2284 non
913 2233 984 2284 sui
1018 2232 1196 2300 ipsius,
1253 2234 1337 2282 sed
1381 2232 1580 2284 alterius
1618 2232 1819 2283 alicuius
1859 2233 2015 2302 imago

116 2331 208 2371 est.
288 2317 385 2371 Sed
430 2320 548 2370 haec
589 2318 802 2382 insulsa,
855 2315 1119 2379 Marcelle,
1172 2326 1286 2367 sunt
1325 2335 1380 2368 ae
1421 2318 1555 2368 falsa.
1632 2316 1860 2367 Asterius
1890 2317 2015 2367 enim

114 2403 271 2456 omnia
316 2403 434 2454 baec
479 2403 610 2454 illum
654 2420 764 2454 esse
802 2402 980 2453 indicat
1025 2418 1146 2468 quae
1191 2411 1334 2452 antea
1363 2401 1663 2465 numeravit,
1719 2419 1825 2452 cum
1865 2400 2012 2452 dixit:

113 2487 228 2540 Rex
255 2505 450 2556 regem,
509 2487 728 2538 dominus
766 2487 1036 2550 dominum,
1090 2488 1207 2536 deus
1244 2487 1403 2538 deum.
1482 2483 1670 2553 Quibus
1700 2485 1862 2536 verbis
1891 2494 2017 2536 tuam

111 2572 239 2624 illam
283 2571 539 2622 inanimam
583 2570 812 2640 effigiem,
866 2589 922 2622 ae
965 2571 1099 2636 sol0,
1157 2580 1207 2621 ut
1248 2568 1517 2634 arbitrariS,
1573 2570 1778 2621 hominis
1816 2569 2017 2620 artificio

113 2655 419 2707 constitutam
456 2654 667 2706 funditus
697 2655 890 2707 evertit.
947 2654 1136 2724 Quippe
1163 2656 1349 2706 illorum
1380 2654 1589 2705 omnium
1618 2655 1777 2707 vivam
1804 2671 1913 2705 esse
1934 2655 2017 2705 do-

113 2749 190 2792 cet
213 2740 489 2807 imaginem.
566 2738 675 2790 Hoc
703 2749 778 2790 est
810 2740 969 2792 vivam
1003 2741 1101 2792 vivi
1137 2739 1375 2808 genitoris
1406 2738 1637 2807 effigiem,
1694 2748 1743 2790 et
1769 2740 2015 2790 essentiae

113 2825 391 2889 essentiam,
424 2833 471 2875 et
501 2823 687 2875 consilii
715 2823 988 2889 consilium,
1019 2824 1210 2876 virtutis
1230 2824 1478 2887 virtutem,
1513 2833 1560 2874 et
1576 2824 1760 2891 gloriae
1780 2823 2014 2892 gloriam,

114 2926 268 2977 neque
298 2925 441 2977 porro
470 2908 542 2959 sui
567 2908 746 2977 ipsiuS,
788 2909 871 2958 sed
899 2909 1098 2960 alterius
1125 2909 1382 2977 imaginem
1410 2925 1520 2959 esse
1545 2908 1858 2960 demonstrat.
1937 2906 2018 2958 Tu

114 3010 230 3046 vero
274 3010 381 3043 cum
426 2992 564 3043 deum
612 3009 675 3043 ex
712 2992 802 3042 deo
834 2992 979 3043 filium
1011 3011 1120 3045 esse
1150 2994 1302 3058 nolis,
1359 3009 1515 3061 neque
1542 2993 1700 3043 lumen
1730 2993 1786 3043 de
1818 2991 2013 3054 lumine,

113 3094 269 3145 neque
298 3076 522 3128 virtutem
553 3094 618 3127 ex
647 3077 854 3141 virtute,
909 3095 1063 3146 neque
1092 3080 1257 3142 deum,
1314 3094 1469 3145 neque
1502 3077 1692 3140 lumen,
1736 3093 1889 3143 neque
1920 3075 2018 3125 vir-

113 3169 288 3224 tutem,
330 3178 419 3212 nec
447 3161 705 3212 essentiam
726 3201 738 3224 ,
780 3178 934 3228 neque
964 3162 1245 3226 consilium,
1302 3179 1456 3230 neque
1505 3160 1704 3228 gloriam
1735 3177 1843 3209 esse
1871 3159 2016 3210 filium

113 3245 363 3296 existimas
435 3245 464 3278 *
536 3245 563 3272 *
634 3247 662 3277 *
734 3246 817 3298 sed
859 3246 974 3296 haec
1022 3246 1164 3314 impie
1208 3263 1411 3314 corpus,
1470 3245 1641 3312 injine
1680 3243 1864 3307 mundi,
1922 3261 2016 3295 una

113 3347 219 3381 eum
262 3329 355 3382 illis
384 3328 689 3398 extinguunt.
769 3333 836 3380 Ita
881 3329 1074 3382 loannis
1116 3331 1231 3381 illud
1257 3330 1582 3382 testimonium
1614 3328 1853 3395 abnegas,
1906 3331 2017 3377 deus

114 3536 264 3593 δόξαν,
296 3539 444 3604 βουλὴν
467 3540 607 3594 cett.)
595 3541 718 3595 impie
744 3555 821 3582 una
847 3554 937 3581 cum
958 3540 1037 3580 hoc
1092 3539 1198 3589 sita,
1248 3549 1318 3581 aut
1359 3546 1553 3593 corrupta
1594 3542 1718 3579 sunt“
1811 3542 2019 3580 Carnarius

114 3610 285 3650 corpore
324 3596 537 3636 interitura
578 3610 665 3637 esse
701 3597 743 3637 in
783 3597 861 3637 fine
898 3595 1038 3636 mundi
1093 3599 1209 3635 verba
1241 3609 1288 3636 ex
1312 3599 1436 3635 verbis
1462 3598 1645 3646 expressit
1669 3568 1733 3635 ita.
1750 3595 1900 3636 Verum
1927 3608 2017 3634 cor—

115 3666 292 3692 censeas.
354 3655 431 3693 Pro
456 3647 504 3693 τό
533 3652 657 3706 σῶμα
681 3656 934 3703 possitetiam
961 3667 1034 3693 αυ-
1090 3665 1164 3705 pus
1204 3652 1305 3692 haec
1343 3651 1483 3691 abolet
1522 3650 1645 3705 impie
1684 3650 1725 3692 in
1765 3665 2017 3692 consumma-

112 3704 159 3750 τό
190 3708 323 3761 σῶμα
382 3710 565 3750 Petamus
604 3712 642 3749 in
670 3722 794 3760 marg.
833 3721 926 3749 suae
952 3710 1033 3748 edi·
1089 3707 1202 3748 tione
1232 3722 1322 3748 cum
1350 3707 1425 3747 his.

114 3765 224 3805 tionis
257 3765 462 3815 adscripsit
502 3764 648 3818 „Haec
679 3765 812 3806 alieno
841 3765 934 3805 loco
963 3778 1045 3817 po-
