2508 4134
553 307 781 349 PANAnn
810 307 914 349 Lm.
937 308 1011 349 111.
1038 308 1174 349 ToM.
1197 309 1227 349 1.
1255 307 1418 348 ΗΑΕΒ.
1441 307 1639 348 Lxxvr.
1942 291 2044 344 249

148 407 251 471 des,
294 423 399 457 cum
428 405 471 456 ei
498 405 575 474 qui
602 423 629 456 e
658 404 806 456 nihilo
838 406 1047 456 condidit
1076 406 1327 469 universa,
1371 417 1418 456 et
1449 406 1504 455 ad
1540 422 1682 456 unum
1715 403 1927 472 perfecte
1961 416 2044 450 ea-

148 492 252 542 dem
286 489 535 541 elaborare
566 489 647 540 illa
678 498 864 558 potest,
922 489 1095 557 quique
1136 490 1309 540 nullius
1351 489 1634 540 incrementi
1676 496 1722 538 et
1748 483 2043 537 accessionis

146 583 285 642 eget,
343 581 391 624 et
432 574 510 624 illa
551 573 735 641 legibus
772 573 871 624 suis
916 591 972 624 ac
1014 573 1224 624 decretis
1269 574 1557 635 adstrinxit,
1622 572 1818 624 verbum
1861 569 2043 637 affingis

142 657 442 721 istiusmodi,
485 661 609 725 quod
641 667 942 726 augmentum
975 657 1238 708 divinitatis
1266 656 1508 718 admittat,
1553 673 1705 723 neque
1733 655 1899 706 saltem
1938 670 2042 703 cum

145 742 320 793 creatis
353 741 410 792 ab
444 742 547 811 ipso
588 742 731 793 rebus
770 742 1024 810 adaequari
1062 742 1260 809 pateriS.
1338 739 1471 807 Quas
1507 758 1610 790 cum
1645 741 1883 808 perfectas
1907 737 2043 788 initio

144 826 481 894 absolutusque
519 826 710 877 molitus
755 835 855 888 est,
919 836 1015 877 tum
1059 842 1179 894 quae
1225 843 1291 876 ex
1331 824 1447 894 ipsis
1490 824 1718 892 pullulant
1761 822 2042 873 accessione

143 928 262 979 opus
292 910 468 962 habere
496 910 758 979 sapientiae
786 927 903 961 suae
933 911 1127 961 decreto
1157 909 1431 973 constituit,
1487 907 1751 958 cuiusmodi
1780 915 1889 957 sunt
1920 922 2041 973 quae

143 994 368 1064 deinceps
397 1003 506 1045 nata
532 1003 670 1057 sunt,
731 1004 1087 1063 nascunturque
1130 994 1371 1063 quotidie,
1430 992 1577 1044 veluti
1614 992 1830 1053 coelum,
1888 999 2038 1052 terra,

148 1096 298 1147 aqua,
353 1084 466 1142 aer,
527 1079 629 1142 sol,
686 1079 859 1143 lunae,
915 1079 1102 1141 sidera,
1164 1088 1210 1129 et
1241 1095 1361 1146 quae
1400 1094 1462 1127 ex
1508 1076 1645 1144 aquis
1678 1075 1924 1134 oriuntur,
1982 1074 2039 1125 ad

142 1163 294 1231 ipsum
329 1162 566 1213 hominem
603 1180 772 1231 usque.
851 1162 1002 1231 Igitur
1043 1180 1196 1232 neque
1244 1162 1428 1212 coelum
1470 1161 1832 1229 imperfectum,
1886 1175 2041 1225 neque

141 1255 317 1297 terram
348 1265 564 1297 mancam
593 1247 924 1316 defectamque
953 1247 1187 1311 condidit,
1242 1248 1324 1297 sed
1354 1247 1610 1315 perfectam
1642 1244 1791 1306 lianc,
1844 1242 2040 1311 perinde

143 1340 284 1399 atque
326 1331 543 1392 coelum,·
606 1332 793 1382 tametsi
836 1333 1029 1383 minime
1077 1332 1414 1400 aspectabilem
1459 1330 1609 1398 ipsam
1654 1327 2041 1393 inconditamque

143 1414 414 1478 sabricarit,
474 1424 670 1484 propter
700 1417 1043 1485 expolitionem
1072 1426 1121 1467 et
1149 1425 1368 1467 ornatum
1402 1415 1533 1465 illum
1574 1431 1711 1481 quem
1743 1411 2041 1481 postmodum

142 1508 248 1550 erat
276 1500 563 1550 effecturus:
619 1501 703 1551 sed
736 1511 781 1551 et
812 1519 980 1569 aquam
1026 1518 1079 1551 ac
1118 1502 1275 1552 lumen
1317 1500 1430 1550 illud
1470 1507 1581 1549 ante
1618 1497 1777 1547 omnia
1818 1511 2042 1564 procrea-

141 1593 237 1634 tum
265 1583 440 1649 edidit,
480 1601 534 1634 ac
570 1601 656 1652 per
679 1602 878 1649 verum,
933 1586 1197 1636 increatum
1227 1603 1282 1636 ac
1311 1585 1455 1635 vitale
1485 1584 1643 1634 lumen
1673 1583 1898 1633 universa
1930 1597 2039 1648 pro-

141 1667 306 1730 duxit3
349 1676 445 1718 tum
472 1668 658 1719 demum
685 1678 868 1733 cetera,
909 1687 1030 1738 quae
1058 1687 1084 1720 e
1106 1680 1235 1720 terra
1260 1677 1600 1738 propagantur,
1641 1667 1833 1718 adiecit.
1910 1667 2040 1716 Ante

141 1752 299 1802 omnia
332 1769 450 1802 vero
485 1752 837 1804 firmamentum
877 1754 1029 1823 ipsum
1061 1755 1263 1805 creavit.
1343 1753 1526 1804 Horum
1559 1753 1767 1804 omnium
1799 1768 1942 1820 porro
1970 1747 2042 1800 ui-

140 1835 203 1886 hit
227 1835 590 1904 imperfectum,
632 1839 716 1888 sed
745 1838 964 1889 absoluta
995 1839 1153 1889 omnia
1186 1838 1445 1888 constituta
1473 1848 1601 1889 suut.
1679 1840 1926 1895 Producat,
1968 1834 2040 1884 in-

140 1920 265 1987 quit,
307 1930 433 1970 terra
454 1924 642 1971 herbam
669 1927 887 1972 virentem
917 1928 1146 1973 seminans
1173 1942 1323 1973 semen
1353 1926 1416 1972 ad
1443 1926 1786 1972 similitudinem
1813 1924 1859 1970 z’n
1890 1930 2034 1978 terra,

136 2014 186 2053 et
217 2007 394 2069 legnum
425 2007 731 2072 fructeserum
745 2045 757 2067 ,
823 2012 955 2057 culus
991 2027 1140 2057 semen
1188 2012 1234 2057 in
1277 2012 1374 2072 ipso
1415 2012 1480 2056 sz't
1510 2011 1572 2056 ad
1611 2009 1952 2056 similitudinem
1993 2007 2039 2053 z'n

137 2097 280 2138 terra.
362 2089 786 2141 Animadvertisue
812 2110 951 2160 quam
984 2094 1157 2143 nullam
1189 2092 1388 2143 subinde
1417 2109 1536 2159 quae
1567 2092 1792 2160 producta
1823 2098 1934 2139 sunt
1961 2106 2039 2139 ac-

137 2174 405 2224 cessionem
436 2174 881 2244 incrementumque
915 2177 1324 2239 desideraverint,
1367 2178 1450 2227 sed
1480 2177 1635 2239 virili,
1695 2185 1744 2225 ut
1772 2174 1835 2224 ita
1866 2173 2037 2235 dicam,

139 2257 313 2308 robore
348 2259 589 2325 praedita,
646 2268 693 2309 et
719 2261 877 2311 adulta
921 2263 1080 2312 statim
1128 2261 1203 2311 dei
1248 2262 1470 2312 mandato
1509 2260 1806 2330 prodierint?
1879 2255 2041 2324 Quae-

140 2358 341 2409 cumque
367 2359 486 2393 vero
515 2342 690 2394 homini
721 2345 935 2396 subiecta
963 2356 1102 2409 sunt,
1145 2355 1225 2397 aut
1253 2346 1416 2397 insunt
1444 2347 1491 2396 in
1522 2363 1608 2408 eo,
1649 2345 1753 2394 solo
1781 2343 1933 2393 adhuc
1963 2359 2040 2393 se-

139 2424 268 2474 mine
296 2435 521 2476 contenta
546 2465 560 2490 ,
603 2429 802 2479 necdum
833 2431 1047 2498 perfecta
1078 2429 1203 2481 illius
1232 2430 1490 2481 dominatui
1521 2429 1776 2481 commissa
1809 2437 1946 2491 sunt,
1988 2436 2040 2478 ut

137 2508 179 2558 is
208 2509 329 2559 bene
357 2510 414 2560 de
442 2527 495 2560 se
527 2511 745 2563 meritum
791 2513 1018 2581 ignorare
1050 2532 1145 2564 non
1189 2524 1352 2583 posset
1392 2516 1467 2583 qui
1497 2525 1545 2565 et
1570 2514 1713 2564 rebus
1743 2513 1963 2564 omnibus
1990 2521 2040 2563 ut

137 2591 235 2644 siut
259 2592 557 2662 impertitur,
614 2604 661 2645 et
688 2596 907 2649 omnibus
946 2598 1167 2666 superior
1198 2609 1299 2664 est,
1353 2617 1408 2650 ac
1447 2600 1634 2668 singula
1664 2616 1812 2668 opera
1839 2615 1925 2649 sua
1954 2615 2038 2666 pro

135 2677 263 2728 illius
300 2679 734 2747 opportunitatibus
773 2683 1128 2750 commodisque
1167 2683 1435 2750 dilargitur.

281 2764 341 2813 ll.
420 2760 746 2829 Quamobrem
800 2766 986 2816 occulta
1030 2785 1188 2817 rerum
1218 2768 1399 2818 semina
1429 2771 1753 2819 continentem
1786 2767 1827 2817 ei
1860 2776 2036 2816 terram

139 2846 348 2909 tradidit,
393 2864 590 2916 eamque.
625 2850 915 2899 fundamenti
949 2867 1003 2899 ac
1037 2851 1186 2914 basis,
1230 2862 1280 2901 ut
1312 2852 1374 2901 ita
1405 2853 1576 2914 dicam,
1620 2853 1724 2901 vice
1753 2850 2032 2914 substravit,

138 2948 194 2981 ac
219 2931 351 2981 velut
378 2933 623 2982 matricem
664 2933 862 2995 obtulit,
906 2942 955 2983 ut
983 2952 1103 3001 quae
1133 2936 1188 2985 ab
1222 2936 1280 2987 iis
1312 2937 1456 2987 rebus
1489 2945 1751 3005 propagata
1784 2945 1893 2986 suut
1917 2952 2034 3002 quas

138 3015 254 3065 deus
284 3017 522 3083 perfectas
557 3018 813 3085 produxit,
869 3035 974 3067 cum
1009 3019 1140 3068 velut
1182 3021 1365 3070 semina
1393 3022 1620 3087 quaedam
1653 3020 1842 3089 proprio
1871 3019 2033 3069 labore

137 3108 184 3149 et
217 3099 447 3149 industria
478 3100 522 3150 in
557 3110 733 3151 terram
763 3101 1066 3170 deposuerit,
1125 3103 1389 3154 cuiusmodi
1423 3114 1535 3154 sunt
1566 3105 1787 3155 arborum
1822 3121 1876 3153 ac
1905 3112 2034 3153 cete-

135 3201 298 3234 rorum
333 3185 375 3233 id
404 3202 557 3251 genus
588 3186 803 3248 semina,
859 3204 962 3235 cum
1000 3186 1144 3248 haec,
1198 3188 1421 3255 inquam,
1475 3188 1747 3256 singillatim
1781 3188 1912 3237 velut
1941 3187 2034 3237 cal-

137 3268 289 3317 culum
321 3286 347 3318 a
380 3269 607 3336 perfectis
634 3270 724 3320 illis
754 3270 978 3339 operibus
1006 3279 1245 3320 mutuatus
1272 3273 1316 3321 iu
1349 3282 1522 3322 terram
1556 3272 1830 3332 demiserit,
1873 3289 1895 3320 a
1925 3290 2032 3340 prr-

137 3353 262 3402 secto
293 3352 381 3401 (leo
413 3353 761 3404 incrementum
801 3354 1063 3422 accipiant,
1120 3354 1437 3423 paulatimque
1475 3373 1596 3421 quae
1639 3356 1716 3405 ille
1758 3357 2034 3407 conseverit

136 3437 441 3500 adolescant3
502 3454 561 3488 ne
607 3439 646 3488 si
687 3439 816 3488 illum
859 3440 1040 3507 ipsum,
1099 3438 1233 3488 cuius
1278 3439 1370 3489 ista
1417 3440 1650 3489 beneficio
1697 3450 2026 3504 succrescunt,

189 3631 227 3673 9.
260 3630 494 3685 εὑρίσκεται
521 3637 631 3676 codd.
657 3648 747 3677 mss.
776 3640 940 3686 uterque.
987 3631 1052 3676 εὖ·
1110 3639 1189 3674 tam
1217 3638 1349 3684 scripti
1376 3648 1492 3686 quam
1521 3638 1625 3676 edili.

135 3687 353 3741 ρίσκεσξιαι
380 3692 484 3730 editi.
1171 3691 1233 3731 11.
1264 3688 1378 3739 ξύλον
1412 3694 1594 3732 mendum
1630 3696 1860 3746 typographi
1897 3700 2031 3749 leqitur

192 3744 253 3788 10.
313 3743 642 3799 χρυσιμευόντων
699 3750 829 3787 vitiose
887 3747 1059 3786 exhibent
1115 3748 1153 3786 in
1183 3748 1241 3786 ed.
1272 3749 1402 3788 Petav.
1437 3749 1564 3788 Colon.
1592 3753 1707 3801 repet.

2073 1843 2167 1879 Gen.
2190 1842 2222 1887 1,
2238 1842 2289 1877 11.
