2508 4134
542 298 766 339 PANARII
797 298 900 339 Lm.
925 298 995 338 111.
1026 298 1212 339 ToM.1.
1243 297 1405 337 HAER.
1424 297 1618 338 LXXIV.
1928 283 2022 333 171

129 401 296 447 sancti.
375 395 505 446 Idem
546 396 625 446 ille
667 395 855 462 gratiae
881 393 1084 462 sigillum
1127 402 1228 455 est,
1282 412 1336 444 ac
1366 393 1591 444 trinitatis
1624 392 1896 454 vinculum,
1949 390 2028 459 qui

133 497 221 536 nec
250 493 278 532 a
307 480 619 547 productione
650 477 918 531 sanctitatis
947 476 1248 539 excluditur,
1307 495 1395 527 nec
1427 477 1743 546 appellatione
1770 477 2028 542 discrepat,

107 580 220 614 *nec
248 581 274 613 a
301 562 556 630 largitione
599 562 810 614 muneris
854 562 1040 612 alienus
1082 569 1184 623 est,
1239 564 1322 609 sed
1349 579 1466 609 unus
1491 572 1561 610 est
1586 565 1721 621 deus,
1776 579 1867 612 unu
1880 562 2026 626 fides,

131 665 250 697 unus
285 651 522 707 dominus,
565 664 657 702 una
688 650 876 711 gratia,
920 663 1012 694 una
1048 647 1241 694 ecclesia
1259 682 1273 704 ‚
1317 646 1566 709 baptismus
1603 663 1736 694 unu-5.

270 729 458 799 Quippe
494 731 679 782 trinitas
706 746 898 798 semper
922 737 1026 792 est,
1065 736 1117 779 ut
1145 727 1335 796 saepius
1367 728 1485 790 dixi,
1529 745 1617 777 uec
1646 729 1786 778 ullam
1819 746 2023 797 unquam
2045 740 2250 796 Cap.XtI.

131 816 459 865 accessionem
500 815 643 882 capit.
721 812 772 864 ld
814 814 938 881 quod
978 822 1027 862 et
1061 812 1277 880 profiteri
1319 811 1654 862 suavissimum
1694 821 1793 873 est,
1851 826 1898 862 et
1923 814 2028 864 sine

131 898 226 949 ulla
254 899 479 949 satietate
508 899 699 949 dicitur.
773 896 901 948 Nam
947 896 1175 964 propheta
1212 896 1414 959 cecinit,
1468 897 1636 945 Dulcia
1677 905 1786 944 sunt
1803 899 2029 963 saucibus
2072 879 2239 967 ιιῖἓῗιίῗὴ

130 985 241 1031 meis
276 984 456 1047 eloquia
494 992 589 1031 tua.
668 981 808 1049 Quod
853 981 892 1032 si
921 980 1108 1048 eloquia
1135 979 1237 1048 ipsa
1266 980 1418 1030 dulcia
1453 980 1578 1043 sint,
1634 990 1811 1048 quanto
1841 990 1914 1030 est
1947 999 2032 1031 no-

130 1082 238 1116 men
278 1066 428 1134 ipsum
468 1065 693 1116 trinitatis
727 1064 940 1126 dulcius,
995 1082 1115 1131 quae
1159 1063 1346 1132 quidem
1389 1065 1493 1114 l’ons
1533 1073 1582 1115 et
1613 1065 1751 1132 origo
1778 1064 2031 1116 suavitatis

131 1149 286 1199 omnis
316 1150 422 1199 est?
494 1147 657 1216 Quare
692 1149 880 1199 trinitas
907 1148 1056 1198 tribus
1086 1149 1216 1198 hisce
1245 1157 1551 1210 numeratur,
1610 1158 1772 1217 patre,
1816 1148 1942 1211 filio,
1985 1158 2032 1200 et

135 1234 307 1302 spiritu
349 1242 537 1284 sancto.
612 1232 786 1301 Neque
828 1249 944 1282 vero
981 1233 1264 1283 confusione
1305 1234 1502 1300 quadam
1533 1233 1579 1282 in
1610 1251 1750 1283 unum
1778 1234 2029 1301 redigitur,

132 1334 221 1368 nec
252 1335 278 1367 a
310 1335 396 1368 sua
425 1318 606 1368 unitate
634 1317 952 1383 disiungitur:
995 1317 1078 1366 sed
1112 1316 1160 1366 in
1194 1319 1407 1385 perfecta
1441 1316 1753 1368 subsistentia
1790 1319 2033 1386 perfectus

131 1410 206 1453 est
236 1411 400 1470 pater,
443 1403 684 1470 perfectus
717 1401 870 1463 filius,
913 1401 1155 1468 perfectus
1184 1402 1380 1470 spiritus
1411 1410 1636 1465 sanctu5‚
1678 1411 1842 1470 pater,
1897 1410 1946 1452 et
1977 1403 2033 1452 li-

133 1486 253 1548 lius,
309 1496 359 1536 et
386 1486 580 1554 spiritus
610 1494 823 1535 sanctuS.
900 1484 1112 1535 Rursum
1141 1503 1259 1536 vero
1285 1487 1481 1555 spiritus
1509 1486 1771 1554 largiendis
1799 1486 1936 1537 donis
1965 1495 2034 1536 at-

131 1570 386 1621 tribuitur:
426 1573 686 1619 Divis-eones
712 1574 830 1619 enim
847 1573 1114 1635 gratiarum
1138 1581 1274 1630 sunt,
1316 1574 1399 1620 secl
1427 1575 1542 1620 idem
1568 1575 1791 1636 spiritus,-
1845 1581 1893 1620 et
1919 1574 2285 1630 de'v221.cor.12,4.

130 1658 282 1704 siones
308 1657 666 1703 ministeriorum
692 1663 826 1714 sunt,
878 1657 993 1703 idem
1029 1672 1136 1703 vero
1163 1658 1401 1716 dommus,-
1453 1666 1498 1705 et
1522 1659 1766 1705 divisiones
1808 1659 2036 1721 operatio-

130 1757 239 1788 num
273 1748 411 1798 sunt,
454 1742 570 1787 idem
607 1756 713 1787 vero
751 1741 887 1797 deuS,
929 1741 1014 1803 qui
1046 1749 1267 1803 operatur·
1302 1743 1452 1789 omnia
1490 1744 1537 1789 in
1575 1742 1798 1790 omnibus.

273 1821 412 1890 Quae
452 1840 556 1873 cum
600 1822 665 1872 ita
705 1839 758 1872 se
798 1821 1035 1885 habeant,
1087 1840 1343 1873 caveamus
1383 1825 1637 1891 diligenter
1676 1842 1734 1875 ne
1767 1843 1792 1875 a
1832 1824 2037 1875 veritate

131 1908 437 1967 aberremuS,
479 1907 562 1958 sed
598 1905 848 1957 veritatem
880 1907 1222 1974 profiteamur,
1265 1925 1358 1957 non
1392 1910 1480 1957 deo
1516 1909 1897 1977 patrmtinanteS‚
1951 1910 2035 1960 sed

132 1992 208 2061 pie
235 1991 280 2043 id
308 1991 653 2058 intelligentes,
695 2008 754 2040 ne
784 1991 1041 2058 aliquando
1070 2009 1342 2059 pereamus.
1419 1990 1551 2042 Fieri
1582 1995 1752 2062 quippe
1779 1994 1906 2045 nullo
1935 2012 2037 2044 mo-

133 2078 193 2127 do
232 2084 388 2144 potest
425 2084 478 2126 ut
518 2084 731 2126 creatum
773 2076 993 2142 quiddam
1032 2076 1079 2125 in
1112 2076 1325 2126 trinitate
1357 2077 1598 2140 dieamus,
1659 2079 1735 2129 vel
1769 2078 2035 2145 cogitemus

133 2160 303 2224 etiam,
362 2169 443 2211 aut
483 2160 617 2210 cuius
646 2168 811 2228 postea
848 2161 970 2209 facta
998 2159 1060 2209 sit
1089 2160 1335 2223 accessio,
1388 2163 1471 2212 sed
1504 2171 1735 2230 perpetuo
1766 2172 1901 2231 pater
1929 2163 2033 2225 suit,

133 2253 182 2295 et
213 2244 368 2308 filius,
420 2254 473 2303 et⁴
504 2243 700 2311 spiritus
743 2253 958 2294 sanctus.
1035 2242 1210 2311 Neque
1243 2245 1367 2295 filius
1398 2264 1656 2314 germanus
1687 2247 1834 2314 patris
1866 2249 2034 2310 frater,

134 2338 421 2396 neque'cum
463 2329 543 2379 illo
569 2330 797 2379 conl'usus
831 2336 923 2378 est.
1000 2326 1236 2380 Similiter
1274 2347 1428 2397 neque
1460 2332 1688 2382 confusus
1716 2341 1791 2382 est
1817 2331 2034 2400 spiritus,

134 2428 289 2480 neque
329 2413 476 2480 patris
516 2412 693 2480 filiique
735 2430 995 2479 germanus
1034 2421 1127 2463 est.
1205 2411 1358 2466 Filius
1399 2433 1426 2466 a
1455 2424 1586 2484 patre
1611 2417 1831 2483 genitus,
1887 2435 1912 2465 a
1945 2435 2037 2483 quo

134 2497 349 2565 procedit
377 2505 424 2546 et
451 2497 665 2565 spiritus.
744 2498 884 2548 Adeo
915 2506 967 2547 ut
993 2497 1179 2547 trinitas
1208 2515 1266 2548 eo
1299 2502 1458 2562 modo,
1501 2500 1578 2567 qui
1612 2501 1774 2552 verbis
1805 2500 2039 2569 explicari

135 2599 231 2631 non
274 2590 457 2649 potest,
509 2581 555 2631 in
590 2582 754 2631 eadem
796 2581 946 2649 gloria
982 2599 1037 2631 ac
1069 2581 1343 2634 laudatione
1375 2584 1634 2647 consistat,
1690 2594 1737 2635 et
1769 2586 1897 2635 filius
1930 2603 2035 2636 cum

135 2673 269 2733 patre
295 2664 559 2734 spirituque
587 2675 756 2715 sancto
786 2666 1256 2733 incomprehensibili
1284 2668 1471 2718 ratione
1502 2669 1566 2720 sit
1598 2668 1912 2732 coniunctus,
1954 2687 2038 2720 ne-

135 2766 225 2817 que
255 2748 443 2800 trinitas
472 2750 530 2800 ab
561 2767 646 2800 sua
681 2767 882 2816 unquam
912 2751 1200 2801 aeternitate
1237 2751 1455 2804 desistat.
1534 2751 1741 2822 Semper
1780 2753 1926 2821 igitur
1965 2754 2038 2804 in-

133 2833 326 2900 genitus
357 2842 433 2884 est
456 2834 795 2900 increatusque
826 2842 989 2900 pater,
1045 2843 1093 2884 et
1123 2835 1651 2904 incomprehensilibiS,
1693 2839 1819 2888 filius
1846 2840 2036 2906 genitus

135 2919 353 2986 quidem,
408 2919 492 2969 sed
529 2918 773 2968 increatus
811 2926 859 2967 et
890 2917 1416 2986 incomprehensibilis,
1470 2920 1666 2989 spiritus
1707 2932 1903 2972 sanctus
1942 2940 2035 2972 nou

134 3003 345 3070 genitus,
386 3021 483 3054 non
516 3012 727 3066 creatuS‚
760 3018 854 3052 non
883 3017 1160 3069 germanuS,
1203 3022 1296 3054 non
1329 3022 1468 3068 avus,
1510 3023 1606 3056 non
1637 3023 1816 3074 nepos,
1858 3006 1940 3056 sed
1973 3023 2035 3056 ex

134 3087 299 3137 eadem
330 3104 434 3137 cum
466 3096 598 3156 patre
628 3087 820 3154 filioque
849 3086 1135 3137 substantia.
1190 3086 1438 3139 Eiusmodi
1469 3098 1542 3140 est
1563 3090 1780 3158 spirituS,
1820 3091 2032 3157 inquam,

134 3179 348 3222 sanctus.
427 3169 639 3241 Spiritus
676 3172 801 3222 enim
842 3171 959 3220 deus
998 3178 1090 3220 est.

271 3256 433 3323 Atque
466 3257 604 3307 huius
642 3256 828 3324 quidem
863 3255 986 3305 liunc
1024 3253 1071 3303 in
1107 3254 1293 3305 modum
1327 3257 1613 3308 constitutae
1654 3258 1879 3308 salutaris
1918 3258 2024 3308 fidei
2059 3275 2286 3330 0³1„an

134 3339 309 3408 passim
348 3342 396 3391 in
438 3342 689 3410 scripturis
736 3340 955 3390 omnibus
1004 3347 1171 3388 extant
1216 3340 1496 3407 consignata
1543 3341 1833 3392 testimonia.
1923 3341 2032 3393 Nos

188 3505 226 3548 4.
258 3511 316 3549 lta
353 3512 463 3550 codd.
491 3522 579 3550 mss.
612 3515 645 3550 et
677 3511 765 3549 edit.
788 3510 912 3559 princ.
943 3510 1057 3549 Peta—
1114 3508 1242 3547 tione.
1301 3510 1407 3549 Libri
1436 3512 1572 3550 habent
1600 3506 1831 3563 ταυτότητι.

132 3567 219 3605 vius
253 3567 371 3604 edidit
398 3562 664 3619 οἷπολώμεξῑα.
1169 3566 1208 3603 ὅ.
1241 3557 1370 3611 ὅντως
1399 3567 1509 3605 codd.
1543 3578 1629 3605 mss.

187 3623 225 3661 Ξ).
257 3619 479 3674 συναλοιφή
513 3625 569 3662 ed.
604 3625 737 3663 Pelav.
1169 3617 1206 3658 9.
1240 3619 1416 3672 μηδέπω
1445 3622 1527 3660 cod.
1560 3623 1715 3673 Rhediy.

187 3675 225 3717 6.
260 3675 482 3730 συναλοιφή
514 3681 572 3717 ed.
604 3681 734 3717 Pelav.
1172 3675 1233 3714 10.
1271 3679 1389 3714 Verba
1426 3677 1587 3729 πνεῦμα
1616 3672 1729 3731 ἅγιον
1767 3692 1842 3721 non
1876 3693 2034 3730 compa-

189 3731 227 3773 7.
246 3731 496 3786 ταυτότητος
525 3737 702 3783 rescripsi
727 3746 773 3773 ex
794 3734 937 3772 emend.
965 3734 1056 3771 Cor·
1111 3734 1193 3769 rent
1220 3734 1258 3770 in
1282 3733 1340 3770 ed.
1374 3733 1504 3772 Pelov.
1540 3735 1666 3774 Coton.
1692 3741 1807 3786 repet.
1863 3739 2035 3788 Neylexit

133 3789 259 3840 narii,
297 3792 362 3839 qui
387 3792 495 3829 vertit
529 3789 570 3830 in
596 3789 822 3830 identitatis
847 3787 1055 3842 glorifica-
1112 3798 1155 3827 ea
1186 3789 1301 3828 etiam
1330 3791 1508 3831 Ceruarii
1536 3793 1670 3833 versio.
