2508 4134
244 548 356 606 Κεφ.
381 545 430 593 λ’.

252 2970 339 3008 pag.
361 2960 438 2996 879.

458 255 558 308 128
1168 264 1375 308 sANc‘rs
1398 264 1684 310 EP11>HAN11

452 385 479 417 ο
507 361 679 434 λόγος,
719 383 787 423 ως
818 362 972 430 μηδὲν
996 358 1122 415 εἶναι
1145 362 1291 416 πλέον
1318 369 1387 436 τῷ
1410 361 1683 439 ευχομένῳ,
1734 363 1831 433 Μὴ
1853 365 2080 437 περιέλῃς
2102 362 2250 435 λόγον
2275 362 2392 478 ἀλη·

452 452 597 511 θείας
635 450 689 502 έκ
725 452 815 500 τοῦ
853 444 1098 514 στόματός
1133 468 1247 515 μου.

601 532 734 587 Πότε
772 532 826 586 δὲ
861 538 1006 587 τοῦτο
1045 537 1252 604 γίνεται,·
1304 532 1422 588 ὅταν
1455 533 1524 603 μή
1560 534 1755 609 φυλάξῃ
1792 533 1878 589 τόν
1913 532 2071 603 νόμον
2108 532 2394 599 διαπαντός,

453 619 571 673 ὅταν
609 617 675 687 μὴ
707 625 939 692 πορευθῇ
979 641 1050 681 τις
1085 621 1138 673 ἐν
1170 626 1451 693 πλατυσμῷ.
1530 626 1888 690 Πλατυνθῆναι
1926 623 2005 673 δεῖ
2034 618 2125 689 τήν
2165 623 2395 691 καρδίαν,

461 699 531 779 Ιῇ
558 706 720 773 μέλλοι
749 726 821 767 τις
853 703 1071 775 Χριστόν
1103 707 1530 776 ἐμπεριπατοῦντα
1558 715 1757 778 χωρεῖν,
1810 700 1873 760 οὗ
1900 705 1991 774 τὴν
2021 706 2170 770 δόξαν
2193 704 2286 760 ουίι
2313 704 2397 759 ἅν-

451 799 682 862 θρωποι,
726 789 824 843 ἀλλ’
848 789 1081 862 οὐρανοὶ,
1124 795 1150 826 ²
1167 791 1374 860 οὐρανοὶ
1396 790 1489 862 γάρ
1518 795 1803 862 διηγοῦνται
1831 791 1982 855 δόξαν
2010 797 2163 859 θεοῦ,
2217 798 2398 861 μᾶλλον

453 878 507 930 δὲ
530 874 560 930 ό
589 874 740 940 αὐτὸς
762 875 951 947 πατὴρ,
988 878 1163 947 λέγων,
1220 871 1381 938 Οὗτός
1412 879 1542 931 ἐστινΙ
1570 875 1600 931 ὅ
1625 877 1735 940 υἱός
1764 901 1860 946 μου
1891 874 1921 931 ό
1947 874 2231 948 α’γαπητδς,
2271 880 2324 932 ἐν
2356 868 2398 951 ᾧ

450 962 726 1031 ηὗδόκησα.
786 961 883 1015 “Ov
919 960 1010 1016 οῦκ
1048 965 1178 1016 ἔστιν
1217 960 1514 1032 ὁμολογῆσαι
1546 965 1593 1015 εἷ’
1618 985 1691 1026 τις
1728 966 1797 1026 εἰς
1821 962 1958 1031 ῦψος
1993 963 2193 1017 ἀδικίαν
2228 965 2398 1030 λαλοίη

454 1047 581 1119 πρός
606 1047 696 1102 τόν
720 1051 925 1117 πλησίον
955 1046 1110 1102 αὐτοῦ
1125 1091 1138 1114 ,
1192 1050 1239 1101 εἷ’
1260 1070 1334 1110 τις
1359 1049 1427 1110 εἰς
1453 1045 1542 1115 τήν
1563 1048 1904 1119 Ἀντιχρίστων
1932 1049 2070 1113 τάξιν
2097 1050 2181 1103 καὶ
2209 1051 2398 1102 ἐπωνυ-

456 1138 573 1204 μίαν
604 1141 627 1172 ³
646 1132 798 1188 αὐτόν
826 1139 853 1171 4
869 1135 1130 1199 καλέσειεν,
1170 1130 1392 1196 ἀποστάς
1417 1138 1505 1201 τῆς
1529 1132 1711 1197 τάξεως
1734 1137 1816 1189 καὶ
1845 1138 2130 1204 ἐπωνυμίας
2149 1141 2248 1188 τῶν
2276 1139 2399 1204 Χρι-

454 1226 689 1287 στιανῶν,
726 1222 840 1290 περὶ
878 1214 948 1274 ὧν
984 1223 1197 1290 εἴρηται,
1236 1216 1333 1286 Μὴ
1367 1217 1575 1286 ἅψησθε
1597 1226 1696 1272 τῶν
1726 1226 1954 1291 Χριστῶν
1984 1243 2096 1289 μου.
2179 1224 2264 1283 Τίς
2285 1218 2398 1292 γάρ,

455 1308 604 1375 φησὶ,
644 1303 673 1360 ὅ
704 1304 1042 1374 ψευδόμενος,
1081 1303 1228 1373 εἰμὴ
1265 1303 1598 1375 ἀρνούμενος,
1650 1305 1727 1359 ὅτι
1761 1303 1951 1374 Ἰησοῦς
1987 1304 2018 1360 ό
2057 1304 2273 1377 Χριστὸς
2302 1304 2399 1359 οὐκ

456 1396 609 1459 ἔστιν,
647 1386 820 1458 οὗτος,
859 1394 998 1461 φησὶ,
1037 1389 1066 1445 ό
1084 1391 1425 1460 Ἀντίχριστος.
1498 1387 1553 1443 Ὁ
1580 1388 1672 1462 γάρ
1699 1390 2003 1460 ἀρνούμενος
2027 1389 2116 1446 τόν
2139 1389 2255 1445 υἷδν
2283 1388 2400 1445 οὐδὲ

455 1477 543 1534 τὸν
579 1480 767 1550 πατέρα
805 1480 918 1547 ἔχει·
975 1475 1005 1531 ό
1032 1477 1084 1530 δὲ
1122 1474 1376 1547 ὁμολογῶν
1411 1474 1498 1529 τόν
1534 1475 1647 1530 υἲὸν
1682 1478 1766 1530 καὶ
1803 1476 1888 1531 τόν
1930 1478 2117 1548 πατέρα
2161 1474 2400 1548 ὁμολογεῖ.

440 1563 604 1637 ’Όπερ
642 1558 755 1632 οὖν,
794 1565 940 1632 φησὶ,
994 1565 1044 1626 ἐξ
1079 1563 1233 1634 ἀρχῆς
1272 1561 1536 1630 ἠκούσατε,
1588 1568 1736 1616 τοῦτο
1776 1562 1969 1631 μενέτωἸ
1995 1565 2049 1618 ἐν
2089 1560 2224 1631 ὖμῖν.
2299 1563 2401 1615 Καὶ

457 1649 567 1719 ἐὰν,
624 1652 774 1719 φησὶ,
827 1651 949 1723 μένῃ
988 1651 1039 1703 ἐν
1075 1646 1193 1717 ’ὑμῖν
1224 1647 1345 1716 ὅπερ
1385 1650 1434 1711 ἐξ
1465 1647 1617 1718 ἀρχῆς
1648 1647 1915 1717 ἠκούσατε,
1967 1650 2053 1703 καὶ
2082 1646 2223 1717 ὑμεῖς
2251 1650 2303 1703 ἐν
2332 1653 2402 1722 τῷ

456 1739 550 1810 υἱῷ
590 1744 772 1806 μενεῖτε
809 1737 895 1789 καὶ
935 1740 1005 1808 τῷ
1043 1739 1206 1806 πατρί.
1297 1740 1566 1802 Μενοῦμεν
1602 1735 1679 1802 δὲ,
1734 1733 1854 1788 ὅταν
1892 1732 2106 1788 ἐνώπιον
2151 1740 2279 1788 θεοῦ
2315 1735 2402 1788 καὶ

458 1826 695 1878 ἐκλεκτῶν
723 1819 939 1893 ἀγγέλων
965 1818 1357 1891 ὁμολογήσομεν,
1396 1817 1515 1874 ἀλλά
1547 1822 1632 1874 καὶ
1670 1819 1883 1874 ἐνώπιον
1909 1822 2172 1892 βασιλέων,
2208 1821 2294 1874 καὶ
2331 1818 2399 1888 μή

457 1908 821 1978 αἰσχυνώμεθα.
892 1904 1125 1960 Ἐλάλουν
1153 1906 1271 1978 γάρ,
1326 1908 1471 1974 φησὶ,
1525 1908 1576 1960 ἐν
1603 1913 1708 1968 τοῖς
1744 1910 2032 1977 μαρτυρίοις
2060 1925 2151 1960 σου
2179 1908 2402 1960 ἐναντίον

458 1996 723 2064 βασιλέων,
778 1995 863 2046 καὶ
902 1993 996 2046 οὐκ
1033 1991 1331 2067 ᾐσχυνόμην.
1389 1991 1505 2045 ’Ότι
1539 1991 1649 2054 υἴὸς
1683 1998 1773 2046 τοῦ
1809 1999 1961 2060 θεοῦ,
2012 1991 2134 2055 θεὸς
2169 1995 2224 2046 ἐκ
2263 1997 2402 2060 θεοῦ,

460 2078 528 2143 εἷς
555 2083 604 2144 ἐξ
629 2077 761 2146 ἑνός,
802 2082 851 2143 ἐξ
877 2077 1146 2150 ἀγεννήτου
1177 2076 1472 2149 μονογενὴς,
1527 2079 1772 2148 ἐξαίρετον
1808 2079 2024 2148 γέννημα
2056 2083 2144 2132 τοῦ
2181 2098 2398 2149 γεγεννη-

457 2166 603 2229 κότος
619 2209 632 2233 ,
670 2167 755 2219 καὶ
781 2163 916 2228 ι’ίξιος
943 2162 971 2218 ὁ
996 2163 1107 2226 υἷὸς
1133 2170 1223 2218 τοῦ
1246 2161 1492 2233 άνάρχου,
1530 2169 1619 2217 τοῦ
1643 2161 1911 2234 ἀδιηγήτου
1933 2162 2171 2234 ἑρμηνεύς
2198 2161 2402 2234 ἀδιήγη-

457 2273 566 2318 τος,
619 2249 788 2322 λόγος,
839 2252 925 2304 καὶ
961 2254 1142 2316 σοφία,
1194 2251 1278 2303 καὶ
1316 2248 1526 2317 δύναμις
1561 2255 1650 2302 τοῦ
1685 2246 1811 2318 ’ὑπὲρ
1850 2253 2030 2316 σοφίαν
2064 2251 2150 2303 καὶ
2177 2248 2404 2318 δύναμιν,

459 2335 583 2408 ὖπὲρ
607 2336 636 2391 ὃ
665 2337 983 2407 φθέγξασθαι
1012 2335 1217 2389 δύναται
1241 2341 1450 2406 γλῶττα,
1489 2331 1614 2405 ’ὑπὲρ
1646 2333 1675 2388 ὃ
1703 2340 1896 2403 κινῆσαι
1926 2333 2150 2389 διάνοια·
2189 2336 2405 2405 γέννημα

459 2422 642 2476 τέλειόν
673 2443 723 2475 τε
750 2423 834 2476 καὶ
872 2423 1022 2490 μένον
1056 2424 1110 2475 ἐκ
1137 2425 1320 2475 τελείου
1348 2422 1431 2474 καὶ
1464 2421 1696 2488 μένοντος
1722 2422 1775 2474 ἐν
1798 2419 2082 2489 ταυτότητι,
2121 2419 2216 2474 οὐκ
2252 2418 2406 2491 ἀποῤ-

461 2510 646 2578 ρεῦσαν
684 2510 738 2562 ἐκ
768 2506 976 2579 πατρὸς,
1031 2505 1144 2561 οὔτε
1181 2507 1476 2575 ἀποτμηθέν
1512 2527 1562 2559 τε
1598 2507 1681 2560 καὶ
1718 2507 1995 2577 διαιρεθὲν,
2054 2504 2152 2558 ἀλλ’
2190 2507 2407 2569 ἀπαθῶς

462 2595 550 2649 καὶ
577 2591 857 2664 ὁλοκλήρως
884 2591 1146 2664 προελθών
1173 2595 1227 2647 ἐκ
1259 2599 1347 2647 τοῦ
1384 2592 1534 2661 μηδὲν
1573 2591 1976 2661 ἀποβεβληκότος
2014 2585 2084 2645 ὧν
2121 2589 2227 2662 εἶχε.
2303 2593 2404 2645 Καὶ

463 2678 541 2734 ὅτι
576 2679 721 2751 λόγος
758 2682 857 2733 ἐστί
888 2700 938 2732 τε
970 2681 1055 2732 καὶ
1091 2681 1278 2750 λέγεται
1315 2677 1448 2745 υἷδς,
1487 2676 1548 2732 οὕ
1585 2676 1683 2746 μὴν
1721 2676 1866 2747 φωνὴ
1903 2684 1992 2732 τοῦ
2028 2677 2237 2750 πατρὸς,
2289 2675 2406 2732 οὐδὲ

463 2767 600 2836 ῥῆμα
636 2772 835 2819 νοεῖται.
906 2762 1174 2833 ’Τφέστηκε
1211 2763 1304 2836 γὰρ
1341 2761 1458 2818 καθ’
1497 2762 1694 2830 ἔαυτόν,
1732 2765 1817 2817 καὶ
1854 2765 2062 2835 ἐνεργεῖ,
2112 2765 2195 2817 καὶ
2229 2761 2290 2817 δι’
2317 2763 2406 2818 αὔ-

464 2857 554 2906 τοῦ
592 2850 651 2904 τοὶ
690 2850 875 2916 πάντα,
931 2852 1015 2903 καὶ
1068 2852 1119 2904 ἐν
1156 2848 1289 2923 αὐτῷ
1327 2848 1387 2904 τοὶ
1424 2848 1613 2904 πάντα·
1672 2849 1832 2918 ὥςπερ
1882 2851 1966 2904 καὶ
2003 2852 2156 2915 σοφία
2192 2846 2222 2902 ὅ
2257 2846 2406 2913 αὕτὸς

475 2936 544 2991 ὢν
574 2935 666 2991 οὐκ
704 2935 970 3004 ἐνθύμημα
1006 2942 1096 2989 τοῦ
1132 2935 1319 3007 πατρὸς
1355 2943 1559 3002 νοεῖται,
1616 2933 1730 2989 οὔτε
1763 2938 1953 3003 κίνησις
1987 2939 2077 2988 τοῦ
2116 2932 2407 3005 ἡγεμονικοῦ

471 3025 599 3077 ὕκαὶ
637 3024 878 3094 ἐνέργεια,
926 3020 1044 3074 ἀλλά
1080 3023 1296 3092 γέννημα
1334 3020 1511 3089 ὅμοιόν
1546 3042 1596 3074 τε
1632 3027 1720 3074 τοῦ
1757 3019 1969 3091 πατρὸς,
2017 3021 2103 3073 καὶ
2138 3018 2224 3073 τόν
2259 3042 2406 3091 χαρα-

465 3113 619 3179 κτῆρα
655 3114 745 3162 τοῦ
782 3105 968 3178 πατρὸς
1005 3107 1269 3178 ἀκριβοῦν·
1307 3113 1487 3161 τοῦτον
1517 3104 1608 3178 γάρ
1640 3104 1671 3160 ὅ
1702 3104 1863 3175 πατὴρ
1895 3105 2185 3176 ἐσφράγισεν
2212 3102 2241 3158 ὅ
2267 3103 2403 3168 θεός.

471 3196 573 3247 Καὶ
610 3192 699 3263 οὐχ
736 3195 883 3267 ἑτέρῳ
921 3193 1009 3261 μὲν
1046 3192 1330 3261 ἐνυπάρχει,
1386 3190 1475 3261 οὐχ
1523 3190 1767 3259 ὑφέστηκε
1813 3190 1867 3243 δὲ
1901 3188 2019 3244 καθ’
2055 3189 2227 3257 ἓαυτδ,
2284 3188 2404 3246 ἀλλά

468 3281 684 3350 γέννημα
714 3279 1044 3349 ἐνεργητικόν,
1098 3280 1181 3331 καὶ
1210 3276 1485 3346 πεποιηκός
1520 3276 1632 3331 τόδε
1668 3273 1723 3330 τὸ
1753 3281 1880 3342 πᾶν,
1916 3277 2002 3329 καὶ
2037 3274 2288 3342 φυλάττον
2313 3274 2402 3330 ἀεί.

477 3371 642 3418 Ταῦτα
671 3364 818 3419 ἱκανοὶ
857 3366 941 3418 καὶ
978 3370 1067 3432 τῆς
1101 3361 1339 3431 Ἑλλήνων
1375 3361 1560 3431 πλάνης
1594 3360 1729 3430 ἡμᾶς
1763 3363 1848 3414 καὶ
1883 3366 1970 3428 τῆς
1986 3361 2271 3431 Ἰουδαϊκῆς
2295 3363 2404 3416 ἐθε-

470 3455 796 3522 λοθρησκείας
833 3453 1186 3519 ἐλευθερῶσαι,
1223 3450 1306 3502 καὶ
1344 3454 1434 3517 τῆς
1470 3451 1716 3520 αἴρετικῆς
1749 3448 2055 3510 κακοδοξίας.

532 3566 629 3605 CAP.
660 3567 806 3607 XXX.
838 3590 891 3597 —
952 3569 986 3607 1.
1028 3556 1062 3622 ᾗ
1085 3567 1224 3616 scripsi
1258 3577 1332 3616 pro
1357 3556 1414 3615 ἧς
1467 3567 1566 3606 vius.
1624 3566 1728 3605 Nihil
1750 3564 1939 3613 desidero,
1967 3574 2056 3604 cum
2073 3566 2296 3615 scriptorem
2317 3575 2404 3606 ver-

471 3623 575 3673 quod
614 3625 702 3663 libri
738 3626 855 3675 vulgo
892 3625 1088 3674 praebent.
1146 3625 1273 3673 Neque
1302 3624 1414 3662 aliter
1470 3624 1528 3662 bis
1553 3622 1727 3672 psalterii
1759 3622 1815 3660 ita
1848 3632 1964 3660 usum
2004 3632 2083 3661 esse
2126 3626 2320 3673 appareat
2361 3625 2403 3662 ut

471 3682 711 3728 Carnarius,
755 3684 812 3720 uli
838 3681 1016 3730 videtur,
1061 3683 1095 3720 si
1123 3681 1279 3730 quidem
1305 3681 1417 3719 vertit
1468 3680 1640 3729 quodam
1675 3678 1790 3717 modo
1830 3679 1911 3717 suis
1951 3678 2191 3730 adstrueret,
2231 3680 2402 3730 adeoque

473 3733 517 3774 in
544 3748 625 3789 quo
652 3734 741 3789 quis
769 3736 973 3776 Christum
995 3735 1321 3776 inambulantem
1347 3749 1413 3775 ca·
1469 3747 1590 3775 unam
1617 3735 1843 3775 sententiam
1872 3734 2049 3784 efficeret.

474 3805 575 3846 pere
604 3791 703 3831 vult.
766 3789 802 3834 εἰ
831 3795 995 3833 correxit
1021 3795 1218 3834 Petavius.
1525 3791 1563 3833 3.
1595 3785 1721 3832 αυτὸν
1749 3802 1824 3830 om.
1854 3791 1938 3829 cod.
1968 3792 2127 3841 Rhediq

532 3849 571 3891 2.
618 3848 779 3900 „Deest
819 3849 1021 3890 verbum“
1056 3851 1258 3890 annotavit
1294 3850 1412 3891 Peta-
1524 3845 1563 3891 4.
1603 3844 1815 3890 καλέσειεν
1855 3847 1968 3888 codd.
1998 3847 2160 3899 Rhediy.
2190 3851 2223 3889 et
2251 3849 2402 3890 Parisi-
