2508 4134
433 272 534 323 630
1001 276 1273 321 ADDENDA
1302 279 1380 322 ET
1403 280 1791 339 οοΒΒῐοΕΝΒΑ.

432 381 572 424 Τοῦτο
600 375 681 433 γάρ
712 392 841 433 φησιν
881 376 951 422 διοὶ
982 375 1062 432 τήν
1102 380 1246 433 ψῆφον
1273 379 1349 422 τοῦ
1374 381 1418 425 ’ὤ
1443 379 1517 422 καὶ
1553 375 1693 435 ἄλφα,
1738 375 1762 423 ὅ
1789 378 1879 423 ἐστι
1905 378 2151 434 περιστερὰ,
2196 379 2365 434 ἐπείπερ

431 451 515 505 ἔφη
546 447 569 493 ὅ
595 446 766 503 σωτήρ,
809 444 929 502 Ἐγώ
970 448 1057 502 εἰμι
1091 446 1139 491 τὸ
1169 450 1198 491 ἆ
1226 447 1300 492 καὶ
1337 443 1423 504 ἐγώ
1453 448 1539 504 εἰμι
1567 449 1614 494 τὸ
1643 452 1690 493 ὦ.
1752 449 1823 494 Διό
1867 448 1940 493 καὶ
1968 449 2014 493 ἐν’
2037 451 2099 508 τῷ
2128 446 2374 507 δωδεκάτῳ

430 521 513 564 ἔτει
536 521 618 575 τῆς
643 517 882 575 γεννήσεως
906 514 1035 562 αύτοῦ
1067 517 1224 574 εἰςάγει
1249 517 1323 563 τὸν
1348 515 1518 574 Ἰησοῦν
1546 519 1571 563 0‘
1598 521 1772 570 Λουκᾶς
1804 517 2007 574 εἰρηκότα
2035 520 2141 575 πρὸς
2164 522 2253 577 τὴν
2270 521 2366 564 Μα-

430 589 533 646 ριὰμ
575 591 782 645 ζητοῦσαν
827 585 979 642 αύτόν,
1021 585 1151 645 ήνίκά
1193 594 1280 638 τοῖς
1307 583 1582 640 διδασκάλοις
1619 590 1933 645 προςδιελέγετο
1969 589 2011 634 ἐν
2043 587 2364 647 Ἱεροσολύμοις,

430 657 525 704 Ούκ
550 656 698 718 ’ᾔδειτε
731 656 796 704 ’ὅτι
824 660 866 703 ἐν
893 665 982 709 τοῖς
1004 659 1077 703 τοῦ
1104 659 1266 714 πατρός
1295 675 1373 715 μου
1399 662 1502 702 Ven.
1535 685 1587 692 —
1646 661 1675 700 l.
1699 661 1766 703 23.
1799 657 1880 704 ἀπὸ
1908 661 1981 705 τοῦ
2007 658 2154 718 χρόνου
2180 663 2254 706 τοῦ
2284 665 2365 719 βα-

427 731 661 787 πτίσματος
699 729 791 780 υἱός
819 730 985 786 γέγονεν
1012 731 1090 773 τοῦ
1119 730 1246 785 θεοῦ,
1290 728 1500 785 ἐλθούσης
1531 730 1591 779 εἰς
1618 728 1745 775 αύτόν
1780 732 1861 786 τῆς
1888 728 2214 788 περιστερᾶς-ἥν
2237 747 2365 789 φασιν

429 798 534 846 εἶναι
562 800 632 846 τὸν
660 800 871 857 Χριστὸν,
917 800 991 844 καὶ
1022 800 1092 844 ἵνα
1133 802 1285 857 σαφῶς
1322 801 1497 857 γνωσθῇ
1527 802 1630 842 ven.
1661 824 1714 832 -
1772 801 1800 842 l.
1820 800 1887 844 24.
1919 799 1942 846 ὁ
1971 800 2072 852 θεὸς
2099 800 2246 859 λόγος,
2291 803 2366 847 καὶ

426 869 561 917 ἐλθών
592 871 822 927 ἐσαρκώθη
854 874 955 911 Ven.
987 896 1036 902 -
1100 871 1126 911 Ι.
1145 871 1214 914 26.
1249 868 1420 927 σημαίνῃ
1452 873 1554 911 Veu.
1585 890 1641 902 ——-
1702 871 1801 912 nbid.
1831 873 1922 924 τοῦ,
1953 882 2050 914 ante
2076 872 2249 929 πατρὸς,
2283 886 2365 916 om.

427 945 536 985 Ven.
571 967 622 976 —-
680 943 708 983 1.
733 943 800 985 28.
843 939 1083 996 ὑπόδειγμα
1123 942 1245 985 τοῦτο
1287 943 1391 982 ven.
1427 966 1477 974 -—
1537 941 1562 981 l.
1587 941 1627 983 6.
1655 942 1706 983 ab
1733 942 1809 983 inf.
1857 945 1966 984 Bene
1994 945 2155 985 Venet.v
2179 943 2250 989 διὰ
2285 946 2366 1000 τῆς

426 1011 608 1070 χάριτος.
632 1037 686 1045 -
745 1013 774 1053 l.
794 1016 833 1054 5.
860 1012 912 1053 ab
936 1012 1012 1054 inf.
1042 1004 1145 1058 Ἀπὸ
1173 1011 1271 1056 τότε
1299 1010 1347 1056 δὲ
1371 1009 1424 1055 τοὶ
1452 1011 1593 1055 τέλεια
1617 1007 1775 1068 ἤρξατο
1803 1029 1846 1057 π.
1877 1014 2116 1069 θεοσημεία
2139 1015 2237 1070 (sic)
2261 1018 2364 1058 Ven.

432 1108 488 1116 -
517 1084 546 1125 l.
579 1084 653 1125 ult.
685 1080 788 1139 δύο,
826 1078 879 1133 ἃς
907 1078 1004 1138 παρ’
1035 1080 1156 1141 αύτῷ
1191 1082 1353 1137 ἔμειναν
1383 1084 1486 1124 Ven.
1545 1083 1655 1124 Hinc
1683 1085 1937 1126 restituenda
1973 1094 2036 1126 est
2066 1085 2232 1140 vulgata
2259 1085 2366 1131 scri-

427 1164 562 1209 ptura.

541 1227 674 1284 Pag.
692 1224 784 1270 84.
839 1225 866 1266 l.
887 1223 928 1266 3.
959 1221 1056 1278 παρ’
1081 1220 1220 1267 αύτῶν
1252 1224 1352 1279 (sic)
1383 1223 1571 1279 ἐπιφέρει
1598 1224 1729 1280 λέγων
1760 1215 1864 1266 Veri.
1897 1250 1954 1257 —
2010 1226 2037 1267 l.
2062 1225 2103 1269 6.
2129 1226 2211 1283 τῆς
2237 1227 2368 1271 Γαλι-

427 1296 568 1348 λαίας,
612 1295 686 1340 καὶ
724 1288 778 1350 ήν
809 1294 906 1339 ἐκεῖ
939 1292 970 1351 ή
1000 1293 1143 1349 μήτηρ
1180 1295 1254 1337 τοῦ
1282 1289 1443 1349 Ἰησοῦ.
1500 1292 1699 1350 Ἐκλήθη
1729 1295 1777 1340 δὲ
1803 1291 1976 1351 Ἰησοῦς
2010 1296 2083 1340 καὶ
2111 1298 2150 1341 οἱ
2176 1297 2368 1352 μαθηταὶ

426 1363 557 1412 αὐτοῦ
597 1367 658 1416 εἰς
685 1364 760 1410 τὸν
797 1365 942 1422 γάμον.
991 1361 1121 1410 ’Έδει
1150 1363 1230 1421 γὰρ
1267 1365 1341 1409 καὶ
1383 1365 1424 1409 ἐν
1449 1365 1512 1424 τῷ
1537 1361 1667 1423 γάμῳ
1696 1361 1824 1410 αύτόν
1863 1367 2075 1422 κληθέντα
2107 1367 2368 1420 καταξιῶσαι

425 1436 489 1482 ἐπ’
516 1433 686 1495 εύλογίᾳ
710 1437 783 1480 τοῦ
813 1436 975 1492 γάμου·
1023 1436 1096 1479 καὶ
1127 1433 1457 1491 ὑστερήσαντος,
1500 1437 1636 1493 φησὶ,
1677 1438 1784 1480 οἴνου
1812 1437 1924 1492 λέγει
1949 1435 1981 1493 ή
2009 1436 2150 1494 μήτηρ
2177 1441 2280 1480 Ven.
2312 1463 2368 1472 --

424 1509 452 1552 1.
481 1510 541 1551 11.
573 1507 710 1551 ἐλθεῖν
739 1505 865 1551 αὐτὸν
894 1503 976 1552 ἀπὸ
1001 1509 1081 1560 τῆς
1104 1506 1264 1563 ἐρήμου
1295 1506 1404 1551 κατὰ
1429 1506 1507 1562 τήν
1535 1504 1783 1552 ἀκολουθίαν
1805 1509 1878 1552 τοῦ
1904 1509 2164 1564 πειρασμοῦ,
2195 1509 2270 1553 καὶ
2288 1525 2370 1553 πα-

427 1580 700 1635 ραληφθῆναι
738 1579 798 1627 εἰς
835 1575 1120 1633 Ἰερουσαλήμ
1162 1577 1234 1620 καὶ
1274 1578 1425 1633 στῆναι
1462 1577 1531 1622 ἐπὶ
1557 1579 1619 1635 τῷ
1656 1579 1865 1634 πτερυγίῳ
1894 1580 1969 1624 τοῦ
1998 1581 2137 1635 ἱεροῦ,
2182 1580 2256 1624 καὶ
2282 1577 2365 1626 ἀπὸ

424 1647 730 1706 Ἱεροσολύμων
755 1646 1030 1706 ἀνενεχθῆναι
1057 1649 1117 1698 εἰς
1146 1644 1242 1703 ὅρος
1267 1647 1433 1703 ύῲηλόν
1457 1648 1569 1703 λίαν,
1615 1644 1718 1704 ὅπερ
1744 1649 1859 1705 παρὰ
1882 1652 2048 1700 πολλοῖς
2072 1650 2238 1707 λέγεται
2265 1648 2370 1696 εἶναι

423 1719 470 1765 τὸ
500 1719 659 1777 Θαβώρ
685 1715 807 1775 ὅρος,
839 1715 862 1763 ὃ
890 1718 1166 1774 ἑρμηνεύεται
1193 1715 1451 1776 Ἰταβύριον,
1482 1720 1605 1763 τοῦτο
1633 1720 1681 1764 δέ
1710 1719 1820 1764 ἐστιν
1847 1720 1888 1764 ἐν
1914 1722 1970 1778 τῇ
1998 1722 2230 1781 Γαλιλαίᾳ·
2260 1720 2368 1767 ταύ-

424 1807 500 1846 την
528 1789 608 1846 γὰρ
635 1789 715 1845 τὴν
744 1787 991 1834 ἀκολουθίαν
1021 1787 1044 1834 ὁ
1070 1790 1294 1839 Ματθαῖος
1324 1787 1529 1841 ύπέθετο,
1561 1786 1622 1840 ὥς
1647 1805 1803 1846 φησιν,
1834 1787 2046 1842 Ἀκούσας
2070 1792 2118 1838 δὲ
2145 1791 2168 1837 ὁ
2196 1790 2370 1849 Ἰησοῦς

425 1859 491 1907 ὅτι
516 1858 721 1916 Ἰωάννης
744 1858 992 1917 παρεδόθη,
1035 1853 1167 1916 ήλθεν
1207 1860 1268 1909 εἰς
1311 1859 1390 1916 τήν
1418 1861 1673 1905 Γαλιλαίαν·
1721 1859 1742 1906 ὁ
1776 1862 1823 1906 δὲ
1849 1865 2020 1912 Λουκᾶς
2057 1863 2132 1907 καὶ
2170 1863 2251 1919 τήν
2283 1860 2370 1909 ἀπὸ.

424 1936 496 1978 τοῦ
530 1930 652 1990 ὅρους
679 1930 818 1988 ὁρμήν
844 1929 1035 1989 ἀκριβῶς
1061 1929 1263 1987 δηλώσας
1287 1932 1448 1986 πρῶτον
1474 1931 1547 1987 μὲν
1571 1932 1668 1987 περὶ
1692 1934 1766 1976 τοῦ
1799 1928 1922 1989 ὅρους
1949 1932 2075 1979 εἰπών
2090 1967 2102 1989 ,
2144 1934 2216 1978 καὶ
2242 1938 2366 1992 βασι-

425 2007 545 2050 λειῶν
572 1997 630 2048 ὦν
660 2002 793 2054 ἔδειξε
818 2003 881 2060 τῷ
914 2003 1045 2060 κυρίῳ
1073 1998 1097 2047 ἆ
1125 2001 1347 2060 διάβολος,
1379 1998 1551 2058 ὕστερον
1579 2003 1691 2058 λέγει
1718 2002 1814 2057 περὶ
1840 2007 1913 2047 τοῦ
1939 2004 2158 2061 πτερυγίου
2188 2004 2262 2048 καὶ
2280 2001 2367 2049 Ἱε-

425 2073 671 2132 ρουσαλημ,
715 2074 805 2118 Καὶ
831 2072 891 2123 οἷς
921 2070 1165 2128 ἀνέκαμψεν
1199 2073 1259 2123 εἰς
1289 2071 1371 2128 τήν·
1392 2073 1621 2118 Γαλιλαίαν
1648 2073 1722 2117 καὶ
1746 2073 1975 2129 Ναζαρὲθ·
2023 2073 2193 2132 συνῳδὰ
2219 2074 2268 2121 δὲ
2294 2074 2369 2119 καὶ

424 2146 447 2191 0‘
474 2147 697 2195 Ματθαῖος
725 2145 863 2201 λέγει,
907 2142 1184 2189 Καταλειπών
1225 2145 1321 2200 (sic)
1364 2143 1442 2199 τήν
1468 2144 1673 2199 Ναζαρὲθ
1709 2135 1840 2199 ήλθεν
1867 2144 1928 2194 εἰς
1954 2143 2031 2200 τὴν
2057 2145 2364 2201 Καφαρναούμ.

418 2210 582 2261 Ἦλθεν
604 2215 684 2272 γὰρ
710 2216 772 2265 εἰς
795 2214 1012 2270 Ναζαρὲθ,
1044 2212 1247 2259 κάκεῖθεν
1272 2215 1333 2264 εἰς
1356 2214 1429 2259 τὸν
1453 2210 1669 2270 Ἰορδάνην
1694 2213 1800 2270 πρὸς
1822 2213 1894 2259 τόν
1915 2211 2131 2271 Ἰωάννην,
2162 2216 2236 2260 καὶ
2261 2215 2368 2272 μετὰ

422 2286 470 2332 τὸ
502 2289 681 2333 διελθεῖν
708 2286 780 2332 διὰ
800 2302 874 2330 του
901 2283 1113 2341 Ἰορδάνου
1140 2285 1261 2330 πάλιν
1303 2284 1381 2340 την
1412 2284 1550 2341 ορμην
1575 2285 1695 2343 ἔσχεν
1723 2285 1793 2329 ἐπὶ
1810 2283 1870 2331 τὰ
1898 2285 2055 2336 οἰκεῖα,
2102 2286 2204 2331 ἔνθα
2228 2284 2373 2332 ἀνετέ-

426 2362 586 2415 θραπτο
608 2358 715 2413 πρὸς
741 2374 819 2413 την
849 2357 1014 2413 μητέρα
1043 2356 1084 2400 ἐν
1114 2355 1343 2410 Ναζαρὲθ,
1376 2355 1471 2400 ἐκεῖ
1494 2372 1541 2400 τε
1567 2356 1827 2411 παραμείνας
1856 2353 1933 2401 δύο
1959 2355 2148 2412 ήμέρας,
2191 2354 2267 2402 ὅτε
2295 2358 2369 2403 καὶ

427 2432 465 2474 οἱ
490 2430 586 2484 περὶ
608 2426 807 2483 Ἀνδρέαν
834 2424 931 2482 παρ’
956 2423 1073 2483 αύτῷ
1104 2426 1294 2481 ἔμειναν,
1338 2426 1475 2470 λοιπον
1503 2423 1706 2482 η’πείγετο
1732 2428 1814 2482 τῆς
1841 2428 2055 2483 σωτηρίας
2088 2444 2172 2473 των
2199 2425 2370 2484 ἀνθρώ-

423 2515 511 2544 πων
547 2499 684 2543 ἔνεκεν
709 2501 783 2542 τοῦ
814 2495 1087 2553 κηρύγματος
1119 2492 1355 2551 ἄρξασθαι,
1402 2497 1476 2541 καὶ
1511 2497 1649 2553 ἔμεινε
1689 2496 1762 2553 μὲν
1802 2496 1878 2542 δύο
1917 2496 2085 2554 ημέρας
2119 2497 2190 2544 διοὶ
2218 2498 2265 2544 τό
2296 2498 2368 2545 διαὶ

423 2569 572 2628 χρόνου
603 2566 729 2613 αύτὸν
762 2568 923 2622 ἐλθεῖν,
957 2567 1102 2625 ἔχοντα
1131 2563 1226 2622 μεθ’
1256 2567 1407 2611 ἑαυτοῦ
1436 2563 1509 2617 οὓς
1533 2568 1769 2624 παρείληφε
1798 2567 2025 2624 μαθητὰς,
2056 2571 2129 2613 καὶ
2153 2567 2369 2621 ἀπολύσας

424 2639 523 2690 τοὺς
563 2636 936 2694 ἀκολουθήσαντας
979 2634 1097 2696 αύτῷ
1142 2634 1273 2687 εύθύς
1313 2637 1490 2693 ἐξῆλθεν
1523 2639 1591 2683 ἐπὶ
1619 2638 1697 2694 τήν
1724 2640 1953 2684 Γαλιλαίαν
1982 2638 2054 2685 διοὶ
2089 2638 2135 2686 τὸ
2168 2638 2369 2697 κήρυγμα

425 2712 499 2755 καὶ
525 2710 598 2756 διὰ
624 2709 672 2755 τὸ
706 2709 822 2765 ἔργον
850 2710 925 2752 τοῦ
955 2709 1209 2764 θεοσημείου
1238 2712 1346 2751 Ven.
1378 2735 1434 2742 —-
1490 2710 1604 2752 1.19.
1638 2706 1698 2760 ὠς
1723 2709 1748 2755 0‘
1777 2707 1983 2767 Ἰωάννης
2009 2713 2114 2753 ven.
2145 2736 2198 2743 —
2256 2713 2366 2759 Ι.20.

424 2779 514 2838 ἤδη
545 2783 618 2826 τοῦ
645 2781 781 2837 ἔργου,
814 2775 879 2825 ὅτι
904 2782 1006 2821 Ven.
1034 2781 1177 2821 Recte.
1205 2805 1256 2812 —
1315 2781 1343 2821 l.
1360 2781 1426 2822 21.
1461 2781 1566 2822 Dele
1595 2796 1755 2823 comma
1781 2791 1878 2837 post
1903 2782 2128 2839 βαπτίζειν.
2157 2805 2213 2814 ——
2251 2783 2279 2825 l.
2297 2784 2365 2827 22.

422 2854 589 2908 πνεῦμα
625 2855 874 2909 καταβαῖνον
916 2850 958 2894 ἐν
996 2851 1101 2895 εἴδει
1141 2853 1245 2893 Ven.
1281 2878 1335 2885 —
1394 2849 1509 2894 1.24.
1552 2852 1620 2895 ἵνα
1657 2847 1756 2897 ὅταν
1791 2854 1892 2894 Ven.
1956 2852 2069 2894 {dem
2097 2853 2252 2895 ibidem
2282 2869 2366 2896 non

422 2925 550 2965 habet
576 2923 617 2967 ἐν
642 2932 739 2979 post
763 2918 938 2967 ἄνωθεν.
976 2946 1026 2952 -
1085 2922 1112 2962 l.
1132 2922 1200 2965 26.
1243 2923 1282 2966 οἱ
1309 2923 1487 2967 τοιοῦτοι
1515 2923 1761 2978 αἱρεσιῶται
1789 2919 1873 2968 ἀπὸ
1902 2925 2005 2966 Ven.
2038 2948 2093 2956 —-
2149 2925 2178 2972 l.
2202 2926 2269 2967 28.
2300 2921 2366 2968 Ού

422 2993 502 3050 γὰρ
525 2995 684 3039 πιστῶν
717 2993 779 3043 εἷς
805 2982 1062 3050 φρονούντωῆ
1090 2989 1364 3050 ἀποβάλλοιτο
1389 2992 1443 3038 τοὶ
1472 2994 1534 3050 τῷ
1562 2991 1671 3050 οἱγίῳ
1702 2992 1908 3049 πνεύματι
1936 2992 2007 3038 διὰ
2033 2995 2116 3038 τῶν
2146 2995 2270 3039 θείων
2296 2990 2366 3038 εύ-

424 3066 629 3122 αγγελίων
659 3061 852 3121 ἀκριβῶς
881 3063 1095 3118 εἰρημένα.
1155 3061 1296 3108 Κάντε
1325 3063 1405 3120 γὰρ
1437 3064 1612 3120 λέγωσιν
1641 3061 1706 3109 ὅτι
1734 3062 1757 3108 ὁ
1789 3063 1862 3120 μὲν
1889 3065 2112 3115 Ματθαῖος
2138 3065 2211 3108 καὶ
2236 3062 2365 3119 Μάρ-

424 3152 497 3185 κος
526 3137 600 3180 καὶ
629 3136 801 3183 Λουκᾶς
843 3136 880 3179 οἱ
921 3130 1218 3190 εύαγγελισταὶ
1258 3135 1518 3190 διηγήσαντο
1559 3135 1656 3190 περὶ
1696 3136 1769 3179 τοῦ
1815 3136 2007 3192 σωτῆρος
2056 3132 2120 3180 δ’τι
2163 3132 2270 3189 μετὰ
2315 3132 2364 3179 τό

426 3204 644 3264 βάπτισμα
681 3203 851 3263 ἀνήχθη
894 3205 956 3255 εἰς
991 3204 1069 3261 τὴν
1112 3205 1266 3261 ἔρημον
1310 3206 1383 3250 καὶ
1424 3205 1618 3261 ἐποίησεν
1661 3203 1829 3261 ἡμέρας
1869 3204 2182 3260 τεσσαράκοντα
2214 3220 2361 3260 πειρα-

427 3277 623 3333 ζόμενος,
669 3277 742 3320 καὶ
766 3275 874 3332 μετὰ
902 3275 973 3320 τὸν
999 3275 1232 3332 πειρασμὸν
1273 3274 1462 3326 ἀκούσας
1487 3273 1553 3321 ὅτι
1577 3273 1781 3331 Ἰωάννης
1805 3272 2026 3332 παρεδόθη
2053 3274 2189 3319 ἐλθών
2216 3274 2361 3333 κατῴ-

423 3362 554 3403 κησεν
585 3347 646 3397 εἰς
671 3346 966 3404 Καφαρναοὺμ
994 3346 1072 3402 τήν
1110 3345 1224 3403 παρὰ
1255 3347 1502 3402 θάλασσαν,
1547 3346 1569 3392 ὁ
1601 3347 1649 3392 δὲ
1676 3343 1879 3402 Ἰωάννης
1907 3344 2112 3400 ψεύδεται
2139 3343 2199 3400 μή
2235 3346 2362 3392 εἰπών

421 3418 519 3474 περὶ
555 3416 741 3473 τούτων,
787 3415 876 3462 ἀλλ’
904 3413 1036 3468 εὐθὺς
1075 3416 1156 3463 ἀπὸ
1188 3417 1387 3474 πρώτης,
1435 3415 1507 3462 ὅτε
1534 3411 1664 3473 ήλθεν
1692 3416 1715 3462 ὁ
1746 3416 1891 3472 σωτήρ
1919 3416 2024 3472 πρὸς
2049 3415 2120 3461 τόν
2145 3414 2361 3475 Ἰωάννην,

422 3486 572 3533 καὶτὰ
600 3484 707 3533 ἄλλα
745 3484 828 3532 ὅσα
865 3489 977 3544 λέγει
1014 3489 1111 3544 περὶ
1149 3485 1279 3534 αύτοῦ
1306 3489 1602 3544 πεποιηκέναι,
1645 3488 1901 3544 φανήσονται
1934 3486 2050 3531 κατὰ
2076 3486 2210 3532 πάντα
2251 3489 2361 3535 κατὰ

421 3558 499 3613 τήν
537 3555 751 3616 ἀκρίβειαν
791 3562 874 3603 τῶν
902 3556 1156 3615 εύαγγελίων
1197 3557 1471 3615 ήγνοηκότες.
1531 3557 1734 3614 Ἰωάννης
1777 3557 1856 3614 γὰρ
1891 3554 1912 3602 0‘
1943 3554 2249 3614 εύαγγελιστής
2280 3559 2358 3616 πρὸ

421 3632 493 3671 τοῦ
533 3631 827 3685 παραδοθῆναι
861 3629 933 3675 τὸν
974 3629 1205 3688 βαπτιστήν
1234 3627 1435 3685 Ἰωάννην
1467 3631 1662 3686 σημαίνει
1683 3628 1754 3672 τὸν
1782 3626 1919 3682 κύριον
1950 3627 2057 3682 μετὰ
2091 3627 2168 3679 τοὶς
2194 3628 2362 3686 ἡμέρας

423 3699 495 3741 τοῦ
529 3702 764 3755 πειρασμοῦ
795 3700 901 3755 πρὸς
933 3698 1059 3745 αύτόν
1088 3701 1346 3756 ἐληλυθέναι.
1405 3702 1514 3751 Πῶς
1540 3699 1620 3756 γὰρ
1649 3697 1846 3743 Ἰωάννου
1886 3700 2192 3753 παραδοθέντος
2223 3701 2360 3746 ἐνεδέ-

423 3782 518 3823 χετο
546 3768 606 3812 ἔτι
631 3769 702 3813 τὸν
732 3773 906 3826 σωτῆρα
933 3770 1038 3827 πρὸς
1066 3771 1194 3818 αὐτὸν
1229 3771 1348 3817 πάλιν
1385 3772 1520 3815 ἐλθεῖν
1562 3770 1631 3813 ἐπὶ
1658 3767 1728 3812 τὸν
1759 3763 1988 3823 Ἰορδάνην.
2049 3767 2144 3815 Ούκ
2173 3771 2357 3827 ἔγνωσαν

424 3836 472 3882 δὲ
500 3833 564 3881 ὅτι
592 3840 629 3882 οἱ
670 3835 785 3884 ἄλλοι
823 3848 937 3896 τρεῖς
975 3839 1271 3898 εύαγγελισταὶ
1312 3840 1383 3887 τὸν
1423 3841 1568 3898 χρόνον
1608 3838 1676 3884 τόν
1715 3836 1823 3893 μετά
1870 3836 1917 3882 τὸ
1958 3843 2250 3899 παραδοθῆναι
2285 3840 2355 3889 τὸν
