2508 4134
562 305 787 347 PANARII
816 306 922 346 Lm.
945 306 1018 347 111.
1049 306 1184 348 ΤοΜ.
1208 308 1239 349 1.
1269 307 1651 349 HAER.LXXV1.
1958 296 2058 348 293

154 422 316 456 eorum
346 420 468 472 quae
494 403 941 454 insuutaffirmatio
970 403 1056 454 fuit
1085 404 1339 469 adiuncta3
1381 407 1514 474 quasi
1546 406 1668 474 quod
1700 413 1867 474 postea
1895 405 2060 457 condi-

153 498 249 540 tum
281 496 355 539 est
383 487 708 556 praestantius
740 488 830 538 deo
869 487 1119 556 quicquam
1159 489 1410 552 conciliet,
1466 499 1513 540 et
1538 508 1706 559 purum
1735 490 1970 559 quicpiam
2005 507 2062 540 ac

151 573 391 624 sincerum
421 588 486 623 ex
509 569 673 623 earum
719 589 881 622 rerum
922 572 1202 639 quibuscum
1232 574 1480 624 confertur
1508 573 1778 642 privatione
1811 583 1858 625 et
1890 576 2060 626 immu-

151 656 283 707 tabili
313 664 441 707 statu
471 655 795 724 excogitatum
827 656 990 706 fuerit.
1069 652 1167 707 Sed
1194 655 1414 706 nimirum
1444 657 1488 706 id
1520 674 1582 707 ex
1613 674 1671 708 eo
1699 658 1911 710 manavit
1934 659 2059 727 quod

153 741 371 791 existens
404 742 508 809 ipse
541 748 669 791 totus
701 740 854 807 gloria
884 749 987 804 est,
1029 757 1084 791 ac
1111 748 1241 791 totus
1274 740 1508 790 eiusmodi
1539 749 1589 791 ut
1622 741 1679 791 ab
1712 743 1888 794 creatis
1915 743 2061 795 rebus

154 823 375 875 omnibus
414 823 751 892 comprehendi
787 832 1022 892 nequeat,
1079 841 1200 891 quae
1239 841 1325 893 pro
1362 824 1552 875 modulo
1581 842 1668 875 suo
1699 827 1754 876 ad
1790 827 1894 877 eius
1920 844 2061 896 prae·

153 907 441 959 dicationem
486 908 757 959 intendunt.
835 905 931 975 Qui
973 909 1159 976 quidem
1201 917 1251 959 ut
1293 907 1352 959 ab
1395 909 1577 977 angelis
1617 910 1805 977 propria
1847 910 2058 978 ipsorum

150 991 340 1059 lingua,
395 1009 534 1060 quam
579 992 825 1062 apostolus
863 996 1096 1042 hominum
1135 996 1311 1058 linguis
1352 993 1629 1062 anteponit,
1688 994 1961 1046 celebratur
2000 1013 2057 1047 ac
2073 1007 2194 1045 1.cor.
2211 1009 2263 1052 13,
2280 1007 2311 1044 1.

150 1077 368 1128 laudibus
399 1076 616 1140 effertur,
657 1077 723 1127 ita
750 1086 799 1128 et
826 1078 1029 1128 humana
1053 1077 1219 1144 lingua
1251 1077 1443 1141 colitur,
1486 1093 1608 1145 quae
1635 1076 1880 1128 inferioris
1908 1080 2061 1147 digni-

153 1161 262 1213 tatis
301 1169 403 1224 est,
461 1178 517 1210 ac
551 1161 755 1229 denique
802 1160 942 1211 etiam
979 1161 1036 1211 ab
1069 1161 1543 1230 infimis'quibusque
1582 1162 1726 1213 rebus
1756 1180 1842 1231 pro
1875 1163 2060 1215 viribus

150 1245 381 1314 cuiusque
409 1246 732 1315 praedicatur.
809 1243 985 1313 Neque
1018 1261 1136 1295 vero
1170 1245 1219 1295 in
1246 1245 1450 1313 singulis
1481 1245 1717 1297 creaturis
1749 1247 2060 1315 proportione

150 1331 349 1398 quadam
378 1330 506 1381 illius
532 1330 685 1398 gloria
712 1330 1099 1399 praedicatioque
1122 1330 1371 1395 minuitur,
1413 1339 1496 1381 aut
1522 1332 1833 1382 mutationem
1860 1333 2056 1400 patitur,

150 1414 235 1465 sed
263 1414 573 1465 immutabilis
607 1423 683 1465 est
710 1415 928 1478 iii-sese,
983 1412 1123 1483 idque
1154 1414 1332 1465 creatis
1370 1423 1445 1465 est
1481 1415 1626 1466 rebus
1656 1415 1876 1466 omnibus
1915 1416 2060 1466 dene-

149 1506 343 1566 gatum,
401 1507 452 1548 ut
490 1499 547 1549 ad
587 1498 715 1550 illius
757 1499 1038 1549 infinitatem
1086 1499 1407 1567 praedicando
1449 1500 1636 1568 possint
1667 1499 1895 1565 extendi,
1952 1519 2058 1552 cum

149 1599 371 1651 suprema
411 1583 492 1634 illa
535 1582 801 1634 substantia
847 1591 1054 1633 mentem
1098 1601 1287 1633 omnem
1334 1583 1798 1653 intelligentiamque
1840 1593 2055 1654 superet.

150 1665 288 1734 Quae
313 1667 372 1717 ob
402 1684 478 1731 ea,
520 1684 642 1735 quae
670 1667 728 1717 ob
755 1667 975 1718 omnibus
1002 1667 1046 1718 ei
1073 1668 1364 1732 tribuuntur,
1407 1677 1455 1719 et
1476 1668 1641 1720 inesse
1671 1670 1913 1733 dicuntur,
1956 1670 2060 1720 nul-

147 1751 238 1802 lam
273 1760 525 1820 propterea
567 1752 965 1815 conversionem,
1024 1751 1337 1803 mutationem
1371 1761 1453 1804 aut
1481 1753 1831 1805 incrementum
1865 1753 2060 1823 experi-

151 1844 245 1886 tur.
322 1833 414 1887 Est
438 1836 562 1887 enim
593 1835 818 1887 divinitas
851 1836 951 1905 ipsa
984 1836 1127 1905 longe
1159 1836 1380 1888 omnibus
1409 1838 1760 1907 praestantior,
1799 1847 1845 1889 et
1876 1838 2059 1889 incom-

150 1920 376 1989 parabilis
414 1920 694 1989 gloriaeque
732 1920 1032 1989 plenissima.

289 2005 419 2056 Aetii
455 2002 611 2073 Caput
638 2002 814 2056 XXV.
894 2002 947 2056 Si
985 2004 1250 2072 ingenitum
1285 2005 1629 2074 privationem,
1685 2023 1805 2074 quae
1836 2007 1925 2057 deo
1963 2024 2058 2058 non

148 2087 304 2153 inest,
358 2090 626 2157 significat,
682 2107 767 2140 cur
795 2089 1061 2157 ingenitum
1096 2107 1234 2154 esse,
1289 2090 1503 2158 genitum
1546 2107 1665 2141 vero
1708 2108 1803 2141 non
1848 2108 1957 2143 esse
1990 2092 2058 2142 di-

150 2173 338 2226 cimus?
999 2221 1004 2225 .

289 2255 488 2309 Confut.
520 2255 695 2309 XXV.
771 2255 1076 2327 Ingenitum,
1119 2259 1210 2310 ctsi
1242 2260 1332 2309 deo
1363 2277 1416 2309 rc
1447 2276 1561 2309 vera
1595 2259 1888 2325 conveniat,
1944 2278 2057 2312 nus-

151 2359 288 2410 quam
318 2351 474 2393 tamen
507 2359 793 2411 expressum
825 2352 926 2406 est,
969 2361 1056 2394 nec
1088 2360 1114 2393 a
1146 2344 1378 2412 propheta
1415 2343 1538 2407 ullo,
1579 2344 1657 2395 vel
1687 2345 1938 2413 apostolo,
1978 2346 2057 2396 vel

149 2426 448 2493 evangelista
485 2435 929 2477 commemoratum.
1006 2426 1182 2495 Neque
1226 2446 1344 2479 vero
1384 2428 1555 2479 mirum
1590 2445 1697 2479 esse
1737 2429 1964 2493 deberet,
2016 2430 2058 2480 si

149 2510 206 2560 de
237 2511 326 2560 deo
364 2510 642 2560 affirmatum
684 2510 798 2560 illud
842 2520 992 2561 esset.
1071 2510 1317 2580 Siquidem
1361 2514 1465 2581 pius
1502 2513 1558 2562 de
1600 2515 1689 2563 deo
1729 2531 1903 2564 sensus
1946 2514 2057 2565 olim

148 2595 272 2645 istud
303 2595 454 2663 ipsum
490 2611 516 2645 e
550 2594 755 2644 naturali
783 2596 981 2662 quadam
1015 2596 1121 2663 lege
1153 2597 1396 2648 hauserat.
1477 2596 1556 2647 Tu
1584 2614 1723 2661 vero,
1747 2597 1882 2660 Ae'ti,
1911 2616 2057 2650 voca-

149 2680 309 2731 bulum
345 2679 470 2730 istud
505 2678 662 2728 studio
693 2679 921 2730 novitatis
954 2680 1227 2744 inculcans,
1281 2682 1414 2732 velut
1454 2681 1708 2732 mirificum
1744 2683 1963 2750 quiddam
2010 2692 2057 2734 et

147 2764 424 2815 inusitatum
455 2762 764 2831 proposuisse
794 2771 838 2810 te
865 2772 1021 2831 putas.
1091 2762 1221 2831 Quin
1247 2765 1390 2816 etiam
1416 2766 1830 2833 religiosissimam
1856 2776 2057 2817 naturae

148 2849 301 2916 legem
324 2888 336 2911 ,
397 2864 485 2897 nec
521 2864 614 2896 non
650 2855 696 2895 et
725 2846 864 2909 fidei,
922 2865 1060 2914 quam
1091 2850 1146 2898 ad
1179 2850 1404 2900 meliores
1444 2851 1661 2901 homines
1689 2852 1957 2902 reddendos
1989 2852 2058 2902 di-

148 2933 260 2986 vina
289 2933 478 2983 bonitas
505 2931 720 2992 indulsit,
762 2932 1055 2998 permiscere
1086 2949 1140 2982 ac
1173 2935 1468 2985 confundere
1501 2944 1701 2986 conatus
1732 2953 1804 2998 eS,
1847 2935 1955 2985 dum
1986 2936 2057 2985 in-

149 3017 312 3086 genito
360 3016 573 3083 genitum
614 3015 865 3065 maiestate
913 3016 1239 3084 dignitateque
1282 3036 1365 3086 par
1402 3028 1702 3070 commentus
1750 3036 1832 3082 es,
1891 3027 1942 3068 ut
1976 3019 2056 3070 ille

146 3103 279 3171 ipse,
322 3119 460 3169 quem
492 3099 769 3151 dissimilem
806 3099 1004 3159 adoras,
1062 3101 1328 3168 inaequalis
1362 3104 1405 3153 ei
1448 3103 1698 3167 videatur,
1742 3120 1880 3170 quem
1915 3102 2058 3153 dissi„

148 3187 323 3237 militer
362 3186 630 3254 praedicas.
709 3182 806 3233 lam
845 3200 996 3246 vere,
1052 3184 1091 3233 si
1129 3187 1446 3253 appellatione
1485 3188 1587 3239 sola
1633 3195 1812 3255 patrem
1857 3187 2053 3252 adoras,

149 3288 243 3320 non
292 3270 382 3320 nisi
426 3287 508 3337 per
548 3269 897 3319 simulationem
935 3276 982 3317 et
1018 3268 1288 3320 illusionem
1335 3272 1565 3322 honorem
1606 3271 1730 3321 hunc
1766 3270 1832 3320 illi
1874 3271 2053 3323 defers.

150 3353 269 3405 ltem
296 3355 336 3406 si
366 3354 543 3418 lilium,
586 3370 725 3421 quem
752 3352 871 3421 patri
905 3351 1181 3403 dissimilem
1214 3355 1467 3422 agnoscis,
1508 3355 1802 3406 adorandum
1831 3372 2052 3421 censeaS,

146 3523 436 3576 περισκωμένη
475 3525 616 3563 codicis
651 3527 751 3572 vet,
792 3523 917 3563 nescio
954 3523 1076 3570 cuius,
1187 3518 1225 3562 4.
1257 3517 1325 3564 ἀπ’
1371 3518 1496 3565 αὐτοῦ
1542 3525 1652 3563 codd.
1682 3535 1772 3564 mss.
1818 3521 1885 3567 ὑπ’
1926 3523 2054 3569 αὑτοῦ

146 3581 306 3629 fortasse
350 3581 546 3628 Parisini,
604 3581 838 3628 scripturam
877 3579 1077 3617 adnotavit
1132 3580 1223 3618 editi
1253 3580 1350 3618 libri.

147 3638 347 3677 Patavius.
1187 3635 1224 3672 5.
1257 3633 1513 3688 ἐξισούμενον
1539 3638 1676 3686 scripsi
1710 3642 1914 3686 praeeunte
1955 3642 2056 3680 Cor-

207 3694 240 3732 1.
276 3693 406 3740 Supra
434 3690 496 3744 τῷ
527 3690 626 3744 θεῷ.
1130 3693 1242 3730 nario
1271 3691 1356 3743 (qui
1381 3694 1490 3732 vertit
1519 3700 1562 3730 ut
1589 3706 1638 3731 ex
1664 3691 1846 3746 ingenito
1874 3695 2056 3748 genitum

204 3749 242 3786 ¹2.
276 3749 396 3797 Vulgo
427 3749 563 3796 leyitur
593 3742 671 3787 ἀπὸ
704 3746 789 3788 τοῦ.
1131 3745 1403 3799 intelligamus
1447 3747 1714 3801 adaequatum
1751 3749 1983 3805 dignitate.)
2022 3756 2056 3793 et

204 3802 241 3844 3.
274 3797 393 3844 οὐδὲν
422 3804 504 3841 cod.
535 3804 695 3852 Rhedig.
1133 3804 1304 3843 Petavio.
1362 3805 1469 3844 Libri
1499 3807 1614 3855 vulyo
1644 3802 1915 3860 ἐξισούμενος.
