2508 4134
868 334 1047 376 INDEX
1075 334 1282 376 RERUM.

190 437 399 479 hominem
425 428 718 477 assemit'ibid.
742 455 797 464 -—
849 431 1052 473 refutatur

190 505 471 562 probaturque
494 503 660 546 verbum
683 515 803 544 carne
826 500 951 541 fuisse
973 515 1046 541 ve·

191 576 333 617 stitum
363 577 458 616 465.

136 646 340 689 Thermae
373 643 628 685 Gadarenses
658 644 750 682 131.

135 715 393 757 Thermuten
423 713 642 755 Pharaonis
669 711 821 759 filium,
852 719 922 751 cur
946 708 1052 750 ado-

189 793 284 826 rent
313 783 506 841 Aegyptii
534 784 656 824 1055.

136 855 341 897 Thracum
379 864 531 895 nomen
556 867 580 893 a
605 852 742 893 Thera
777 849 885 905 apud
910 847 1053 889 turrim

194 924 320 965 Babel
350 931 450 965 nato
479 926 520 963 8.

135 994 345 1050 Tiryatiris
359 991 553 1034 haeretici
572 989 850 1046 Cataphryges
865 988 1054 1043 frequen-

191 1071 257 1104 tes
287 1062 456 1104 suerunt
481 1064 576 1102 455.

137 1132 258 1176 Tibia
280 1132 480 1188 serpentis
501 1131 629 1173 habet
643 1128 825 1184 effigiem
844 1142 918 1183 per
937 1140 1055 1183 quem

192 1204 279 1244 Eva
309 1202 484 1258 decepta
512 1209 574 1242 est
603 1203 668 1241 79.

138 1272 368 1315 Tibicinum
396 1280 533 1327 gestus
571 1269 735 1326 quando
771 1268 873 1309 tibia
909 1274 1056 1308 canunt

193 1342 418 1384 diabolicus
446 1348 511 1382 est
542 1343 606 1381 79.

140 1412 402 1455 Traditiones
429 1404 635 1452 seniorum
662 1408 871 1465 quomodo
902 1421 1059 1449 vocen-

193 1489 262 1522 tur
288 1496 312 1522 a
342 1479 511 1533 ludaeis,
544 1488 589 1522 et
607 1487 781 1535 quatuor
798 1478 958 1520 illarum
983 1492 1056 1532 ge-

195 1565 291 1592 nera
320 1554 415 1591 224.

138 1622 399 1664 Traditiones
425 1619 704 1674 necessariae,
746 1617 840 1674 quia
878 1631 928 1658 ex
953 1616 1058 1658 scri—

195 1692 326 1748 pturis
354 1691 440 1747 peti
470 1690 608 1732 omnia
636 1704 720 1731 non
760 1696 934 1742 possunt
963 1690 1057 1727 511.

140 1762 402 1804 Traditiones
420 1775 502 1802 non
522 1760 699 1816 scriptae
725 1774 749 1800 a
766 1766 894 1799 matre
920 1757 1055 1798 eccle-

196 1832 256 1872 sia
283 1831 451 1872 relictae
480 1834 574 1871 912.

139 1901 404 1944 Traditiones
439 1901 682 1943 Iudaeorum
713 1899 876 1955 quando
904 1912 1053 1953 coepe-

196 1971 280 2013 rint
309 1974 404 2012 332.

141 2041 320 2083 Trinitas
354 2041 518 2096 eiusque
546 2041 648 2082 fides
687 2054 807 2096 quam
839 2047 957 2080 tenet
987 2052 1058 2079 ec-

199 2110 321 2152 clesia
349 2114 446 2151 483.

142 2180 356 2223 Trinitatis
388 2181 567 2236 cognitio
596 2195 646 2221 ex
674 2179 864 2236 symbolo
895 2182 989 2219 891.

143 2251 324 2294 Trinitas
349 2251 468 2292 variis
490 2250 742 2306 temporibus
769 2249 929 2290 diverse
951 2262 1059 2289 nun-

196 2321 299 2362 tiata
330 2323 426 2361 899.

143 2391 356 2432 Trinitatis
398 2390 601 2446 triumque
643 2403 911 2446 personarum
949 2387 1060 2429 varia

198 2461 364 2501 nomina
394 2463 492 2502 895.
713 2461 717 2464 ’

144 2531 323 2572 Trinitas
351 2545 513 2585 semper
538 2529 773 2584 praedicata
802 2532 867 2569 18.

144 2600 324 2642 Trinitas
350 2608 538 2642 accurate
564 2615 588 2641 a
613 2599 813 2654 scriptura
841 2613 955 2640 sacra
983 2597 1061 2639 de-

202 2670 404 2720 claratur,
447 2684 551 2725 quae
586 2669 639 2709 de
679 2669 846 2723 singulis
876 2668 1061 2724 personis

203 2740 397 2781 distincte
426 2739 607 2795 loquitur
637 2742 730 2779 612.

144 2810 325 2852 Trinitas
353 2810 393 2850 in
424 2809 632 2850 creatione
671 2808 848 2850 hominis
892 2822 1059 2864 reprae-

200 2887 361 2920 sentata
391 2882 485 2919 383.

147 2948 362 2990 Trinitatis
389 2962 493 3004 quae
518 2948 570 2989 sit
595 2948 723 2997 ratio,
767 2956 809 2989 et
833 2962 915 3003 quo
940 2956 1063 3003 pacto

203 3033 304 3059 unus
340 3018 392 3058 sit
429 3018 526 3058 deus
566 3017 606 3058 in
644 3017 830 3059 trinitate
872 3021 967 3058 514.
1009 3042 1061 3050 —

201 3088 378 3144 qualiter
400 3087 557 3128 dicatur
581 3095 699 3142 pater
723 3088 821 3129 ibid.
851 3111 902 3120 ·—
959 3102 1063 3142 quae

202 3159 255 3199 sit
294 3158 365 3199 filii
391 3157 610 3212 productio
647 3160 739 3196 515.
773 3181 821 3188 --
881 3171 983 3212 quae
1011 3157 1064 3197 sit

203 3228 368 3284 spiritus
397 3227 528 3268 sancti
558 3226 776 3282 productio
800 3226 899 3267 ibid.
931 3251 980 3258 -
1039 3242 1063 3267 a

203 3307 321 3354 patre
350 3297 514 3352 filioque
543 3296 731 3351 procedit
759 3295 858 3337 ibid.

147 3366 328 3410 Trinitas
360 3381 504 3422 expers
533 3366 730 3422 passionis
757 3368 849 3405 968.
882 3388 936 3395 —
991 3364 1065 3404 sed

205 3439 372 3479 verbum
393 3438 435 3478 in
459 3451 579 3478 carne
602 3451 764 3491 passum
786 3443 848 3476 est
873 3434 960 3475 sine
985 3434 1065 3474 ulla

205 3506 430 3548 divinitatis
472 3506 659 3561 passione
697 3505 795 3546 ibid.
840 3528 890 3535 —-
963 3518 1066 3558 quae

207 3577 341 3618 omnia
378 3578 578 3618 humanae
615 3575 762 3616 mentis
804 3583 966 3630 captum
994 3589 1066 3614 su-

206 3655 352 3700 perant
384 3650 474 3687 969.
510 3646 559 3677 -'-
619 3645 823 3700 quomodo
863 3659 911 3685 ex
947 3652 1064 3699 patre

206 3715 365 3770 genitus
387 3716 544 3758 dicatur
570 3715 674 3756 filius
699 3718 791 3756 970.
812 3739 863 3747 —-
919 3715 961 3755 in
985 3714 1066 3755 tri-

208 3785 340 3827 nitate
365 3786 472 3827 solus
499 3786 598 3828 deus
626 3794 689 3827 est
712 3785 943 3827 adorandus
972 3787 1064 3826 974.

1923 320 2022 371 775

1164 455 1217 464 -
1249 441 1291 472 et
1313 431 1398 472 eius
1424 429 1534 471 nulla
1556 437 1618 470 est
1639 429 1718 470 alia
1743 442 1882 483 musa
1901 441 2024 483 prae-

1164 510 1230 543 ter
1258 501 1431 556 seipsam
1456 502 1550 540 975.
1581 523 1633 530 -
1692 512 1824 553 neque
1849 497 1930 540 ulla
1951 512 2026 539 ae·-

1167 570 1348 612 cessione
1385 584 1486 625 opus
1521 568 1647 611 habet
1685 571 1779 611 976.
1810 591 1863 600 -
1921 567 2025 610 circa

1164 639 1420 680 divinitatem
1445 638 1585 680 inanes
1609 645 1703 679 suut
1722 638 1931 679 hominum
1951 652 2025 679 co-

1165 709 1383 763 gitationes
1412 712 1506 749 979.
1535 732 1591 740 —-
1646 707 1732 749 sola
1761 708 1920 750 trinitas
1956 723 2027 750 se-

1165 778 1294 833 ipsam
1324 778 1535 834 cognoscit
1563 780 1656 818 980.
1687 781 1853 819 981.-
1896 792 1944 820 ea
1966 786 2027 819 est

1167 848 1254 888 sola
1279 848 1461 890 increata
1490 852 1583 889 984.

1112 918 1320 959 Tubarum
1341 933 1431 958 usus
1451 918 1492 958 in
1516 919 1644 959 veteri
1660 926 1911 960 testamento
1929 917 2028 974 quid

1169 987 1402 1042 designaret
1430 990 1527 1028 454.

1111 1057 1253 1099 Turris
1286 1057 1408 1099 Babel
1440 1061 1478 1098 6.

1112 1127 1295 1183 Tyranni
1335 1143 1383 1169 ac
1420 1142 1537 1182 reges
1578 1141 1652 1183 pro
1690 1127 1768 1168 diis
1797 1128 1896 1169 culti
1933 1127 2028 1170 inde

1168 1197 1338 1239 deorum
1367 1198 1497 1239 cultus
1528 1201 1565 1237 8.

1549 1325 1601 1365 V.

1113 1407 1494 1449 Valentinianorum
1514 1407 1690 1449 haeresis
1715 1423 1819 1464 quae
1845 1419 1907 1452 est
1935 1419 2031 1466 post

1172 1477 1518 1519 Christianismum
1569 1478 1783 1520 undecima
1838 1483 1931 1521 163.
1977 1506 2028 1512 -

1169 1547 1294 1589 iidem
1337 1562 1382 1589 se
1413 1547 1631 1590 Gnosticos
1660 1557 1811 1590 vocant
1851 1550 1947 1591 ibid.
1978 1573 2031 1581 --

1171 1618 1335 1673 quando
1365 1618 1567 1672 prodierit
1595 1631 1735 1660 eorum
1765 1628 1921 1661 auctor.

1115 1688 1319 1730 Valentini
1341 1688 1597 1743 Enthymesis
1616 1689 1702 1729 sive
1722 1690 1917 1744 cogitatio
1938 1690 2029 1745 qui-

1170 1758 1244 1799 bus
1283 1758 1486 1813 figmentis
1520 1759 1571 1800 ab
1607 1773 1655 1800 eo
1686 1760 1910 1814 explicetur
1939 1764 2031 1801 182.

1171 1837 1213 1868 et
1251 1831 1346 1870 183.
1375 1851 1428 1861 --
1498 1829 1799 1885 Enthymeseos
1830 1830 2034 1885 lacrymae

1172 1906 1410 1954 ceteraeque
1437 1899 1666 1940 huiusmodi
1700 1914 1831 1955 nugae
1856 1904 1949 1941 183.
1982 1925 2034 1933 —

1171 1968 1399 2023 disquisitio
1438 1969 1706 2024 lacrymarum
1733 1970 1817 2011 eius
1847 1978 1889 2011 et
1930 1985 2033 2026 qua-

1171 2038 1220 2078 lis
1241 2038 1389 2079 humor
1412 2038 1464 2079 ab
1490 2038 1568 2079 illis
1594 2038 1693 2080 fluat
1720 2042 1810 2080 184.
1844 2064 1897 2072 -
1953 2040 2033 2081 tri·-

1173 2108 1269 2163 plici
1300 2123 1349 2149 ex
1384 2107 1551 2149 materia
1580 2116 1682 2163 quot
1716 2123 1850 2150 rerum
1885 2124 2035 2165 genera

1174 2175 1375 2232 producta
1414 2178 1576 2219 finxerit
1614 2181 1707 2219 185.
1739 2203 1788 2211 --
1846 2180 1958 2222 fictio
1984 2180 2035 2221 de

1173 2256 1332 2302 septem
1363 2248 1544 2303 sphaeris
1584 2248 1826 2290 coelestibus
1857 2253 1951 2291 186.
1982 2274 2032 2280 -·

1173 2317 1380 2358 diabolum
1422 2317 1562 2358 mundi
1604 2319 1706 2360 facit
1733 2319 2037 2361 moderatorem

1176 2402 1266 2428 cum
1290 2388 1444 2442 angelis
1472 2388 1677 2443 nequitiae
1701 2392 1792 2430 187.
1816 2413 1865 2420 —-
1907 2389 2033 2431 homo

1175 2466 1219 2498 ut
1246 2457 1419 2513 qualiter
1457 2458 1508 2498 ab
1536 2472 1588 2499 eo
1616 2459 1805 2500 conditus
1846 2459 2036 2501 credatur

1174 2527 1273 2568 ibid.
1298 2551 1343 2559 -
1387 2528 1530 2583 quibus
1557 2542 1608 2569 ex
1634 2528 1817 2584 partibus
1842 2537 1885 2569 et
1911 2528 2035 2570 initiis

1176 2605 1337 2639 constet
1365 2601 1459 2641 188.
1480 2621 1531 2630 —
1571 2598 1755 2639 animalis
1776 2598 1915 2648 homo,
1947 2599 2036 2654 spi-

1176 2667 1303 2708 ritalis
1328 2676 1370 2708 et
1394 2668 1565 2709 carnalis
1589 2668 1697 2723 apud
1722 2681 1816 2709 eum
1841 2677 1886 2709 ut
1911 2668 2035 2710 diffe-

1174 2746 1240 2778 rat
1264 2741 1359 2778 189.
1391 2761 1439 2769 ο-
1498 2737 1875 2780 Valentinianorum
1914 2738 2034 2793 flagi-

1175 2807 1234 2847 tia
1272 2807 1368 2848 ibid.
1404 2832 1452 2839 —-
1512 2807 1726 2848 vanissima
1762 2807 1902 2863 opinio
1930 2808 2035 2849 circa

1174 2877 1385 2918 mulierum
1420 2891 1603 2919 amorem
1644 2880 1737 2918 190.
1780 2901 1832 2908 -
1900 2877 2036 2932 iguem

1175 2947 1369 2988 mundum
1384 2955 1714 3001 consumpturum
1729 2949 1823 2988 191.
1843 2970 1894 2978 —
1931 2962 2035 3003 qua-

1175 3025 1270 3058 tuor
1305 3032 1354 3058 ex
1378 3018 1533 3058 naturis
1557 3016 1804 3058 salvatorem
1829 3017 2036 3072 composi-

1175 3075 1260 3127 tuni
1289 3095 1473 3128 asserunt
1487 3085 1584 3127 ibid.
1601 3110 1654 3117 -—
1694 3088 1901 3141 quomodo
1925 3088 2035 3129 vati-

1175 3147 1279 3197 cinia
1317 3156 1609 3212 prophetarum
1646 3155 1832 3198 dividant
1860 3161 1953 3200 192.
1980 3180 2037 3190 -·

1174 3225 1252 3266 tria
1280 3225 1485 3266 hominum
1514 3239 1663 3279 genera
1700 3226 1923 3267 secundum
1948 3228 2035 3268 Va-

1176 3295 1424 3335 lentinianos
1445 3294 1544 3335 ibid.
1559 3317 1608 3326 -
1638 3303 1739 3348 quot
1759 3295 1858 3336 item
1876 3296 2035 3337 anima-

1113 3374 1117 3379 ·
1147 3383 1149 3386 ’
1176 3379 1264 3405 rum
1287 3364 1440 3419 species
1464 3363 1619 3418 fingant
1644 3367 1736 3404 193.
1767 3389 1816 3396 -
1874 3366 2036 3407 refuta-

1175 3434 1236 3475 tio
1259 3433 1495 3488 dogmatum
1520 3433 1723 3474 Valentini
1748 3434 1844 3475 ibid.
1868 3459 1913 3467 —
1945 3438 2034 3477 Va—

1177 3503 1320 3544 lentini
1363 3507 1521 3544 Aeones
1568 3503 1736 3557 triginta
1778 3504 2036 3547 tricenarium

1178 3587 1385 3614 numerum
1418 3586 1616 3613 annorum
1654 3573 1762 3614 vitae
1791 3574 1939 3615 Christi
1968 3575 2034 3616 in-

1177 3644 1317 3685 dicant
1343 3658 1392 3683 ex
1424 3642 1507 3682 eius
1545 3650 1682 3683 mente
1724 3646 1818 3684 176.
1848 3668 1901 3676 -
1957 3645 2036 3686 alia

1177 3714 1229 3753 de
1253 3713 1367 3768 nugis
1410 3712 1591 3752 eiusdem
1627 3713 1832 3754 sententia
1860 3717 1952 3755 177.
1981 3738 2036 3747 -

1178 3785 1312 3826 Horus
1351 3782 1436 3825 sive
1462 3781 1676 3824 Terminus
1718 3791 1760 3825 et
1785 3784 2036 3827 Horothetes
