2508 4134
899 282 1081 323 INDEX
1110 282 1317 324 RERUM.

1955 271 2053 323 753

210 380 253 422 in
279 379 489 435 scripturis
520 393 604 420 non
644 380 896 435 reperiatur,
938 388 1075 421 tamen
1135 380 1301 422 Davidis
1317 380 1436 421 sedes
1454 380 1564 435 regia
1580 380 1738 421 sublata
1761 393 1811 420 ex
1836 392 1917 434 quo
1940 378 2055 420 Chri·

211 449 263 490 ad
302 463 463 490 sensum
503 448 727 504 scripturae
766 448 1077 503 intelligendum

212 518 485 560 necessarium
517 522 610 561 798.

159 589 283 630 Cores
327 589 437 643 apud
483 588 776 630 Alexandrinos
821 588 950 629 cultus
979 592 1074 629 444.

211 658 445 710 (Addend.)
581 651 583 653 ¹

158 728 321 770 Corium
335 760 346 778 ,
376 727 743 771 Alexandrinorum
763 727 960 783 templum
981 732 1077 768 444.

213 797 446 852 (Addend.)

160 868 316 923 Corpus
356 867 532 909 hominis
553 883 576 909 a
605 867 684 909 deo
717 868 769 909 ad
807 882 969 909 omnem
996 868 1079 908 ho-

213 946 414 979 nestatem
438 953 526 979 esse
552 947 754 990 creatum,
783 938 866 979 imo
893 946 934 979 et
966 952 1080 978 usum

213 1008 274 1049 rei
324 1023 521 1050 venereae
564 1007 617 1049 ad
659 1008 726 1049 dei
763 1009 885 1050 decus
932 1008 1080 1050 referri

217 1082 310 1120 289.

162 1150 316 1204 Corpus
368 1148 515 1189 Christi
558 1163 632 1202 per
673 1162 840 1203 granum
889 1146 1082 1189 frumenti

214 1219 499 1261 adumbratum
534 1221 626 1258 597.
659 1241 712 1250 -
767 1217 876 1258 idem
915 1217 1082 1258 omniuo

216 1289 295 1330 fuit
324 1296 418 1343 post
446 1288 808 1337 resurrectionem,
855 1287 965 1343 quod
995 1295 1084 1328 erat

217 1359 313 1400 dum
343 1359 499 1399 viveret
528 1361 621 1399 598.

164 1429 318 1485 Corpus
335 1427 486 1469 Christi
505 1442 587 1469 non
608 1427 688 1468 fuit
710 1427 991 1486 imaginarium
1011 1425 1084 1467 sed

216 1513 360 1540 verum
387 1501 507 1540 1003.
536 1523 587 1530 --
630 1506 772 1539 contra
800 1497 1085 1538 Manichaeum

217 1569 318 1611 ibid.

166 1640 322 1695 Corpus
352 1639 509 1680 animae
539 1638 743 1679 vinculum
773 1653 855 1680 non
887 1652 975 1678 esse
1007 1637 1085 1677 de-

218 1717 469 1750 monstratur
497 1711 591 1750 569.

166 1780 322 1835 Corpus
365 1779 572 1834 depositio
602 1778 730 1819 instar
771 1778 855 1833 agri
875 1810 886 1831 ,
934 1786 977 1818 et
1018 1791 1087 1818 cur

219 1850 278 1891 ita
308 1853 402 1891 602.

167 1921 319 1975 Corpus
348 1919 520 1961 animale
555 1927 598 1960 et
622 1918 831 1973 spiritale,
878 1917 1087 1973 quomodo

219 1991 272 2031 sit
299 1989 608 2044 intelligendum
639 1992 732 2029 592.

168 2060 302 2102 Creati
346 2069 387 2101 et
436 2059 564 2114 geniti
613 2058 846 2100 differentia
887 2059 1006 2113 plane
1046 2066 1090 2098 et

220 2139 363 2186 aperte
393 2130 597 2185 explicata
628 2133 720 2170 986.

169 2201 387 2242 Creaturae
431 2214 570 2241 omnes
613 2200 820 2242 subiectae
871 2207 965 2239 sunt
1008 2198 1089 2238 deo

165 2307 169 2311 .
223 2279 367 2312 contra
397 2270 535 2311 Arium
567 2274 659 2310 741.

170 2341 309 2382 Cretes
333 2340 548 2381 mendaces
568 2341 668 2383 dicti
690 2340 936 2381 anctoritate
963 2339 1091 2379 Calli-

222 2411 357 2452 machi
396 2419 440 2451 et
481 2410 756 2466 Epimenidis,
803 2411 872 2466 qui
904 2425 927 2452 a
966 2410 1090 2451 Paulo

225 2482 401 2522 citantur
430 2483 523 2520 362.

172 2551 332 2601 Cronia,
367 2551 658 2606 Aegyptiorum
683 2552 834 2592 festum
857 2555 953 2591 444.
980 2550 1092 2603 (Ad-

227 2621 376 2672 dend.)

175 2691 279 2731 Crux
306 2690 566 2731 maledictum
596 2690 711 2744 legis,
742 2699 784 2731 et
814 2705 884 2732 cur
911 2691 969 2732 ita
998 2694 1091 2731 700.

175 2760 313 2802 Crucis
338 2760 498 2815 signum
523 2769 714 2815 quantam
736 2760 817 2801 vim
839 2761 988 2801 habeat
1015 2761 1093 2801 ad-

228 2844 364 2871 versus
393 2830 596 2871 maleficas
625 2838 745 2881 artes,
777 2839 819 2871 et
851 2831 1093 2885 praestigias

228 2901 470 2941 daemonum
495 2903 588 2941 132.

178 2971 316 3012 Crucis
355 2970 471 3025 signo
502 2970 787 3012 daemoniacus
815 2980 980 3012 sanatur
1022 2987 1095 3026 per

229 3055 357 3096 aquae
385 3040 660 3095 aspersionem
690 3044 783 3082 134.

178 3111 293 3168 Cycli
331 3110 481 3151 lunaris
529 3119 652 3165 atque
706 3119 939 3165 epactarum
991 3112 1096 3153 ratio

238 3185 332 3223 825.

179 3253 336 3309 Cyprus
373 3251 502 3292 insula
535 3251 682 3291 Citium
721 3261 891 3303 vocata,
944 3260 985 3291 et
1015 3251 1099 3306 Cy-

231 3322 412 3378 priorum
453 3321 786 3376 Rhodiorumque
832 3335 979 3362 nomen
1026 3322 1099 3361 sub

237 3392 343 3434 Citio
374 3391 605 3434 continetur
636 3394 726 3432 150.

614 3520 663 3559 D.

181 3602 408 3644 Daemones
433 3617 507 3658 per
532 3602 703 3643 feminas
730 3614 889 3643 errores
916 3600 1101 3642 introdu-

239 3681 335 3714 cunt
362 3677 480 3714 1058.

183 3742 316 3783 David
346 3744 495 3798 primus
523 3758 592 3785 rex
625 3743 893 3793 etribuluda‚
924 3743 994 3783 sed
1010 3742 1103 3783 Saul

237 3813 310 3854 illo
339 3814 450 3867 prior
474 3828 522 3854 ex
552 3815 661 3855 tribu
693 3813 897 3854 Beniamin
930 3817 993 3854 15.

269 3881 413 3928 Corpus
434 3882 658 3920 Haereseol.
685 3883 731 3918 11.
755 3884 787 3917 3.

1189 458 1272 491 stus
1305 450 1525 491 Bethleemi
1554 458 1616 491 est
1645 457 1762 491 natus
1793 452 1887 490 118.

1137 519 1301 560 Davidis
1325 520 1444 560 sedes
1470 520 1582 575 regia
1611 535 1684 575 per
1714 519 1864 560 Christi
1887 533 2056 575 regnum

1189 589 1269 630 suit
1296 589 1338 630 in
1367 590 1581 631 ecclesiam
1608 590 1804 631 translata
1834 593 1925 630 118.

1136 659 1302 700 Davidis
1329 660 1635 702 tabernaculum
1654 674 1866 715 resurgere
1891 659 1988 716 quid
2004 660 2058 701 sit

1191 732 1284 770 559.

1138 799 1362 840 Decimatio
1376 800 1472 855 quid
1490 800 1750 842 adumbraret
1764 801 1874 856 apud
1887 802 2058 843 ludaeos

1193 873 1258 910 20.

1137 940 1215 980 Dei
1243 954 1397 981 summa
1425 941 1645 982 liberalitas
1674 941 1715 982 in
1749 955 1868 983 omne
1896 949 2056 983 creatu-

1192 1024 1325 1050 rarum
1353 1025 1478 1065 genus
1509 1014 1603 1051 959.

1138 1081 1184 1120 In
1204 1080 1282 1120 deo
1310 1080 1409 1121 nihil
1430 1090 1491 1121 est
1512 1081 1621 1135 prius
1651 1082 1715 1122 vel
1735 1081 1937 1137 posterius
1962 1085 2057 1122 965.

1142 1150 1268 1190 Deum
1309 1165 1332 1191 a
1374 1151 1644 1205 potestatibus
1684 1167 1732 1193 ac
1768 1153 2059 1208 principatibus

1194 1220 1346 1260 victum
1387 1235 1469 1262 non
1511 1221 1635 1263 fuisse
1679 1222 1876 1277 probatur
1918 1230 2061 1264 contra

1196 1290 1456 1332 Manichaeos
1488 1295 1580 1332 641.

1144 1361 1230 1400 Deo
1258 1360 1400 1401 melius
1427 1370 1489 1401 est
1517 1361 1645 1411 nihil,
1674 1377 1723 1403 ac
1749 1362 1922 1416 proinde
1950 1363 2062 1418 quod

1196 1429 1325 1470 simile
1364 1439 1425 1471 est
1461 1431 1520 1471 illi
1550 1432 1729 1472 omnium
1763 1442 1825 1473 est
1862 1435 2062 1486 optimum

1198 1502 1290 1540 952.
1320 1525 1373 1532 -ι
1425 1501 1468 1541 in
1496 1501 1575 1542 deo
1605 1515 1694 1542 esse
1720 1501 1958 1543 affectiones
1980 1503 2063 1543 im-

1199 1570 1309 1625 pium
1351 1579 1413 1611 est
1453 1571 1591 1612 dicere
1621 1575 1713 1612 953.
1744 1596 1798 1602 —
1864 1573 1963 1614 deus
2001 1581 2064 1613 est

1198 1640 1454 1695 omnipotens
1475 1641 1573 1682 ibid.
1591 1666 1643 1674 --
1673 1643 1873 1697 passionis
1898 1651 1961 1684 est
1988 1658 2060 1684 ex-

1199 1725 1292 1765 pers
1321 1711 1361 1751 in
1391 1711 1625 1765 generando
1656 1715 1748 1752 954.

1147 1783 1276 1821 Deum
1301 1796 1383 1822 non
1409 1781 1537 1823 videri
1565 1797 1588 1823 a
1613 1797 1830 1838 quoquam,
1861 1783 2064 1824 Christum

1198 1859 1334 1892 tamen
1363 1866 1437 1906 per
1466 1866 1628 1893 carnem
1657 1853 1913 1895 divinitatem
1943 1853 2066 1894 fuisse

1201 1923 1416 1976 probatam
1447 1926 1540 1964 613.
1561 1947 1610 1954 -
1642 1923 1850 1978 quomodo
1882 1924 2065 1965 Christus

1200 1992 1241 2032 in
1271 2001 1388 2047 patre
1416 2007 1497 2034 non
1526 1993 1603 2044 sit,
1637 2002 1680 2034 ut
1706 1993 1748 2035 in
1775 1993 1900 2035 corde
1927 1994 2065 2035 homi-

1202 2062 1263 2102 nis
1294 2063 1461 2103 verbum
1489 2063 1591 2105 ibid.

1148 2133 1327 2173 Deorum
1356 2133 1596 2187 genealogia
1626 2148 1675 2173 ex
1705 2134 1888 2175 Hesiodo
1919 2135 1987 2190 qui
2019 2149 2068 2175 ex

1207 2203 1318 2243 Chao
1343 2203 1585 2257 prodierunt
1614 2207 1707 2245 166.
1725 2229 1776 2236 -
1806 2204 1906 2245 item
1933 2213 1975 2245 et
2000 2204 2070 2246 alii

1117 2282 1121 2327 1
1204 2272 1272 2327 qui
1303 2273 1491 2314 dicuntur
1519 2274 1569 2314 ab
1600 2287 1649 2314 eo
1679 2274 1845 2316 conficti
1874 2278 1968 2316 167.

1118 2330 1120 2337 ¹
1152 2345 1328 2384 Deorum
1360 2343 1583 2384 Gentilium
1613 2345 1790 2395 Saturni,
1822 2346 1957 2396 Iovis,
1990 2354 2068 2387 etc.

1205 2413 1320 2467 origo
1362 2417 1399 2453 8.

1151 2486 1258 2525 Deus
1301 2483 1508 2538 quomodo
1550 2499 1573 2524 a
1615 2485 1826 2539 prophetis
1866 2485 1920 2526 sit
1963 2486 2069 2528 visus

1207 2558 1298 2594 817.

1151 2627 1258 2665 Deus
1298 2624 1502 2680 quomodo
1532 2623 1687 2679 videri,
1730 2639 1778 2666 ac
1818 2639 1901 2667 non
1942 2625 2072 2668 videri

1206 2709 1327 2750 posse
1356 2694 1515 2735 dicatur
1545 2697 1638 2735 818.

1152 2765 1227 2806 Dei
1252 2766 1446 2805 immensa
1477 2773 1538 2805 est
1570 2765 1781 2819 potentia,
1813 2774 1855 2805 et
1880 2765 1964 2806 eius
1994 2780 2071 2807 vo-

1120 2861 1125 2939 l
1205 2835 1352 2875 luntati
1374 2849 1494 2875 nemo
1523 2843 1662 2888 potest
1689 2835 1876 2876 resistere
1902 2835 2000 2876 ibid.
2019 2860 2072 2867 —

1202 2904 1466 2945 similitudine
1493 2905 1723 2945 declaratur
1765 2904 1971 2961 quomodo
2005 2906 2072 2947 vi·-

1207 2974 1350 3015 deatur
1378 2974 1476 3014 deus
1508 2977 1601 3014 819.

1155 3046 1264 3086 Deus
1293 3044 1500 3100 quomodo
1523 3045 1666 3098 gignit,
1694 3045 1792 3086 item
1817 3045 1943 3088 homo
1969 3058 2074 3101 quo-

1209 3114 1334 3156 modo
1363 3114 1493 3168 gignit
1524 3118 1613 3166 750.

1158 3186 1265 3225 Deus
1305 3192 1347 3224 et
1375 3184 1543 3224 materia
1585 3184 1666 3224 duo
1708 3185 1906 3240 principia
1935 3186 2075 3227 Mani-

1214 3254 1427 3295 chaeorum
1454 3262 1496 3293 et
1524 3267 1660 3293 eorum
1687 3254 1883 3297 refutatio
1912 3259 2005 3296 630.
2022 3280 2076 3287 —

1213 3324 1381 3363 diversis
1412 3338 1458 3364 ea
1488 3324 1716 3364 nominibus
1742 3325 1946 3367 vocabant
1975 3326 2075 3367 ibid.

1162 3395 1268 3433 Deus
1313 3393 1439 3433 malus
1481 3407 1568 3433 esse
1613 3409 1694 3435 non
1734 3403 1899 3450 potest,
1945 3411 2077 3452 neque

1214 3463 1308 3504 mali
1339 3472 1479 3504 auctor
1510 3467 1603 3505 631.

1163 3535 1268 3574 Deus
1295 3534 1446 3575 saeculi
1486 3534 1575 3589 quis
1612 3534 1770 3576 dicatur
1796 3535 1839 3576 in
1867 3536 2079 3591 evangelio

1217 3607 1309 3644 684.

1164 3676 1268 3714 Deus
1309 3674 1408 3714 nihil
1447 3675 1668 3716 femineum
1696 3683 1834 3729 potest
1862 3677 2079 3719 admittere

1218 3753 1359 3785 contra
1391 3745 1650 3786 Manichaeos
1681 3749 1773 3787 658.

1681 3892 1746 3942 48
