2508 4134
456 298 562 352 324
1165 303 1369 345 SANGTI
1397 303 1683 345 EPIPHANJI

457 405 511 459 τὸ
541 402 670 466 εἶδος
709 404 794 456 καὶ
826 399 886 456 τά
914 399 1070 470 πάχη,
1121 404 1167 453 τί
1193 398 1247 454 vd
1277 398 1428 468 ἀκρον
1462 406 1561 453 τῶν
1592 398 1722 463 ἅνω,
1773 401 1818 451 τί
1847 396 1901 451 τὸ
1929 397 2082 466 τέρμα
2114 403 2212 451 τῶν
2236 395 2388 464 κάτω,

434 495 502 544 ’τί
530 493 582 544 έν
608 493 770 562 δεξιᾷ,
808 492 853 541 τί
881 489 932 541 έν
958 483 1258 554 εὐωνύμοις,
1296 492 1384 554 τῆς
1414 489 1613 546 κτίσεως
1639 490 1725 551 τῆς
1752 485 1932 536 ἑαυτοῦ
1958 482 2180 544 πλάσεως
2199 480 2254 535 τὸ
2284 482 2388 551 διή-

264 2824 348 2861 pag.
369 2813 443 2850 991.

457 598 619 646 γημα,
672 581 771 627 τῶν
804 575 884 626 ἐπὶ
929 578 981 609 ¹⁸
1000 578 1090 642 γῆς
1119 569 1394 639 ἀμυθήτων
1420 569 1507 623 τόν
1536 568 1759 639 ἀριθμόν
1785 576 1868 622 καὶ
1897 567 1955 621 τά
1983 568 2159 638 μέτρα,
2219 573 2390 622 19λοι,

457 659 556 715 πὸν
586 666 741 713 ταῦτα
763 657 1007 727 ἤκουσαν,
1063 654 1130 719 οἷς
1159 655 1435 725 ἠκούσαμεν
1458 653 1591 726 παρά
1620 661 1716 707 τῶν
1747 652 1830 707 ὕπ’
1856 652 2011 707 αὐτοῦ
2042 654 2389 722 ἠπατημένων,

459 748 528 808 εἰς
572 743 864 812 σοφιστικὰς
903 741 1180 814 προφάσεις
1221 743 1623 813 παρεκκλίναντες
1668 742 1912 812 εἰρωνείᾳ,
1963 737 2139 793 λοιπὸν
2167 741 2391 811 λέγουσιν

459 830 543 885 ἀπ’
572 834 761 885 ἐκείνου
805 827 1148 898 μεμαθηκότες
1177 826 1253 881 ὅτι
1295 825 1454 879 πάντα
1496 831 1650 877 ταῦτα
1683 822 1743 878 τά
1788 823 2042 891 σωματικά
2089 827 2250 879 20καὶ
2287 827 2391 879 ἔστι

457 919 544 971 καὶ
570 915 631 970 οὐ
658 914 919 983 δυνάμεθα
944 916 1138 968 εἰδέναι.
1223 911 1318 966 Τὸν
1343 909 1465 965 θεὸν
1493 911 1546 963 δὲ
1570 907 1658 963 τόν
1683 907 1808 963 αὐτοὶ
1845 908 2151 978 πεποιηκότα
2190 913 2392 978 οἷ’δαμεν

459 1009 633 1069 σαφῶς
665 1008 721 1039 ²¹
740 999 964 1063 ποταπός
997 1002 1093 1054 ἐστι
1126 1000 1210 1052 καὶ
1240 1003 1348 1059 πῶς
1378 999 1476 1050 ἔστι
1506 996 1587 1048 καὶ
1627 992 1737 1057 οἷός
1764 997 1864 1048 ἐστι
1891 997 1977 1048 καὶ
2004 999 2078 1058 τίς
2110 998 2222 1050 ἐστι.
2304 998 2389 1057 Τίς

459 1090 513 1142 δὲ
538 1086 758 1150 ἀκούσας
782 1092 934 1139 ταῦτα
964 1085 1059 1139 οὐκ
1090 1083 1151 1137 ἀν
1180 1081 1545 1153 καταγελάσειεν
1583 1078 1763 1145 εὖθύς;
1839 1079 2046 1148 Εῦηθες
2078 1080 2171 1152 γάρ
2204 1083 2306 1135 ἐστι
2334 1078 2389 1134 τὸ

459 1173 574 1229 ὅλον
613 1173 690 1227 ὅτι
726 1171 813 1227 τὸν
852 1175 1068 1240 τεχνίτην
1095 1171 1180 1223 καὶ
1221 1168 1518 1238 ἀσύγκριτον
1556 1167 1641 1219 καὶ
1675 1165 2027 1236 ἆνεκδιήγητον
2061 1168 2185 1238 λέγει
2213 1167 2390 1220 εἰδέναι

457 1261 542 1314 καὶ
579 1258 909 1330 ἠκριβωκέναι
950 1258 1054 1320 (καὶ
1091 1258 1198 1308 εἴθε
1235 1256 1362 1323 ἔλεγε
1398 1257 1457 1326 τῇ
1501 1255 1656 1304 πίστει
1693 1252 1873 1304 εἰδέναι
1911 1253 1997 1305 καὶ
2033 1249 2388 1323 ἠκριβωκέναι·

459 1343 576 1398 ἀλλὰ
606 1344 673 1413 μὴ
706 1342 830 1398 κατά
858 1346 1043 1411 εἴδησίν
1083 1363 1194 1394 τινα
1234 1337 1572 1407 ψηλαφήσεως
1613 1335 1791 1405 ἐτόλμα
1831 1338 1915 1391 καὶ
1951 1343 2161 1406 τολμῶσι
2203 1339 2392 1408 λέγειν),

458 1429 518 1485 τά
553 1431 605 1484 δὲ
633 1427 716 1483 ὑπ’
747 1429 904 1482 αὐτοῦ
935 1426 1173 1499 γενόμενα
1209 1430 1298 1478 τοῦ
1323 1421 1620 1494 ἀσυγκρίτου
1652 1421 1735 1476 διά
1762 1420 1817 1477 τὸ
1845 1421 1970 1476 κατά
2000 1422 2054 1477 τό
2087 1420 2220 1486 εἶδος
2244 1420 2392 1476 δυνά-

460 1538 583 1586 μενα
609 1514 747 1586 παρά
772 1520 873 1568 τῶν
900 1512 1132 1585 ὁρώντων
1168 1508 1643 1581 ὗπερθαυμάζεσθαι
1675 1508 1883 1576 φάσκειν
1916 1506 2068 1562 αὐτόν
2093 1529 2144 1562 τε
2168 1510 2253 1562 καὶ
2277 1506 2394 1571 τούς

459 1602 616 1656 αὐτοῦ
647 1600 713 1670 μὴ
741 1602 934 1666 εἰδέναι,
973 1598 1176 1667 μάλιστα
1203 1595 1363 1664 πάντη
1389 1601 1488 1649 τῶν
1514 1599 1669 1649 θείων
1694 1601 1903 1666 γραφῶν
1927 1602 2103 1662 σαφῶς
2127 1596 2240 1666 περὶ
2267 1598 2394 1648 θεοῦ

457 1693 808 1760 κηρυττουσῶν
829 1684 883 1739 τό
912 1683 1128 1756 ἀόρατον
1156 1680 1306 1735 αὐτόν
1334 1678 1476 1747 εἶναι,
1513 1683 1598 1734 καὶ
1621 1679 1986 1748 ἀκατάληπτον,
2022 1682 2105 1734 καὶ
2130 1678 2390 1755 ἆπερινόη·

458 1796 570 1838 τον,
619 1772 776 1842 μόνον
807 1772 860 1825 δὲ
885 1774 1042 1824 πίστει
1068 1771 1120 1823 έν
1157 1769 1369 1841 ἀληθείᾳ
1405 1767 1765 1839 γινωσκόμενον
1802 1765 1878 1820 ὅτι
1902 1769 2002 1821 ἔστι
2026 1768 2111 1821 καὶ
2138 1774 2242 1829 τοῖς
2272 1763 2391 1837 ἀγα·

460 1866 619 1921 παῖσιν
656 1856 809 1913 αὐτόν
846 1854 1224 1927 μισθαποδότης
1259 1857 1456 1925 γίνεται.

587 2203 746 2257 ’Ὀταν
769 2203 823 2255 δέ
847 2223 922 2263 τις
947 2200 1118 2261 αὐτοῖς
1146 2201 1261 2272 εἷ’πῃ
1289 2203 1388 2251 τῶν
1416 2194 1588 2267 ὀρθῶς
1623 2197 1735 2267 περὶ
1770 2202 1898 2249 θεοῦ
1929 2195 2078 2264 δόξης
2103 2194 2313 2258 πίστεώς
2342 2214 2393 2248 τε

460 2292 547 2344 καὶ
584 2290 783 2360 ἀγάπης
818 2289 902 2341 καὶ
944 2284 1292 2352 ἀκαταληψίας
1333 2281 1634 2346 δοξαζόντων
1679 2281 1778 2347 ὅτι,
1830 2279 1993 2349 Ἡμεῖς
2031 2284 2233 2350 οἴδαμεν
2267 2279 2393 2335 θεὸν

462 2374 830 2443 ἀκατάληπτον,
869 2371 995 2426 θεὸν
1026 2369 1266 2440 ἀόρατον,
1305 2366 1687 2438 άνεκδιήγητον,
1727 2370 1930 2435 οἴδαμεν
1961 2369 2013 2421 δὲ
2040 2366 2191 2421 αὐτόν
2222 2365 2391 2434 ὅντως,

463 2460 581 2515 ὅντα
609 2461 663 2513 δὲ
689 2458 900 2529 ἀόρατον
932 2458 1018 2509 καὶ
1052 2454 1423 2523 ἀκατάληπτον,
1476 2456 1914 2521 ἐπισκωμματικῶς
1942 2456 2027 2508 καὶ
2055 2457 2271 2516 κωτίλως
2295 2460 2391 2508 λοι-

463 2544 562 2599 πὸν
590 2543 657 2607 ὥς
698 2543 864 2612 μύθου
899 2540 1010 2595 τινά
1047 2540 1370 2611 διηγούμενος
1411 2538 1671 2608 ἐτόλμησεν
1707 2532 1852 2601 οῦτος
1892 2537 1922 2593 ὅ
1950 2539 2041 2608 τὴν
2075 2538 2254 2608 καινὴν
2291 2542 2394 2592 δια·
2463 2598 2471 2605 ,

463 2629 689 2699 λεκτικὴν
726 2627 846 2698 ἡμῖν
886 2628 1077 2698 φέρων,
1139 2630 1245 2680 Τίνι
1282 2618 1374 2679 οῦν
1412 2627 1600 2679 ἐοίκατε
1612 2667 1626 2691 ,
1666 2627 1749 2679 καὶ
1774 2622 1808 2694 ἡ
1832 2622 1975 2692 ῦμῶν
1995 2629 2179 2690 πίστις,
2257 2630 2394 2696 Παρ-

445 2719 600 2789 θένῳ
627 2717 903 2787 φθαρείσῃ,
954 2711 1078 2785 οῦση
1118 2712 1170 2765 δὲ
1199 2717 1360 2785 τυφλῇ
1398 2712 1482 2764 καὶ
1517 2717 1667 2785 κωφῇ
1699 2712 1784 2764 καὶ
1821 2708 2009 2784 ἀλάλῳ,
2059 2710 2168 2779 ἥτις
2201 2709 2277 2763 ὅτι
2306 2711 2394 2778 μὲν

467 2804 758 2873 πέφθαρται
798 2806 918 2852 πᾶσι
946 2800 1136 2866 πέφηνε
1165 2805 1269 2860 τοῖς
1307 2795 1463 2865 αὐτὴν
1500 2796 1834 2867 γινώσκουσιν.
1898 2797 2222 2867 Ἐρωτωμένη
2245 2795 2297 2849 δὲ
2322 2799 2395 2858 τίς

466 2886 494 2942 ὁ
523 2885 749 2959 φθορεῦς
774 2883 866 2940 οῦκ
895 2881 1093 2950 ἀκούει,
1131 2886 1213 2936 ἵνα
1240 2880 1404 2957 μάθῃ,
1441 2885 1524 2936 καὶ
1554 2881 1664 2936 οῦτε
1693 2881 1878 2953 ἑώρακε
1909 2880 1995 2935 τὸν
2023 2884 2393 2952 22φθείραντα,

2029 2965 2040 2986 ἱ
2077 2965 2103 2984 ,Ι

466 2973 549 3028 διά
588 2972 642 3027 τὸ
689 2977 1061 3038 τετυφλῶσθαι,
1115 2967 1227 3023 οῦτε
1269 2966 1557 3039 ἀπαγγεῖλαι
1595 2967 1825 3033 δύναται,
1875 2965 1958 3020 διά
1987 2989 2040 3020 το
2071 2973 2270 3020 αλαλον·
2327 2963 2395 3029 ὥς

467 3057 593 3112 εἶναι
621 3056 959 3127 ἀντιστρόφως
995 3053 1122 3126 πρὸς
1148 3053 1301 3108 αὐτὸν
1336 3056 1419 3107 καὶ
1457 3052 1543 3107 τόν
1581 3051 1733 3107 αὐτοῦ
1761 3059 1928 3121 μῦθον
1957 3051 2083 3105 κατά
2110 3051 2163 3106 τὸ
2190 3074 2395 3124 γεγραμ-

468 3146 643 3214 μένον,
686 3141 1072 3213 23Ἐπιστρέψει
1097 3138 1125 3193 ὁ
1152 3139 1309 3202 πόνος
1337 3137 1490 3192 αὐτοῦ
1515 3142 1583 3202 εἰς
1609 3137 1827 3206 κεφαλὴν
1853 3136 2022 3203 αὐτοῦ,
2060 3140 2145 3191 καὶ
2176 3141 2392 3207 ἐμπεσεῖ-

465 3252 545 3283 ται
573 3232 641 3291 εἰς
666 3228 861 3299 βόθρον
888 3227 945 3281 ὃν
969 3225 1238 3296 εἰργάσατο,
1275 3227 1359 3279 καὶ
1387 3223 1447 3277 τά
1475 3224 1669 3286 τούτοις
1695 3222 1856 3291 ὅμοια.
1930 3221 2096 3286 Αῦτὸς
2134 3222 2226 3295 γὰρ
2267 3214 2394 3278 ἔοικε

467 3321 637 3387 τυφλῷ
670 3316 723 3368 ἐκ
748 3320 942 3384 γενετῆς
967 3312 1096 3366 οῦτω
1127 3312 1482 3383 γεγεννημένῳ,
1520 3314 1740 3363 λαλοῦντι
1768 3309 1842 3374 δὲ,
1886 3311 1971 3362 καὶ
1993 3308 2145 3363 πολλοὶ
2170 3316 2394 3363 λαλοῦντι

1441 3402 1463 3412 -
1531 3394 1541 3414 ,
1575 3393 1601 3413 ,ι

464 3402 552 3453 καὶ
585 3397 842 3465 ἀκούοντι,
880 3400 966 3452 καὶ
996 3397 1147 3451 εἰδότι
1176 3398 1262 3465 μὲν
1288 3404 1465 3449 λευκου
1489 3418 1542 3449 το
1572 3417 1757 3462 ονομα,
1809 3395 1893 3447 καὶ
1923 3396 2152 3462 μέλανος,
2200 3399 2392 3448 κυανοῦ

466 3506 517 3537 τε
557 3486 642 3538 καὶ
683 3488 924 3556 πρασίνου
966 3485 1051 3537 καὶ
1091 3489 1317 3553 πυρροῦ,
1369 3483 1451 3536 καὶ
1493 3486 1590 3534 τῶν
1630 3478 1784 3532 ἄλλων
1824 3480 2081 3553 διαφόρων
2118 3479 2392 3549 ὀνομάτων,

529 3629 591 3671 18.
622 3630 707 3684 γῆς
730 3633 864 3681 scripti
889 3632 989 3670 libri.
1044 3630 1126 3682 τῆς
1148 3630 1232 3682 γῆς
1258 3629 1363 3668 editi.
1464 3641 1567 3676 σας,
1612 3627 1668 3665 uti
1706 3627 1843 3676 leyitur
1881 3628 1999 3666 etiam
2039 3630 2080 3667 in
2123 3627 2207 3667 cod.
2247 3627 2393 3676 Paris„

479 3734 500 3751 n
530 3684 594 3726 19.
625 3689 881 3727 Scribendum
912 3689 1072 3737 fortasse
1099 3686 1140 3727 εἴ
1163 3699 1241 3727 που
1271 3685 1405 3726 ταῦτα
1460 3689 1548 3725 teste
1570 3683 1744 3732 Petavio,
1774 3684 1840 3732 qui
1867 3685 2023 3723 coniecit
2049 3680 2185 3727 λοιπὸν
2214 3677 2273 3729 ὥς
2294 3681 2393 3724 ταῦ-

468 3755 668 3790 ηκουσαν.
726 3746 833 3783 Edili
868 3746 1051 3794 praebent
1093 3740 1230 3784 λοιπὸν
1270 3741 1404 3783 ταῦτα
1446 3752 1512 3783 ’τα
1546 3734 1744 3793 ἥκουσαν.
1789 3762 1843 3769 -—
1911 3742 1989 3780 Pro
2027 3737 2098 3783 τὸν
2139 3735 2317 3792 οἶριὲτμὸν
2350 3741 2392 3779 in

468 3792 669 3848 ἥκουσαν.
730 3802 822 3839 (7οά.
850 3802 927 3840 Ien.
956 3796 1094 3841 λοιπὸν
1119 3800 1252 3840 ταῦτα
1275 3792 1402 3848 ἦκου-
1455 3798 1772 3848 praecedentibus
1794 3798 1876 3836 cod.
1906 3798 1982 3836 Ien.
2020 3798 2132 3837 habet
2166 3796 2248 3838 τῶν
2273 3790 2392 3849 ἀριθ-

474 3854 566 3903 σᾰ),
595 3856 679 3894 cod.
695 3857 855 3906 Rhedi9.
881 3851 1018 3899 λοιπὸν
1043 3852 1095 3898 τὰ
1116 3853 1251 3897 πάντα
1274 3850 1401 3907 ἥκου-
1459 3852 1561 3908 μόν,
1591 3855 1674 3894 cod.
1709 3855 1870 3905 Rhediy.
1902 3853 1985 3895 τῶν
2014 3849 2219 3907 ἀριθμῶν.
