2508 4134
633 281 772 323 ΤοΜι
801 279 1012 321 Pmoms
1042 280 1173 321 PARS
1204 279 1521 321 Pos‘rssmon.
1922 265 2022 317 637

135 381 192 437 τῇ
217 377 500 431 Ἀποκαλύψει
525 377 671 419 absunt
696 392 719 418 a
745 378 846 417 Ven.
882 400 938 408 —
994 377 1021 418 l.
1050 376 1090 420 9.
1120 378 1170 418 ab
1195 377 1271 418 inf.
1298 376 1526 431 τέσσαρας,
1568 383 1663 416 ante
1686 372 1912 429 διαφορὰς,
1944 387 2023 414 om.

133 452 237 492 ven.
266 473 319 480 —
360 449 388 489 l.
408 445 450 490 7.
478 447 529 488 ab
551 447 627 487 inf.
654 446 727 490 καὶ
748 443 892 500 Μῆδοι
913 448 1016 487 ven.
1063 447 1248 487 Ceterum
1275 446 1330 486 cf.
1356 451 1538 486 Anastas.
1563 445 1647 485 Sin.
1671 445 1854 493 Quaestt.
1879 459 1917 499 p.
1930 440 2023 486 374.

133 519 197 559 ed.
226 519 361 559 Grets.
395 541 447 548 —
488 517 515 557 l.
534 516 571 559 6.
603 516 654 557 ab
679 516 755 558 inf.
787 515 901 558 Corr.
933 515 1149 572 βασιλείαι,
1179 523 1224 554 ut
1251 524 1313 555 est
1337 515 1458 556 etiam
1485 514 1525 554 in
1552 516 1654 554 Ven.
1681 536 1734 544 —
1762 513 1788 555 l.
1806 515 1844 555 5.
1873 513 1923 555 ab
1951 512 2025 552 inf.

137 587 408 645 ἐβασίλευσαν
436 589 542 629 ven.
571 609 627 618 -—
682 585 711 627 1.
741 585 780 627 3.
808 593 904 626 ante
931 584 1000 624 fin.
1034 580 1079 633 ὅ,
1111 593 1206 625 ante
1238 583 1447 641 βασιλεὺς,
1478 598 1557 624 om.
1588 584 1691 623 Veu.

243 658 374 714 Peg.
404 657 529 700 110.
587 656 615 698 1.
645 656 703 697 10.
734 652 804 699 διὰ
840 652 887 697 τὸ
930 653 1107 708 μηδέπω
1138 656 1240 695 Ven.
1270 678 1323 686 —
1380 654 1406 694 l.
1442 654 1504 695 11.
1545 652 1623 706 τῆς
1660 652 1719 701 εἰς
1753 650 1850 701 τούς
1885 650 2028 706 οἱγίους

132 728 235 767 Veu.
267 749 321 758 —
377 725 406 767 l.
438 725 503 767 13.
531 722 759 779 κινούμενοι
784 724 821 766 οἱ
844 718 1012 778 ἄγγελοι
1037 738 1116 764 om.
1147 726 1246 764 Ven.
1277 748 1329 755 —
1385 724 1412 764 l.
1446 721 1505 764 14.
1535 718 1726 769 θειώδεις
1749 721 1821 764 καὶ
1843 721 2029 775 πυρίνους

133 798 235 838 ven.
292 795 406 837 Idem
437 795 575 849 paullo
602 802 698 849 post
726 792 924 847 θώρακας
954 790 1201 847 ἐσήμαινεν,
1234 788 1350 836 ούδὲν
1381 790 1645 849 ἀμφιβάλλει.
1679 818 1726 824 -
1786 792 1813 832 l.
1847 791 1908 833 15.
1936 791 2029 846 τῆς,

132 873 228 905 ante
251 862 470 918 τοιαύτης,
499 879 578 905 om.
607 865 727 914 Ven.‚
757 863 826 918 qui
852 863 1001 903 deiude
1026 862 1160 917 pergit
1187 861 1273 905 ἔκει
1296 860 1372 916 τήν
1398 858 1568 917 οἷμφίαν.
1598 888 1653 894 —-
1708 864 1734 904 1.
1765 863 1826 905 17.
1858 860 2031 904 κόκκινα

133 933 314 978 ἐνδ.’καὶ
335 931 388 977 τά
414 931 507 977 ύακ.
530 935 632 975 ven.
662 957 716 965 —
771 933 800 973 1.
834 934 897 975 18.
938 930 1159 987 καλλαῖνῆν
1189 931 1297 972 acuit
1324 933 1425 972 Ven.
1457 957 1513 964 —
1568 934 1594 973 l.
1622 934 1689 975 20.
1717 929 1826 975 κατὰ
1849 931 1930 973 τῶν
1956 929 2029 973 λό-

131 1018 215 1059 γων
242 1004 314 1047 τοῦ
353 1002 586 1057 πνεύματος
617 1001 857 1060 βουλόμενοι
885 1004 986 1044 ven.
1015 1026 1071 1035 —-
1125 1001 1154 1043 1.
1179 1001 1245 1043 22.
1276 996 1485 1055 ἀληθινῶς
1509 1004 1612 1044 Ven.
1671 1002 1774 1043 lbid.
1813 1001 1922 1041 idem
1949 1014 2029 1041 om.

134 1073 194 1130 νῷ
235 1081 334 1128 post
372 1072 607 1129 ἐρρωμένῳ.
635 1095 690 1104 --
745 1072 773 1112 1.
805 1072 871 1114 24.
905 1069 975 1116 διά
1002 1087 1048 1115 τε
1075 1073 1146 1115 τοῦ
1188 1067 1331 1126 εύαγγ.
1362 1073 1465 1111 Ven.
1497 1096 1544 1102 -
1605 1072 1633 1112 l.
1662 1073 1727 1113 25.
1763 1070 2031 1125 μεταδέδωκε

132 1144 186 1199 τῇ
217 1140 319 1200 οἱγίᾳ
354 1142 571 1199 ἐκκλησίᾳ.
630 1139 790 1186 Φθάνει
819 1144 919 1182 Ven.
948 1165 1004 1173 —-
1060 1141 1086 1183 1.
1114 1141 1182 1184 27.
1212 1139 1253 1184 ἐν
1286 1138 1421 1197 τούτῳ
1447 1142 1509 1197 τῷ
1537 1141 1655 1184 αἰῶνι
1689 1143 1790 1183 ven.
1824 1165 1874 1172 —
1931 1141 1958 1181 l.
1988 1138 2029 1181 3.

132 1221 228 1254 ante
257 1213 325 1254 fin.
356 1211 506 1253 excidit
534 1212 678 1254 vocula
698 1211 786 1263 καὶ,
813 1220 908 1252 ante
929 1212 983 1267 τῇ
1009 1211 1243 1265 περιοδυνία
1268 1211 1535 1265 (περιωδυνία
1559 1211 1699 1266 Ven.).
1728 1235 1780 1242 —
1823 1211 1849 1251 l.
1878 1210 2030 1265 penult.

135 1282 447 1337 μακροείκελον,
478 1291 523 1322 ut
551 1282 676 1334 edidi,
705 1282 830 1323 habet
858 1282 979 1322 etiam
1004 1283 1103 1322 Ven.
1138 1305 1187 1312 —
1247 1280 1501 1335 Subscriptio
1530 1281 1646 1321 huius
1671 1280 1848 1321 haeresis
1870 1280 1911 1319 in
1941 1280 2029 1320 cod.

135 1354 238 1394 Ven.
266 1361 328 1393 est
354 1349 478 1395 Κατοὶ
501 1351 584 1395 τῶν
611 1349 670 1406 μὴ
699 1351 930 1407 δεχομένων
958 1348 1006 1395 τὸ
1036 1348 1144 1394 κατὰ
1165 1347 1362 1405 Ἰωάννην
1393 1346 1628 1406 εὐαγγέλιον
1657 1350 1729 1394 καὶ
1752 1348 1828 1404 τὴν
1854 1347 2032 1393 Ἀποκά-

135 1425 254 1475 λυψιν
271 1453 282 1471 ,
315 1419 375 1471 οἷς
402 1417 588 1475 ’Δλόγων
620 1417 748 1476 ὄνομα
775 1418 1057 1475 ἐπεθήκαμεν.

245 1493 377 1549 Pag.
403 1493 530 1536 112.
586 1491 803 1545 Inscriptio
839 1491 1016 1532 haeresis
1054 1491 1096 1531 in
1134 1490 1224 1533 cod.
1253 1493 1358 1532 Ven.
1388 1499 1450 1532 est
1474 1490 1598 1535 Κατὰ
1623 1491 1833 1546 δαμιανῶν
1860 1490 2029 1544 εἰκοστῆ

135 1561 208 1606 καὶ
230 1561 403 1616 δευτέρη
435 1561 533 1616 (sic)
572 1554 603 1615 ἦ
628 1560 701 1603 καὶ
726 1545 820 1603 ᾗΓΒ.
856 1586 903 1592 -
963 1561 990 1601 1.
1014 1561 1054 1604 3.
1083 1556 1333 1605 Ἀσπάλακα
1370 1563 1472 1603 Ven.
1528 1562 1641 1602 Idem
1667 1562 1763 1602 ibid.
1791 1561 1847 1616 γῇ
1876 1559 1949 1603 καὶ
1973 1560 2032 1603 τῶ

134 1646 362 1729 ἐμφῗλεῦον
387 1670 610 1728 τετράπουν
639 1670 800 1727 ρτἷττειν
837 1688 883 1716 τε
910 1671 985 1727 τὴν
1016 1675 1120 1728 γῆν,
1165 1672 1237 1716 καὶ
1262 1672 1304 1716 ἐν
1343 1678 1428 1722 τοῖς
1455 1670 1700 1730 μυχετάτοις
1722 1673 1800 1728 τῆς
1824 1673 1905 1728 γῆς
1928 1672 2033 1730 ἔχειν

134 1743 280 1787 ἑαυτοῦ
305 1742 380 1798 τὴν
409 1744 589 1797 οἴκησιν,
630 1742 683 1786 τὰ
712 1742 760 1787 δὲ
787 1758 829 1786 π.
861 1741 988 1786 αύτοῦ
1023 1741 1129 1794 ζώου
1158 1740 1351 1798 ὑπάρχειν
1380 1739 1479 1792 ὦςεὶ
1507 1759 1550 1797 μ.
1590 1741 1802 1792 σκύλακάς
1825 1758 1931 1792 τινος
1957 1744 2035 1798 (sic

135 1814 354 1868 restitue),
393 1813 466 1856 καὶ
492 1812 729 1868 περιφέριαν
763 1813 842 1867 τῆς
881 1809 951 1867 τῖλ.
984 1812 1102 1869 ἔχων.
1133 1837 1182 1843 -
1244 1813 1269 1853 l.
1297 1812 1335 1855 6.
1367 1809 1455 1857 οὔδ’
1493 1809 1600 1862 δ’λως
1625 1815 1727 1854 Ven.
1758 1838 1813 1845 -
1868 1813 1895 1854 1.
1917 1814 1955 1856 7.
1987 1810 2035 1856 δὲ

132 1876 187 1939 τῖν
210 1881 257 1927 τὸ
287 1883 388 1934 ζῶον
413 1885 514 1923 Ven.
539 1906 591 1914 -
633 1882 660 1923 l.
684 1883 725 1925 8.
751 1881 804 1927 τά
832 1897 878 1925 τε
907 1882 1139 1936 σικυῆλατα
1161 1879 1295 1925 πάντα
1319 1880 1501 1937 μάλιστα
1524 1883 1596 1926 καὶ
1620 1881 1672 1927 τὰ
1692 1883 1842 1938 δριμέα
1863 1886 1964 1924 Ven.
1983 1907 2034 1915 —

134 1954 161 1995 1.
186 1953 226 1996 9.
258 1949 447 2007 σκόρδων
476 1949 638 2009 βόλβων
674 1951 747 1994 καὶ
771 1967 806 1996 τ.
836 1967 870 1994 τ.
900 1952 1042 1996 κίννων
1069 1967 1116 1995 τε
1141 1951 1214 1995 καὶ
1240 1953 1322 1996 τῶν
1349 1948 1483 1997 ἄλλων
1509 1956 1609 1994 Ven.
1637 1978 1692 1985 —
1749 1954 1776 1994 l.
1804 1954 1866 1995 10.
1897 1950 2035 1996 λαθών

134 2022 175 2066 ἐν
197 2022 258 2079 τῷ
288 2019 449 2076 ῥῆττειν
476 2022 580 2062 ven.
612 2011 665 2052 -ὲ-
722 2023 749 2062 l.
773 2023 842 2064 12.
869 2023 980 2064 Corr.
1010 2018 1173 2071 Οὕτως.
1231 2025 1276 2063 ln
1305 2024 1406 2063 Ven.
1434 2031 1496 2063 est
1523 2019 1662 2066 Οὕτω.
1694 2048 1746 2056 -
1804 2024 1831 2064 l.
1850 2023 1913 2066 13.
1938 2024 2038 2063 Post

138 2091 340 2147 αἱρέσεως
367 2091 409 2132 in
436 2093 524 2132 Bas.
555 2091 770 2134 'asteriscus
798 2092 1060 2146 conspicitur.
1094 2117 1144 2123 —-
1202 2093 1228 2133 1.
1269 2090 1331 2134 14.
1360 2095 1480 2146 τυφλ.
1510 2093 1582 2136 καὶ
1607 2089 1761 2148 οἷνοητί.
1790 2092 1963 2148 ἐρημίαν
1989 2091 2038 2136 δὲ

137 2161 273 2218 ἑαυτῷ
300 2163 401 2202 ven.
432 2186 485 2192 —
543 2162 570 2203 1.
599 2162 662 2204 18.
690 2159 765 2215 τήν
791 2159 919 2205 αὐτοῦ
946 2161 1155 2217 τύφλωσιν
1182 2161 1275 2217 ἐμπ.
1303 2161 1374 2206 διὰ
1397 2160 1472 2216 τὴν
1496 2158 1692 2217 οἷορασίαν
1715 2163 1786 2206 καὶ
1823 2161 1882 2218 μὴ
1929 2159 2037 2217 εὑρί-

138 2246 249 2275 σκων
272 2233 374 2273 ven.
403 2255 457 2263 —-
513 2231 540 2273 l.
569 2230 633 2274 19.
664 2227 771 2286 αὕτη
801 2229 832 2287 ἦ
861 2232 939 2285 αῗρ.
970 2241 1107 2273 tuetur
1134 2235 1240 2274 ven.
1269 2256 1319 2264 —
1377 2233 1403 2272 l.
1432 2235 1498 2274 20.
1529 2234 1615 2285 τοῦ,
1646 2243 1741 2275 ante
1770 2231 1923 2288 Ἀδὰμ,
1955 2247 2036 2274 om.

137 2304 241 2344 Ven.
275 2325 324 2332 —
382 2301 410 2343 l.
434 2302 501 2343 21.
529 2296 743 2357 ηὕραμεν,
775 2297 870 2345 οὔτε
898 2300 979 2357 μὴν
1007 2302 1298 2359 περιέτυχομεν
1327 2304 1430 2345 ven.
1466 2328 1519 2334 —
1575 2303 1603 2344 l.
1633 2305 1699 2346 23.
1729 2301 2038 2358 παρεικάσαμεν

142 2370 183 2414 ἐν
212 2371 274 2427 τῷ
298 2372 366 2424 πρ.
392 2367 528 2425 τούτῳ
557 2369 653 2426 ζώῳ
679 2387 717 2414 κ.
743 2368 782 2415 οἷ.
812 2368 859 2414 ού
886 2387 922 2414 τ.
966 2373 1197 2429 φαινομένῳ
1226 2374 1327 2414 Ven.
1358 2397 1410 2403 —
1468 2373 1496 2414 1.
1521 2375 1545 2415 5
1575 2374 1625 2414 ab
1655 2373 1730 2414 inf.
1764 2375 1948 2426 ζιζανίων
1982 2371 2042 2423 ὥς

141 2440 431 2495 ἐσπαρμένων,
477 2435 510 2493 ff
535 2454 597 2483 τοι
624 2440 683 2496 μ’
713 2441 822 2485 ἐστιν
848 2444 950 2485 Ven.
983 2467 1032 2474 -
1092 2443 1117 2483 l.
1147 2443 1303 2498 penult.
1346 2443 1618 2488 καταλέλυται
1654 2444 1725 2487 καὶ
1756 2441 1832 2488 ούκ
1868 2444 1929 2488 ἔτι
1959 2441 2038 2488 ῦπ-

141 2509 286 2567 άρχει,
332 2509 442 2566 quod
470 2509 522 2550 de
561 2511 793 2553 coniectura
817 2513 1006 2567 reposui,
1046 2528 1155 2554 nunc
1189 2513 1323 2554 firmat
1351 2514 1500 2555 Veneti
1529 2515 1763 2556 auctoritas.
1795 2538 1852 2546 —
1908 2515 1935 2555 l.
1965 2515 2039 2556 ult.

139 2575 171 2635 ἦ
203 2580 285 2630 ἔτι,
317 2582 405 2621 Bas.
460 2571 540 2633 τῖτε
568 2581 672 2621 Ven.

253 2651 385 2707 Pag.
411 2648 539 2694 114.
593 2649 620 2689 1.
662 2652 696 2692 1.
717 2645 924 2706 ”Αρξομαι
949 2651 995 2697 δὲ
1024 2651 1071 2696 τὸ
1099 2655 1202 2694 ven.
1232 2677 1284 2685 —
1341 2654 1368 2694 l.
1393 2655 1433 2696 2.
1472 2652 1717 2705 τό’πένθος’
1755 2652 1846 2710 ἅμα
1880 2654 1958 2711 γὰρ
1986 2653 2038 2700 τοὶ

142 2719 219 2765 δύο
247 2719 333 2776 ἔχει
362 2719 515 2774 γέλοιον
551 2718 624 2761 καὶ
650 2720 816 2771 πένθος,
860 2716 925 2765 ’ὅτι
958 2738 1048 2772 πως
1083 2721 1107 2766 ὁ
1133 2721 1243 2780 διάβ.
1272 2721 1493 2778 ἐνεκύησεν
1518 2724 1559 2767 ἐν
1583 2726 1638 2781 τῇ
1663 2726 1744 2768 τῶν
1770 2722 1885 2781 άνθρ.
1923 2728 2039 2778 Ven„

148 2790 256 2831 unde
292 2798 334 2830 et
357 2789 606 2844 supplendus
643 2790 709 2830 hic
743 2791 854 2832 locus
892 2801 934 2832 et
962 2794 1191 2847 poliendus.
1220 2818 1275 2825 —
1331 2794 1358 2834 l.
1390 2793 1428 2836 7.
1462 2797 1679 2849 σπηλυπᾶς
1705 2798 1808 2836 ven.
1838 2820 1893 2828 —
1948 2796 1976 2837 l.
2001 2796 2039 2838 8.

141 2858 389 2908 ύποκαύτοις
424 2858 578 2909 οἰκοδ.,
610 2856 819 2904 ὑποκαίειν
848 2876 893 2904 τε
920 2863 995 2917 (ita
1025 2864 1215 2914 restitue)
1246 2861 1437 2908 κάτωθεν
1460 2862 1530 2909 διὰ
1556 2864 1602 2909 τὸ
1632 2862 1734 2908 εἶναι
1759 2865 1915 2920 αἰθμην
1940 2866 2038 2920 (sic)

142 2931 203 2979 εἰς
226 2927 383 2977 θάλπος
408 2930 513 2970 Ven.
542 2953 595 2959 —
652 2929 678 2969 l.
710 2931 769 2971 10.
801 2931 883 2974 εἰσι
916 2930 1021 2986 πρὸς
1046 2932 1122 2982 τὰς
1146 2930 1277 2988 θύρας
1301 2937 1402 2974 Ven.
1435 2958 1487 2966 —
1543 2935 1570 2975 l.
1601 2936 1662 2978 17.
1694 2933 1850 2986 δόξειέν
1877 2950 1954 2978 τινι
1982 2933 2042 2984 οἱς

140 3003 244 3042 Ven.
273 3025 326 3031 —
368 2999 395 3040 l.
417 2997 478 3039 19.
505 2997 704 3052 κρίνουσιν
729 2999 947 3049 ἐξεοῦσθαι
976 3005 1074 3042 Ven.
1119 3004 1309 3044 Ceterum
1335 3005 1427 3045 dele
1451 3019 1608 3046 comma
1631 3014 1727 3059 post
1755 3004 2039 3055 ἐξεῶσθαι.-

140 3070 171 3111 l.
197 3071 261 3113 22.
294 3063 363 3113 οὖν
387 3071 469 3113 τῶν
494 3069 625 3125 λόγων
652 3067 769 3112 ύποκ.
794 3072 896 3110 Ven.
930 3095 981 3103 —-
1038 3072 1065 3113 1.
1083 3072 1150 3114 25.
1183 3074 1319 3114 Verba
1345 3069 1428 3128 οἷῆρ
1451 3073 1747 3129 καθαρώτατος
1771 3089 1838 3116 om
1864 3078 1964 3116 Ven.
1986 3100 2039 3107 --

141 3139 253 3183 1.26.
283 3141 453 3196 Repone
477 3140 788 3195 μεμετρημένος
809 3155 858 3180 ex
883 3142 1127 3182 auctoritate
1154 3145 1255 3184 Ven.
1287 3169 1339 3174 —
1385 3145 1412 3184 l.
1427 3145 1467 3187 8.
1492 3146 1543 3186 ab
1569 3146 1642 3187 inf.
1678 3146 1791 3186 Corr.
1817 3146 1968 3200 διαίτη.
1987 3170 2036 3177 -

141 3210 169 3250 1.
196 3206 225 3251 4
249 3210 300 3251 ab
326 3209 401 3253 inf.
433 3211 490 3254 Εἰ
518 3207 564 3253 τὸ
597 3208 653 3263 δή
684 3209 756 3253 καὶ
786 3208 919 3264 ἕτερον
951 3225 1040 3261 σκ.,
1070 3212 1161 3260 πῶς
1189 3207 1220 3266 ἦ
1251 3208 1395 3256 ἅπασα
1423 3216 1486 3257 πλ.
1519 3217 1620 3255 Ven.

253 3282 384 3338 Pag.
413 3283 539 3326 116.
594 3281 620 3320 l.
649 3282 683 3321 1.
723 3275 928 3333 Ἀπῆρται
953 3279 1031 3335 γὰρ
1056 3280 1101 3332 ἐξ
1128 3277 1264 3325 αύτῶν
1287 3281 1318 3335 τί
1346 3282 1477 3332 αἰδώς
1505 3285 1584 3338 (sic
1612 3286 1777 3340 corrig.)
1805 3289 1907 3326 Ven.
1934 3284 2039 3330 αἰδώ

139 3349 292 3404 legitur
314 3350 356 3390 in
386 3350 479 3391 edd.
508 3359 687 3405 utraque.
721 3374 770 3380 -
828 3350 853 3389 l.
881 3352 918 3391 ὁ.
952 3347 1079 3399 εύθὺς
1102 3350 1254 3399 ἐκεῖνος
1279 3351 1351 3394 καὶ
1377 3351 1408 3406 ἡ
1436 3350 1560 3396 αύτοῦ
1588 3353 1687 3408 γυνῆ
1717 3355 1894 3409 ἱματίοις
1918 3353 2041 3400 εύπό·

147 3434 302 3475 ρησαν,
335 3415 439 3463 ἄλλοὶ
462 3435 529 3473 πρ.
554 3420 626 3474 μὲν
651 3417 786 3474 φύλλα
809 3421 942 3473 συκῆς
966 3419 1126 3469 ἑαυτοῖς
1155 3420 1312 3475 ἔραῴαν
1340 3422 1436 3476 (sic)
1452 3454 1463 3471 ‚
1496 3422 1635 3466 ἔπειτα
1659 3423 1706 3467 δὲ
1740 3427 1913 3480 χιτῶνες
1941 3429 2041 3480 δερ-

110 3494 112 3496 ’
147 3487 305 3544 μάτινοι
330 3485 471 3538 αύτοῖς
489 3487 701 3543 ἐδόθησαν
726 3491 828 3529 Ven.
858 3513 909 3521 —
968 3490 993 3530 l.
1014 3492 1052 3534 7.
1089 3491 1198 3531 Corr.
1227 3491 1510 3544 παμποίκιλος.
1538 3517 1592 3524 -
1649 3494 1675 3536 l.
1694 3493 1733 3535 9.
1763 3493 1909 3550 τρόπον
1932 3490 2044 3541 οὗτοι

145 3560 343 3615 χλευασθ.
372 3562 480 3601 Ven.
512 3583 562 3590 —
619 3560 645 3599 l.
678 3561 740 3600 12.
769 3560 840 3603 τοῦ
864 3561 1140 3614 πνευματικοῦ
1169 3555 1308 3615 ὅφεως
1333 3562 1435 3602 ven.
1466 3586 1518 3592 —
1574 3563 1601 3603 l.
1629 3564 1690 3607 13.
1721 3563 1792 3608 διὰ
1811 3566 1890 3620 τῆς
1911 3581 2041 3621 παρα-

146 3628 425 3682 πεποιημένης
447 3631 550 3669 Ven.
583 3653 634 3660 -
692 3630 718 3670 l.
749 3630 808 3672 17.
842 3628 996 3685 ῥάβδου
1020 3629 1067 3674 τό
1094 3631 1272 3674 τοιοῦτον
1296 3627 1562 3687 ἀφανίζεται,
1592 3631 1720 3677 πολλοὶ
1743 3632 1790 3679 δὲ
1815 3651 1857 3690 μ.
1881 3651 1916 3679 τ.
1942 3633 2040 3680 οἷνε-

146 3699 343 3754 νεχθῆναι
370 3699 441 3741 τοῦ
471 3698 540 3754 (ἐκ
563 3699 700 3749 deest)
739 3701 904 3754 φωλεοῦ
932 3702 1033 3740 Ven.
1064 3724 1119 3733 -
1188 3701 1214 3741 l.
1246 3700 1306 3742 19.
1352 3701 1423 3743 καὶ
1464 3701 1522 3756 μὴ
1566 3700 1767 3758 εύρίσκων
1801 3704 1878 3760 τήν
1915 3722 2044 3751 κατα-

148 3765 309 3823 φυγήν,
355 3766 414 3816 ὥς
454 3768 526 3811 καὶ
566 3764 683 3813 αὐτοὶ
723 3767 892 3819 οἱλόντες
933 3767 1190 3826 αἰσχύνονται
1229 3767 1298 3815 διὰ
1331 3771 1411 3826 τῆς
1443 3775 1615 3828 παγγελ.
1653 3774 1807 3831 χλεύης
1844 3778 1948 3820 Ven.
1986 3803 2039 3814 —
