2508 4134
584 293 810 336 PANARII
837 293 941 333 Lm.
963 294 1036 334 111.
1066 293 1200 334 ΤοΜ.
1222 295 1255 334 1.
1284 292 1450 333 ΗΑΕΒ.
1473 291 1671 333 Lxxvi.
1977 282 2077 331 277

174 392 346 444 ctionis
375 392 558 443 iactura
598 392 725 442 facta
754 390 1076 442 conditionem
1116 390 1276 441 amisit
1307 390 1528 459 ingeniti.
1608 389 1773 457 Quare
1806 388 2075 441 substantia

174 476 362 545 quidem
386 476 550 544 genita
577 475 751 537 fuerit,
795 473 1061 541 ingenitum
1095 482 1252 524 autem
1284 475 1494 525 affectio.
1573 471 1713 540 Quod
1742 474 1783 525 si
1809 473 1969 541 genita
1997 491 2076 524 so-

173 561 308 612 boles
341 560 592 611 transitum
620 558 855 627 quendam
887 556 1155 625 significat,
1207 575 1303 607 non
1343 557 1533 608 dubium
1568 567 1642 608 est
1668 558 1970 609 affectionem
2000 557 2074 608 in-

173 644 333 696 dicare
374 653 584 709 certam,
639 643 742 694 sive
781 642 982 710 quadam
1013 658 1039 691 e
1070 640 1335 691 substantia
1365 642 1627 692 mutatione
1664 644 1961 694 conformata
1986 643 2070 707 sit,

173 729 278 781 sive
316 728 406 779 hoc
442 728 606 797 ipsum
636 736 711 778 est
742 725 904 795 genita
944 725 1137 775 soboles
1176 725 1299 792 quod
1340 742 1449 775 esse
1490 725 1679 776 dicitur.

311 809 561 863 Confutat.
591 808 717 862 XX.
795 807 837 860 l.
878 806 1158 860 Iamdudum
1187 809 1244 859 de
1276 808 1365 859 hoc
1395 809 1679 877 privationis
1706 809 1901 878 negotio
1927 811 2073 861 multa

172 914 277 948 cum
303 896 363 947 iis
392 896 469 964 qui
504 913 530 946 a
561 903 693 946 recta
735 894 824 944 fide
864 893 1007 944 alieni
1053 901 1165 943 sunt
1202 901 1530 943 consentanee
1576 893 1698 943 dixit
1731 894 1931 958 Ae‘tius,
1991 912 2073 945 eo-

171 981 372 1048 demque
410 997 515 1029 cum
558 979 650 1029 illis
690 977 848 1029 studio
887 977 1191 1046 oppugnandi
1235 976 1455 1027 catholici
1497 976 1732 1044 dogmatis
1772 978 1925 1029 elatus
1976 988 2070 1042 est,

172 1065 292 1116 adeo
331 1063 517 1132 quidem
538 1101 552 1127 ,
610 1062 727 1113 nihil
761 1070 812 1112 ut
840 1078 866 1112 e
898 1061 1123 1112 sincerae
1154 1060 1261 1111 fidei
1291 1060 1585 1128 praescripto
1626 1061 1929 1128 pronuntiet,
1985 1080 2074 1114 nec

169 1148 297 1199 illius
334 1146 606 1199 sententiae
649 1146 922 1197 meminerit
961 1162 1079 1213 quae
1122 1145 1355 1196 adversus
1397 1161 1482 1194 eos
1523 1152 1866 1212 contorquetur
1899 1147 2074 1213 quiex

169 1233 365 1300 ingenio
402 1249 491 1283 suo
530 1231 758 1300 pleraque
800 1229 1010 1281 inaniter
1051 1229 1298 1292 effutiunt,
1356 1245 1512 1296 neque
1546 1229 1603 1278 ad
1644 1228 1752 1278 fidei
1791 1229 2073 1299 principium

170 1317 539 1368 adhaerescunt.
619 1313 756 1382 Quos
795 1314 983 1381 quidem
1010 1313 1083 1365 his
1112 1313 1274 1364 verbis
1318 1313 1556 1381 scriptura
1595 1313 1909 1365 condemnat:
1962 1320 2067 1380 Ego

170 1404 279 1450 dclvi
300 1404 347 1450 z'n
374 1417 567 1449 excessu
597 1417 720 1459 meo,
765 1401 920 1447 Omm's
947 1401 1078 1447 homo
1103 1401 1326 1458 mendam
1369 1398 1480 1448 item
1500 1437 1512 1461 ,
1563 1400 1846 1447 Humz'lz'atus
1870 1417 1970 1448 sum
1997 1404 2068 1449 ni-

169 1488 274 1535 mis.
350 1482 495 1535 Nunc
524 1491 682 1533 autem
711 1482 759 1532 in
784 1481 954 1532 iisdem
982 1499 1091 1533 sese
1122 1499 1356 1544 versanS,
1397 1481 1682 1550 privationis
1709 1483 2073 1552 affectionisque

171 1586 370 1631 vocum,
429 1576 479 1618 et
517 1567 753 1618 humanae
792 1583 848 1616 ac
889 1565 1102 1617 lubricae
1147 1566 1385 1635 opinionis
1429 1575 1820 1634 argumentorum
1865 1585 1987 1619 onus
2026 1576 2075 1619 et

172 1652 440 1702 molestiam
472 1652 782 1720 praeferenS‚
838 1668 894 1700 ac
925 1650 1206 1719 spiritaliter
1233 1650 1517 1701 diiudicatus
1543 1651 1785 1719 proprium
1817 1651 1961 1702 animi
1985 1653 2074 1703 im-

169 1744 326 1804 petum
370 1736 428 1785 ab
467 1735 671 1786 humana
713 1733 970 1785 calliditate
1003 1736 1268 1803 profectum
1302 1733 1507 1785 inhiberi
1545 1752 1640 1784 non
1671 1735 1878 1804 patitur,
1934 1738 2075 1804 eique

170 1829 223 1871 ut
252 1820 308 1870 de
340 1820 429 1870 deo
456 1836 577 1888 quae
601 1819 720 1870 velit
746 1818 998 1886 eloquatur
1025 1819 1150 1870 laxis
1191 1818 1389 1869 habenis
1426 1819 1674 1886 permittit.
1754 1817 1884 1886 Quin
1911 1830 1958 1872 et
1985 1839 2073 1872 nos

172 1921 359 1973 quoque
396 1912 504 1972 post
533 1903 679 1954 multa
713 1903 771 1953 de
803 1903 1152 1971 privationibus
1191 1903 1342 1954 verba
1385 1904 1508 1954 facta
1550 1903 1607 1953 ad
1641 1903 1763 1953 idem
1806 1913 2074 1955 retractan-

170 1990 277 2039 dum
310 2005 364 2038 ac
395 1988 699 2038 refutandum
726 1986 945 2056 impellit.
1022 1987 1254 2038 Sufficere
1288 1987 1475 2055 quidem
1504 1996 1690 2056 poterat
1723 1989 1847 2055 quod
1873 1989 1929 2039 ad
1964 2006 2073 2040 eum

169 2073 483 2124 refellendum
509 2072 558 2122 in
588 2071 827 2140 superiori
858 2071 1186 2122 confutatione
1216 2072 1450 2135 diximuS,
1492 2073 1615 2139 quod
1644 2081 1839 2140 propter
1870 2074 2072 2123 eandem

168 2164 559 2226 argumentorum
589 2156 684 2208 vim
713 2173 767 2206 ac
790 2155 1147 2207 similitudinem
1175 2156 1405 2207 ambobus
1429 2165 1772 2225 opponeretur.
1826 2155 1925 2209 Sed
1956 2176 2073 2226 quo-

169 2243 296 2294 niam
334 2259 489 2310 neque
525 2241 823 2292 contumacis
863 2241 963 2292 oris
996 2258 1169 2309 equum
1201 2241 1522 2292 infraenatum
1552 2241 1825 2309 relinquere
1858 2258 1943 2310 par
1975 2251 2070 2307 est,

170 2325 274 2377 sive
318 2343 404 2395 per
442 2324 723 2395 praecipitia
765 2326 982 2390 feratur,
1044 2326 1148 2377 sive
1191 2325 1482 2376 concitatum
1528 2343 1721 2376 cursum
1759 2326 2095 2395 represserit,

172 2427 326 2478 neque
356 2409 401 2460 ei
429 2409 609 2460 homini
637 2409 715 2478 qui
748 2410 913 2460 eadem
954 2410 1188 2460 adversus
1228 2410 1367 2460 fidem
1411 2409 1621 2460 inculcat
1661 2411 1834 2460 cedere
1861 2419 2070 2479 oportet,

173 2502 224 2544 ut
252 2511 347 2544 non
380 2493 423 2543 ei
454 2494 840 2557 contradicatur,
893 2494 1018 2544 hunc
1054 2494 1103 2544 in
1136 2494 1327 2545 modum
1369 2493 1549 2545 idcirco
1583 2493 1955 2563 disputabimus:
2018 2492 2072 2546 Si

175 2577 470 2646 privationes
504 2577 690 2644 quidem
724 2576 1033 2628 affectionum
1068 2579 1300 2646 quaedam
1327 2578 1595 2629 ablationes
1617 2578 1741 2642 sint,
1782 2577 2069 2646 ingenitum,

173 2662 296 2729 quod
326 2661 416 2711 deo
444 2661 695 2724 tribuitur,
736 2661 814 2711 vel
840 2661 1105 2712 affectionis
1139 2663 1369 2729 quaedam
1403 2663 1608 2731 privatio
1639 2671 1732 2727 est,
1774 2663 1850 2714 vel
1882 2662 2073 2713 affectio

174 2745 430 2815 privationi
460 2746 694 2814 opposita.
772 2742 921 2807 ltem,
962 2746 1002 2795 si
1030 2746 1236 2813 privatio
1264 2746 1534 2798 affectionis
1564 2756 1656 2811 est,
1699 2764 1903 2815 quonam
1935 2755 2071 2813 pacto

172 2830 220 2881 id
257 2830 382 2898 quod
420 2847 514 2880 non
554 2829 681 2879 inest
717 2828 806 2879 deo
845 2837 1068 2896 tanquam
1106 2829 1221 2880 insit
1261 2831 1514 2881 tribuitur?

317 2912 382 2964 ll.
458 2913 536 2964 Ad
592 2913 716 2963 hunc
761 2912 935 2979 igitur,
990 2913 1068 2963 vel
1112 2915 1170 2964 ad
1211 2915 1354 2965 istum
1406 2916 1594 2966 modum
1645 2914 1859 2982 cogitare
1913 2922 2068 2980 poteS,

174 2997 319 3060 Aen,
377 3015 433 3048 ac
464 2999 521 3047 de
558 2998 646 3047 deo
686 2997 1012 3046 coniecturam
1042 3014 1247 3066 capere,
1299 3007 1380 3049 tua
1410 3017 1527 3050 vero
1567 2997 1872 3049 nihilominus
1901 2996 1950 3046 in
1978 2997 2072 3065 pri-

174 3082 368 3133 vatione
396 3098 532 3132 mens
571 3080 862 3132 versabitur.
942 3078 1132 3130 Etenim
1177 3083 1429 3149 quantavis
1460 3100 1513 3133 se
1546 3082 1852 3132 contentione
1885 3081 2071 3131 animus

175 3175 284 3217 tuus
308 3167 362 3216 ad
395 3167 531 3216 deum
562 3165 744 3233 erigat,
786 3164 825 3214 si
857 3164 1006 3215 solam
1039 3165 1175 3214 fidem
1209 3175 1257 3216 et
1281 3166 1663 3228 admirationem,
1706 3174 1753 3214 et
1784 3165 1975 3246 enixam
2007 3183 2073 3217 ex

179 3259 277 3301 toto
315 3259 509 3321 pectore
538 3249 944 3318 praedicationem
979 3247 1220 3316 excipias,
1274 3266 1332 3300 eo
1364 3251 1552 3300 tandem
1583 3249 1815 3316 redigeris
1851 3258 1902 3299 ut
1930 3267 2071 3318 appa-

172 3342 284 3385 reat
311 3335 450 3384 deum
482 3342 526 3384 te
559 3332 1005 3384 ratiocinationibus
1044 3333 1233 3399 assequi
1276 3333 1468 3383 minime
1503 3332 1745 3401 potuisse,
1804 3349 1893 3383 nec
1921 3332 2070 3401 ipsius

178 3418 355 3481 filium,
411 3435 498 3468 nec
539 3418 756 3487 spiritum
801 3425 1046 3477 sanctum,
1106 3432 1165 3465 ne
1202 3424 1249 3466 te
1288 3418 1542 3469 convincat
1586 3418 1701 3467 deus
1746 3434 1803 3467 ac
1836 3417 2072 3468 mendacii

178 3503 466 3569 redarguat,
520 3512 569 3552 ut
602 3502 830 3570 scriptum
874 3509 964 3550 est.
1043 3498 1176 3566 Ergo
1218 3509 1264 3549 et
1294 3501 1574 3551 affectiones
1607 3499 1655 3550 in
1687 3500 1855 3564 nobiS,
1910 3510 1957 3551 et
1987 3519 2072 3552 vo-

175 3617 308 3664 scripti
335 3626 452 3665 quam
480 3616 584 3654 editi.
1152 3614 1218 3651 ris.
1234 3641 1246 3661 ,
1297 3614 1338 3651 m·
1366 3614 1502 3662 fallor,
1545 3625 1591 3652 ea
1618 3613 1842 3668 scriptura).
1896 3616 2072 3655 Fortasse

232 3669 271 3712 9.
304 3669 599 3724 περισχομένη
639 3672 722 3710 cod.
750 3672 824 3710 len.
860 3674 893 3709 et
926 3670 1015 3708 editi
1052 3670 1097 3707 li-
1152 3670 1417 3718 corrigendum
1446 3668 1804 3723 παρακεκομμένη.

177 3729 246 3765 bri.
303 3723 581 3778 περισκόμενη
612 3728 693 3766 cod.
722 3727 881 3775 Rhediy.
937 3737 1096 3777 περικε-
1212 3723 1274 3763 10.
1304 3717 1390 3765 δ’ἆῖν
1419 3718 1515 3777 (actv
1538 3727 1620 3766 cod.
1645 3726 1824 3780 Rhedi9.)
1847 3728 1958 3768 codd.
1982 3738 2070 3769 mss.

179 3780 363 3838 κομμένη
400 3794 524 3832 mary.
555 3784 613 3823 ed.
646 3785 777 3824 Petav.
808 3785 881 3835 (est
911 3782 992 3821 cod.
1019 3783 1099 3820 Pa·
1154 3783 1188 3819 et
1218 3780 1305 3819 edit.
1334 3782 1456 3834 princ.

2123 1327 2261 1363 Psalm.

2110 1370 2186 1412 115,
2210 1371 2261 1407 11.
