2508 4134
399 316 625 360 PANARn
653 317 855 358 L113.111.
895 317 1029 358 ΤοΜ.
1052 319 1102 358 11.
1142 317 1334 358 EXPOS.
1364 317 1469 357 ΕΠ).
1501 316 1734 358 cATHoL.
1915 307 2016 357 529

122 427 170 469 et
205 415 469 468 honestatis
515 431 686 467 caussa
729 414 825 464 sint
871 414 1207 477 administrae,
1263 414 1303 465 si
1348 415 1394 465 id
1436 417 1557 465 forte
1596 431 1798 466 necesse
1839 414 2013 465 fuerit:

121 502 225 553 sive
254 501 363 551 dum
389 500 626 568 baptismo
651 497 911 549 initiandae
935 507 1064 561 sunt,
1106 499 1209 548 sive
1238 499 1345 549 dum
1373 516 1537 550 earum
1566 517 1768 568 corpora
1796 515 2018 567 perscru-

122 585 281 635 tanda.
356 581 470 634 lllae
515 584 702 652 quidem
738 582 958 633 univirae
1003 590 1050 633 et
1082 582 1385 633 continentes
1417 600 1526 634 esse
1549 583 1751 646 debent,
1805 583 1883 634 vel
1914 589 2021 651 post

120 686 241 720 unas
283 668 471 736 nuptias
503 667 700 731 viduae,
752 667 829 717 vel
859 675 1119 735 perpetuae
1153 665 1386 734 virgines,
1463 664 1582 716 Post
1611 667 1718 717 illos
1744 685 1912 718 omnes
1942 684 2020 717 or-

121 753 257 802 dines
285 752 511 820 deinceps
540 750 815 803 exorcistae
843 759 1138 818 seqnuntur,
1192 759 1240 799 et
1264 750 1532 817 linguarum
1560 750 1882 819 interpretes,
1924 760 2020 801 tam

120 836 167 886 in
207 836 493 887 lectionibus
549 854 707 904 quam·
737 836 784 886 in
837 835 1170 885 concionibus.
1249 832 1530 901 Sequuntur
1577 834 1887 898 laborantes,
1942 834 2023 902 qui

120 930 413 972 mortuorum
460 937 665 990 corpora
705 928 892 971 curant.
969 918 1096 970 Tum
1140 918 1401 983 ianitores,
1457 936 1511 969 ac
1539 919 1710 987 reliqui
1743 919 2021 988 disciplinae

121 1022 290 1057 caussa
329 1005 524 1056 ordines
561 1004 784 1055 instituti.
1114 1005 1118 1009 ’

263 1087 400 1141 Sacri
432 1107 576 1158 porro
606 1096 874 1139 conventus
907 1095 957 1138 et
985 1104 1199 1156 synaxes
1229 1087 1286 1138 ab
1315 1087 1545 1155 apostolis
1574 1088 1778 1139 instituti
1808 1097 1920 1139 sunt
1947 1087 2021 1139 his
2102 1096 2202 1150 Cap.

121 1174 416 1244 potissimum
445 1174 630 1235 diebuS,
672 1181 838 1241 quarta
863 1181 1098 1239 sextaque
1131 1171 1251 1222 feria
1277 1181 1324 1221 et
1363 1172 1618 1222 dominica.
1696 1171 1816 1223 Item
1856 1181 2023 1241 quarta
2081 1153 2205 1193 XXL

120 1267 356 1326 sextaque
391 1257 511 1308 seria
537 1257 766 1307 ieiunium
796 1257 851 1307 ad
879 1256 1043 1306 horam
1072 1272 1223 1323 usque
1252 1272 1425 1305 nonam
1457 1256 1714 1320 indictum,
1768 1267 2030 1325 propterea

104 1343 244 1411 >quod
276 1350 447 1410 quarta
486 1341 604 1392 feria
640 1341 1014 1409 comprehensus
1056 1348 1132 1390 est
1171 1340 1419 1404 dominus,
1476 1349 1523 1390 et
1553 1349 1693 1391 sexta
1735 1341 1784 1391 in
1832 1358 2024 1392 crucem

121 1426 355 1477 sublatus,
433 1423 548 1476 ldeo
581 1443 667 1494 per
695 1424 803 1476 illos
836 1426 938 1475 dies
966 1423 1273 1475 ieiunandum
1304 1441 1414 1475 esse
1446 1424 1767 1476 decreverunt
1797 1425 2021 1493 apostoli,

124 1519 174 1561 ut
200 1510 455 1580 impleatur
475 1510 587 1560 illud
610 1510 732 1577 quod
756 1509 982 1578 scriptum
1010 1518 1103 1573 est,
1147 1513 1257 1558 Cum
1283 1511 1494 1558 sublatus
1514 1512 1667 1575 fuerit
1688 1511 1746 1559 ab
1771 1513 1867 1559 z'lle's
1887 1529 2023 1575 spon·
2046 1518 2182 1563 Luc-5,
2201 1519 2251 1553 35·

120 1614 230 1653 sus,
286 1605 394 1644 tunc
431 1596 714 1643 zbz'unabunt.
793 1592 968 1662 Neque
1005 1610 1124 1645 vero
1160 1602 1211 1643 ut
1251 1594 1294 1643 ei
1335 1593 1686 1661 gratificamur,
1741 1595 1819 1662 qui
1862 1603 2028 1646 nostra

124 1697 292 1731 caussa
314 1696 485 1748 passus
513 1686 605 1740 est,
638 1677 855 1728 instituta
881 1687 992 1729 sunt
1016 1677 1214 1742 ieiunia,
1257 1678 1340 1728 sed
1367 1687 1416 1728 ut
1441 1678 1610 1729 salutis
1638 1688 1834 1730 nostrae
1855 1697 2027 1731 caussa

124 1764 365 1815 cruciatus
406 1764 513 1814 illos
546 1762 879 1831 profiteamur,
936 1780 1055 1830 quos
1096 1780 1180 1829 pro
1220 1761 1358 1812 nobis
1401 1763 1621 1813 dominus
1655 1763 1758 1832 ipse
1793 1764 2024 1831 suscepit,

124 1859 264 1917 atque
304 1857 355 1899 ut
385 1848 503 1898 haec
530 1865 558 1898 a
582 1846 672 1897 deo
705 1846 881 1897 ieiunia
916 1846 1169 1915 expiandis
1202 1846 1381 1897 nostris
1413 1847 1678 1898 sceleribus
1711 1847 2025 1917 imputentur.

122 1931 280 1984 Porro
323 1932 591 1982 istiusmodi
637 1930 865 1982 ieiunium
900 1941 1000 1982 toto
1030 1950 1156 1982 anno
1192 1932 1239 1982 in
1275 1931 1478 1982 ecclesia
1512 1932 1747 1983 catholica
1775 1933 2030 2001 diligenter

124 2016 428 2080 observatur,
471 2024 658 2083 quarta,
689 2016 754 2066 uti
787 2016 908 2079 dixi,
950 2025 1186 2084 sextaque
1217 2016 1335 2066 feria
1366 2017 1423 2066 ad
1452 2016 1616 2068 horam
1649 2034 1799 2084 usque
1829 2035 2025 2080 nonam,

125 2100 341 2169 exceptis
382 2100 720 2168 quinquaginta
752 2098 1071 2151 Pentecostes
1110 2100 1308 2164 diebus,
1363 2100 1532 2168 quibus
1565 2118 1722 2170 neque
1755 2119 1913 2169 genua
1946 2102 2030 2151 fle-

126 2194 345 2248 ctuntur,
398 2201 552 2252 neque
594 2183 822 2235 ieiunium
864 2184 1108 2235 indicitur.
1185 2183 1282 2235 Pro
1317 2185 1408 2235 illis
1442 2202 1560 2235 vero
1599 2185 1917 2236 conventibus
1951 2186 2030 2253 qui

126 2270 184 2320 ad
215 2270 378 2320 horam
412 2285 587 2319 nonam
622 2268 804 2336 quartis
833 2269 1052 2320 sextisve
1085 2269 1217 2320 feriis
1248 2269 1483 2320 celebrari
1517 2278 1903 2334 consueverunt,
1945 2287 2032 2339 per

124 2354 232 2405 illos
264 2354 395 2417 dies,
451 2353 645 2422 perinde
687 2370 744 2403 ac
784 2353 1022 2404 dominica
1061 2353 1164 2417 die,
1220 2354 1481 2405 matutinae
1515 2371 1730 2424 synaxes
1768 2355 2026 2405 obeuntur.

125 2437 300 2506 Neque
328 2455 446 2488 vero
477 2437 589 2488 totis
613 2437 706 2488 illis
737 2438 974 2489 duntaxat
1001 2437 1345 2506 quinquaginta
1373 2437 1692 2490 Pentecostes
1719 2439 1886 2490 diebus
1911 2439 2027 2504 ulla,

128 2523 195 2573 uti
227 2522 373 2585 dixit,
414 2522 593 2572 ieiunia
623 2531 762 2585 sunt,
817 2523 901 2573 sed
933 2540 1087 2591 neque
1119 2521 1497 2592 Epiphaniorum
1528 2524 1631 2588 die,
1687 2542 1779 2592 quo
1813 2523 2032 2574 dominus

128 2607 388 2658 secundum
419 2623 611 2656 carnem
638 2614 779 2657 natus
808 2615 912 2672 est,
962 2608 1180 2658 ieiunare
1213 2608 1354 2673 lieet3
1409 2607 1600 2659 tametsi
1635 2617 1852 2676 quartam
1888 2609 1935 2659 in
1965 2610 2034 2659 se-

129 2693 247 2743 riam
302 2691 381 2741 vel
411 2686 601 2741 sextam
643 2690 881 2742 inciderit.
971 2691 1036 2742 At
1081 2693 1157 2760 qui
1206 2692 1368 2761 pietati
1408 2693 1630 2757 student,
1682 2692 1881 2762 egregia
1920 2710 2035 2761 qua-

130 2778 234 2827 dam
267 2793 322 2825 ac
354 2774 577 2825 laudabili
608 2774 853 2825 voluntate
886 2786 1141 2844 perpetu0,
1195 2777 1313 2828 solis
1343 2776 1595 2827 dominicis
1625 2795 1682 2828 ac
1713 2775 2034 2828 pentecostes

131 2859 297 2911 diebus
324 2858 570 2928 exceptiS,
625 2857 804 2909 ieiunia
835 2859 923 2909 sibi
954 2878 1009 2911 ac
1042 2860 1229 2928 vigilias
1261 2862 1529 2928 imponunt.
1606 2860 1736 2913 Nam
1769 2861 2032 2912 dominicas

131 2961 298 2996 omnes
327 2945 474 2994 festas
503 2942 774 3010 hilaresque
803 2943 1035 2994 catholica
1061 2962 1170 2995 esse
1203 2946 1368 2997 sanxit
1397 2946 1623 2997 ecclesia.
1700 2946 1775 2997 Ac
1806 2945 2033 2996 solennes

132 3037 398 3081 conventus
425 3026 672 3078 matutinis
703 3026 834 3077 horis
859 3027 1052 3090 indicit,
1097 3046 1186 3080 nec
1213 3030 1306 3080 ulla
1331 3029 1509 3081 ieiunia
1538 3029 1769 3081 celebrat.
1845 3029 2034 3080 Absur-

134 3115 240 3165 dum
271 3113 397 3163 enim
425 3120 500 3162 est
526 3110 742 3161 ieiunare
777 3111 1013 3162 dominico
1040 3112 1134 3163 die.
1213 3110 1442 3164 Ceterum
1474 3122 1585 3165 ante
1610 3122 1792 3181 septem
1820 3111 2033 3164 Pascha—

135 3199 195 3249 tis
234 3197 336 3248 dies
378 3194 808 3263 Quadragesimam
854 3195 1149 3260 observare,
1203 3206 1343 3265 atque
1387 3198 1435 3248 in
1480 3198 1673 3249 ieiuniis
1715 3215 2033 3267 perseverare

136 3282 299 3333 eadem
343 3280 596 3332 consuevit
636 3280 867 3343 ecclesia,
918 3280 1170 3332 dominicis
1210 3299 1327 3332 vero
1364 3282 1504 3333 nullis
1538 3283 1761 3346 omnin0,
1819 3282 2033 3349 adeoque

136 3383 224 3417 nec
250 3365 400 3434 ipsius
427 3365 613 3433 quidem
640 3362 1049 3432 Quadragesimae
1072 3365 1289 3415 ieiunare
1316 3366 1457 3416 solet.
1518 3364 1781 3416 Praeterea
1809 3382 1900 3417 sex
1927 3366 2035 3416 illos

135 3448 387 3501 Paschatis
423 3449 525 3500 dies
551 3448 889 3517 xerophagiis,
941 3448 1031 3499 hoc
1063 3457 1138 3500 est
1159 3450 1290 3499 arido
1317 3450 1476 3513 victu,
1530 3450 1800 3518 transigere
1835 3450 2036 3518 populns

138 3533 291 3585 omnis
333 3533 571 3598 assuevit,
627 3535 716 3584 hoc
759 3542 833 3584 est
873 3550 1042 3602 panem
1087 3534 1319 3583 duntaxat
1362 3551 1467 3583 cum
1503 3551 1623 3602 aqna
1660 3534 1747 3585 sub
1782 3551 2036 3602 vesperam

138 3617 382 3668 adhibere.
458 3614 560 3668 Imo
597 3635 716 3669 vero
760 3618 973 3668 nonnulli
1012 3618 1070 3668 ad
1107 3618 1298 3668 biduum
1334 3618 1408 3668 vel
1449 3617 1684 3681 triduum,
1739 3618 1818 3669 vel
1857 3617 2037 3686 quatri-

140 3701 281 3753 duum
321 3717 502 3768 usque,
553 3701 735 3752 ieiunia
781 3711 1060 3771 prorogant.
1135 3701 1235 3752 Alii
1269 3710 1413 3752 totam
1454 3701 1797 3754 hebdomadem
1826 3703 2036 3770 adusque

197 3810 235 3854 4.
267 3810 415 3860 διπλάς
443 3827 480 3854 κ.
510 3811 679 3867 τριπλὰς
707 3829 742 3856 κ.
769 3812 998 3868 τετραπλὰς
1024 3816 1134 3856 codd.
1155 3826 1243 3855 mss.
1268 3819 1301 3854 et
1329 3815 1418 3854 edit.
1448 3817 1570 3864 princ.

226 3879 369 3925 Corpus
388 3879 611 3917 Haereseol.
642 3882 688 3917 11.
710 3882 741 3916 3.
1633 3874 1699 3923 34
