2508 4134
441 246 543 299 318
1149 259 1355 302 SANc'm
1384 261 1674 304 EPIPHANII

439 356 522 406 καὶ
546 359 651 426 θεῷ
677 351 731 406 τὸ
763 350 886 406 εἶναί
911 375 1030 408 ποτε
1057 353 1176 409 ἄνευ
1206 360 1388 424 Τυῖοῦ,
1425 356 1628 428 ὕστερον
1659 359 1712 413 δὲ
1742 365 2000 413 καλεῖσθαι
2030 360 2216 430 πατέρα
2247 358 2368 429 μετά

439 437 564 492 υἱόν.
641 440 742 491 Καὶ
770 439 987 509 ἀπρεπὲς
1011 446 1080 513 τῷ
1107 444 1203 514 υἱῷ
1232 441 1287 496 τό
1318 441 1444 496 εἶναι
1469 443 1567 513 πρὸ
1609 445 1767 498 αὐτοῦ
1803 444 2002 516 χρόνον·
2052 447 2186 499 ἔσται
2214 443 2308 517 γάρ
2339 443 2369 500 ό

436 523 615 594 χρόνος
652 529 823 592 μείζων
857 531 946 593 τῆς
983 525 1142 581 αὐτοῦ
1179 528 1559 598 μεγαλειότητος.
1639 530 2083 602 8Συμπρεπόντως
2125 531 2179 584 δὲ
2218 532 2368 602 πατρὶ

436 608 488 663 τό
521 606 598 664 ἀεὶ
636 612 760 678 ἔχειν
796 612 848 663 ἐν
873 611 1133 680 ταυτότητι
1163 619 1260 667 τῶν
1291 612 1581 682 ἀξιωμάτων
1618 614 1672 669 τὸ
1707 616 2023 670 ἀνέκλειπτον
2058 617 2143 669 καὶ
2186 615 2367 670 ἀΐδιον.

438 697 536 748 Καὶ
567 694 643 749 ὅτι
667 694 765 766 πρό
795 703 921 750 θεοῦ
953 697 1100 751 οὐδὲν
1123 691 1212 766 ἦν,
1264 702 1412 767 δῆλον
1437 706 1594 754 τοῦτο.
1677 700 1742 755 Τό
1772 701 1894 765 θεὸς
1924 706 2118 768 τοίνυν,
2174 698 2244 764 ώς
2268 703 2367 770 ἔφη

426 779 642 847 Ἀέτιος,
694 784 778 836 καὶ
810 781 864 836 τό
899 781 1164 853 ἀγέννητον
1193 782 1373 838 ταύτόν
1403 787 1502 839 ἐστι
1533 789 1728 854 δηλοῦν.
1804 789 1903 841 Καὶ
1935 793 2043 850 πῶς
2071 789 2252 841 ἑαυτοῦ
2280 809 2366 840 κα·

222 890 304 927 pag.
328 879 402 914 987.
433 869 685 921 ταπλέκων
723 876 987 939 κατηγορεῖ
1021 874 1202 936 μᾶλλον
1245 871 1337 923 9δὲ
1375 868 1498 941 ἤπερ
1541 875 1849 936 συνίσταται,
1923 875 1995 925 Εἰ
2015 870 2108 943 γάρ
2136 871 2228 926 σῦν
2262 877 2369 946 θεῷ

433 950 488 1006 τό
520 951 668 1019 θεός,
717 951 784 1016 ώς
810 955 895 1008 καὶ
922 957 1044 1018 ἔστι,
1096 957 1180 1008 καὶ
1208 954 1262 1023 tt}
1291 955 1558 1025 ἀγέννητον
1584 961 1830 1027 προςίεται
1857 955 1943 1012 τόν
1972 956 2202 1028 γεννητόν
2229 956 2365 1012 υἱόν·

433 1040 524 1107 ἔχει
566 1038 658 1110 γάρ
700 1042 1213 1110 συμπεριειλημμένως
1247 1038 1300 1094 τό
1341 1039 1475 1102 θεός.
1558 1047 1964 1109 Συνεκφωνεῖται
2003 1044 2056 1097 δὲ
2089 1049 2159 1116 τῷ
2197 1044 2365 1114 πατρὶ,

431 1120 533 1177 ἀπὸ
573 1130 662 1178 τοῦ
702 1124 850 1190 θεὸς,
902 1128 987 1178 καὶ
1029 1124 1280 1191 ἀκτιστος,
1329 1127 1412 1178 καὶ
1453 1125 1545 1179 σῦν
1573 1129 1721 1198 πατρὶ
1747 1126 2016 1196 τιμώμενος
2051 1127 2173 1191 θεὸς
2200 1127 2364 1199 λόγος,

431 1207 527 1263 κάν
565 1230 613 1262 τε
642 1216 712 1284 τῷ
739 1208 904 1283 Ἀετίῳ
944 1217 1089 1264 τοῦτο
1124 1234 1193 1279 μη
1226 1215 1540 1281 παρίσταται,
1595 1219 1693 1266 τῶν
1731 1212 1931 1267 πάντων
1966 1212 2246 1281 κτισμάτων
2271 1215 2366 1287 υἱῷ

431 1295 869 1365 προςκυνούντων,
907 1298 991 1350 καὶ
1018 1295 1179 1363 πάσης
1207 1296 1426 1366 γλώσσης
1449 1297 1951 1368 έξομολογουμένης”’
1920 1321 1998 1352 οτι
2019 1297 2209 1367 Ἰησοῦς
2241 1304 2364 1369 Χρι-

431 1380 544 1445 στὸς
570 1385 640 1444 εἰς
671 1382 819 1446 δόξαν
849 1388 974 1436 θεοῦ
1000 1380 1214 1452 πατρὸς,
1254 1384 1294 1454 ᾧ
1326 1380 1358 1450 ἦ
1386 1382 1505 1447 δόξα
1530 1386 1679 1454 πατρι
1708 1386 1761 1438 ἐν
1787 1387 1907 1457 υιῷ,
1921 1383 2039 1438 σῦν
2060 1381 2185 1458 άγίῳ
2214 1382 2365 1438 πνεύ-

431 1490 571 1536 ματι,
610 1470 678 1530 εἰς
714 1466 1054 1554 τοῦςναίὧνας
1089 1473 1189 1521 τῶν
1226 1437 1438 1522 αἰώνων.
1509 1467 1680 1537 Ἀμήν.

723 1898 849 1943 ΤΩΥ
879 1898 1104 1943 ΑΕΤΙΟΥ
1134 1899 1253 1943 *ΕΝ
1283 1899 1394 1944 ΤΩῙ
1425 1899 1616 1944 ΤΕΛΕῙ
1645 1899 1724 1944 ΤΟ
1754 1898 2077 1944 ΕΡΡΩΣΘΔΙ.
2083 1895 2092 1897 ⁷

567 1979 907 2054 Ἐρρωμένους
937 1985 1022 2037 καὶ
1045 1985 1324 2054 ἐρρωμένας
1350 1982 1483 2052 ὑμᾶς
1511 1982 1540 2038 ὁ
1565 1982 1634 2038 ὧν
1659 1983 2014 2087 αὐτογέννητος
2037 1982 2184 2050 θεός,
2224 1981 2254 2037 ὅ
2275 1985 2362 2038 καὶ

432 2069 584 2138 μόνος
614 2076 634 2106 1
653 2067 737 2123 διά
766 2076 911 2123 τοῦτο
940 2069 1184 2139 ἀληθινός
1217 2068 1336 2133 θεὸς
1373 2071 1794 2140 προςαγορευθεις
1820 2067 1921 2123 ὗπὸ
1945 2074 2035 2123 τοῦ
2066 2066 2361 2124 ἀποσταλέν-

430 2178 514 2218 τος
547 2153 706 2223 Ἰησοῦ
746 2160 991 2225 Χριστοῦ,
1041 2153 1346 2219 ὖποστάντος
1387 2177 1436 2209 τε
1474 2155 1681 2224 άληθῶς
1718 2153 1815 2224 πρό
1856 2153 2054 2208 αἰώνων
2092 2156 2178 2208 καὶ
2219 2153 2361 2218 ὄντος

431 2247 457 2278 ²
473 2247 702 2312 γεννητῆς
733 2238 1074 2307 ὑποστάσεως,
1112 2241 1392 2311 διατηρήσει
1421 2241 1524 2295 ἀπὸ
1551 2247 1638 2310 τῆς
1661 2241 1912 2309 ἀσεβείας,
1964 2242 2017 2294 ἐν
2049 2245 2247 2314 Χριστῷ
2264 2240 2361 2310 Ἰη-

428 2333 519 2381 σοῦ
543 2332 612 2400 τῷ
644 2332 858 2398 3σωτῆρι
889 2325 1048 2396 ήμῶν,
1077 2324 1140 2380 δι’
1169 2320 1232 2380 οὗ
1257 2333 1393 2380 πᾶσα
1421 2326 1539 2399 δόξα
1570 2333 1639 2400 τῷ
1669 2333 1695 2364 4
1715 2331 1819 2400 θεῷ
1841 2328 1924 2380 καὶ
1953 2327 2119 2396 πατρὶ,
2158 2327 2243 2380 καὶ
2263 2332 2360 2381 νῦν

432 2415 556 2467 ὅκαὶ
591 2416 660 2476 εἰς
696 2411 814 2475 τούς
850 2415 1036 2476 αἰῶνας
1070 2418 1168 2465 τῶν
1205 2411 1416 2466 αἰώνων.
1488 2411 1657 2482 Ἀμήν.

566 2582 756 2653 Ἀνατρ.
832 2584 934 2636 Καὶ
971 2585 1054 2637 ἐπὶ
1090 2590 1159 2658 τῷ
1188 2585 1307 2638 τέλει
1341 2582 1371 2639 ό
1387 2584 1580 2647 Ἀέτιος
1614 2581 1823 2654 γράφων
1851 2587 1920 2655 τῷ
1960 2583 2139 2636 ἑαυτοῦ
2174 2579 2360 2656 θιάσῳ,

428 2665 505 2732 οἷς
534 2671 632 2736 ἔφη
680 2669 962 2736 θάθληταῖς
998 2690 1048 2722 τε
1086 2672 1171 2723 καὶ
1214 2668 1525 2742 ἀθλητρίαις,
1575 2668 1666 2723 οὐκ
1699 2669 1958 2722 ἀπελίπετο
1999 2674 2087 2735 τῆς
2130 2666 2362 2736 τοιαύτης

426 2761 525 2808 τῶν
555 2753 714 2825 λόγων
738 2758 1041 2823 μοχθηρίας,
1079 2754 1198 2808 ’ἀλλά
1227 2757 1312 2809 καὶ
1342 2758 1395 2809 ἐν
1424 2761 1492 2828 τῷ
1522 2757 1770 2824 ἐρρῶσθαι
1803 2753 2056 2816 ἀπέδειξεν
2085 2752 2243 2807 αὐτοῦ
2273 2759 2360 2821 τῆς

428 2836 743 2902 διδασκαλίας
766 2839 820 2894 τὸ
848 2838 1114 2911 ἀλλότριον.
1194 2841 1384 2895 Φάσκει
1414 2840 1532 2912 γάρ,
1581 2840 1917 2911 Ἐρρωμένους
1947 2836 2078 2906 ’ὑμᾶς
2105 2835 2135 2891 ό
2169 2837 2239 2892 ὦν
2269 2838 2358 2893 αὖ·

428 2928 712 2997 τογέννητος
739 2925 884 2988 θεός·
940 2924 1000 2979 οὐ
1030 2925 1244 2981 συνιδών
1281 2927 1358 2981 ὅτι
1384 2929 1437 2980 ἐν
1461 2928 1532 2979 ἓνὶ
1554 2925 1683 2999 λόγῳ
1709 2927 1846 2978 ἔλυσε
1875 2922 1930 2977 τὸ
1955 2928 2058 2977 πᾶν
2084 2929 2171 2991 τῆς
2202 2924 2360 2982 αὐτοῦ

427 3011 720 3082 ’ὑποσπορᾶς
746 3017 835 3064 τοῦ
875 3011 1157 3079 ζητήματος
1237 3012 1410 3081 Φησας
1446 3034 1538 3083 γαρ
1577 3013 1628 3065 ἐν
1658 3018 1762 3072 τοῖς
1792 3006 2028 3063 ἀνωτάτω
2070 3013 2358 3076 κεφαλαίοις

427 3099 540 3167 περὶ
567 3095 837 3167 ἀγεννήτου
863 3103 1017 3162 θεοῦ,
1073 3103 1098 3133 ⁷
1121 3097 1195 3151 Οὐ
1223 3101 1431 3198 προοῖδε
1468 3095 1604 3150 καὶ
1584 3096 1660 3149 ότι
1691 3116 1804 3150 ουτε
1833 3092 2008 3147 ἑαυτόν
2046 3095 2230 3161 ἐποίει,
2285 3096 2358 3149 ἐν·

425 3188 593 3235 ταῦθα
634 3180 986 3252 αὖτογέννητον
1025 3180 1143 3250 »ἡμῖν
1186 3181 1479 3253 παρειςάγει.
1559 3187 1708 3234 Πᾶσα
1746 3181 1798 3232 δὲ
1849 3177 2085 3232 8διάνοια
2129 3181 2180 3233 ἐν
2218 3178 2356 3254 λήθῃ

427 3270 603 3337 ἑαυτῆς
624 3272 830 3339 γίνεται,
868 3267 1005 3330 ὅπως
1034 3272 1310 3338 φωραθείη.
1386 3265 1514 3320 Εἶτά
1543 3283 1692 3335 φησι,
1728 3262 1783 3317 Ο
1811 3265 1896 3317 καὶ
1918 3262 2071 3331 μόνος
2097 3262 2180 3318 δια
2207 3270 2354 3319 τοῦτο

480 3413 519 3457 7
550 3413 640 3457 υἱοῦ
672 3416 728 3455 bis
753 3416 891 3465 leyitur
926 3417 966 3454 in
996 3414 1086 3454 edit.
1116 3414 1252 3455 Petav.
1286 3415 1357 3454 Co·
1416 3418 1580 3452 accusat
1618 3409 1756 3465 potius
1794 3422 1916 3463 quam
1956 3407 2205 3450 confirmat?
2275 3411 2354 3451 Pro

427 3474 502 3512 lon.
527 3476 645 3522 repet.
1415 3462 1524 3523 ἤπερ
1551 3470 1593 3508 in
1620 3468 1703 3507 cod.
1733 3467 1895 3516 Rhediy.
1925 3467 2064 3517 ἰτρίων
2094 3466 2221 3519 εἴπερ.

482 3526 522 3570 8.
567 3529 865 3568 Rescribendum
901 3528 1063 3577 fortasse
1104 3524 1357 3595 Συμπρέπον
1470 3526 1492 3549 *
1523 3523 1565 3567 ἐν
1590 3523 1651 3578 τῷ
1676 3521 1785 3565 τέλει
1813 3523 1924 3563 codd.
1967 3535 2057 3563 mss.
2106 3525 2183 3565 Ien.
2197 3551 2211 3574 ‚
2253 3523 2355 3563 Rhe-

425 3585 484 3639 τῷ
515 3582 563 3627 δὲ
589 3582 740 3638 πατρὶ,
773 3588 842 3624 aut
869 3577 1172 3638 Συμπρέπον”
1150 3597 1281 3631 οντως
1309 3579 1357 3625 δὲ
1415 3583 1495 3633 di9.
1514 3611 1528 3632 ,
1574 3581 1781 3622 Parisinus
1820 3579 1928 3633 (teste
1953 3580 2150 3633 Petavio).
2206 3576 2354 3622 ἐνταῦ-

425 3629 566 3693 πόιτρὶ.
1415 3638 1472 3681 δα
1495 3638 1610 3679 τελεῖ
1629 3637 1717 3677 edd.
1747 3636 1959 3677 Cornarius
1981 3639 2094 3678 vertit
2117 3634 2227 3676 Aetii
2252 3648 2351 3676 con·

479 3694 519 3736 9.
552 3699 632 3737 Hoc
661 3694 709 3740 δὲ
738 3698 943 3738 delendum
979 3708 1057 3738 esse
1085 3698 1168 3736 iam
1196 3697 1357 3736 Petavio
1416 3693 1543 3736 clusio
1577 3691 1631 3732 ad
1659 3691 1798 3732 finem.

424 3755 550 3792 visum
585 3758 662 3802 est,
712 3756 778 3803 qui
806 3756 958 3794 uncinis
999 3754 1167 3793 inclusit.
1227 3754 1356 3791 Etiam
1475 3752 1508 3791 1.
1540 3746 1611 3792 διὰ
1636 3748 1756 3790 τοῦτο
1785 3750 1901 3789 verba
1930 3751 2091 3790 aberant.
2119 3760 2253 3800 supra.

428 3811 638 3849 Carnarius
661 3813 843 3850 convertit
867 3809 1046 3863 seipsum
1069 3806 1356 3863 complicando
1471 3807 1509 3847 2.
1543 3802 1718 3859 ἀληθῶς
1746 3807 1947 3860 γεννητῆς
1975 3817 2109 3857 supra.
