2508 4134
882 297 1061 340 INDEX
1093 298 1301 340 RERUM.

1943 286 2044 337 747

205 409 339 437 mores
369 403 411 437 et
441 396 603 438 habitus
626 398 720 439 729.
749 419 801 429 —
858 395 1066 450 detegitur
1128 396 1264 438 Ariani
1306 395 1518 450 epistolam
1560 394 1613 437 ad
1642 395 1852 437 Hebraeos
1880 392 2044 436 reiicie-

205 479 230 506 a
253 465 422 506 Meletio
439 466 658 508 Thebaidis
680 466 876 522 episcopo
899 466 996 507 ibid.
1014 492 1062 497 —

1181 466 1281 506 bant
1313 469 1406 507 760.

207 535 578 578 excommunicatur
606 551 696 578 cum
735 535 816 577 suis
847 536 1064 577 sectatori·
1127 536 1364 576 Axianorum
1392 535 1571 576 obiectio
1597 549 1647 576 ex
1676 537 1708 578 Ι.
1752 534 1936 576 Corinth.
1976 533 2044 574 ubi

205 603 279 645 bus
307 604 404 645 ibid.
425 629 478 637 -
509 605 751 647 Alexandria
765 604 975 647 discedere
1000 605 1064 646 iu-

162 684 165 689 ‘
205 672 326 715 betur
351 674 449 716 ibid.
466 698 517 707 —
555 675 703 717 multos
724 675 766 716 iu
795 669 980 716 fra’udem
999 674 1067 715 in-

207 741 319 784 ducit
350 747 441 786 730.
468 767 523 776 —
580 745 688 800 fugit
729 745 770 786 in
799 743 1066 786 Palaestinam

205 812 305 855 ibid.
334 837 384 845 -
446 813 678 855 Alexander
716 814 931 870 episcopus
977 813 1065 868 epi-

205 882 332 922 stolas
360 883 587 939 encyclicas
626 884 679 925 ad
717 883 933 939 episcopos
960 883 1068 924 misit

205 951 304 993 ibid.
328 976 380 984 —-
408 961 509 1007 quot
532 966 700 995 numero
725 953 880 995 fuerint
903 953 1001 993 ibid.
1017 976 1065 984 -

205 1021 290 1061 Arii
319 1022 502 1063 fautores
531 1036 701 1078 quorum
729 1023 919 1078 princeps
942 1025 1070 1063 Euse-

205 1090 294 1132 bius
324 1091 587 1133 Nicomediae
630 1093 843 1148 episcopus
884 1091 985 1134 ibid.
1013 1116 1067 1124 —

206 1161 291 1202 Arii
315 1161 490 1214 epistola
514 1176 593 1218 qua
618 1177 732 1203 suum
760 1162 908 1217 dogma
936 1163 1070 1218 expli-

207 1239 273 1271 cat
304 1234 396 1272 731.
429 1255 477 1262 —
548 1231 627 1273 alia
672 1232 846 1287 epistola
889 1232 1068 1273 eiusdem

206 1300 260 1341 ad
303 1301 574 1342 Alexandrum
608 1305 700 1343 732.
732 1325 785 1333 —
854 1301 928 1342 sed
957 1302 1066 1343 Con-

205 1370 405 1411 stantinus
435 1370 682 1426 encyclicam
710 1371 923 1427 epistolam
966 1371 1067 1412 scri-

206 1440 288 1495 psit
314 1447 456 1482 contra
484 1441 620 1481 Arium
644 1445 738 1482 734.
756 1465 810 1473 -
852 1441 934 1482 Arii
962 1455 1071 1482 mors

210 1513 302 1551 735.
337 1534 391 1542 —-
461 1510 644 1552 Nicaeua
694 1510 874 1566 synodus
929 1519 1072 1552 eontra

207 1580 379 1621 Arianos
417 1579 516 1621 ibid.
547 1603 600 1612 —
666 1581 810 1636 quibus
848 1581 1072 1635 scripturae

209 1649 311 1691 locis
342 1664 522 1691 errorem
553 1664 668 1690 suum
694 1650 951 1692 confirmaret
980 1655 1072 1692 736.

206 1744 260 1751 —-
290 1720 531 1761 Arianorum
553 1719 732 1761 haeresis
754 1735 824 1761 cur
846 1734 869 1761 a
895 1720 974 1762 deo
999 1729 1071 1761 to-

205 1789 334 1831 lerata
363 1793 455 1831 737.
487 1814 536 1822 -
580 1803 720 1831 eorum
751 1790 929 1831 fautores
953 1791 1067 1845 prin—

207 1859 318 1914 cipes
345 1859 446 1900 ibid.

153 1943 391 1985 Arianorum
431 1943 543 1984 fraus
576 1945 667 1984 738.
695 1966 748 1976 -
817 1958 958 1985 eorum
999 1945 1072 1985 fir—

205 2021 452 2054 mamentum
481 2012 579 2053 ibid.
613 2035 664 2044 —
711 2026 852 2054 eorum
879 2014 1070 2068 blasphe-

205 2083 285 2123 mia
314 2084 367 2124 de
408 2082 492 2123 filio
532 2081 599 2123 dei
639 2082 737 2124 ibid.
769 2106 821 2114 --
891 2083 1072 2137 captiosa

205 2153 337 2194 oratio
361 2155 452 2192 739.
490 2175 533 2183 -
578 2152 662 2192 eius
686 2152 882 2194 refutatio
908 2156 999 2195 740.
1018 2177 1073 2184 —

206 2222 448 2264 Arianornm
473 2221 726 2275 obJ'ectiones
757 2226 851 2263 742.
883 2247 931 2253 —
980 2221 1072 2262 ani-

205 2307 312 2333 mam
368 2291 584 2333 humanam
640 2291 860 2333 detrahunt
909 2291 1072 2332 Christo

210 2365 302 2402 ⁷43.

151 2445 290 2487 Ariani
334 2445 557 2487 catholicos
594 2455 637 2487 et
686 2445 819 2487 verbis
861 2454 902 2487 et
951 2444 1071 2486 armis

206 2524 503 2571 persequuntur
531 2520 625 2557 885.

153 2599 237 2641 Arii
271 2613 381 2639 mors
418 2599 594 2654 prodigii
624 2599 763 2641 similis
793 2608 835 2640 et
862 2615 886 2641 a
926 2601 1005 2641 deo
1030 2600 1070 2640 in

208 2668 405 2709 ultionem
432 2669 609 2710 immissa
637 2673 728 2710 722.

152 2754 393 2795 Arianorum
417 2753 551 2794 variae
578 2753 828 2794 obiectiones
855 2754 984 2809 prima
1011 2761 1073 2794 est

209 2823 260 2864 de
282 2823 373 2864 solo
399 2831 441 2863 et
463 2839 562 2865 vero
586 2823 665 2864 deo
694 2826 784 2864 751.
810 2849 859 2855 —-
911 2823 962 2864 de
990 2823 1072 2864 filio

208 2902 346 2934 creato
379 2897 471 2934 758.
500 2917 554 2925 -
611 2909 660 2934 ex
691 2893 852 2934 Ioannis
879 2895 907 2933 Ι.
939 2893 1071 2948 capite

209 2967 303 3004 662.
328 2986 383 2994 --
425 2972 467 3004 et
498 2962 581 3004 eius
610 2963 757 3004 solutio
789 2966 882 3003 763.
913 2987 964 2994 -
1022 2978 1071 3004 ex

209 3034 376 3074 Actibus
429 3034 709 3088 apostolorum
757 3037 848 3074 764.
892 3057 947 3065 --

206 3103 406 3145 Matthaei
436 3103 648 3158 evangelio
689 3107 779 3143 766.
814 3127 863 3133 —-
924 3117 972 3143 ex
1003 3105 1071 3143 Io·

208 3174 323 3216 annis
354 3173 568 3228 evangelio
608 3173 660 3213 de
704 3173 895 3213 mittente
922 3171 1075 3212 maiore

206 3244 344 3285 missio
368 3247 458 3286 775.
486 3268 528 3274 -ν
560 3243 643 3284 eius
666 3241 878 3296 responsio
899 3245 990 3282 776.
1023 3265 1074 3273 -

210 3315 308 3355 item
347 3314 398 3354 de
438 3314 626 3354 mittente
666 3311 848 3352 dissimili
888 3326 911 3351 a
952 3311 1075 3351 misso

213 3384 314 3424 ibid.
348 3407 396 3414 -
456 3399 504 3423 ex
535 3382 694 3423 loannis
726 3385 792 3423 20.
823 3382 971 3435 capite,
995 3395 1074 3436 quo

215 3454 397 3495 Christus
427 3453 527 3493 dicit
560 3452 681 3492 deum
710 3466 842 3492 meum
869 3455 962 3491 777.

1025 3047 1073 3073 CX

155 3536 397 3579 Arianorum
422 3545 533 3578 secta
556 3537 597 3577 in
621 3545 704 3576 tres
724 3535 923 3576 factiones
949 3534 1075 3574 divisa

213 3609 304 3647 670.
338 3630 387 3638 ——-
446 3622 494 3647 ex
538 3607 586 3647 iis
626 3605 693 3661 qui
732 3606 886 3645 fuerint
927 3605 1076 3645 occulti

211 3675 412 3730 fingentes
438 3691 481 3717 se
508 3691 596 3716 esse
622 3675 874 3716 orthodoxos
897 3678 991 3715 871.
1026 3699 1066 3705 -

213 3759 316 3800 qnae
339 3746 463 3787 fuerit
485 3760 626 3787 eorum
651 3745 751 3785 fides
776 3745 844 3800 qui
868 3744 1074 3785 Seleuciae

213 3815 379 3858 suerunt
407 3815 642 3870 congregati
669 3814 766 3857 ibid.

1180 604 1232 644 de
1272 612 1524 645 mortuorum
1572 604 1867 646 resurrectione
1911 602 2047 659 agitur

1183 677 1274 714 798,
1299 697 1349 706 -
1378 674 1463 714 eius
1489 674 1641 715 solutio
1671 677 1750 715 799
1778 682 1820 714 et
1843 676 1937 714 800.
1963 675 2041 715 801

1182 752 1224 784 et
1253 746 1347 784 803.
1379 767 1431 775 -—
1488 743 1635 784 iterum
1671 744 1749 785 alia
1788 743 1966 785 obiectio
1997 756 2046 783 ex

1182 813 1343 854 Ioannis
1373 813 1516 868 quinto
1545 813 1704 869 eapite,
1745 821 1789 853 et
1812 812 1898 853 eins
1928 812 2046 854 refu-

1181 883 1287 924 tatio
1315 886 1409 923 803.

1130 953 1263 993 Ariani
1294 952 1518 993 Hebraicae
1546 952 1707 1006 linguae
1734 952 1890 1007 ignari,
1938 951 2047 992 cuius

1182 1036 1327 1063 vocum
1353 1022 1413 1062 vis
1443 1022 1714 1076 expendenda
1746 1011 1839 1063 749.

1132 1091 1267 1132 Ariani
1290 1092 1522 1133 refutantur
1559 1091 1665 1133 circa
1702 1091 1975 1133 obiectionem
1996 1091 2048 1132 de

1184 1160 1517 1202 consubstantiali
1546 1162 1672 1202 verbo
1701 1165 1790 1202 796.
1824 1185 1874 1193 -
1933 1161 2047 1202 Con-

1182 1230 1457 1271 substantialis
1485 1231 1728 1272 vocabulum
1758 1239 1821 1272 est
1858 1244 2046 1272 necessa-

1183 1299 1289 1340 rium
1320 1303 1413 1340 797.

1131 1369 1370 1412 Arianorum
1399 1379 1547 1425 quanta
1575 1370 1774 1411 calliditas
1797 1370 1838 1411 in
1876 1370 2047 1411 circum-

1183 1439 1393 1480 veniendis
1410 1439 1721 1494 simplicioribus
1741 1440 1941 1481 mentibus
1956 1443 2047 1481 757.

1133 1509 1302 1549 Arianae
1327 1509 1542 1550 haereseos
1563 1510 1857 1550 confutationis
1881 1509 2048 1550 conclu-

1183 1578 1244 1619 sio
1280 1579 1331 1619 ab
1364 1579 1661 1620 illuminatione
1700 1594 1774 1634 per
1798 1587 1961 1634 sputum
1999 1592 2051 1619 ex

1184 1648 1397 1703 evangelio
1427 1650 1590 1690 Ioannis
1621 1652 1714 1690 806.

1137 1717 1269 1758 Ariani
1323 1728 1474 1772 negant
1515 1719 1691 1777 animam
1734 1727 1981 1775 assumptam
2027 1735 2050 1761 a

1188 1787 1349 1828 Christo
1377 1792 1467 1829 771.
1498 1813 1550 1821 —
1607 1789 1680 1830 sed
1710 1790 1878 1830 Arianus
1914 1789 2051 1831 hallu-

1187 1857 1342 1898 cinatus
1362 1858 1523 1899 videtur
1542 1858 1584 1899 in
1604 1859 1747 1900 Esaiae
1764 1859 1859 1900 loco
1886 1858 2051 1901 citando

1188 1931 1280 1968 772.
1311 1950 1366 1958 -
1423 1937 1464 1968 et
1504 1943 1608 1984 quae
1645 1929 1697 1969 de
1741 1937 1859 1984 patre
1892 1928 2053 1984 tropice

1186 1997 1401 2048 dicuntur,
1445 2013 1515 2039 cur
1542 2012 1622 2040 non
1652 1998 1703 2038 de
1742 1998 1826 2039 filio
1867 1990 2053 2040 similiter

1186 2077 1428 2122 usurpentur
1451 2067 1550 2108 ibid.

1134 2137 1270 2178 Ariani
1310 2138 1363 2178 de
1417 2137 1562 2192 spiritu
1620 2147 1764 2179 sancto
1818 2152 2053 2194 perversum

1186 2206 1335 2261 dogma
1368 2208 1572 2248 refutatur
1602 2211 1694 2248 777.
1728 2231 1783 2239 ——-
1839 2223 1928 2249 eum
1969 2223 2052 2250 non

1187 2291 1275 2317 esse
1317 2286 1496 2318 creatum
1537 2281 1629 2318 778.
1661 2301 1711 2309 --
1771 2292 1819 2318 ex
1854 2278 2052 2320 Matthaei

1187 2349 1253 2387 19.
1297 2347 1430 2401 capite
1486 2347 1663 2388 obiectio
1716 2347 1768 2387 de
1813 2347 1903 2389 solo
1943 2348 2052 2389 bono

1186 2416 1265 2457 deo
1310 2420 1401 2458 780.
1445 2440 1494 2448 —
1564 2417 1658 2472 quia
1701 2418 1830 2458 multa
1868 2418 1976 2459 bona
2011 2418 2051 2459 in

1184 2487 1394 2541 scripturis
1433 2487 1693 2542 appellantur
1730 2490 1822 2528 781.
1854 2511 1907 2518 --
1975 2488 2053 2529 alia

1186 2557 1364 2598 obiectio
1402 2571 1450 2597 ex
1491 2557 1689 2598 Matthaei
1733 2561 1799 2598 20.
1845 2565 1888 2597 et
1925 2558 2052 2598 Marci

1188 2631 1251 2668 10.
1283 2627 1335 2667 de
1371 2627 1462 2667 filiis
1498 2627 1698 2667 Zebedaei
1735 2627 1833 2668 ibid.
1877 2650 1931 2659 —-
1986 2627 2055 2682 qui

1185 2698 1298 2739 locus
1342 2696 1567 2751 explicatur
1608 2701 1699 2737 782.
1751 2721 1803 2728 —-
1875 2696 2053 2738 obiectio

1186 2768 1238 2808 de
1265 2767 1426 2808 Christo
1449 2767 1643 2807 suscitato
1666 2782 1716 2807 ex
1738 2767 1907 2807 mortuis
1928 2783 1949 2807 a
1974 2767 2053 2808 deo

1186 2837 1286 2878 ibid.
1326 2861 1378 2867 —
1461 2836 1538 2877 alia
1583 2851 1631 2876 ex
1683 2838 1815 2876 Lucae
1871 2841 1936 2877 22.
1980 2851 2051 2877 ca-

1186 2907 1272 2962 pite
1293 2906 1345 2946 de
1371 2906 1531 2946 Christo
1551 2914 1695 2946 orante
1718 2915 1874 2959 patrem
1893 2910 1983 2947 784.
2002 2930 2051 2939 -

1186 2976 1266 3017 alia
1302 2976 1354 3015 de
1394 2975 1543 3016 auxilio
1585 2976 1821 3029 angelorum
1863 2979 1955 3018 785.
1997 3000 2051 3008 —-

1188 3061 1258 3087 cur
1286 3045 1467 3086 Christus
1495 3045 1535 3085 in
1562 3059 1612 3086 eo
1641 3054 1685 3085 ut
1712 3046 1754 3086 in
1784 3047 1929 3087 ceteris
1954 3062 2052 3102 pas-

1186 3115 1318 3156 siones
1352 3116 1546 3156 humanas
1596 3116 1820 3169 susceperit
1855 3116 1954 3156 ibid.
2000 3140 2051 3149 —-

1188 3184 1395 3240 quomodo
1444 3185 1608 3239 angelus
1641 3185 1842 3225 Christum
1879 3186 2052 3226 consor-

1187 3262 1295 3294 tasse
1338 3254 1484 3294 dicitur
1524 3258 1616 3295 786.
1645 3278 1700 3286 —-
1755 3254 1834 3295 alia
1874 3255 2051 3297 obiectio

1190 3324 1242 3364 de
1273 3323 1435 3364 Christo
1471 3324 1637 3378 lugente
1678 3325 1786 3379 quod
1831 3339 1854 3364 a
1894 3324 1972 3365 deo
1999 3325 2053 3365 sit

1188 3392 1402 3433 derelictus
1436 3397 1529 3434 787.
1570 3417 1622 3424 —
1695 3394 1768 3434 sed
1804 3394 1968 3434 humani
2010 3394 2051 3435 in

1192 3463 1352 3503 Christo
1376 3463 1547 3504 affectus
1577 3463 1701 3503 fuisse
1717 3463 1943 3518 probantur
1956 3467 2052 3513 5788.

1190 3557 1240 3564 —
1282 3541 1324 3572 et
1348 3532 1433 3573 eius
1458 3533 1591 3574 anima
1618 3533 1670 3573 ad
1693 3533 1849 3576 inferos
1876 3534 2052 3575 descen-

1189 3603 1250 3643 dit
1281 3605 1371 3643 789.
1402 3626 1452 3633 -—
1511 3611 1553 3643 et
1584 3603 1754 3644 occlusis
1798 3604 1953 3645 foribus
1983 3604 2051 3645 in-

1187 3687 1347 3727 gressus
1377 3681 1438 3712 est
1470 3676 1560 3712 791.
1594 3697 1641 3704 ·-
1701 3682 1743 3713 et
1768 3674 1905 3714 curin
1933 3689 2051 3715 cruce

1186 3743 1336 3796 partim
1362 3742 1587 3794 Hebraice‚
1633 3743 1782 3797 partim
1804 3743 1971 3799 Syriace
1997 3744 2051 3784 sit

1186 3812 1344 3853 locutus
1369 3815 1460 3856 792.
1500 3836 1543 3844 -——
1602 3812 1680 3855 alia
1705 3812 1882 3854 obiectio
1906 3827 1956 3854 ex
1978 3815 2048 3853 Io-
