2508 4134
553 282 775 322 PANAan
806 282 908 320 Lm.
927 282 995 320 111.
1030 283 1162 322 TOM.
1186 284 1214 322 1.
1244 282 1617 322 HAER.LXXV1.
1939 266 2039 315 219

146 388 197 430 ut
230 394 352 446 qnae
390 378 774 428 commemoratis
816 378 946 428 bisce
979 379 1161 428 naturis
1199 381 1387 441 insunt,
1440 388 1522 429 aut
1558 395 1672 429 casu
1710 376 1911 446 quodam
1943 375 2041 424 for-

144 462 264 512 tuito
293 461 526 512 accidisse
562 462 808 525 dicantur,
861 470 970 524 aut,
1025 463 1147 529 quod
1179 473 1553 513 consentaneum
1596 471 1699 525 est,
1752 478 1854 511 eam
1891 459 2040 527 ipsam

145 545 331 614 quidem
364 562 483 613 quae
526 546 624 613 agit
656 544 946 613 ingenitam,
1001 562 1119 614 quae
1156 563 1275 596 vero
1306 547 1479 614 patitur
1504 564 1559 597 ac
1595 554 1804 596 mutatur
1832 542 2040 612 genitam

143 629 451 698 appellemuS.

281 715 431 763 XXX.
475 711 528 764 Si
558 713 750 781 genitae
782 722 980 764 naturae
1010 730 1183 764 caussa
1210 721 1287 763 est
1319 712 1561 779 ingenita,
1604 713 1865 780 ingenitum
1899 728 2035 774 vero,

78 832 80 834 >
143 797 274 865 quod·
296 796 574 865 principium
605 796 794 860 dicitur,
827 797 940 847 nihil
973 798 1166 848 omuino
1196 797 1276 857 sit,
1311 796 1499 864 quinam
1531 806 1687 865 potest
1714 799 1756 848 id
1782 800 1903 866 quod
1928 796 2042 847 nibil

144 889 217 931 est
262 880 364 930 eius
402 882 524 947 quod
565 882 841 949 productum
881 890 958 932 est
994 898 1103 933 esse
1142 880 1458 949 principium?

279 966 451 1014 XXXI.
480 963 534 1015 Si
558 966 822 1032 ingenitum
854 966 1058 1033 privatio
1083 965 1312 1033 quaedam
1339 973 1433 1027 est,
1464 973 1537 1014 est
1561 974 1716 1015 autem
1745 965 1948 1033 privatio
1974 966 2044 1015 af-

142 1048 364 1099 fectionis
391 1048 617 1112 amissio,
670 1049 867 1100 amissio
906 1067 1050 1118 porro
1078 1049 1267 1118 penitus
1295 1065 1322 1098 ε
1353 1048 1508 1099 medio
1538 1048 1747 1111 tollitur,
1789 1058 1869 1100 aut
1898 1050 1943 1099 in
1975 1049 2042 1098 al-

142 1141 294 1182 terum
328 1142 665 1198 commutatur,
706 1151 911 1201 quonam
955 1142 1092 1202 pacto
1125 1133 1379 1183 affectione
1412 1133 1487 1183 illa
1520 1142 1797 1183 transeunte
1827 1141 1906 1183 aut
1937 1150 2043 1201 per-

142 1226 306 1279 eunte,
349 1217 438 1266 hoc
469 1226 543 1267 est
573 1217 772 1285 ingeniti
805 1217 1152 1286 appellatione,
1197 1217 1273 1268 dei
1303 1217 1567 1267 substantia
1597 1216 2044 1284 cognominabitur?

277 1303 471 1352 XXXII.
514 1298 567 1353 Si
595 1302 858 1370 ingenitum
890 1302 1205 1370 privationem
1226 1341 1238 1365 ,
1281 1319 1403 1370 quae
1431 1303 1521 1352 deo
1551 1319 1645 1351 uon
1677 1300 1822 1364 inest,
1864 1300 2044 1367 signifi-

140 1395 236 1451 cat,
277 1404 362 1437 cur
399 1385 662 1453 ingenitum
702 1403 831 1448 esse,
871 1386 1082 1453 genitum
1121 1404 1239 1437 vero
1277 1404 1371 1436 uon
1411 1403 1521 1437 esse
1561 1386 1793 1435 dicimus?

277 1472 496 1520 XXXIII.
517 1467 572 1521 Si
601 1470 866 1537 ingenitum
901 1471 1023 1520 nuda
1052 1471 1099 1520 in
1130 1471 1218 1521 deo
1246 1479 1320 1521 εει
1347 1470 1621 1539 appellatiO,
1667 1470 1787 1520 adeo
1819 1478 1870 1520 ut
1899 1486 2043 1537 supra

144 1562 414 1605 creatarum
441 1571 600 1604 rerum
631 1555 840 1604 omnium
868 1554 1189 1605 conditionem
1216 1555 1318 1606 sola
1344 1555 1669 1623 pronuntiatio
1702 1554 1907 1604 divinam
1934 1553 2045 1603 sub-

139 1638 362 1688 stantiam
391 1639 623 1702 extollat,
666 1656 968 1707 consequens
994 1648 1068 1688 est
1094 1639 1334 1689 bominum
1366 1638 1803 1708 pronuntiationem
1830 1638 2045 1706 omnipo-

139 1722 285 1773 tentis
327 1722 402 1772 dei
429 1722 699 1774 substantia
734 1723 1128 1790 praestantiorem
1163 1724 1345 1788 videri,
1400 1742 1518 1791 quae
1560 1723 1746 1791 quidem
1787 1723 1934 1792 ipsam
1974 1723 2045 1772 iu-

140 1806 474 1875 comparabilis
514 1807 802 1858 excellentia
841 1807 1083 1875 dignitatis
1123 1817 1348 1858 exornet.

276 1892 492 1941 XXXtV.
518 1888 571 1941 Si
600 1909 704 1943 cum
737 1908 795 1942 eo
824 1892 951 1942 omni
983 1892 1106 1959 quod
1136 1893 1348 1959 genitum
1380 1903 1452 1943 est
1478 1892 1715 1961 implicata
1748 1901 1822 1942 est
1851 1900 1899 1942 et
1931 1908 2045 1942 con-

136 1974 297 2025 iuncta
319 1992 518 2026 caussae
547 1974 699 2039 noti0‚
738 1993 907 2026 caussa
937 1994 1056 2027 vero
1084 1986 1156 2027 est
1188 1977 1401 2044 ingenita
1426 1987 1615 2039 natura,
1646 1994 1749 2026 eum
1781 1976 2043 2043 ingenitum

139 2059 370 2123 dicimus,
414 2077 508 2109 non
530 2077 748 2111 caussam
775 2060 1001 2128 aliquam,
1044 2061 1127 2110 sed
1158 2062 1471 2112 substantiam
1501 2062 1833 2130 exprimimus.

276 2146 471 2194 XXXV.
512 2141 567 2195 Si
610 2143 830 2212 quicquid
867 2145 1145 2213 productum
1187 2155 1288 2209 est,
1343 2146 1400 2197 ab
1433 2146 1585 2196 altero
1626 2146 1905 2214 productum
1950 2153 2041 2206 est,

138 2228 350 2295 ingenita
394 2245 511 2280 vero
551 2228 826 2298 hypostasis
870 2245 958 2279 nec
988 2246 1013 2279 a
1052 2247 1104 2279 se
1136 2231 1267 2298 ipsa,
1322 2247 1410 2280 nee
1448 2230 1505 2280 ab
1554 2231 1645 2280 alia
1680 2231 1911 2297 producta
1950 2238 2040 2293 est,

137 2311 337 2379 ingeniti
374 2313 610 2364 vocabulo
648 2312 916 2363 substantia
958 2313 1060 2381 ipsa
1099 2313 1396 2381 significetur
1434 2324 1641 2383 oportet.

275 2398 491 2447 XXXVI.
519 2394 572 2447 Si
606 2397 804 2464 ingeniti
839 2397 1126 2460 substantia,
1169 2407 1390 2466 tanquam
1419 2417 1610 2461 caussa,
1649 2399 1861 2465 ingenita
1898 2399 2046 2468 hypo-

138 2479 282 2529 stasis
316 2480 614 2544 declaratur,
663 2498 783 2548 quae
813 2499 926 2549 prae
969 2481 1099 2531 omni
1129 2500 1407 2534 caussarum
1449 2502 1628 2552 genere
1665 2484 2045 2535 immutabilitate

138 2564 351 2632 praedita
380 2573 481 2627 est,
524 2565 687 2614 eadem
718 2582 802 2633 per
832 2582 939 2616 sese
973 2566 1238 2617 substantia
1272 2568 1660 2637 incomparabilis
1694 2578 1785 2631 est,
1830 2586 1923 2619 non
1962 2586 2045 2618 ve-

133 2648 204 2699 lut
233 2648 538 2698 extrinsecus
571 2649 799 2698 adscitam
831 2649 1103 2716 qualitatem
1138 2650 1264 2701 illam
1292 2669 1405 2720 prae
1439 2670 1492 2703 se
1523 2654 1712 2714 ferens,
1769 2654 1883 2703 nibil
1913 2662 1961 2703 ut
1986 2653 2043 2703 ad

138 2732 286 2800 ipsam
316 2732 468 2800 possit
493 2734 753 2794 accedere,
807 2733 891 2782 sed
918 2733 960 2782 id
991 2750 1053 2783 ex
1086 2751 1194 2785 sese
1238 2737 1380 2786 habet
1409 2737 1474 2786 uti
1509 2737 1624 2787 nihil
1657 2755 1760 2788 cum
1798 2737 1898 2805 ipsa
1930 2754 2043 2786 con-

137 2816 282 2880 ferri,
325 2826 407 2867 aut
437 2818 493 2867 ad
524 2834 626 2866 eam
656 2817 888 2866 accedere
917 2815 1085 2884 possit.
1167 2817 1301 2870 Unde
1337 2829 1385 2871 ει
1411 2838 1495 2888 per
1526 2831 1679 2871 semet
1710 2830 1784 2872 est
1811 2821 2039 2887 ingenita.

272 2902 512 2951 XXXVII.
556 2898 608 2951 Si
639 2900 940 2967 omnipotens
968 2900 1083 2950 deus
1117 2911 1335 2953 naturam
1368 2922 1557 2955 omnem
1592 2906 1807 2967 excellit,
1851 2922 1907 2955 eo
1939 2906 2042 2972 ipso

132 2984 254 3050 quod
302 2984 542 3051 ingenitus
600 2994 674 3034 est
717 2984 930 3034 excellit.
1023 2983 1163 3051 Quae
1204 2988 1472 3055 proprietas
1517 3007 1688 3040 caussa
1737 2997 1810 3038 est
1867 2989 2041 3054 genitis

134 3067 355 3119 omnibus
389 3069 693 3119 stabilitatem
722 3067 1135 3135 constantiamque
1163 3070 1396 3122 tribuens.
1477 3070 1563 3124 Sin
1593 3082 1748 3123 autem
1778 3073 2042 3140 ingenitum

133 3152 445 3203 substantiam
492 3171 587 3204 non
618 3153 873 3221 exprimit,
930 3169 954 3200 a
994 3170 1086 3219 quo
1129 3155 1315 3204 tandem
1351 3157 1618 3222 genitarum
1666 3175 1822 3206 rerum
1869 3166 2037 3206 natura

130 3236 335 3304 seipsam
377 3246 424 3287 ut
463 3246 721 3288 conservet
761 3236 992 3304 accipiet?

185 3334 252 3376 68.
281 3335 359 3387 τῆς
395 3339 497 3375 abest
523 3338 656 3386 infra,
698 3348 783 3375 cum
828 3337 900 3375 hac
926 3337 1056 3374 verbo·
1111 3339 1234 3384 princ.
1274 3338 1385 3377 habet
1422 3334 1560 3379 ου’κέτι
1591 3332 1665 3385 ἂν,
1711 3341 1769 3378 ed.
1800 3340 1930 3379 Petav.
1967 3333 2042 3381 οὔκ

127 3403 216 3430 rum
241 3393 481 3431 distinctione
502 3392 575 3433 τοῦ
594 3389 930 3444 παντοκράτορος,
958 3388 1054 3431 ὖπο-
1114 3391 1256 3433 αἴτιον.

132 3443 325 3493 στάσεως
352 3442 590 3500 ἀσυγκρίτῳ
621 3449 706 3489 κτλ.
1169 3447 1235 3488 72.
1268 3443 1373 3490 ἀλλὰ
1404 3451 1519 3498 infra.

183 3501 249 3542 69.
279 3500 349 3543 τὸν
378 3500 686 3555 παντοκράτορα
715 3505 831 3553 infra.
1168 3502 1232 3543 73.
1267 3503 1583 3556 συνεμφαίνεται
1610 3508 1726 3556 infra.
1787 3509 1898 3556 Quod
1924 3520 2039 3557 prae-

182 3556 247 3598 70.
279 3553 457 3606 ἀναίτιος
480 3563 631 3608 reposui
672 3572 718 3598 ex
747 3561 870 3608 Resut.
933 3560 1052 3609 Vul90
1111 3560 1308 3608 ferendum
1339 3561 1504 3598 videtur.

128 3616 227 3652 enim
263 3618 446 3663 scriptum
484 3620 536 3654 est
574 3615 712 3662 αἴτιος.
771 3618 818 3654 Et
845 3617 1053 3655 Carnarius
1165 3612 1230 3655 74.
1261 3616 1371 3663 Infra
1399 3610 1632 3658 αὔτοουσία.

125 3672 238 3708 vertit
265 3684 426 3709 caussae
453 3684 603 3709 exsors,
1164 3670 1228 3710 75.
1262 3669 1564 3723 συνυφαίνουσα
1593 3676 1711 3723 infra.

183 3723 247 3765 71.
280 3721 355 3766 οὔκ
392 3725 524 3767 αἰτίαν
560 3730 711 3775 reposui
749 3739 795 3766 ex
826 3728 975 3775 Refut„
1019 3731 1051 3765 et
1163 3722 1227 3765 76.
1261 3723 1402 3778 ἐπειδὴ
1435 3728 1509 3778 (uti
1535 3731 1671 3780 le9itur
1694 3733 1800 3782 infra
1826 3734 1866 3771 in
1891 3734 2037 3784 Refut.)

126 3782 236 3820 codd.
273 3794 361 3822 mss.
405 3785 470 3831 qui
507 3784 645 3822 habent
681 3777 757 3825 ου’-κ
796 3781 918 3824 eit-tow.
977 3784 1049 3823 Ed.
1107 3783 1215 3823 codd.
1246 3794 1336 3821 mss.
1365 3786 1532 3835 uterque.
1594 3783 1680 3831 ἔστι
1710 3784 1763 3843 δή
1807 3790 1899 3830 editi
1936 3791 2035 3832 libri,
