2508 4134
430 266 657 307 ΡΑΝΑΒΠ
687 265 792 306 Lm.
817 263 890 305 111.
918 266 1054 306 ΤοΜ.
1078 267 1127 306 n.
1155 262 1550 306 HAER.Lxx1x.
1841 247 1937 303 451

45 368 111 418 ad·
136 364 294 417 lesum
341 381 563 432 magnum
601 363 903 414 sacerdotem
946 372 994 413 et
1033 361 1239 414 Esdram
1282 364 1613 427 sacerdotem,
1666 370 1760 413 etc.
1835 359 1945 412 Nec

44 467 248 518 unquam
288 448 461 500 mulier
497 447 771 498 sacerdotio
810 447 973 497 functa
1011 447 1204 513 legitur.

184 534 344 601 Atque
389 540 437 581 ut
480 532 537 582 ad
580 548 755 582 novum
795 538 1131 581 testamentum
1180 532 1493 593 accedamus,
1548 531 1588 580 si
1621 529 1942 582 sacerdotium
1977 529 2072 583 Cap.
2101 531 2169 569 ΙΗ-

45 617 324 678 mulieribus
364 615 635 666 mandatum
679 616 832 677 foret,
895 623 976 664 aut
1019 614 1302 664 canonicum
1348 614 1567 681 quiddam
1609 626 1856 682 praestare
1899 614 1949 665 in

45 701 249 751 ecclesia
290 701 483 762 liceret,
537 698 651 750 nulli
693 698 849 767 potius
876 715 1015 766 quam
1047 695 1237 748 Mariae
1271 698 1383 748 illud
1417 698 1465 748 in
1501 716 1628 749 novo
1659 707 1948 750 testamento

46 784 276 836 committi
316 783 582 835 sacerdotis
620 783 823 834 officium
851 781 1042 844 debuit,
1093 782 1168 831 cui
1194 790 1356 832 tantus
1394 782 1550 832 honor
1581 790 1654 832 est
1682 782 1870 833 habitus
1900 791 1951 834 ut

44 868 229 937 gremio
256 867 458 935 sinuque
488 885 575 917 suo
611 884 775 934 regem
808 865 1016 916 oninium
1049 883 1106 916 ac
1135 866 1394 916 coelestem
1430 866 1568 915 deum
1602 866 1773 934 deique
1806 867 1949 917 filium

47 953 316 1021 exciperet.
395 949 548 1003 Cuius
596 959 762 1002 uterus
801 950 932 1001 velut
971 950 1193 1018 templum
1229 967 1284 1000 ac
1316 949 1604 1000 domicilium
1635 950 1783 1001 divini
1815 949 1952 1001 verbi

45 1037 425 1087 incarnationem
469 1034 701 1103 singulari
744 1043 818 1085 est
845 1033 1140 1100 benignitate
1169 1034 1243 1083 dei
1283 1051 1456 1101 magno
1483 1051 1539 1083 ac
1576 1035 1811 1102 stupendo
1849 1053 1952 1103 my·

48 1121 198 1171 sterio
229 1128 560 1188 praeparatus.
639 1117 821 1170 Verum
854 1118 997 1185 longe
1029 1119 1118 1168 deo
1142 1118 1280 1168 aliter
1309 1126 1383 1168 εει
1410 1119 1585 1181 visum,
1627 1135 1683 1168 ac
1714 1135 1773 1168 ne
1802 1118 1954 1186 bapti-

49 1205 188 1255 zandi
228 1204 415 1272 quidem
455 1212 668 1273 potestas
706 1211 781 1254 est
818 1203 883 1252 illi
911 1203 1061 1266 facta3
1114 1219 1222 1252 cum
1252 1202 1428 1269 alioqui
1460 1202 1576 1269 tingi
1606 1202 1664 1252 ab
1700 1202 1781 1253 illa
1811 1199 1954 1254 Chri-

50 1297 151 1339 stus
191 1288 348 1357 potius
392 1306 531 1356 quam
575 1288 635 1338 ab
677 1285 859 1338 loanne
899 1286 1151 1354 potuisset.
1230 1284 1413 1336 Verum
1446 1284 1654 1337 loannes
1681 1285 1953 1337 Zachariae
2009 1287 2099 1322 ¹³⁰⁰·
2123 1289 2153 1322 ¹·

51 1373 174 1423 filius
214 1381 324 1441 post
358 1372 664 1423 commissum
702 1371 791 1422 sibi
823 1370 1096 1439 baptizandi
1129 1388 1300 1420 munus
1331 1371 1388 1420 ad
1431 1379 1736 1438 peccatorum
1776 1371 1956 1421 condo-

52 1457 295 1508 nationem
330 1458 475 1506 vitam
506 1455 552 1506 in
581 1455 840 1506 solitudine
872 1455 1115 1519 traduxit3
1169 1455 1304 1505 cuius
1336 1463 1473 1523 pater
1496 1455 1815 1505 sacerdotium
1845 1471 1956 1522 ges-

52 1541 133 1604 sit,
176 1550 224 1591 et
248 1540 336 1591 sub
362 1540 527 1591 horam
553 1540 736 1592 suffitus
763 1539 922 1590 visum
949 1539 1057 1590 huic
1084 1539 1294 1589 oblatum
1322 1548 1413 1589 εει.
1491 1536 1610 1590 Post
1634 1539 1752 1589 haec
1780 1536 1956 1590 Petrus

51 1634 101 1676 et
147 1624 401 1688 Andreas,
459 1622 692 1687 lacobuS,
747 1632 796 1674 et
839 1621 1080 1686 loannes,
1138 1621 1413 1691 Philippus,
1470 1632 1519 1674 et
1561 1620 1953 1689 Bartliolomeus,

55 1710 368 1772 Thaddaeus,
401 1717 448 1759 et
466 1706 670 1759 lacobus
687 1707 911 1777 Alphaei,
944 1716 991 1758 et
1012 1706 1151 1757 ludas
1172 1705 1352 1771 iacobi,
1385 1717 1430 1758 et
1451 1705 1620 1758 Simon
1642 1705 1954 1774 CanauaeuS‚

52 1803 102 1845 et
124 1792 356 1845 Matthias
382 1794 438 1843 ad
469 1793 758 1862 supplendos
788 1791 1037 1842 duodecim
1066 1792 1326 1855 suffectu33
1366 1791 1454 1855 illi,
1496 1793 1716 1860 inquam,
1760 1811 1948 1858 omnes,
2012 1810 2089 1843 Act.
2113 1812 2144 1845 1.

54 1888 104 1929 et
123 1877 324 1945 apostoli
353 1877 524 1927 delecti
555 1885 667 1928 sunt
684 1917 696 1940 ‚
747 1895 803 1926 ac
827 1884 927 1926 toto
954 1885 1190 1926 terrarum
1216 1876 1333 1926 orbe
1359 1894 1541 1926 sacram
1578 1881 1812 1942 evangelli
1844 1881 1956 1944 fun-
1978 1894 2207 1940 nom.15,1c.

54 1967 247 2012 ctionem
277 1965 693 2020 administrarant,
736 1978 843 2011 cum
874 1959 1022 2010 Paulo
1050 1969 1099 2011 et
1129 1958 1382 2024 Barnaba,
1425 1979 1480 2012 ac
1509 1962 1686 2012 ceteris
1715 1963 1955 2030 iidemque

56 2048 396 2116 mysteriorum
426 2053 649 2096 auctores
678 2053 821 2112 atque
851 2045 1127 2095 conditores
1156 2046 1369 2108 fuerunt,
1411 2063 1503 2095 uua
1534 2063 1639 2096 cum
1671 2044 1847 2096 lacobo
1874 2048 1956 2097 do-

54 2131 170 2181 mini
200 2133 378 2193 fratre,
434 2129 585 2198 primo
621 2128 1071 2198 Hierosolymorum
1109 2128 1363 2198 episcop03
1415 2147 1441 2179 a
1476 2148 1568 2197 quo
1600 2139 1649 2180 ut
1687 2139 1734 2180 et
1765 2130 1823 2181 ab
1852 2131 1959 2183 aliis

54 2233 174 2282 quos
194 2212 552 2266 numeravimus
571 2214 821 2281 apostoliS,
852 2213 1185 2282 episcoporum
1205 2230 1261 2262 ac
1280 2213 1671 2282 presbyterorum
1690 2216 1960 2266 successio-

55 2316 142 2350 nes
169 2308 281 2350 sunt
308 2298 358 2349 in
389 2298 530 2348 domo
560 2298 633 2348 dei
663 2298 971 2348 constitutae.
1047 2295 1156 2348 Nec
1184 2298 1442 2348 interillos
1474 2307 1635 2349 tamen
1665 2299 1837 2350 mulier
1864 2300 1961 2350 ulla

55 2391 277 2451 cooptata
303 2382 497 2449 legitur.
572 2380 956 2450 Erant‘quidem,
997 2391 1048 2432 ut
1075 2382 1310 2450 scriptura
1338 2391 1521 2446 narrat,
1561 2380 1781 2452 Philippo
1808 2401 1957 2434 evan·
1980 2402 2058 2435 Act.
2080 2400 2135 2444 21,
2159 2402 2189 2434 a.

55 2468 258 2535 gelistae
286 2467 408 2517 filiae
442 2464 511 2517 tV
545 2466 902 2535 prophetissae,
948 2485 1042 2516 non
1075 2475 1235 2516 tamen
1267 2467 1568 2517 sacerdotes,
1647 2465 1884 2519 Similiter
1914 2478 1962 2519 et

57 2553 199 2602 Anna
237 2550 542 2619 prophetissa
583 2550 670 2600 fuit
700 2548 959 2601 Phanuelis
1002 2550 1125 2613 lilia,
1177 2569 1273 2601 non
1316 2559 1476 2601 tamen
1509 2552 1780 2603 sacerdotio
1821 2570 1959 2621 prae·
1980 2570 2072 2605 Luc.
2088 2570 2189 2614 zac,

58 2635 172 2686 dita.
251 2632 439 2703 Quippe
469 2634 654 2701 impleri
691 2634 816 2685 istud
850 2635 1101 2703 oportebat
1129 2636 1252 2702 quod
1292 2644 1366 2685 est
1397 2636 1656 2704 scriptum:
1709 2640 1961 2702 Propheta·
1985 2654 2064 2689 1021
2082 2655 2117 2697 ²,
2139 2654 2191 2688 28.

60 2721 175 2769 bunt
196 2721 306 2785 filii
338 2722 506 2778 vestri,
565 2728 615 2767 et
634 2720 776 2783 filiae
806 2729 984 2768 vestrae
1014 2723 1190 2768 somnia
1215 2722 1533 2780 somniabant,
1577 2732 1626 2770 et
1647 2724 1959 2771 adolescentes
1982 2701 2117 2784 Actezt,
2141 2740 2192 2775 1⁷.

59 2808 205 2853 vestri
227 2807 423 2853 visiones
454 2804 686 2852 videbant.
766 2801 1066 2869 Quamquam
1100 2820 1218 2853 vero
1258 2803 1637 2856 diaconissarum
1669 2806 1716 2856 in
1757 2807 1964 2857 ecclesia

61 2889 179 2939 ordo
209 2888 298 2951 sit,
355 2905 451 2937 non
490 2896 648 2937 tamen
683 2887 741 2936 ad
774 2887 1031 2937 sacerdotii
1063 2888 1354 2938 functionem
1374 2927 1386 2951 ,
1442 2899 1523 2940 aut
1555 2890 1698 2940 ullam
1729 2891 1965 2941 eiusmodi

61 2971 523 3024 administrationem
567 2970 812 3022 institutus
860 2978 963 3033 est,
1021 2972 1104 3021 sed
1146 2980 1197 3021 ut
1236 2973 1480 3023 muliebris
1526 2991 1675 3024 sexus
1723 2974 1965 3025 honestati

63 3057 369 3118 consulatur,
411 3056 514 3107 sive
545 3064 595 3106 ut
622 3054 840 3124 baptismi
873 3063 1089 3122 tempore
1124 3056 1279 3118 adsit,
1319 3057 1424 3107 sive
1453 3066 1505 3107 ut
1533 3057 1754 3126 inspiciat
1784 3058 1825 3108 si
1853 3058 1963 3125 quid

66 3158 206 3210 passa
232 3141 296 3190 sit
322 3148 404 3190 aut
431 3140 683 3190 molestiae
714 3138 989 3207 pertulerit,
1042 3139 1146 3190 sive
1174 3148 1225 3189 ut
1251 3157 1355 3189 cum
1388 3143 1657 3192 nudandum
1693 3151 1766 3192 εει
1798 3142 1965 3192 mulie-

63 3226 131 3276 ris
160 3242 334 3293 corpus
361 3225 682 3287 interveniat,
737 3240 797 3273 ne
826 3222 1040 3273 virorum
1076 3222 1156 3289 qui
1195 3223 1323 3273 sacri
1353 3234 1615 3292 operantur
1650 3227 1865 3294 aspectui
1902 3226 1966 3276 sit

68 3309 318 3378 exposita,
370 3308 455 3359 sed
493 3325 519 3358 a
547 3308 650 3358 sola
682 3306 950 3358 diaconissa
980 3306 1229 3369 videatur,
1282 3325 1403 3374 quae
1438 3310 1705 3360 sacerdotis
1741 3311 1965 3360 mandato

69 3392 283 3443 mulieris
326 3409 488 3442 curam
536 3392 687 3460 gerit,
742 3409 834 3458 quo
875 3399 1090 3459 tempore
1135 3390 1351 3441 vestibus
1392 3393 1605 3442 exuitur.
1684 3390 1793 3459 Qua
1826 3393 1873 3443 in
1912 3410 1966 3444 re

70 3494 176 3527 cum
207 3476 388 3527 ordinis
419 3475 545 3526 illius
577 3476 872 3538 modestiae,
929 3483 1026 3524 tum
1060 3474 1418 3525 ecclesiasticae
1453 3475 1731 3544 disciplinae
1763 3478 1968 3545 pruden-

70 3610 95 3617 -
126 3611 148 3619 -
181 3585 505 3642 ἠσφαλισμένου.
578 3589 786 3628 Gon-narius
826 3588 995 3627 reddidit
1048 3585 1346 3626 ecclesiasticae
1368 3586 1500 3626 bonae
1526 3587 1826 3628 constitutionis
1851 3588 1970 3630 valde

72 3645 164 3685 haec
183 3648 299 3685 verba
321 3647 377 3684 ita
401 3641 453 3681 ad
476 3651 637 3696 tempus
662 3642 880 3696 indigentis
905 3656 992 3681 mu-
1048 3641 1267 3682 scientifice
1309 3641 1486 3682 munitus
1525 3642 1578 3682 sit
1615 3643 1655 3683 in
1685 3659 1871 3685 mensura
1901 3661 1970 3686 re—

71 3698 195 3747 lieris,
223 3700 265 3740 in
291 3709 474 3752 tempore
501 3698 786 3739 denudationis
814 3699 996 3751 corporis
1052 3698 1181 3751 gulae.

73 3754 221 3808 ipsius,
262 3756 318 3796 ita
350 3765 393 3794 ut
417 3754 519 3795 ordo
548 3755 657 3795 bono
689 3755 926 3808 disciplinae
955 3764 996 3794 et

1503 3813 1618 3865 29*
