2508 4134
547 268 773 310 PANARII
801 263 906 311 [ΑΒ.
929 270 999 312 111.
1029 271 1163 313 TOM.
1184 272 1215 311 1.
1245 271 1409 312 HAER.
1428 271 1624 315 LXXVI.
1933 262 2029 311 241

130 368 206 420 vis
245 366 462 436 inprimis
490 366 700 434 optabile
741 375 817 417 est
843 375 895 418 ut
927 366 1030 417 eius
1059 385 1151 435 quo
1186 368 1367 436 indiget
1392 370 1576 436 copiam
1607 369 1665 419 ad
1698 368 1918 420 solatium
1955 369 2037 420 ha-

132 452 272 514 beat,
322 458 403 501 aut
432 451 474 499 si
504 450 660 501 minus
701 450 894 518 assequi
934 449 1112 518 possit,
1170 452 1339 502 saltem
1375 454 1547 504 crebro
1586 452 1634 504 in
1667 470 1892 505 sermone
1924 453 2038 504 illud

133 543 349 603 usurpet.
424 531 565 585 Unde
585 543 633 585 et
660 542 729 598 tu,
772 551 877 585 cum
903 534 1075 602 impius
1104 551 1161 585 ac
1192 535 1267 585 dei
1299 535 1365 586 sis
1392 553 1590 604 experS‚
1631 538 1752 606 quod
1785 555 1927 588 unum
1963 553 2039 587 re-

133 627 245 683 stat,
286 633 406 670 voce
434 625 575 670 tenus
602 618 891 687 proferendo
915 617 1040 668 illius
1070 618 1262 668 nomine
1287 626 1381 668 tete
1409 621 1649 684 venditas,
1691 621 1910 689 quoniam
1938 620 2040 690 qui-

134 703 261 765 dem,
302 702 425 769 quod
452 702 509 752 ad
539 703 645 754 eius
675 701 922 766 timorem,
965 702 1136 764 fidem,
1189 718 1352 770 spem,
1407 711 1452 752 et
1479 720 1594 770 erga
1627 704 1756 754 illum
1789 705 2036 755 caritatem

134 786 334 848 attinet,
376 803 615 853 nunquam
642 786 771 837 illum
809 803 923 837 vere
950 786 998 836 iu
1019 786 1375 854 possessiouem
1402 785 1627 837 habuisti.
1698 787 1892 857 Alioqui
1920 789 2038 839 satis

135 886 245 922 esse
275 870 502 920 crederes
533 870 681 921 semel
723 870 848 921 istud
877 869 1066 937 eloqui,
1122 886 1275 936 neque
1319 869 1666 938 praescriptum
1707 872 1923 923 ordinem
1962 889 2039 923 se-

135 954 351 1021 riemque
393 954 739 1022 praetergredi.
816 951 1079 1004 Manifesta
1125 953 1313 1021 quidem
1355 962 1429 1003 est
1456 972 1481 1003 a
1510 955 1754 1007 salvatore
1795 965 1962 1006 contra
1993 965 2039 1006 te

136 1036 442 1107 pronuntiata
467 1038 737 1101 sententia,
788 1042 840 1087 A
860 1038 1096 1104 fructibus
1124 1056 1281 1086 eorum
1312 1042 1600 1102 cognosc-etz&
1629 1044 1781 1104 ipsae,-
1824 1057 1882 1089 eo
1913 1039 2037 1108 quod
2054 1045 2229 1092 Mattm,
2241 1047 2294 1083 1⁸·

137 1140 243 1173 cum
274 1121 379 1173 ovis
420 1122 541 1188 pelle
571 1121 639 1172 sis
668 1122 953 1185 obvolutus,
1007 1122 1137 1172 intus
1179 1138 1332 1190 rapax
1361 1139 1442 1185 eS,
1497 1131 1543 1173 et
1578 1141 1686 1174 cum
1714 1123 1822 1191 lupo
1852 1141 2043 1192 compa-

137 1215 290 1257 ratuS.
369 1203 560 1256 Etenim
600 1206 640 1257 si
685 1224 710 1255 a
748 1205 918 1275 spiritu
961 1213 1128 1255 saneto
1174 1205 1366 1271 genitus
1408 1223 1576 1269 esseS‚
1637 1208 1798 1258 facere
1841 1216 1885 1258 te
1929 1207 2042 1258 illud

139 1289 420 1359 oportebat,
478 1299 529 1340 ut
578 1289 732 1341 saeris
781 1289 1001 1340 omnibus
1043 1289 1287 1341 codicibus
1330 1290 1624 1359 pervolutiS‚
1687 1308 1713 1341 a
1753 1289 1938 1342 Genesi
1983 1291 2043 1342 ad

138 1372 363 1425 Estheris
393 1382 629 1442 tempora,
668 1374 744 1442 qui
777 1384 888 1424 sunt
915 1382 1098 1442 septem
1126 1382 1174 1423 et
1201 1373 1371 1441 viginti
1403 1373 1511 1424 libri
1539 1369 1811 1425 testamenti
1839 1374 2041 1438 veteriS‚

141 1466 190 1508 et
215 1454 372 1507 XXll
413 1466 751 1521 numerantur,
805 1467 902 1509 tum
932 1458 1254 1509 sacrosanctis
1293 1456 1360 1507 lV
1393 1459 1691 1527 evangeliis,
1744 1467 1791 1510 et
1820 1456 1877 1510 S.
1909 1457 2046 1509 Pauli

140 1538 269 1593 XlV
302 1541 545 1609 epistoliS,
604 1559 693 1594 nec
725 1560 818 1593 non
848 1550 896 1592 et
923 1542 1249 1611 apostolorum
1293 1540 1461 1606 Actis,
1518 1560 1639 1611 quae
1678 1543 1757 1594 vel
1793 1542 2046 1611 superiora

140 1625 511 1693 illis-tempora,
554 1626 630 1677 vel
660 1626 931 1694 posteriora
960 1626 1237 1690 continent,
1294 1627 1541 1678 catholicis
1580 1627 1691 1678 item
1721 1626 1936 1696 epistolis
1972 1624 2046 1677 la-

142 1709 275 1773 cobi,
330 1707 495 1773 Petri,
552 1708 780 1774 Ioannis,
837 1719 883 1760 et
929 1708 1099 1774 ludae,
1153 1710 1444 1779 Apocalypsi
1485 1709 1709 1774 Ioannis,
1765 1708 2047 1779 Sapientiae

143 1810 332 1862 quoque
375 1791 539 1857 libris,
595 1794 683 1844 hoc
720 1803 796 1845 est
834 1792 1142 1858 Salomonis,
1202 1794 1286 1844 l'ilii
1320 1793 1524 1858 Sirach,
1582 1795 1803 1846 omnibus
1842 1795 2047 1862 denique

143 1878 410 1947 scripturae
449 1877 584 1928 libris
627 1878 897 1947 percursiS‚
960 1878 1263 1946 temetipsum
1308 1880 1590 1943 damnareS‚
1647 1881 1771 1947 quod
1815 1878 2049 1930 eiusmodi

140 1979 345 2025 nomeu,
397 1963 456 2012 de
482 1980 576 2030 quo
607 1962 732 2013 nulla
761 1962 825 2012 sit
852 1979 1048 2030 usquam
1082 1964 1288 2027 mentio,
1344 1963 1481 2013 nobis
1511 1963 1687 2014 afferre
1734 1982 1828 2015 nou
1863 1963 2047 2013 dubita-

141 2047 292 2099 veris.
368 2044 460 2096 Est
488 2046 614 2097 euim
643 2046 844 2113 ingeniti
874 2063 1049 2096 nomen
1076 2046 1269 2096 minime
1298 2046 1409 2097 illud
1438 2048 1626 2115 quidem
1655 2047 1903 2115 indiguum
1934 2049 2044 2109 deo,

141 2140 193 2182 ut
220 2131 362 2182 etiam
392 2131 614 2198 pietatem
643 2130 887 2195 redoleat,
927 2148 1094 2181 verum
1124 2147 1354 2198 nusquam
1385 2131 1432 2181 in
1461 2131 1710 2200 scripturis
1738 2148 2046 2200 expressum.

142 2213 319 2283 Neque
347 2232 466 2265 vero
494 2215 614 2265 adeo
647 2214 752 2282 quis
789 2232 994 2282 unquam
1024 2214 1226 2265 insanus
1256 2215 1447 2278 extitit,
1504 2216 1717 2283 genitum
1748 2224 1799 2266 ut
1828 2232 1938 2266 esse
1969 2232 2051 2265 co-

144 2299 321 2368 gitaret
348 2299 514 2362 deum,
571 2316 725 2366 neque
765 2299 824 2349 ob
851 2299 1064 2367 genitum
1111 2299 1259 2349 silium
1302 2316 1504 2350 necesse
1551 2299 1637 2351 fuit
1669 2301 1822 2351 solum
1866 2309 2050 2369 patrem

144 2383 410 2451 ingenitum
438 2383 577 2433 deum
607 2383 876 2452 appellare,
933 2400 994 2434 ne
1029 2383 1135 2451 quis
1173 2383 1220 2434 in
1251 2392 1385 2452 patre
1426 2384 1532 2434 solo
1574 2401 1739 2434 verum
1775 2383 1899 2435 istud
1940 2399 2051 2433 esse

146 2467 236 2517 sibi
274 2466 587 2535 persuadeat,
646 2468 729 2517 sed
769 2476 817 2518 et
855 2467 954 2518 filio
992 2486 1046 2518 ac
1089 2467 1275 2536 spiritui
1316 2477 1484 2518 sancto
1523 2469 1805 2520 convenire.
1896 2466 2051 2519 Recta

148 2551 318 2620 quippe
347 2550 469 2600 ratio
497 2558 545 2599 et
570 2550 765 2619 spiritus
801 2561 997 2602 sauctus
1031 2551 1249 2602 veritatis
1290 2552 1416 2602 filios
1449 2553 1622 2603 (locent
1665 2571 1760 2603 non
1802 2560 2051 2620 tantopere

146 2635 260 2686 illud
288 2634 615 2685 admirandum
648 2650 789 2697 esse,
829 2635 913 2686 sed
941 2654 1026 2704 pro
1053 2654 1111 2686 eo
1139 2645 1280 2704 atque
1307 2654 1332 2686 a
1364 2637 1502 2687 nobis
1536 2637 1780 2704 exigitur,
1832 2637 2053 2704 quodque

148 2719 196 2770 in
227 2718 364 2769 uobis
395 2717 499 2787 piae
526 2717 726 2768 rationis
756 2718 912 2783 inest,
954 2719 1012 2770 de
1040 2720 1199 2770 divina
1234 2719 1485 2771 maiestate
1515 2720 1839 2771 sentiendum.
1919 2718 2053 2787 Quo-

150 2803 278 2855 niam
307 2802 454 2871 igitur
480 2802 723 2869 ingenitus
755 2804 872 2852 deus
909 2811 1009 2866 est,
1061 2803 1200 2871 idque
1239 2805 1364 2854 ultro
1401 2805 1692 2855 confitemur
1730 2820 1926 2867 omneS,
1986 2811 2053 2852 ta-

151 2888 291 2939 metsi
322 2887 451 2938 nullo
481 2903 506 2936 e
533 2885 801 2954 scripturae
831 2886 936 2936 loco
969 2887 1269 2955 comprobari
1310 2889 1398 2938 hoc
1425 2888 1756 2957 appellationis
1786 2904 1939 2953 genus
1972 2903 2055 2954 po-

153 2979 279 3035 test,
337 2971 421 3021 sed
460 2987 486 3021 a
526 2970 664 3021 nobis
712 2969 828 3038 ipsis
866 2978 1006 3037 atque
1047 2987 1110 3022 ex
1147 2972 1223 3040 pia
1260 2972 1339 3022 illa
1379 2972 1748 3023 ratiocinatione
1787 2972 2054 3039 profectum

154 3064 255 3120 est,
315 3055 372 3106 ad
422 3071 531 3106 eum
580 3054 770 3104 modum
823 3054 949 3104 scire
986 3071 1074 3104 nos
1113 3063 1161 3105 et
1198 3055 1478 3106 existimare
1529 3058 1907 3106 consentaneum
1956 3061 2048 3103 est.

156 3136 258 3191 Cur
295 3139 421 3190 enim
464 3138 513 3189 iu
552 3155 641 3201 eo,
701 3137 825 3206 quod
863 3137 1076 3205 genitum
1116 3147 1219 3202 est,
1277 3139 1520 3190 essentiae
1570 3137 1824 3189 divortium
1864 3136 2053 3204 aliquod

155 3223 277 3287 erit,
319 3223 358 3274 si
387 3223 537 3291 geniti
574 3239 749 3273 nomen
787 3221 831 3272 ei
856 3221 1026 3271 merito
1064 3231 1327 3289 congruat,
1369 3240 1423 3274 ae
1458 3222 1660 3273 naturali
1699 3221 1928 3288 quadam,
1969 3220 2055 3270 sed

155 3306 483 3376 inexplicabili
513 3324 568 3358 ao
594 3315 690 3357 tam
729 3306 818 3356 deo
857 3305 977 3375 patri
1014 3322 1152 3372 quam
1192 3306 1234 3355 ei
1263 3305 1341 3374 qui
1378 3306 1545 3356 abillo
1584 3305 1702 3355 citra
1745 3313 1928 3373 tempus
1965 3303 2055 3354 ini.-

156 3393 369 3460 tiumque
414 3391 605 3459 genitus
644 3400 720 3441 est
756 3389 1062 3441 convenienti
1109 3389 1324 3453 ratione,
1384 3399 1432 3440 et
1471 3389 1656 3456 quidem
1697 3405 1815 3438 vere
1853 3406 1909 3439 ac
1947 3405 2057 3456 pro-

158 3475 285 3545 prie,
328 3493 423 3526 non
453 3475 555 3526 sola
588 3475 721 3526 vocis
751 3473 982 3525 abusione
1021 3471 1288 3523 tribuatur?
1360 3471 1497 3524 Unde
1529 3489 1617 3523 nos
1655 3488 1810 3540 neque
1848 3479 2055 3523 creatam

158 3657 231 3684 nes
263 3643 371 3684 hanc
401 3641 596 3697 pietatem
622 3656 769 3690 nosse,
819 3640 929 3696 quod
954 3639 1011 3680 sic
1034 3653 1078 3679 se
1191 3638 1228 3680 7.
1273 3640 1547 3692 γεγεννῆσθαι
1589 3641 1699 3681 codd.
1744 3652 1832 3682 mss.
1882 3639 2059 3693 γεγενῆ-

158 3699 304 3753 habet)
345 3704 379 3739 et
407 3701 599 3740 Petavius.
655 3700 762 3738 Libri
799 3700 936 3738 habent
965 3695 1001 3738 εἰ
1030 3694 1077 3738 δὲ
1135 3694 1234 3737 σθαι
1261 3697 1352 3735 editi
1382 3697 1481 3736 libri.

216 3754 255 3797 6.
283 3757 458 3795 Fortasse
489 3753 548 3802 εἰς
575 3751 621 3797 τὸ
653 3752 858 3807 γεννηὲὲν.

246 3820 392 3867 Corpus
416 3821 641 3856 Haereseol.
664 3819 711 3854 11.
734 3820 769 3854 3.
1663 3829 1724 3879 16
