<?xml version="1.0" encoding="UTF-8"?>
<!DOCTYPE html PUBLIC "-//W3C//DTD XHTML 1.0 Transitional//EN"
    "http://www.w3.org/TR/xhtml1/DTD/xhtml1-transitional.dtd">
<html xmlns="http://www.w3.org/1999/xhtml" xml:lang="en" lang="en">
 <head>
  <title>
</title>
<meta http-equiv="Content-Type" content="text/html;charset=utf-8" />
  <meta name='ocr-system' content='tesseract 3.04.00' />
  <meta name='ocr-capabilities' content='ocr_page ocr_carea ocr_par ocr_line ocrx_word'/>
</head>
<body>
  <div class='ocr_page' id='page_1' title='image "./pt3corporishaere02epipuoft_0261.png"; bbox 0 0 2508 4134; ppageno 0'>
   <div class='ocr_carea' id='block_1_1' title="bbox 503 296 1985 357">
    <p class='ocr_par' dir='ltr' id='par_1_1' title="bbox 503 296 1985 357">
     <span class='ocr_line' id='line_1_1' title="bbox 503 296 1985 357; baseline -0.007 0"><span class='ocrx_word' id='word_1_1' title='bbox 503 313 728 357; x_wconf 70' lang='lat' dir='ltr'>PANAan</span> <span class='ocrx_word' id='word_1_2' title='bbox 755 312 859 354; x_wconf 80' lang='lat' dir='ltr'>Lm.</span> <span class='ocrx_word' id='word_1_3' title='bbox 875 312 947 354; x_wconf 83' lang='lat'>111.</span> <span class='ocrx_word' id='word_1_4' title='bbox 978 313 1111 355; x_wconf 81' lang='grc' dir='ltr'><strong>ΤοΜ.</strong></span> <span class='ocrx_word' id='word_1_5' title='bbox 1141 314 1173 353; x_wconf 86' lang='grc' dir='ltr'>ῐ.</span> <span class='ocrx_word' id='word_1_6' title='bbox 1202 314 1365 354; x_wconf 62' lang='lat' dir='ltr'>nasa.</span> <span class='ocrx_word' id='word_1_7' title='bbox 1387 313 1582 354; x_wconf 77' lang='lat' dir='ltr'>Lxxvr.</span> <span class='ocrx_word' id='word_1_8' title='bbox 1888 296 1985 347; x_wconf 84' lang='lat'>251</span> 
     </span>
    </p>
   </div>
   <div class='ocr_carea' id='block_1_2' title="bbox 95 407 2006 3671">
    <p class='ocr_par' dir='ltr' id='par_1_2' title="bbox 95 407 2006 3084">
     <span class='ocr_line' id='line_1_2' title="bbox 96 407 1989 484; baseline -0.004 -18"><span class='ocrx_word' id='word_1_9' title='bbox 96 412 423 484; x_wconf 73' lang='lat' dir='ltr'><strong>ignoraverit,</strong></span> <span class='ocrx_word' id='word_1_10' title='bbox 477 420 722 463; x_wconf 75' lang='lat' dir='ltr'>auctorem</span> <span class='ocrx_word' id='word_1_11' title='bbox 761 428 814 461; x_wconf 90' lang='lat' dir='ltr'>se</span> <span class='ocrx_word' id='word_1_12' title='bbox 856 428 912 461; x_wconf 89' lang='lat' dir='ltr'>ac</span> <span class='ocrx_word' id='word_1_13' title='bbox 947 411 1243 462; x_wconf 89' lang='lat' dir='ltr'>conditorem</span> <span class='ocrx_word' id='word_1_14' title='bbox 1287 410 1578 474; x_wconf 73' lang='lat' dir='ltr'>arbitretur,</span> <span class='ocrx_word' id='word_1_15' title='bbox 1633 419 1680 460; x_wconf 92' lang='lat' dir='ltr'>et</span> <span class='ocrx_word' id='word_1_16' title='bbox 1721 427 1746 460; x_wconf 88' lang='lat' dir='ltr'>a</span> <span class='ocrx_word' id='word_1_17' title='bbox 1785 407 1989 460; x_wconf 85' lang='lat' dir='ltr'>veritate</span> 
     </span>
     <span class='ocr_line' id='line_1_3' title="bbox 97 493 1982 568; baseline -0.004 -18"><span class='ocrx_word' id='word_1_18' title='bbox 97 515 295 568; x_wconf 86' lang='lat' dir='ltr'>prorsus</span> <span class='ocrx_word' id='word_1_19' title='bbox 338 496 549 547; x_wconf 75' lang='lat' dir='ltr'>excidat.</span> <span class='ocrx_word' id='word_1_20' title='bbox 642 493 786 546; x_wconf 80' lang='lat' dir='ltr'><strong>Licet</strong></span> <span class='ocrx_word' id='word_1_21' title='bbox 822 495 947 545; x_wconf 89' lang='lat' dir='ltr'>enim</span> <span class='ocrx_word' id='word_1_22' title='bbox 988 493 1229 545; x_wconf 80' lang='lat' dir='ltr'>Noe‘mum</span> <span class='ocrx_word' id='word_1_23' title='bbox 1269 495 1485 561; x_wconf 87' lang='lat' dir='ltr'>legamus</span> <span class='ocrx_word' id='word_1_24' title='bbox 1531 496 1772 563; x_wconf 79' lang='lat' dir='ltr'><strong>plantasse</strong></span> <span class='ocrx_word' id='word_1_25' title='bbox 1815 493 1982 553; x_wconf 90' lang='lat' dir='ltr'>vitem,</span> 
     </span>
     <span class='ocr_line' id='line_1_4' title="bbox 98 576 1991 649; baseline -0.003 -16"><span class='ocrx_word' id='word_1_26' title='bbox 98 599 192 634; x_wconf 88' lang='lat' dir='ltr'>non</span> <span class='ocrx_word' id='word_1_27' title='bbox 230 579 389 631; x_wconf 87' lang='lat' dir='ltr'>tamen</span> <span class='ocrx_word' id='word_1_28' title='bbox 419 580 647 649; x_wconf 90' lang='lat' dir='ltr'>scriptum</span> <span class='ocrx_word' id='word_1_29' title='bbox 687 589 763 630; x_wconf 89' lang='lat' dir='ltr'>est</span> <span class='ocrx_word' id='word_1_30' title='bbox 791 578 954 646; x_wconf 75' lang='lat' dir='ltr'>stirpis</span> <span class='ocrx_word' id='word_1_31' title='bbox 987 578 1126 628; x_wconf 90' lang='lat' dir='ltr'>huius</span> <span class='ocrx_word' id='word_1_32' title='bbox 1165 577 1460 628; x_wconf 88' lang='lat' dir='ltr'>conditorem</span> <span class='ocrx_word' id='word_1_33' title='bbox 1504 579 1632 628; x_wconf 89' lang='lat' dir='ltr'>illum</span> <span class='ocrx_word' id='word_1_34' title='bbox 1669 578 1847 639; x_wconf 90' lang='lat' dir='ltr'>fuisse,</span> <span class='ocrx_word' id='word_1_35' title='bbox 1906 576 1991 628; x_wconf 89' lang='lat' dir='ltr'>sed</span> 
     </span>
     <span class='ocr_line' id='line_1_5' title="bbox 98 659 1993 730; baseline -0.003 -14"><span class='ocrx_word' id='word_1_36' title='bbox 98 666 189 717; x_wconf 87' lang='lat' dir='ltr'>boc</span> <span class='ocrx_word' id='word_1_37' title='bbox 228 665 489 727; x_wconf 77' lang='lat' dir='ltr'>duntaxat,</span> <span class='ocrx_word' id='word_1_38' title='bbox 547 667 632 713; x_wconf 81' lang='lat' dir='ltr'>Vir</span> <span class='ocrx_word' id='word_1_39' title='bbox 672 672 802 724; x_wconf 82' lang='lat' dir='ltr'>erat,</span> <span class='ocrx_word' id='word_1_40' title='bbox 858 662 1042 730; x_wconf 89' lang='lat' dir='ltr'>inquit,</span> <span class='ocrx_word' id='word_1_41' title='bbox 1097 664 1327 726; x_wconf 76' lang='lat' dir='ltr'>agricola.</span> <span class='ocrx_word' id='word_1_42' title='bbox 1405 659 1532 711; x_wconf 86' lang='lat' dir='ltr'>Nam</span> <span class='ocrx_word' id='word_1_43' title='bbox 1577 662 1698 711; x_wconf 90' lang='lat' dir='ltr'>alius</span> <span class='ocrx_word' id='word_1_44' title='bbox 1737 670 1812 712; x_wconf 92' lang='lat' dir='ltr'>est</span> <span class='ocrx_word' id='word_1_45' title='bbox 1840 662 1880 711; x_wconf 95' lang='lat' dir='ltr'>is</span> <span class='ocrx_word' id='word_1_46' title='bbox 1913 659 1993 727; x_wconf 91' lang='lat' dir='ltr'>qui</span> 
     </span>
     <span class='ocr_line' id='line_1_6' title="bbox 100 746 1992 814; baseline -0.002 -15"><span class='ocrx_word' id='word_1_47' title='bbox 100 749 274 800; x_wconf 86' lang='lat' dir='ltr'>futuris</span> <span class='ocrx_word' id='word_1_48' title='bbox 305 748 450 798; x_wconf 86' lang='lat' dir='ltr'>rebus</span> <span class='ocrx_word' id='word_1_49' title='bbox 478 747 741 799; x_wconf 71' lang='lat' dir='ltr'>naturalem</span> <span class='ocrx_word' id='word_1_50' title='bbox 771 747 867 797; x_wconf 90' lang='lat' dir='ltr'>vim</span> <span class='ocrx_word' id='word_1_51' title='bbox 901 764 958 796; x_wconf 89' lang='lat' dir='ltr'>ac</span> <span class='ocrx_word' id='word_1_52' title='bbox 991 746 1246 814; x_wconf 88' lang='lat' dir='ltr'>praecipua</span> <span class='ocrx_word' id='word_1_53' title='bbox 1275 762 1491 812; x_wconf 89' lang='lat' dir='ltr'>quaeque</span> <span class='ocrx_word' id='word_1_54' title='bbox 1526 763 1610 813; x_wconf 91' lang='lat' dir='ltr'>pro</span> <span class='ocrx_word' id='word_1_55' title='bbox 1640 763 1724 796; x_wconf 90' lang='lat' dir='ltr'>sua</span> <span class='ocrx_word' id='word_1_56' title='bbox 1756 754 1992 814; x_wconf 72' lang='lat' dir='ltr'>potestate</span> 
     </span>
     <span class='ocr_line' id='line_1_7' title="bbox 96 829 1990 900; baseline -0.002 -17"><span class='ocrx_word' id='word_1_57' title='bbox 96 832 327 900; x_wconf 89' lang='lat' dir='ltr'>largitur,</span> <span class='ocrx_word' id='word_1_58' title='bbox 378 831 501 883; x_wconf 88' lang='lat' dir='ltr'>alius</span> <span class='ocrx_word' id='word_1_59' title='bbox 541 831 618 900; x_wconf 90' lang='lat' dir='ltr'>qui</span> <span class='ocrx_word' id='word_1_60' title='bbox 657 831 716 882; x_wconf 87' lang='lat' dir='ltr'>ab</span> <span class='ocrx_word' id='word_1_61' title='bbox 756 831 860 899; x_wconf 90' lang='lat' dir='ltr'>ipso</span> <span class='ocrx_word' id='word_1_62' title='bbox 899 839 950 880; x_wconf 92' lang='lat' dir='ltr'>ut</span> <span class='ocrx_word' id='word_1_63' title='bbox 976 838 1108 880; x_wconf 87' lang='lat' dir='ltr'>esset</span> <span class='ocrx_word' id='word_1_64' title='bbox 1146 830 1330 897; x_wconf 86' lang='lat' dir='ltr'>accepit</span> <span class='ocrx_word' id='word_1_65' title='bbox 1365 829 1535 892; x_wconf 82' lang='lat' dir='ltr'>homo,</span> <span class='ocrx_word' id='word_1_66' title='bbox 1593 831 1990 897; x_wconf 82' lang='lat' dir='ltr'>commissamque</span> 
     </span>
     <span class='ocr_line' id='line_1_8' title="bbox 95 912 1991 984; baseline -0.002 -17"><span class='ocrx_word' id='word_1_67' title='bbox 95 917 185 967; x_wconf 88' lang='lat' dir='ltr'>sibi</span> <span class='ocrx_word' id='word_1_68' title='bbox 213 916 270 966; x_wconf 86' lang='lat' dir='ltr'>ab</span> <span class='ocrx_word' id='word_1_69' title='bbox 301 915 469 966; x_wconf 89' lang='lat' dir='ltr'>eodem</span> <span class='ocrx_word' id='word_1_70' title='bbox 498 915 835 984; x_wconf 86' lang='lat' dir='ltr'>agriculturam</span> <span class='ocrx_word' id='word_1_71' title='bbox 869 912 1109 982; x_wconf 81' lang='lat' dir='ltr'>suscepit,</span> <span class='ocrx_word' id='word_1_72' title='bbox 1151 921 1204 964; x_wconf 92' lang='lat' dir='ltr'>ut</span> <span class='ocrx_word' id='word_1_73' title='bbox 1231 922 1275 963; x_wconf 89' lang='lat' dir='ltr'>et</span> <span class='ocrx_word' id='word_1_74' title='bbox 1302 912 1380 963; x_wconf 90' lang='lat' dir='ltr'>ille</span> <span class='ocrx_word' id='word_1_75' title='bbox 1407 929 1529 980; x_wconf 90' lang='lat' dir='ltr'>quae</span> <span class='ocrx_word' id='word_1_76' title='bbox 1561 913 1619 962; x_wconf 90' lang='lat' dir='ltr'>ad</span> <span class='ocrx_word' id='word_1_77' title='bbox 1650 913 1991 980; x_wconf 81' lang='lat' dir='ltr'>perfectionem</span> 
     </span>
     <span class='ocr_line' id='line_1_9' title="bbox 98 996 1993 1068; baseline -0.002 -18"><span class='ocrx_word' id='word_1_78' title='bbox 98 1000 403 1051; x_wconf 88' lang='lat' dir='ltr'>obtinendam</span> <span class='ocrx_word' id='word_1_79' title='bbox 449 999 837 1068; x_wconf 84' lang='lat' dir='ltr'>progressionem</span> <span class='ocrx_word' id='word_1_80' title='bbox 877 998 1126 1066; x_wconf 89' lang='lat' dir='ltr'>requirunt</span> <span class='ocrx_word' id='word_1_81' title='bbox 1163 997 1386 1059; x_wconf 80' lang='lat' dir='ltr'>excolat,</span> <span class='ocrx_word' id='word_1_82' title='bbox 1445 996 1599 1047; x_wconf 86' lang='lat' dir='ltr'>ethic</span> <span class='ocrx_word' id='word_1_83' title='bbox 1640 997 1842 1047; x_wconf 87' lang='lat' dir='ltr'>conditis</span> <span class='ocrx_word' id='word_1_84' title='bbox 1883 1014 1908 1046; x_wconf 93' lang='lat' dir='ltr'>a</span> <span class='ocrx_word' id='word_1_85' title='bbox 1939 1013 1993 1047; x_wconf 90' lang='lat' dir='ltr'>se</span> 
     </span>
     <span class='ocr_line' id='line_1_10' title="bbox 97 1080 1995 1151; baseline -0.002 -17"><span class='ocrx_word' id='word_1_86' title='bbox 97 1084 242 1135; x_wconf 89' lang='lat' dir='ltr'>rebus</span> <span class='ocrx_word' id='word_1_87' title='bbox 269 1082 530 1151; x_wconf 82' lang='lat' dir='ltr'>largiendis</span> <span class='ocrx_word' id='word_1_88' title='bbox 570 1101 628 1134; x_wconf 87' lang='lat' dir='ltr'>ea</span> <span class='ocrx_word' id='word_1_89' title='bbox 662 1099 782 1151; x_wconf 88' lang='lat' dir='ltr'>quae</span> <span class='ocrx_word' id='word_1_90' title='bbox 821 1081 1055 1133; x_wconf 87' lang='lat' dir='ltr'>eiusmodi</span> <span class='ocrx_word' id='word_1_91' title='bbox 1097 1080 1378 1132; x_wconf 89' lang='lat' dir='ltr'>accessione</span> <span class='ocrx_word' id='word_1_92' title='bbox 1417 1081 1625 1148; x_wconf 89' lang='lat' dir='ltr'>gliscunt</span> <span class='ocrx_word' id='word_1_93' title='bbox 1665 1081 1721 1131; x_wconf 88' lang='lat' dir='ltr'>ad</span> <span class='ocrx_word' id='word_1_94' title='bbox 1751 1081 1995 1131; x_wconf 88' lang='lat' dir='ltr'>maturita-</span> 
     </span>
     <span class='ocr_line' id='line_1_11' title="bbox 98 1163 1993 1236; baseline -0.002 -18"><span class='ocrx_word' id='word_1_95' title='bbox 98 1177 193 1218; x_wconf 88' lang='lat' dir='ltr'>tem</span> <span class='ocrx_word' id='word_1_96' title='bbox 222 1167 665 1236; x_wconf 86' lang='lat' dir='ltr'>perfectionemque</span> <span class='ocrx_word' id='word_1_97' title='bbox 696 1167 943 1235; x_wconf 84' lang='lat' dir='ltr'>perducat.</span> <span class='ocrx_word' id='word_1_98' title='bbox 1021 1164 1161 1233; x_wconf 81' lang='lat' dir='ltr'>Quod</span> <span class='ocrx_word' id='word_1_99' title='bbox 1196 1165 1382 1233; x_wconf 89' lang='lat' dir='ltr'>quidem</span> <span class='ocrx_word' id='word_1_100' title='bbox 1423 1165 1619 1234; x_wconf 89' lang='lat' dir='ltr'>perinde</span> <span class='ocrx_word' id='word_1_101' title='bbox 1646 1163 1694 1213; x_wconf 90' lang='lat' dir='ltr'>in</span> <span class='ocrx_word' id='word_1_102' title='bbox 1723 1164 1993 1215; x_wconf 87' lang='lat' dir='ltr'>animalium</span> 
     </span>
     <span class='ocr_line' id='line_1_12' title="bbox 97 1249 1990 1319; baseline -0.002 -17"><span class='ocrx_word' id='word_1_103' title='bbox 97 1262 145 1303; x_wconf 90' lang='lat' dir='ltr'>et</span> <span class='ocrx_word' id='word_1_104' title='bbox 176 1252 424 1304; x_wconf 90' lang='lat' dir='ltr'>volucrum</span> <span class='ocrx_word' id='word_1_105' title='bbox 456 1268 667 1319; x_wconf 86' lang='lat' dir='ltr'>genere,</span> <span class='ocrx_word' id='word_1_106' title='bbox 719 1268 776 1301; x_wconf 89' lang='lat' dir='ltr'>ac</span> <span class='ocrx_word' id='word_1_107' title='bbox 805 1251 1068 1319; x_wconf 86' lang='lat' dir='ltr'>pecudum,</span> <span class='ocrx_word' id='word_1_108' title='bbox 1123 1258 1400 1318; x_wconf 87' lang='lat' dir='ltr'>serpentum</span> <span class='ocrx_word' id='word_1_109' title='bbox 1437 1249 1732 1319; x_wconf 89' lang='lat' dir='ltr'>pisciumque</span> <span class='ocrx_word' id='word_1_110' title='bbox 1772 1249 1990 1316; x_wconf 90' lang='lat' dir='ltr'>contigit.</span> 
     </span>
     <span class='ocr_line' id='line_1_13' title="bbox 96 1332 1994 1403; baseline -0.003 -16"><span class='ocrx_word' id='word_1_111' title='bbox 96 1334 222 1387; x_wconf 89' lang='lat' dir='ltr'>Nam</span> <span class='ocrx_word' id='word_1_112' title='bbox 254 1335 413 1386; x_wconf 86' lang='lat' dir='ltr'>omnia</span> <span class='ocrx_word' id='word_1_113' title='bbox 451 1334 682 1403; x_wconf 87' lang='lat' dir='ltr'>principio</span> <span class='ocrx_word' id='word_1_114' title='bbox 719 1334 999 1403; x_wconf 85' lang='lat' dir='ltr'>imperantis</span> <span class='ocrx_word' id='word_1_115' title='bbox 1034 1333 1107 1383; x_wconf 89' lang='lat' dir='ltr'>dei</span> <span class='ocrx_word' id='word_1_116' title='bbox 1149 1335 1397 1385; x_wconf 91' lang='lat' dir='ltr'>voluntate</span> <span class='ocrx_word' id='word_1_117' title='bbox 1435 1335 1648 1402; x_wconf 87' lang='lat' dir='ltr'>perfecta</span> <span class='ocrx_word' id='word_1_118' title='bbox 1693 1332 1994 1401; x_wconf 89' lang='lat' dir='ltr'>prodierunt,</span> 
     </span>
     <span class='ocr_line' id='line_1_14' title="bbox 98 1417 1999 1488; baseline -0.002 -17"><span class='ocrx_word' id='word_1_119' title='bbox 98 1437 224 1471; x_wconf 92' lang='lat' dir='ltr'>nunc</span> <span class='ocrx_word' id='word_1_120' title='bbox 251 1428 409 1470; x_wconf 90' lang='lat' dir='ltr'>autem</span> <span class='ocrx_word' id='word_1_121' title='bbox 438 1418 651 1470; x_wconf 90' lang='lat' dir='ltr'>eiusdem</span> <span class='ocrx_word' id='word_1_122' title='bbox 683 1418 949 1488; x_wconf 83' lang='lat' dir='ltr'>sapientiae</span> <span class='ocrx_word' id='word_1_123' title='bbox 990 1418 1185 1468; x_wconf 90' lang='lat' dir='ltr'>decreto</span> <span class='ocrx_word' id='word_1_124' title='bbox 1216 1418 1638 1486; x_wconf 80' lang='lat' dir='ltr'>progressionibus</span> <span class='ocrx_word' id='word_1_125' title='bbox 1667 1417 1796 1480; x_wconf 89' lang='lat' dir='ltr'>suis,</span> <span class='ocrx_word' id='word_1_126' title='bbox 1851 1425 1896 1467; x_wconf 90' lang='lat' dir='ltr'>et</span> <span class='ocrx_word' id='word_1_127' title='bbox 1925 1417 1999 1467; x_wconf 91' lang='lat' dir='ltr'>in-</span> 
     </span>
     <span class='ocr_line' id='line_1_15' title="bbox 99 1500 1995 1571; baseline -0.002 -17"><span class='ocrx_word' id='word_1_128' title='bbox 99 1504 359 1555; x_wconf 88' lang='lat' dir='ltr'>crementis</span> <span class='ocrx_word' id='word_1_129' title='bbox 402 1511 686 1571; x_wconf 88' lang='lat' dir='ltr'>augescunt.</span> <span class='ocrx_word' id='word_1_130' title='bbox 765 1500 905 1569; x_wconf 84' lang='lat' dir='ltr'>Quod</span> <span class='ocrx_word' id='word_1_131' title='bbox 945 1503 1001 1552; x_wconf 88' lang='lat' dir='ltr'>ad</span> <span class='ocrx_word' id='word_1_132' title='bbox 1040 1502 1279 1565; x_wconf 88' lang='lat' dir='ltr'>hominis,</span> <span class='ocrx_word' id='word_1_133' title='bbox 1334 1502 1411 1570; x_wconf 90' lang='lat' dir='ltr'>qui</span> <span class='ocrx_word' id='word_1_134' title='bbox 1456 1502 1503 1552; x_wconf 91' lang='lat' dir='ltr'>in</span> <span class='ocrx_word' id='word_1_135' title='bbox 1543 1511 1671 1552; x_wconf 89' lang='lat' dir='ltr'>terra</span> <span class='ocrx_word' id='word_1_136' title='bbox 1706 1501 1995 1566; x_wconf 84' lang='lat' dir='ltr'>dominatur,</span> 
     </span>
     <span class='ocr_line' id='line_1_16' title="bbox 99 1586 1996 1654; baseline -0.002 -16"><span class='ocrx_word' id='word_1_137' title='bbox 99 1589 304 1639; x_wconf 85' lang='lat' dir='ltr'>fructum</span> <span class='ocrx_word' id='word_1_138' title='bbox 335 1587 478 1637; x_wconf 89' lang='lat' dir='ltr'>animi</span> <span class='ocrx_word' id='word_1_139' title='bbox 523 1586 868 1654; x_wconf 86' lang='lat' dir='ltr'>utilitatemque</span> <span class='ocrx_word' id='word_1_140' title='bbox 905 1587 1138 1653; x_wconf 71' lang='lat' dir='ltr'>pertinet,</span> <span class='ocrx_word' id='word_1_141' title='bbox 1196 1604 1288 1654; x_wconf 90' lang='lat' dir='ltr'>quo</span> <span class='ocrx_word' id='word_1_142' title='bbox 1320 1587 1362 1636; x_wconf 91' lang='lat' dir='ltr'>is</span> <span class='ocrx_word' id='word_1_143' title='bbox 1390 1603 1624 1637; x_wconf 89' lang='lat' dir='ltr'>summum</span> <span class='ocrx_word' id='word_1_144' title='bbox 1668 1586 1796 1636; x_wconf 87' lang='lat' dir='ltr'>illum</span> <span class='ocrx_word' id='word_1_145' title='bbox 1837 1587 1996 1648; x_wconf 91' lang='lat' dir='ltr'>deum,</span> 
     </span>
     <span class='ocr_line' id='line_1_17' title="bbox 97 1670 1996 1741; baseline -0.002 -18"><span class='ocrx_word' id='word_1_146' title='bbox 97 1690 123 1724; x_wconf 86' lang='lat' dir='ltr'>a</span> <span class='ocrx_word' id='word_1_147' title='bbox 162 1689 255 1741; x_wconf 89' lang='lat' dir='ltr'>quo</span> <span class='ocrx_word' id='word_1_148' title='bbox 303 1680 400 1722; x_wconf 89' lang='lat' dir='ltr'>tam</span> <span class='ocrx_word' id='word_1_149' title='bbox 448 1671 631 1721; x_wconf 89' lang='lat' dir='ltr'>semina</span> <span class='ocrx_word' id='word_1_150' title='bbox 672 1670 808 1739; x_wconf 92' lang='lat' dir='ltr'>ipsa,</span> <span class='ocrx_word' id='word_1_151' title='bbox 870 1688 1007 1739; x_wconf 91' lang='lat' dir='ltr'>quam</span> <span class='ocrx_word' id='word_1_152' title='bbox 1056 1687 1220 1720; x_wconf 91' lang='lat' dir='ltr'>eorum</span> <span class='ocrx_word' id='word_1_153' title='bbox 1269 1670 1564 1721; x_wconf 86' lang='lat' dir='ltr'>incrementa</span> <span class='ocrx_word' id='word_1_154' title='bbox 1610 1670 1996 1739; x_wconf 83' lang='lat' dir='ltr'>proficiscuntur,</span> 
     </span>
     <span class='ocr_line' id='line_1_18' title="bbox 97 1751 1995 1823; baseline -0.002 -17"><span class='ocrx_word' id='word_1_155' title='bbox 97 1756 236 1807; x_wconf 90' lang='lat' dir='ltr'>deum</span> <span class='ocrx_word' id='word_1_156' title='bbox 277 1772 334 1805; x_wconf 92' lang='lat' dir='ltr'>ac</span> <span class='ocrx_word' id='word_1_157' title='bbox 373 1753 615 1805; x_wconf 90' lang='lat' dir='ltr'>dominum</span> <span class='ocrx_word' id='word_1_158' title='bbox 658 1764 908 1822; x_wconf 88' lang='lat' dir='ltr'>agnoscat.</span> <span class='ocrx_word' id='word_1_159' title='bbox 993 1751 1205 1804; x_wconf 89' lang='lat' dir='ltr'>Proinde</span> <span class='ocrx_word' id='word_1_160' title='bbox 1250 1772 1575 1823; x_wconf 89' lang='lat' dir='ltr'>quaecumque</span> <span class='ocrx_word' id='word_1_161' title='bbox 1611 1755 1659 1805; x_wconf 93' lang='lat' dir='ltr'>in</span> <span class='ocrx_word' id='word_1_162' title='bbox 1689 1755 1825 1805; x_wconf 90' lang='lat' dir='ltr'>coelo</span> <span class='ocrx_word' id='word_1_163' title='bbox 1865 1762 1995 1817; x_wconf 87' lang='lat' dir='ltr'>sunt,</span> 
     </span>
     <span class='ocr_line' id='line_1_19' title="bbox 98 1837 2000 1910; baseline -0.002 -19"><span class='ocrx_word' id='word_1_164' title='bbox 98 1858 315 1910; x_wconf 88' lang='lat' dir='ltr'>quaeque</span> <span class='ocrx_word' id='word_1_165' title='bbox 357 1839 598 1890; x_wconf 88' lang='lat' dir='ltr'>bominum</span> <span class='ocrx_word' id='word_1_166' title='bbox 641 1857 783 1890; x_wconf 89' lang='lat' dir='ltr'>mann</span> <span class='ocrx_word' id='word_1_167' title='bbox 820 1857 913 1889; x_wconf 89' lang='lat' dir='ltr'>non</span> <span class='ocrx_word' id='word_1_168' title='bbox 956 1848 1212 1902; x_wconf 87' lang='lat' dir='ltr'>seruntur,</span> <span class='ocrx_word' id='word_1_169' title='bbox 1266 1857 1322 1889; x_wconf 88' lang='lat' dir='ltr'>ac</span> <span class='ocrx_word' id='word_1_170' title='bbox 1353 1857 1507 1907; x_wconf 91' lang='lat' dir='ltr'>neque</span> <span class='ocrx_word' id='word_1_171' title='bbox 1538 1839 1767 1907; x_wconf 85' lang='lat' dir='ltr'>gignunt,</span> <span class='ocrx_word' id='word_1_172' title='bbox 1821 1855 1910 1888; x_wconf 91' lang='lat' dir='ltr'>nec</span> <span class='ocrx_word' id='word_1_173' title='bbox 1941 1837 2000 1889; x_wconf 89' lang='lat' dir='ltr'>ab</span> 
     </span>
     <span class='ocr_line' id='line_1_20' title="bbox 99 1922 2001 1993; baseline -0.003 -16"><span class='ocrx_word' id='word_1_174' title='bbox 99 1926 204 1977; x_wconf 89' lang='lat' dir='ltr'>aliis</span> <span class='ocrx_word' id='word_1_175' title='bbox 247 1925 536 1993; x_wconf 87' lang='lat' dir='ltr'>gignuntur,</span> <span class='ocrx_word' id='word_1_176' title='bbox 599 1940 654 1973; x_wconf 87' lang='lat' dir='ltr'>ea</span> <span class='ocrx_word' id='word_1_177' title='bbox 695 1924 813 1974; x_wconf 90' lang='lat' dir='ltr'>deus</span> <span class='ocrx_word' id='word_1_178' title='bbox 852 1925 1061 1992; x_wconf 86' lang='lat' dir='ltr'>perfecta</span> <span class='ocrx_word' id='word_1_179' title='bbox 1106 1923 1316 1991; x_wconf 89' lang='lat' dir='ltr'>reliquit.</span> <span class='ocrx_word' id='word_1_180' title='bbox 1391 1922 1566 1991; x_wconf 89' lang='lat' dir='ltr'>Neque</span> <span class='ocrx_word' id='word_1_181' title='bbox 1592 1923 1715 1973; x_wconf 90' lang='lat' dir='ltr'>enim</span> <span class='ocrx_word' id='word_1_182' title='bbox 1767 1923 2001 1973; x_wconf 85' lang='lat' dir='ltr'>humanae</span> 
     </span>
     <span class='ocr_line' id='line_1_21' title="bbox 100 2005 2000 2076; baseline -0.003 -15"><span class='ocrx_word' id='word_1_183' title='bbox 100 2019 287 2062; x_wconf 89' lang='lat' dir='ltr'>mentes</span> <span class='ocrx_word' id='word_1_184' title='bbox 327 2008 485 2060; x_wconf 89' lang='lat' dir='ltr'>damni</span> <span class='ocrx_word' id='word_1_185' title='bbox 527 2024 592 2058; x_wconf 87' lang='lat' dir='ltr'>ex</span> <span class='ocrx_word' id='word_1_186' title='bbox 631 2006 690 2057; x_wconf 91' lang='lat' dir='ltr'>iis</span> <span class='ocrx_word' id='word_1_187' title='bbox 722 2007 897 2076; x_wconf 88' lang='lat' dir='ltr'>aliquid</span> <span class='ocrx_word' id='word_1_188' title='bbox 940 2025 1114 2076; x_wconf 89' lang='lat' dir='ltr'>capere</span> <span class='ocrx_word' id='word_1_189' title='bbox 1155 2017 1402 2076; x_wconf 88' lang='lat' dir='ltr'>poterant,</span> <span class='ocrx_word' id='word_1_190' title='bbox 1459 2016 1539 2057; x_wconf 87' lang='lat' dir='ltr'>aut</span> <span class='ocrx_word' id='word_1_191' title='bbox 1575 2007 1631 2056; x_wconf 89' lang='lat' dir='ltr'>ad</span> <span class='ocrx_word' id='word_1_192' title='bbox 1674 2005 2000 2072; x_wconf 80' lang='lat' dir='ltr'>arrogantiam</span> 
     </span>
     <span class='ocr_line' id='line_1_22' title="bbox 101 2089 2003 2160; baseline -0.002 -15"><span class='ocrx_word' id='word_1_193' title='bbox 101 2092 333 2157; x_wconf 83' lang='lat' dir='ltr'>excitari,</span> <span class='ocrx_word' id='word_1_194' title='bbox 374 2101 427 2144; x_wconf 90' lang='lat' dir='ltr'>ut</span> <span class='ocrx_word' id='word_1_195' title='bbox 463 2092 511 2142; x_wconf 92' lang='lat' dir='ltr'>in</span> <span class='ocrx_word' id='word_1_196' title='bbox 541 2091 675 2154; x_wconf 88' lang='lat' dir='ltr'>sole,</span> <span class='ocrx_word' id='word_1_197' title='bbox 730 2091 841 2142; x_wconf 90' lang='lat' dir='ltr'>luna</span> <span class='ocrx_word' id='word_1_198' title='bbox 880 2091 1152 2159; x_wconf 89' lang='lat' dir='ltr'>ceterisque</span> <span class='ocrx_word' id='word_1_199' title='bbox 1201 2092 1439 2142; x_wconf 87' lang='lat' dir='ltr'>sideribus</span> <span class='ocrx_word' id='word_1_200' title='bbox 1480 2100 1696 2160; x_wconf 87' lang='lat' dir='ltr'>apparet.</span> <span class='ocrx_word' id='word_1_201' title='bbox 1773 2089 1898 2141; x_wconf 85' lang='lat' dir='ltr'>Nam</span> <span class='ocrx_word' id='word_1_202' title='bbox 1938 2107 2003 2141; x_wconf 87' lang='lat' dir='ltr'>ex</span> 
     </span>
     <span class='ocr_line' id='line_1_23' title="bbox 99 2174 2002 2246; baseline -0.003 -17"><span class='ocrx_word' id='word_1_203' title='bbox 99 2194 159 2229; x_wconf 89' lang='lat' dir='ltr'>eo</span> <span class='ocrx_word' id='word_1_204' title='bbox 193 2178 316 2246; x_wconf 92' lang='lat' dir='ltr'>quod</span> <span class='ocrx_word' id='word_1_205' title='bbox 347 2177 456 2228; x_wconf 91' lang='lat' dir='ltr'>luna</span> <span class='ocrx_word' id='word_1_206' title='bbox 492 2184 746 2238; x_wconf 87' lang='lat' dir='ltr'>nascatur,</span> <span class='ocrx_word' id='word_1_207' title='bbox 806 2185 886 2226; x_wconf 87' lang='lat' dir='ltr'>aut</span> <span class='ocrx_word' id='word_1_208' title='bbox 917 2177 1198 2237; x_wconf 89' lang='lat' dir='ltr'>decrescat,</span> <span class='ocrx_word' id='word_1_209' title='bbox 1251 2185 1576 2243; x_wconf 85' lang='lat' dir='ltr'>augeaturve,</span> <span class='ocrx_word' id='word_1_210' title='bbox 1633 2176 1759 2227; x_wconf 87' lang='lat' dir='ltr'>nulla</span> <span class='ocrx_word' id='word_1_211' title='bbox 1797 2174 1925 2225; x_wconf 91' lang='lat' dir='ltr'>illius</span> <span class='ocrx_word' id='word_1_212' title='bbox 1956 2175 2002 2224; x_wconf 89' lang='lat' dir='ltr'>in</span> 
     </span>
     <span class='ocr_line' id='line_1_24' title="bbox 102 2258 2005 2329; baseline -0.002 -17"><span class='ocrx_word' id='word_1_213' title='bbox 102 2278 262 2312; x_wconf 91' lang='lat' dir='ltr'>mores</span> <span class='ocrx_word' id='word_1_214' title='bbox 306 2259 505 2312; x_wconf 90' lang='lat' dir='ltr'>mutatio</span> <span class='ocrx_word' id='word_1_215' title='bbox 548 2260 800 2310; x_wconf 83' lang='lat' dir='ltr'>redundat.</span> <span class='ocrx_word' id='word_1_216' title='bbox 880 2258 976 2310; x_wconf 90' lang='lat' dir='ltr'>lam</span> <span class='ocrx_word' id='word_1_217' title='bbox 1018 2278 1138 2312; x_wconf 89' lang='lat' dir='ltr'>vero</span> <span class='ocrx_word' id='word_1_218' title='bbox 1177 2258 1258 2328; x_wconf 81' lang='lat' dir='ltr'>qui</span> <span class='ocrx_word' id='word_1_219' title='bbox 1297 2261 1400 2311; x_wconf 84' lang='lat' dir='ltr'>fieri</span> <span class='ocrx_word' id='word_1_220' title='bbox 1444 2269 1627 2329; x_wconf 88' lang='lat' dir='ltr'>potest,</span> <span class='ocrx_word' id='word_1_221' title='bbox 1684 2269 1735 2310; x_wconf 92' lang='lat' dir='ltr'>ut</span> <span class='ocrx_word' id='word_1_222' title='bbox 1772 2275 2005 2326; x_wconf 86' lang='lat' dir='ltr'>corporea</span> 
     </span>
     <span class='ocr_line' id='line_1_25' title="bbox 102 2343 2006 2413; baseline -0.001 -18"><span class='ocrx_word' id='word_1_223' title='bbox 102 2346 183 2396; x_wconf 88' lang='lat' dir='ltr'>illa</span> <span class='ocrx_word' id='word_1_224' title='bbox 212 2362 268 2395; x_wconf 88' lang='lat' dir='ltr'>ac</span> <span class='ocrx_word' id='word_1_225' title='bbox 299 2343 594 2413; x_wconf 89' lang='lat' dir='ltr'>corruptioni</span> <span class='ocrx_word' id='word_1_226' title='bbox 624 2344 840 2396; x_wconf 86' lang='lat' dir='ltr'>subiecta</span> <span class='ocrx_word' id='word_1_227' title='bbox 875 2345 992 2395; x_wconf 86' lang='lat' dir='ltr'>deus</span> <span class='ocrx_word' id='word_1_228' title='bbox 1022 2345 1225 2395; x_wconf 88' lang='lat' dir='ltr'>subinde</span> <span class='ocrx_word' id='word_1_229' title='bbox 1260 2346 1473 2413; x_wconf 86' lang='lat' dir='ltr'>perfecta</span> <span class='ocrx_word' id='word_1_230' title='bbox 1506 2344 1753 2395; x_wconf 90' lang='lat' dir='ltr'>voluntate</span> <span class='ocrx_word' id='word_1_231' title='bbox 1784 2361 1869 2394; x_wconf 89' lang='lat' dir='ltr'>sua</span> <span class='ocrx_word' id='word_1_232' title='bbox 1895 2361 2006 2412; x_wconf 90' lang='lat' dir='ltr'>pro-</span> 
     </span>
     <span class='ocr_line' id='line_1_26' title="bbox 103 2427 2003 2498; baseline -0.001 -18"><span class='ocrx_word' id='word_1_233' title='bbox 103 2428 309 2492; x_wconf 89' lang='lat' dir='ltr'>crearit,</span> <span class='ocrx_word' id='word_1_234' title='bbox 367 2446 473 2479; x_wconf 90' lang='lat' dir='ltr'>eum</span> <span class='ocrx_word' id='word_1_235' title='bbox 506 2444 653 2492; x_wconf 91' lang='lat' dir='ltr'>vero,</span> <span class='ocrx_word' id='word_1_236' title='bbox 712 2446 849 2496; x_wconf 89' lang='lat' dir='ltr'>quem</span> <span class='ocrx_word' id='word_1_237' title='bbox 881 2445 907 2478; x_wconf 94' lang='lat' dir='ltr'>e</span> <span class='ocrx_word' id='word_1_238' title='bbox 939 2429 1099 2498; x_wconf 89' lang='lat' dir='ltr'>seipso</span> <span class='ocrx_word' id='word_1_239' title='bbox 1125 2429 1320 2497; x_wconf 89' lang='lat' dir='ltr'>genuit,</span> <span class='ocrx_word' id='word_1_240' title='bbox 1383 2447 1525 2479; x_wconf 90' lang='lat' dir='ltr'>unum</span> <span class='ocrx_word' id='word_1_241' title='bbox 1559 2446 1624 2480; x_wconf 85' lang='lat' dir='ltr'>ex</span> <span class='ocrx_word' id='word_1_242' title='bbox 1652 2447 1775 2491; x_wconf 88' lang='lat' dir='ltr'>uno,</span> <span class='ocrx_word' id='word_1_243' title='bbox 1831 2427 2003 2496; x_wconf 91' lang='lat' dir='ltr'>quique</span> 
     </span>
     <span class='ocr_line' id='line_1_27' title="bbox 102 2512 2003 2582; baseline -0.001 -19"><span class='ocrx_word' id='word_1_244' title='bbox 102 2513 225 2582; x_wconf 90' lang='lat' dir='ltr'>apud</span> <span class='ocrx_word' id='word_1_245' title='bbox 254 2512 545 2563; x_wconf 82' lang='lat' dir='ltr'>existentem</span> <span class='ocrx_word' id='word_1_246' title='bbox 583 2521 812 2580; x_wconf 88' lang='lat' dir='ltr'>perpetuo</span> <span class='ocrx_word' id='word_1_247' title='bbox 843 2530 929 2580; x_wconf 91' lang='lat' dir='ltr'>per</span> <span class='ocrx_word' id='word_1_248' title='bbox 959 2513 1323 2580; x_wconf 86' lang='lat' dir='ltr'>generationem</span> <span class='ocrx_word' id='word_1_249' title='bbox 1352 2514 1562 2576; x_wconf 82' lang='lat' dir='ltr'>existat,</span> <span class='ocrx_word' id='word_1_250' title='bbox 1616 2513 1912 2564; x_wconf 86' lang='lat' dir='ltr'>accessionis</span> <span class='ocrx_word' id='word_1_251' title='bbox 1947 2529 2003 2562; x_wconf 90' lang='lat' dir='ltr'>ac</span> 
     </span>
     <span class='ocr_line' id='line_1_28' title="bbox 103 2594 2005 2666; baseline 0.001 -19"><span class='ocrx_word' id='word_1_252' title='bbox 103 2594 462 2666; x_wconf 86' lang='lat' dir='ltr'>progressionis</span> <span class='ocrx_word' id='word_1_253' title='bbox 495 2603 713 2662; x_wconf 86' lang='lat' dir='ltr'>egentem</span> <span class='ocrx_word' id='word_1_254' title='bbox 745 2597 1064 2662; x_wconf 83' lang='lat' dir='ltr'>produxerit?</span> <span class='ocrx_word' id='word_1_255' title='bbox 1139 2596 1320 2647; x_wconf 89' lang='lat' dir='ltr'>Desine</span> <span class='ocrx_word' id='word_1_256' title='bbox 1348 2598 1522 2665; x_wconf 84' lang='lat' dir='ltr'>igitur,</span> <span class='ocrx_word' id='word_1_257' title='bbox 1566 2598 1706 2661; x_wconf 68' lang='lat' dir='ltr'>Aeli,</span> <span class='ocrx_word' id='word_1_258' title='bbox 1762 2598 2005 2648; x_wconf 89' lang='lat' dir='ltr'>Aristote-</span> 
     </span>
     <span class='ocr_line' id='line_1_29' title="bbox 101 2680 2005 2733; baseline 0 -2"><span class='ocrx_word' id='word_1_259' title='bbox 101 2681 219 2732; x_wconf 89' lang='lat' dir='ltr'>licas</span> <span class='ocrx_word' id='word_1_260' title='bbox 267 2680 372 2731; x_wconf 89' lang='lat' dir='ltr'>illas</span> <span class='ocrx_word' id='word_1_261' title='bbox 405 2688 513 2730; x_wconf 87' lang='lat' dir='ltr'>tuas</span> <span class='ocrx_word' id='word_1_262' title='bbox 542 2696 691 2729; x_wconf 87' lang='lat' dir='ltr'>voces</span> <span class='ocrx_word' id='word_1_263' title='bbox 730 2690 777 2729; x_wconf 90' lang='lat' dir='ltr'>et</span> <span class='ocrx_word' id='word_1_264' title='bbox 803 2680 972 2731; x_wconf 88' lang='lat' dir='ltr'>inanes</span> <span class='ocrx_word' id='word_1_265' title='bbox 1011 2681 1289 2732; x_wconf 90' lang='lat' dir='ltr'>obtrudere.</span> <span class='ocrx_word' id='word_1_266' title='bbox 1366 2680 1524 2733; x_wconf 90' lang='lat' dir='ltr'>Nobis</span> <span class='ocrx_word' id='word_1_267' title='bbox 1555 2682 1680 2732; x_wconf 88' lang='lat' dir='ltr'>enim</span> <span class='ocrx_word' id='word_1_268' title='bbox 1715 2683 1833 2732; x_wconf 86' lang='lat' dir='ltr'>citra</span> <span class='ocrx_word' id='word_1_269' title='bbox 1861 2682 2005 2732; x_wconf 90' lang='lat' dir='ltr'>ullum</span> 
     </span>
     <span class='ocr_line' id='line_1_30' title="bbox 102 2761 2005 2833; baseline 0.001 -19"><span class='ocrx_word' id='word_1_270' title='bbox 102 2764 284 2815; x_wconf 91' lang='lat' dir='ltr'>erroris</span> <span class='ocrx_word' id='word_1_271' title='bbox 324 2763 587 2833; x_wconf 90' lang='lat' dir='ltr'>periculum</span> <span class='ocrx_word' id='word_1_272' title='bbox 631 2762 899 2813; x_wconf 87' lang='lat' dir='ltr'>certissima</span> <span class='ocrx_word' id='word_1_273' title='bbox 947 2761 1131 2815; x_wconf 87' lang='lat' dir='ltr'>Christi</span> <span class='ocrx_word' id='word_1_274' title='bbox 1171 2765 1388 2816; x_wconf 90' lang='lat' dir='ltr'>doctrina</span> <span class='ocrx_word' id='word_1_275' title='bbox 1435 2767 1635 2829; x_wconf 89' lang='lat' dir='ltr'>sufficit,</span> <span class='ocrx_word' id='word_1_276' title='bbox 1691 2784 1795 2816; x_wconf 88' lang='lat' dir='ltr'>cum</span> <span class='ocrx_word' id='word_1_277' title='bbox 1827 2766 1895 2815; x_wconf 86' lang='lat' dir='ltr'>ita</span> <span class='ocrx_word' id='word_1_278' title='bbox 1936 2765 2005 2815; x_wconf 88' lang='lat' dir='ltr'>lo-</span> 
     </span>
     <span class='ocr_line' id='line_1_31' title="bbox 101 2846 2004 2916; baseline 0 -18"><span class='ocrx_word' id='word_1_279' title='bbox 101 2848 289 2916; x_wconf 79' lang='lat' dir='ltr'>quitur=</span> <span class='ocrx_word' id='word_1_280' title='bbox 328 2852 434 2913; x_wconf 84' lang='lat' dir='ltr'>Ego</span> <span class='ocrx_word' id='word_1_281' title='bbox 458 2851 814 2912; x_wconf 77' lang='lat' dir='ltr'>eoez&#39;vz&#39;apatre‚</span> <span class='ocrx_word' id='word_1_282' title='bbox 856 2858 901 2896; x_wconf 79' lang='lat' dir='ltr'>et</span> <span class='ocrx_word' id='word_1_283' title='bbox 928 2852 1060 2897; x_wconf 81' lang='lat' dir='ltr'>vado.</span> <span class='ocrx_word' id='word_1_284' title='bbox 1140 2846 1292 2900; x_wconf 84' lang='lat' dir='ltr'>Cuius</span> <span class='ocrx_word' id='word_1_285' title='bbox 1323 2850 1546 2900; x_wconf 91' lang='lat' dir='ltr'>dictionis</span> <span class='ocrx_word' id='word_1_286' title='bbox 1577 2850 1649 2900; x_wconf 90' lang='lat' dir='ltr'>vis</span> <span class='ocrx_word' id='word_1_287' title='bbox 1681 2868 1774 2899; x_wconf 89' lang='lat' dir='ltr'>non</span> <span class='ocrx_word' id='word_1_288' title='bbox 1808 2848 1856 2898; x_wconf 90' lang='lat' dir='ltr'>in</span> <span class='ocrx_word' id='word_1_289' title='bbox 1889 2848 2004 2898; x_wconf 89' lang='lat' dir='ltr'>abu·</span> 
     </span>
     <span class='ocr_line' id='line_1_32' title="bbox 102 2930 2004 3001; baseline -0.001 -18"><span class='ocrx_word' id='word_1_290' title='bbox 102 2933 240 2983; x_wconf 92' lang='lat' dir='ltr'>sione</span> <span class='ocrx_word' id='word_1_291' title='bbox 272 2932 368 2984; x_wconf 87' lang='lat' dir='ltr'>ulla</span> <span class='ocrx_word' id='word_1_292' title='bbox 401 2932 651 2995; x_wconf 89' lang='lat' dir='ltr'>consistit,</span> <span class='ocrx_word' id='word_1_293' title='bbox 706 2932 790 2981; x_wconf 90' lang='lat' dir='ltr'>sed</span> <span class='ocrx_word' id='word_1_294' title='bbox 836 2930 999 2981; x_wconf 84' lang='lat' dir='ltr'>divina</span> <span class='ocrx_word' id='word_1_295' title='bbox 1043 2932 1339 2999; x_wconf 80' lang='lat' dir='ltr'>perfectione</span> <span class='ocrx_word' id='word_1_296' title='bbox 1380 2951 1436 2983; x_wconf 90' lang='lat' dir='ltr'>ac</span> <span class='ocrx_word' id='word_1_297' title='bbox 1471 2934 1701 3001; x_wconf 86' lang='lat' dir='ltr'>dignitate</span> <span class='ocrx_word' id='word_1_298' title='bbox 1742 2933 2004 3001; x_wconf 87' lang='lat' dir='ltr'>praeditam</span> 
     </span>
     <span class='ocr_line' id='line_1_33' title="bbox 101 3016 613 3084; baseline -0.002 -18"><span class='ocrx_word' id='word_1_299' title='bbox 101 3025 318 3067; x_wconf 90' lang='lat' dir='ltr'>naturam</span> <span class='ocrx_word' id='word_1_300' title='bbox 356 3016 613 3084; x_wconf 85' lang='lat' dir='ltr'>significat.</span> 
     </span>
    </p>

    <p class='ocr_par' dir='ltr' id='par_1_3' title="bbox 100 3096 2003 3671">
     <span class='ocr_line' id='line_1_34' title="bbox 235 3096 2002 3167; baseline -0.002 -16"><span class='ocrx_word' id='word_1_301' title='bbox 235 3099 368 3151; x_wconf 84' lang='lat' dir='ltr'>Aetii</span> <span class='ocrx_word' id='word_1_302' title='bbox 403 3097 560 3167; x_wconf 91' lang='lat' dir='ltr'>Caput</span> <span class='ocrx_word' id='word_1_303' title='bbox 588 3097 660 3150; x_wconf 90' lang='lat' dir='ltr'>X.</span> <span class='ocrx_word' id='word_1_304' title='bbox 737 3096 790 3150; x_wconf 85' lang='lat' dir='ltr'>Si</span> <span class='ocrx_word' id='word_1_305' title='bbox 827 3099 1035 3167; x_wconf 85' lang='lat' dir='ltr'>perfecta</span> <span class='ocrx_word' id='word_1_306' title='bbox 1075 3099 1137 3149; x_wconf 90' lang='lat' dir='ltr'>sit</span> <span class='ocrx_word' id='word_1_307' title='bbox 1172 3101 1333 3166; x_wconf 87' lang='lat' dir='ltr'>genita</span> <span class='ocrx_word' id='word_1_308' title='bbox 1367 3101 1589 3163; x_wconf 89' lang='lat' dir='ltr'>soboles,</span> <span class='ocrx_word' id='word_1_309' title='bbox 1649 3101 1811 3151; x_wconf 88' lang='lat' dir='ltr'>eadem</span> <span class='ocrx_word' id='word_1_310' title='bbox 1842 3100 1889 3149; x_wconf 90' lang='lat' dir='ltr'>in</span> <span class='ocrx_word' id='word_1_311' title='bbox 1930 3100 2002 3149; x_wconf 93' lang='lat' dir='ltr'>in-</span> 
     </span>
     <span class='ocr_line' id='line_1_35' title="bbox 101 3182 1998 3252; baseline -0.001 -18"><span class='ocrx_word' id='word_1_312' title='bbox 101 3184 264 3252; x_wconf 85' lang='lat' dir='ltr'>genito</span> <span class='ocrx_word' id='word_1_313' title='bbox 300 3184 420 3248; x_wconf 88' lang='lat' dir='ltr'>erit,</span> <span class='ocrx_word' id='word_1_314' title='bbox 477 3202 572 3234; x_wconf 90' lang='lat' dir='ltr'>non</span> <span class='ocrx_word' id='word_1_315' title='bbox 612 3200 677 3234; x_wconf 78' lang='lat' dir='ltr'>ex</span> <span class='ocrx_word' id='word_1_316' title='bbox 716 3182 774 3233; x_wconf 92' lang='lat' dir='ltr'>iis</span> <span class='ocrx_word' id='word_1_317' title='bbox 815 3199 936 3250; x_wconf 84' lang='lat' dir='ltr'>quac</span> <span class='ocrx_word' id='word_1_318' title='bbox 978 3200 1084 3232; x_wconf 88' lang='lat' dir='ltr'>cum</span> <span class='ocrx_word' id='word_1_319' title='bbox 1117 3183 1173 3233; x_wconf 86' lang='lat' dir='ltr'>ab</span> <span class='ocrx_word' id='word_1_320' title='bbox 1208 3184 1422 3251; x_wconf 88' lang='lat' dir='ltr'>ingenito</span> <span class='ocrx_word' id='word_1_321' title='bbox 1460 3185 1740 3251; x_wconf 84' lang='lat' dir='ltr'>gigneretur</span> <span class='ocrx_word' id='word_1_322' title='bbox 1775 3183 1998 3233; x_wconf 90' lang='lat' dir='ltr'>obtinuit.</span> 
     </span>
     <span class='ocr_line' id='line_1_36' title="bbox 100 3265 2003 3336; baseline -0.002 -17"><span class='ocrx_word' id='word_1_323' title='bbox 100 3268 228 3320; x_wconf 91' lang='lat' dir='ltr'>Nam</span> <span class='ocrx_word' id='word_1_324' title='bbox 260 3269 422 3336; x_wconf 87' lang='lat' dir='ltr'>genita</span> <span class='ocrx_word' id='word_1_325' title='bbox 464 3279 634 3320; x_wconf 87' lang='lat' dir='ltr'>natura</span> <span class='ocrx_word' id='word_1_326' title='bbox 674 3268 721 3317; x_wconf 93' lang='lat' dir='ltr'>in</span> <span class='ocrx_word' id='word_1_327' title='bbox 763 3267 977 3333; x_wconf 90' lang='lat' dir='ltr'>ingenita</span> <span class='ocrx_word' id='word_1_328' title='bbox 1018 3265 1288 3318; x_wconf 89' lang='lat' dir='ltr'>substantia</span> <span class='ocrx_word' id='word_1_329' title='bbox 1334 3286 1443 3318; x_wconf 91' lang='lat' dir='ltr'>esse</span> <span class='ocrx_word' id='word_1_330' title='bbox 1492 3287 1586 3319; x_wconf 90' lang='lat' dir='ltr'>non</span> <span class='ocrx_word' id='word_1_331' title='bbox 1627 3276 1812 3336; x_wconf 84' lang='lat' dir='ltr'>potest3</span> <span class='ocrx_word' id='word_1_332' title='bbox 1873 3276 2003 3317; x_wconf 88' lang='lat' dir='ltr'>esset</span> 
     </span>
     <span class='ocr_line' id='line_1_37' title="bbox 100 3348 2000 3418; baseline -0.001 -15"><span class='ocrx_word' id='word_1_333' title='bbox 100 3353 224 3404; x_wconf 77' lang='lat' dir='ltr'>enini</span> <span class='ocrx_word' id='word_1_334' title='bbox 256 3353 397 3403; x_wconf 90' lang='lat' dir='ltr'>simul</span> <span class='ocrx_word' id='word_1_335' title='bbox 422 3352 575 3414; x_wconf 87' lang='lat' dir='ltr'>idem,</span> <span class='ocrx_word' id='word_1_336' title='bbox 630 3362 676 3401; x_wconf 87' lang='lat' dir='ltr'>et</span> <span class='ocrx_word' id='word_1_337' title='bbox 706 3369 799 3400; x_wconf 90' lang='lat' dir='ltr'>non</span> <span class='ocrx_word' id='word_1_338' title='bbox 842 3359 989 3401; x_wconf 89' lang='lat' dir='ltr'>esset.</span> <span class='ocrx_word' id='word_1_339' title='bbox 1065 3348 1194 3401; x_wconf 87' lang='lat' dir='ltr'>Nam</span> <span class='ocrx_word' id='word_1_340' title='bbox 1227 3352 1348 3418; x_wconf 89' lang='lat' dir='ltr'>quod</span> <span class='ocrx_word' id='word_1_341' title='bbox 1381 3351 1593 3418; x_wconf 87' lang='lat' dir='ltr'>genitum</span> <span class='ocrx_word' id='word_1_342' title='bbox 1628 3360 1702 3401; x_wconf 89' lang='lat' dir='ltr'>est</span> <span class='ocrx_word' id='word_1_343' title='bbox 1739 3351 2000 3418; x_wconf 85' lang='lat' dir='ltr'>ingenitum</span> 
     </span>
     <span class='ocr_line' id='line_1_38' title="bbox 100 3432 2002 3503; baseline -0.001 -17"><span class='ocrx_word' id='word_1_344' title='bbox 100 3454 195 3487; x_wconf 92' lang='lat' dir='ltr'>non</span> <span class='ocrx_word' id='word_1_345' title='bbox 237 3446 338 3499; x_wconf 91' lang='lat' dir='ltr'>est,</span> <span class='ocrx_word' id='word_1_346' title='bbox 392 3445 440 3486; x_wconf 90' lang='lat' dir='ltr'>et</span> <span class='ocrx_word' id='word_1_347' title='bbox 480 3437 604 3503; x_wconf 87' lang='lat' dir='ltr'>quod</span> <span class='ocrx_word' id='word_1_348' title='bbox 634 3434 897 3503; x_wconf 87' lang='lat' dir='ltr'>ingenitum</span> <span class='ocrx_word' id='word_1_349' title='bbox 931 3442 1032 3495; x_wconf 89' lang='lat' dir='ltr'>est,</span> <span class='ocrx_word' id='word_1_350' title='bbox 1086 3435 1297 3500; x_wconf 86' lang='lat' dir='ltr'>genitum</span> <span class='ocrx_word' id='word_1_351' title='bbox 1331 3452 1425 3484; x_wconf 90' lang='lat' dir='ltr'>non</span> <span class='ocrx_word' id='word_1_352' title='bbox 1460 3434 1564 3484; x_wconf 86' lang='lat' dir='ltr'>fuit.</span> <span class='ocrx_word' id='word_1_353' title='bbox 1643 3432 1830 3502; x_wconf 82' lang='lat' dir='ltr'>Quippe</span> <span class='ocrx_word' id='word_1_354' title='bbox 1863 3434 2002 3484; x_wconf 91' lang='lat' dir='ltr'>dissi-</span> 
     </span>
     <span class='ocr_line' id='line_1_39' title="bbox 101 3517 2002 3588; baseline -0.001 -18"><span class='ocrx_word' id='word_1_355' title='bbox 101 3520 259 3570; x_wconf 89' lang='lat' dir='ltr'>milem</span> <span class='ocrx_word' id='word_1_356' title='bbox 284 3520 488 3587; x_wconf 85' lang='lat' dir='ltr'>aliquam</span> <span class='ocrx_word' id='word_1_357' title='bbox 518 3521 607 3570; x_wconf 89' lang='lat' dir='ltr'>deo</span> <span class='ocrx_word' id='word_1_358' title='bbox 630 3528 812 3588; x_wconf 89' lang='lat' dir='ltr'>partem</span> <span class='ocrx_word' id='word_1_359' title='bbox 841 3519 1086 3584; x_wconf 86' lang='lat' dir='ltr'>affingere,</span> <span class='ocrx_word' id='word_1_360' title='bbox 1129 3517 1365 3568; x_wconf 87' lang='lat' dir='ltr'>maledicti</span> <span class='ocrx_word' id='word_1_361' title='bbox 1390 3518 1437 3568; x_wconf 88' lang='lat' dir='ltr'>iu</span> <span class='ocrx_word' id='word_1_362' title='bbox 1467 3535 1572 3568; x_wconf 91' lang='lat' dir='ltr'>eum</span> <span class='ocrx_word' id='word_1_363' title='bbox 1600 3535 1654 3567; x_wconf 89' lang='lat' dir='ltr'>ac</span> <span class='ocrx_word' id='word_1_364' title='bbox 1685 3519 2002 3570; x_wconf 88' lang='lat' dir='ltr'>contumeliae</span> 
     </span>
     <span class='ocr_line' id='line_1_40' title="bbox 102 3605 580 3671; baseline 0 -17"><span class='ocrx_word' id='word_1_365' title='bbox 102 3605 312 3671; x_wconf 90' lang='lat' dir='ltr'>speciem</span> <span class='ocrx_word' id='word_1_366' title='bbox 351 3605 580 3671; x_wconf 87' lang='lat' dir='ltr'>praefert.</span> 
     </span>
    </p>
   </div>
   <div class='ocr_carea' id='block_1_3' title="bbox 99 3738 1934 3851">
    <p class='ocr_par' dir='ltr' id='par_1_4' title="bbox 99 3738 1934 3851">
     <span class='ocr_line' id='line_1_41' title="bbox 161 3738 1846 3794; baseline 0.001 -12"><span class='ocrx_word' id='word_1_367' title='bbox 161 3742 221 3782; x_wconf 84' lang='lat'>15.</span> <span class='ocrx_word' id='word_1_368' title='bbox 254 3740 379 3785; x_wconf 65' lang='grc' dir='ltr'>αὐτοῦ</span> <span class='ocrx_word' id='word_1_369' title='bbox 413 3745 559 3783; x_wconf 75' lang='lat' dir='ltr'>restitui</span> <span class='ocrx_word' id='word_1_370' title='bbox 586 3756 632 3783; x_wconf 76' lang='lat' dir='ltr'>ex</span> <span class='ocrx_word' id='word_1_371' title='bbox 655 3746 766 3783; x_wconf 85' lang='lat' dir='ltr'>codd.</span> <span class='ocrx_word' id='word_1_372' title='bbox 798 3755 887 3783; x_wconf 85' lang='lat' dir='ltr'>mss.</span> <span class='ocrx_word' id='word_1_373' title='bbox 948 3738 1026 3784; x_wconf 70' lang='lat' dir='ltr'>oni-</span> <span class='ocrx_word' id='word_1_374' title='bbox 1144 3740 1205 3781; x_wconf 81' lang='lat'>16.</span> <span class='ocrx_word' id='word_1_375' title='bbox 1236 3739 1343 3784; x_wconf 79' lang='grc' dir='ltr'><strong><em>κατὰ</em></strong></span> <span class='ocrx_word' id='word_1_376' title='bbox 1371 3738 1446 3794; x_wconf 72' lang='grc' dir='ltr'>τὴν</span> <span class='ocrx_word' id='word_1_377' title='bbox 1474 3744 1621 3782; x_wconf 83' lang='lat' dir='ltr'>volebat</span> <span class='ocrx_word' id='word_1_378' title='bbox 1650 3745 1846 3785; x_wconf 78' lang='lat' dir='ltr'>Petavius.</span> 
     </span>
     <span class='ocr_line' id='line_1_42' title="bbox 99 3795 1934 3851; baseline 0.001 -12"><span class='ocrx_word' id='word_1_379' title='bbox 99 3798 182 3839; x_wconf 73' lang='grc' dir='ltr'>τῶν</span> <span class='ocrx_word' id='word_1_380' title='bbox 211 3800 397 3841; x_wconf 78' lang='lat' dir='ltr'>editorum</span> <span class='ocrx_word' id='word_1_381' title='bbox 426 3803 478 3837; x_wconf 81' lang='lat' dir='ltr'>est</span> <span class='ocrx_word' id='word_1_382' title='bbox 506 3801 653 3838; x_wconf 78' lang='lat' dir='ltr'>vitium.</span> <span class='ocrx_word' id='word_1_383' title='bbox 1145 3801 1176 3838; x_wconf 84' lang='lat'>1.</span> <span class='ocrx_word' id='word_1_384' title='bbox 1197 3795 1243 3839; x_wconf 83' lang='grc' dir='ltr'>τό</span> <span class='ocrx_word' id='word_1_385' title='bbox 1274 3810 1349 3838; x_wconf 84' lang='lat' dir='ltr'>non</span> <span class='ocrx_word' id='word_1_386' title='bbox 1378 3802 1570 3849; x_wconf 74' lang='lat' dir='ltr'>comparet</span> <span class='ocrx_word' id='word_1_387' title='bbox 1598 3801 1638 3839; x_wconf 84' lang='lat' dir='ltr'>in</span> <span class='ocrx_word' id='word_1_388' title='bbox 1667 3803 1934 3851; x_wconf 77' lang='lat' dir='ltr'>superioribus.</span> 
     </span>
    </p>
   </div>
   <div class='ocr_carea' id='block_1_4' title="bbox 2032 511 2185 548">
    <p class='ocr_par' dir='ltr' id='par_1_5' title="bbox 2032 511 2185 548">
     <span class='ocr_line' id='line_1_43' title="bbox 2032 511 2185 548; baseline -0.026 0"><span class='ocrx_word' id='word_1_389' title='bbox 2032 511 2126 548; x_wconf 86' lang='lat' dir='ltr'>Gen.</span> <span class='ocrx_word' id='word_1_390' title='bbox 2152 511 2185 545; x_wconf 79' lang='grc'>9.</span> 
     </span>
    </p>
   </div>
   <div class='ocr_carea' id='block_1_5' title="bbox 2066 2849 2200 2937">
    <p class='ocr_par' dir='ltr' id='par_1_6' title="bbox 2066 2849 2200 2937">
     <span class='ocr_line' id='line_1_44' title="bbox 2066 2849 2191 2884; baseline 0 -1"><span class='ocrx_word' id='word_1_391' title='bbox 2066 2849 2191 2884; x_wconf 76' lang='lat' dir='ltr'>Ionnn.</span> 
     </span>
     <span class='ocr_line' id='line_1_45' title="bbox 2070 2892 2200 2937; baseline -0.015 -10"><span class='ocrx_word' id='word_1_392' title='bbox 2070 2894 2124 2937; x_wconf 77' lang='lat'>16,</span> <span class='ocrx_word' id='word_1_393' title='bbox 2146 2892 2200 2925; x_wconf 83' lang='lat'>28.</span> 
     </span>
    </p>
   </div>
  </div>
 </body>
</html>
