2508 4134
237 3149 319 3186 pag.
343 3139 415 3176 954.

458 286 560 337 260
1168 294 1371 336 SANCTI
1401 295 1686 337 EPIPHANH

458 390 689 460 ὁμολογεῖ
724 387 756 457 ἦ
794 391 850 444 ἐκ
890 395 1017 443 θεοῦ
1047 389 1342 461 ἀνθρώποις
1378 389 1512 461 ὀρθὴ
1547 392 1868 462 κεχαρισμένη
1897 393 2087 458 ἔννοια,
2125 395 2210 447 ἵνα
2236 393 2305 464 μή
2332 394 2390 450 τό

456 473 806 543 ἀνομοιούσιον
846 476 1149 544 έπινοήσασα
1190 479 1307 530 υἱοῦ
1347 476 1475 548 πρός
1514 478 1701 546 πατέρα
1746 479 1981 547 διαίρεσιν
2009 477 2274 548 ποιήσηται
2303 486 2392 550 τῆς

456 560 718 629 ἀμείνονος
744 563 829 615 καὶ
857 562 1172 632 ἀκραιφνοῦς
1196 561 1491 630 τελειότητος
1515 560 1576 628 δι’
1602 556 1664 616 οὗ
1694 559 1797 615 οἶδε
1821 564 2175 633 γεγεννημένου
2199 567 2252 618 ἐν
2277 565 2392 634 ἀλη-

455 649 573 719 θείᾳ
605 644 705 700 ύπὸ
749 652 837 700 τοῦ
866 646 1213 718 γεγεννηκότος
1251 648 1556 719 ἀσυγκρίτως
1581 647 1744 710 πάσας
1781 649 1972 712 ἐννοίας
2007 639 2393 721 ύπερβαίνοντος

455 731 541 786 διά
579 731 635 787 τὸ
674 730 891 801 ἄμεινον.

578 973 779 1044 ’Ἀετίου
804 988 975 1057 κεφάλ.
997 987 1073 1044 ιδ’.
1113 992 1185 1042 Εἰ
1207 988 1275 1058 μὴ
1317 996 1332 1026 ¹
1355 991 1471 1043 εἴκει
1501 987 1537 1057 ἦ
1565 990 1827 1059 ἀγέννητος
1851 990 2003 1058 φύσις
2027 992 2228 1062 γενέσει,
2260 991 2390 1047 τοῦτ’

451 1077 581 1130 ἔστιν
613 1074 643 1130 ὃ
674 1077 883 1146 λέγεται·
925 1076 1045 1129 εἰδὲ
1076 1081 1103 1111 ²
1122 1078 1240 1128 εἴκει
1273 1075 1452 1145 γενέσει
1470 1117 1483 1140 ,
1522 1073 1583 1127 τά
1598 1080 1686 1143 τῆς
1711 1077 1944 1145 γενέσεως
1976 1076 2121 1146 πάθη
2150 1083 2240 1147 τῆς
2267 1075 2390 1133 ὖπο-

451 1159 666 1224 στάσεως
700 1166 790 1215 τοῦ
826 1167 954 1214 θεοῦ
993 1163 1067 1229 εἰή
1110 1159 1347 1229 3ἀμείνω.

584 1246 778 1317 Ἀνατρ.
809 1247 967 1315 Πάθη
993 1245 1120 1308 ὅλως
1141 1248 1194 1300 έν
1215 1250 1322 1319 θεῷ
1345 1249 1630 1316 διηγεῖσθαι
1654 1243 1986 1314 ἀσεβέστατον.
2025 1250 2166 1302 Εἴσω
2183 1247 2274 1320 γάρ
2295 1270 2388 1303 πα-

450 1337 563 1386 θῶν
587 1330 697 1386 οὐδ’
723 1332 850 1395 ὅλως
872 1335 1139 1404 περιέχεται
1164 1331 1219 1385 τὸ
1248 1339 1405 1385 θεῖον.
1436 1329 1699 1384 Ἀνωτάτω
1726 1332 1779 1385 δὲ
1809 1330 1987 1395 4ὅντος
2008 1338 2107 1386 τῶν
2132 1334 2386 1400 τοιούτων,

448 1423 548 1471 τῶν
571 1419 624 1471 ἐν
649 1415 768 1486 ἡμῖν
796 1420 866 1481 εἰς
891 1415 1171 1489 μεριστικάς
1197 1420 1389 1480 ἐννοίας
1411 1413 1814 1484 ὑποπιπτόντων,
1852 1416 1977 1471 κατά
2002 1416 2165 1471 πάντα
2199 1418 2388 1490 τρόπον

449 1500 479 1556 ὅ
508 1501 697 1557 Ἀετίου
721 1503 867 1575 λόγος
912 1502 1322 1575 ἀνατραπήσεται..
1401 1500 1576 1556 Πάντα
1614 1500 1705 1573 γάρ
1740 1501 1802 1556 τά
1848 1505 1899 1557 έν
1934 1501 2054 1572 ἡμῖν
2093 1510 2388 1573 παθητικῶς

447 1592 781 1658 συμβαίνοντα
806 1592 858 1644 έν
882 1596 990 1662 θεῷ
1017 1588 1233 1652 ἀπαθῶς
1260 1589 1563 1657 συνέστηκεν.
1635 1586 1717 1641 Ἐν
1745 1586 1863 1657 ἡμῖν
1887 1588 1980 1660 γάρ
2008 1590 2136 1643 κατά
2162 1612 2209 1643 τι
2239 1591 2388 1662 μέρος

446 1673 501 1728 τὸ
532 1676 694 1728 θέλειν
721 1677 820 1729 ἐστὶ
857 1675 1056 1741 πάθος,
1106 1675 1167 1729 οὔ
1193 1674 1247 1728 τὸ
1277 1677 1439 1728 θέλειν
1468 1673 1687 1742 εὐσεβεῖν
1714 1675 1861 1744 λέγω,
1915 1672 2035 1727 ἀλλά
2062 1673 2118 1729 τό
2146 1676 2322 1729 θέλειν.
2340 1698 2387 1730 τι

446 1758 700 1830 πράττειν,
749 1761 871 1833 ὅπερ
916 1763 1046 1815 ἐστὶν
1086 1758 1212 1833 ὑπὲρ
1256 1758 1438 1828 φύσιν,
1485 1757 1569 1813 διά
1598 1758 1653 1813 τὸ
1686 1758 1754 1828 μή
1791 1759 2042 1814 δύνασθαι
2075 1763 2305 1815 ἐπιτελεῖν
2328 1760 2384 1815 τό

447 1853 679 1914 καθῆκον
707 1854 797 1901 τοῦ
822 1847 1121 1916 θελήματος·
1177 1844 1286 1901 οἷον
1317 1844 1383 1908 ὥς
1414 1846 1494 1899 ἐπὶ
1519 1842 1784 1919 ἀνθρώπῳ
1809 1847 1965 1916 λέγειν
1989 1845 2044 1900 τό
2070 1853 2278 1915 πτῆναι,
2326 1846 2382 1901 τό

446 1935 515 1994 εἰς
543 1929 665 2004 ἀέρα
691 1934 958 2006 φέρεσθαι,
997 1932 1051 1987 τό
1083 1932 1170 1996 τάς
1201 1934 1388 2001 φλέβας
1417 1937 1506 1985 τοῦ
1535 1934 1707 1999 βυθοῦ
1735 1938 2062 2000 κατανοῆσαι,
2111 1931 2167 1986 τό
2203 1933 2384 1986 εἰδέναι

449 2020 751 2087 5πυθμένας
777 2026 882 2090 γῆς,
920 2021 1003 2073 καὶ
1032 2018 1093 2072 τά
1121 2017 1317 2081 τούτοις
1346 2017 1509 2086 ὅμοια.
1571 2016 1729 2070 ’Ὅσον
1752 2018 1807 2070 δέ
1839 2019 1969 2071 ἐστιν
1997 2019 2051 2071 έν
2074 2019 2184 2086 ἐμοὶ
2213 2026 2382 2087 παθη-

443 2109 592 2167 τικῶς
626 2104 966 2174 συνεχόμενον,
1003 2111 1241 2159 τοσοῦτον
1269 2107 1322 2158 έν
1349 2109 1416 2177 τῷ
1441 2109 1549 2176 θεῷ
1573 2102 1792 2164 ἀπαθῶς
1820 2105 1950 2156 ἐστιν
1978 2101 2211 2175 ύπάρχον.
2285 2103 2385 2158 Διά

441 2196 586 2244 τοῦτο
619 2189 779 2245 πάντα
817 2191 910 2245 ὅσα
945 2190 1170 2260 βούλεται
1211 2191 1456 2243 θδύναται
1487 2187 1746 2260 πράττειν,
1801 2194 1888 2256 τῆς
1922 2188 2120 2256 φύσεως
2151 2188 2286 2264 αὐτῷ
2315 2188 2384 2259 μὴ

443 2273 862 2348 ἀντιπραττούσης
890 2276 1018 2347 πρὸς
1047 2275 1101 2330 τό
1129 2275 1384 2344 βούλημα,
1423 2281 1511 2343 τῆς
1538 2275 1591 2327 δὲ
1622 2272 1861 2344 ἡμετέρας
1892 2276 1943 2327 έν
1973 2271 2092 2343 ἡμῖν
2120 2275 2383 2347 ἀντιπρατ-

440 2360 624 2429 τούσης
651 2361 777 2433 πρὸς
804 2361 864 2415 τά
893 2361 1197 2430 βουλήματα,
1235 2360 1327 2415 ὅσα
1354 2359 1479 2431 πρός
1504 2358 1560 2414 τό
1587 2357 1835 2414 ἀδύνατον
1860 2363 2227 2415 έπεκτείνεσθαι
2253 2363 2383 2414 ἔστιν

444 2448 495 2499 ἐν
522 2444 654 2515 ἡμῖν.
732 2449 834 2500 Καὶ
867 2445 973 2501 οὐδ’
1005 2447 1081 2501 ’ὅτι
1111 2449 1313 2514 εἴπομεν
1350 2444 1436 2500 τόν
1468 2443 1592 2499 θεὸν
1622 2442 1853 2517 πράττειν
1890 2445 1920 2499 ὃ
1951 2445 2201 2514 βούλεται,
2253 2445 2377 2500 πάν-

442 2553 539 2594 τως
562 2534 709 2596 λέξειέ
739 2555 813 2595 τις
840 2532 916 2586 ὅτι
945 2531 1145 2604 πράττει
1171 2526 1264 2586 οὗν
1294 2530 1355 2585 τά
1383 2529 1450 2600 μή
1480 2533 1756 2602 πρέποντα,
1810 2532 1869 2585 οὐ
1905 2531 2117 2596 πάντως.
2189 2531 2382 2587 Ἐκεῖνα

442 2615 537 2688 γάρ
575 2617 801 2686 βούλεται
841 2617 873 2671 ἃ
911 2620 995 2671 καὶ
1036 2618 1265 2689 πράττει,
1318 2617 1574 2688 ἀναλόγως
1609 2623 1695 2686 τῆς
1732 2615 1888 2673 αὐτοῦ
1926 2617 2091 2685 ἀξίας,
2139 2616 2252 2673 οὔτε
2290 2624 2382 2673 τοῦ

441 2702 754 2771 βουλήματος
784 2703 1196 2774 ἀντιπράττοντος
1222 2702 1350 2775 πρὸς
1373 2701 1427 2757 τό
1455 2702 1524 2772 μὴ
1551 2702 1827 2768 δύνασθαι,
1866 2702 1980 2758 οὔτε
2010 2709 2099 2758 τοῦ
2129 2703 2381 2759 δύνασθαι

442 2786 704 2843 ἀντιθέτου
734 2787 876 2852 ὄντος
906 2788 1033 2861 πρὸς
1066 2789 1120 2844 τὸ
1153 2790 1451 2858 βούλεσθαι,
1509 2787 1570 2843 ού
1612 2787 1695 2843 διά
1734 2788 1789 2843 τὸ
1830 2788 1897 2858 μὴ
1933 2789 2207 2857 δύνασθαι,
2260 2789 2381 2845 ἀλλά

443 2873 526 2928 διά
563 2873 618 2929 τὸ
658 2873 727 2944 μή
763 2875 1044 2943 βούλεσθαι.

584 3048 686 3100 Καὶ
717 3044 884 3109 ἄλλως.
961 3045 1109 3099 Mero>
1138 3045 1228 3115 τὴν
1258 3046 1493 3114 τοιαύτην
1528 3043 1782 3102 ἀπάθειαν
1819 3049 1871 3100 ἐν
1906 3052 2013 3119 θεῷ
2043 3044 2374 3118 ύπάρχουσαν,

441 3133 494 3185 ἐν
521 3129 639 3200 ἡμῖν
663 3133 716 3186 δὲ
742 3135 825 3186 καὶ
853 3131 1013 3195 ἀλλοις
1039 3136 1265 3201 κτίσμασι
1290 3131 1528 3201 παθητὴν
1554 3127 1732 3198 οὖσαν,
1772 3130 1859 3186 έάν
1890 3135 2054 3206 συμβῇ
2086 3131 2246 3195 οὕτως
2272 3136 2376 3187 δια-

440 3225 698 3285 νοεῖσθαι,
750 3217 895 3272 πάλιν
936 3220 1100 3289 ἕτερον
1132 3218 1300 3280 πάθος
1328 3217 1452 3272 κατά
1480 3217 1568 3286 τὴν
1597 3216 1837 3286 ἀλήθειάν
1873 3219 2002 3271 ἐστιν
2031 3215 2374 3289 ὁμολογητέον,

440 3303 557 3372 μετά
597 3305 650 3358 δὲ
688 3303 742 3358 τό
781 3304 1009 3375 δεύτερον
1052 3306 1135 3357 καὶ
1171 3308 1335 3375 τρίτον
1371 3307 1469 3358 ἔστι
1502 3307 1847 3370 διανοηθῆναι.
1926 3302 2096 3357 Πάθει
2129 3310 2375 3375 γεννῶμεν

439 3391 526 3442 καὶ
550 3388 864 3460 γεννώμεθα,
916 3396 1005 3458 τῆς
1029 3388 1266 3461 ἡμετέρας
1294 3388 1492 3455 φύσεως
1529 3391 1615 3442 καὶ
1638 3395 1725 3456 τῆς
1761 3392 1860 3440 τῶν
1886 3386 2041 3442 ἀλλων
2071 3395 2169 3443 τῶν
2197 3411 2374 3460 γεννω-

440 3476 601 3541 μένων
622 3477 706 3528 καὶ
737 3475 1018 3546 γεννώντων
1044 3475 1197 3545 τομήν
1227 3474 1592 3544 ὑποδεχομένης
1622 3476 1704 3528 καὶ
1734 3472 1877 3544 ῥύσιν
1909 3474 2200 3544 ἐπεχούσης,
2253 3483 2371 3529 πλα-

438 3559 624 3627 τυσμόν
658 3582 709 3614 τε
745 3563 831 3615 καὶ
858 3559 1124 3630 συστολὴν,
1177 3559 1327 3632 ὄγκον
1363 3581 1413 3613 τε
1455 3562 1537 3615 καὶ
1576 3563 1800 3628 μείωσιν,
1852 3561 1937 3612 καὶ
1963 3559 2022 3614 τά
2061 3559 2179 3614 ἅλλα
2209 3560 2372 3615 πάντα

501 3674 535 3715 1.
568 3678 702 3726 Supra
733 3677 844 3734 εῗκῃ.
1490 3673 1530 3718 4.
1563 3678 1673 3717 Libri
1694 3665 1841 3717 'habent
1871 3669 1929 3719 ὅν.
1990 3671 2105 3727 ὄντος
2132 3680 2372 3719 coniecerunt

495 3729 535 3769 2.
568 3733 701 3782 Supra
731 3735 839 3790 εἴκῃ.
1438 3735 1647 3775 Gornarius
1677 3738 1711 3774 et
1740 3735 1937 3775 Petavius.

494 3784 533 3827 3.
565 3783 722 3841 ἀμείνω
756 3792 833 3843 (uti
861 3794 1021 3832 coniecit
1055 3791 1260 3846 Petavius)
1293 3792 1375 3833 cod.
1492 3791 1530 3832 5.
1553 3789 1766 3844 πυθμένας
1792 3792 1904 3831 codd.
1931 3803 2023 3832 mss.
2053 3789 2240 3845 πυθμίας
2264 3792 2367 3833 editi.

440 3844 603 3895 Rhediy.
661 3838 840 3898 ἀμεινων
869 3850 1008 3899 reliqui
1037 3849 1135 3889 libri.
1491 3845 1529 3890 6.
1560 3848 1668 3887 Libri
1695 3849 1811 3899 vulgo
1841 3844 2059 3891 δύνασθαι.
