2508 4134
211 1454 213 1456 Ι
242 1485 423 1530 pag.8'15.

210 1530 323 1587 Κεφ.
344 1528 422 1584 κζ’.

459 288 557 340 122
1165 294 1367 338 smc‘m
1396 286 1680 338 ΕΡΙΡΗΑΝΠ

454 393 744 467 Αὔγουστος
784 394 1054 457 ἐπίσκοπος
1095 389 1396 463 Εὐφράτης,
1455 391 1688 464 [Μάγνος
1728 393 1995 454 ἐπίσκοπος
2037 394 2262 461 Θεμισῶν
2299 399 2394 464 τῆς

458 483 728 551 Φρυγίας,]
785 476 1110 555 Πολυδεύκης
1140 479 1407 541 ἐπίσκοπος
1445 480 1675 548 ἐπαρχίας
1709 478 1938 549 δευτέρας
1972 476 2194 547 Λιβύης,
2248 484 2386 551 Παγ-

451 564 652 637 κράτιος
696 566 966 626 ἐπίσκοπος
997 554 1324 648 Πηλουσίου,
1387 567 1654 627 Φιλίκαδος
1702 565 1973 626 ἐπίσκοπος
2016 561 2388 635 Λυγουστάδων

455 655 677 721 Φρυγίας
717 651 976 720 ἐπαρχίας,
1030 649 1295 733 Σερατέίων
1345 651 1614 713 ἐπίσκοπος
1659 648 1988 720 Ἀντιπύργου
2035 655 2124 719 τῆς
2170 649 2397 719 Λιβύης,

452 734 698 805 Ευσέβιος
726 737 1012 798 ἐπίσκοπος
1012 737 1271 808 Σεβαστης
1293 741 1381 804 τῆς
1406 738 1762 804 Παλαιστίνης,
1797 732 2096 807 Ἡλιόδωρος
2121 737 2391 800 ἐπίσκοπος

451 821 718 890 Σωζουσης
747 828 834 890 τῆς
870 811 1250 886 Πενταπολεως,
1294 826 1600 889 Πτολεμαῖος
1630 823 1897 884 ἐπίσκοπος
1928 822 2165 889 Θμούεως
2190 822 2388 894 Αὖγου·

452 911 704 977 στονίκης,
756 905 993 979 Αύγαρος
1030 908 1300 969 ἐπίσκοπος
1332 906 1509 975 Κύρου
1536 904 1857 977 Ευφρασίας,
1903 904 2170 978 Ἐξερέσιος
2196 909 2390 963 ἐπίσκο-

450 1016 545 1057 πος
592 998 854 1064 Γερασῶν,
901 992 1150 1063 Ἀραβίων
1204 994 1474 1054 ἐπίσκοπος
1522 989 1773 1063 Ἀδράων,
1834 996 2072 1065 Χαρίσιος
2120 996 2391 1057 ἐπίσκοπος

446 1077 683 1145 Ἀζώτου,
739 1076 1046 1141 7Ἐλισσαῖος
1075 1080 1343 1140 ἐπίσκοπος
1371 1078 1927 1146 Διοκλητιανουπόλεως.
2004 1077 2258 1151 Γερμανὸς
2285 1080 2390 1134 ἐπί-

448 1183 635 1228 σκοπος
664 1165 897 1235 Πέτρων,
942 1163 1226 1234 ι*Βαρόχιος
1252 1165 1519 1226 ἐπίσκοπος
1542 1161 1798 1235 Ἀραβίας,
1837 1162 1968 1232 ὁμοῦ
2005 1167 2264 1219 ἐπίσκοποι
2293 1164 2387 1236 μγ’.

487 1265 900 1312 ΠΕΠΔΗΡΩΤΑΙ
929 1264 1061 1310 Em:
1093 1264 1215 1309 ΩΔΕ
1244 1265 1291 1308 Η
1321 1263 1451 1308 ΤΩΝ
1481 1264 1982 1310 ΠΡΟΕΙΡΗΜΕΝΩΝ
2011 1264 2362 1311 Ι-ΙΜΙΔΡΕΙΩΝ

1039 1337 1143 1381 ΚΑΙ
1173 1334 1487 1381 ΑΡΕΙΑΝΩΝ
1516 1336 1808 1379 ΕΚΘΕΣΙΣ.

594 1467 659 1518 Οἱ
679 1471 921 1533 νουνεχεῖς
946 1462 1130 1532 ταύτην
1155 1465 1239 1518 καὶ
1257 1461 1345 1526 τάς
1372 1460 1515 1525 ἄλλας
1542 1462 1819 1525 διελθόντες
1844 1468 1997 1534 γνῶτε
2020 1469 2129 1527 πῶς
2155 1466 2391 1537 ῥᾳδιουρ-

443 1549 535 1621 γόν
563 1552 664 1604 ἐστι
690 1548 745 1604 vd
779 1552 1064 1620 ἐπιχείρημα
1089 1551 1311 1620 θατέρου
1340 1548 1507 1601 αὐτῶν
1535 1555 1626 1602 τοῦ
1649 1547 1983 1617 συστήματος,
2021 1551 2106 1602 καὶ
2135 1549 2285 1603 οὐδὲν
2311 1547 2393 1621 ὄρ-

445 1636 572 1702 θὸν,
627 1634 744 1690 οὐδὲ
780 1634 938 1705 βραχύ
977 1636 1176 1703 μετέχον
1217 1640 1305 1702 τῆς
1343 1633 1468 1687 κατά
1504 1632 1630 1688 θεὸν
1667 1631 1941 1705 ὁμολογίας.
2020 1633 2208 1688 Φάσκει
2238 1632 2332 1706 γάρ
2363 1631 2392 1690 6

443 1724 617 1793 κύριος
643 1723 823 1792 λέγων,
862 1720 929 1774 uO
959 1723 1028 1784 εἰς
1057 1719 1112 1774 τό
1144 1714 1233 1782 οὖς
1261 1718 1536 1788 ἠκούσατε,
1590 1721 1671 1773 ἐπὶ
1712 1726 1812 1773 τῶν
1854 1719 2096 1788 δωμάτων
2135 1720 2391 1791 κηρύξατε,

443 1810 556 1873 καὶ,
593 1805 769 1870 καθώς
791 1805 821 1860 6
847 1806 986 1878 ἅγιος
1017 1804 1294 1868 ἄπόστολός
1327 1823 1476 1873 φησι,
1526 1802 1788 1872 Ἀλήθειαν
1812 1809 2007 1859 λαλείτω
2039 1807 2242 1868 ἕκαστος
2270 1804 2392 1874 μετὰ

441 1899 532 1947 τοῦ
563 1897 771 1961 πλησίον
799 1890 970 1946 αὐτοῦ.
1043 1890 1099 1945 ‘O
1126 1892 1180 1945 δὲ
1207 1891 1474 1962 προφήτης
1502 1888 1590 1958 τὴν
1616 1889 1806 1945 τούτων
1832 1890 2103 1946 κακόνοιαν
2133 1892 2388 1962 διελέγχων

446 1981 671 2045 ἐκφαίνει
707 1979 885 2048 λέγων,
938 1975 1088 2030 Μετὰ
1130 1983 1221 2031 τοῦ
1258 1981 1464 2045 πλησίον
1506 1974 1662 2030 αὐτοῦ
1697 1983 1832 2030 λαλεῖ
1865 1975 2084 2046 εἰρηνικά
2097 2019 2111 2043 ,
2168 1978 2221 2030 ἐν
2251 1978 2304 2031 δὲ
2331 1981 2391 2053 τῇ

443 2067 625 2137 καρδίᾳ
650 2060 804 2117 αὐτοῦ
837 2065 930 2132 ἔχει
955 2062 1046 2131 τὴν
1075 2064 1285 2134 ἔχθραν,
1325 2059 1408 2115 εἶτ’
1437 2055 1528 2116 οὖν
1554 2065 1747 2116 κακίαν.
1830 2062 1974 2117 Οὕτω
2002 2064 2088 2117 καὶ
2117 2056 2254 2117 οὗτοι
2279 2065 2392 2167 περὶ

442 2147 698 2203 Ἀκάκιον·
741 2152 795 2204 ἐκ
822 2156 920 2203 τῶν
943 2150 1055 2218 περὶ
1090 2155 1109 2185 1
1132 2152 1385 2202 Βασίλειον
1411 2148 1472 2201 δὲ
1466 2148 1789 2221 διῃρημένοι,
1817 2149 2105 2217 βουλόμενοι
2133 2153 2277 2202 λῦσαι
2304 2171 2393 2203 τον

443 2235 717 2303 σύνδεσμον
741 2241 829 2303 τῆς
858 2242 884 2273 ²
904 2232 1128 2309 ἀληθοῦς
1156 2231 1443 2303 ὁμολογίας,
1480 2232 1639 2287 νόθον
1665 2255 1773 2286 τινα
1801 2235 1883 2286 καὶ
1915 2231 2157 2288 εὐάλωτον
2184 2236 2239 2292 ἐκ
2266 2255 2390 2288 παν-

443 2321 657 2389 ταχόθεν
694 2309 949 2388 άπολυτην
988 2321 1161 2372 ε’θεντο
1200 2321 1425 2384 ε’κθεσιν,
1474 2320 1543 2381 εἰς
1567 2317 1622 2372 τό
1656 2317 1907 2372 δύνασθαι
1944 2317 2125 2382 αὐτούς
2149 2317 2250 2373 άπό
2278 2341 2391 2373 του-

440 2428 536 2460 των
566 2411 664 2459 τῶν
688 2407 980 2476 εἰρημένων,
1022 2407 1068 2457 εἰ
1091 2405 1178 2472 μὲν
1205 2405 1399 2458 ’θέλοιέν
1429 2426 1564 2467 τινας
1594 2402 1814 2470 άπατᾶν,
1854 2403 2104 2459 δύνασθαι
2133 2403 2391 2477 ὁμολογεῖν

441 2489 497 2544 τό
527 2494 744 2545 δίκαιον·
784 2493 828 2544 εί
850 2491 904 2544 δὲ
941 2495 963 2525 ³
984 2489 1244 2557 θελήσαιεν
1271 2495 1360 2557 τῆς
1388 2490 1576 2543 ἑαυτῶν
1603 2493 1898 2554 κακοδοξίας
1923 2488 2138 2558 ἐκφάναι
2162 2489 2216 2545 τὸ
2247 2494 2391 2560 δηλη-

441 2576 642 2647 τήριον,
695 2578 828 2631 ἔσται
861 2574 1030 2638 αὐτοῖς
1065 2574 1191 2643 αὕτη
1230 2572 1263 2643 ἦ
1293 2577 1491 2637 ἔκθεσις
1529 2577 1985 2646 ἐπαμφοτερίζουσα
2025 2574 2114 2639 τοὶς
2142 2575 2270 2647 πρὸς
2297 2575 2388 2630 δύο

443 2663 652 2730 σχέσεις,
705 2664 790 2716 καὶ
818 2663 1066 2729 δυναμένη
1098 2667 1258 2714 ποιεῖν
1289 2658 1498 2728 ἑκάστης
1523 2660 1692 2714 αὐτῶν
1717 2660 1965 2730 ποιήσεως
1994 2659 2085 2730 τὴν
2111 2659 2389 2733 ὁμολογίαν.

440 2745 557 2800 Ἀλλ’
598 2747 860 2816 ἐπειδήπερ
902 2749 955 2801 ἐν
986 2753 1048 2821 τῇ
1074 2744 1197 2800 κατὰ
1227 2744 1314 2798 τόν
1338 2743 1571 2799 Ἀκάκιον
1598 2745 1751 2821 ταύτῃ
1774 2753 1834 2821 τῇ
1864 2745 1962 2801 άπὸ
1993 2754 2091 2801 τῶν
2114 2744 2274 2801 ὄίλλων
2298 2745 2390 2801 δύο

442 2833 670 2888 συνόδων
706 2836 1010 2906 διαιρεθείσῃ
1053 2830 1275 2903 συνόδῳ,
1314 2864 1382 2872 -—
1420 2832 1611 2898 ἔφημεν
1646 2830 1738 2903 γὰρ
1780 2840 1889 2895 πῶς
1928 2835 1997 2895 εἰς
2030 2835 2140 2901 τρία
2169 2830 2389 2902 τάγματα

442 2916 475 2987 ἡ
513 2926 601 2987 τῆς
628 2917 890 2989 Ἀρειανῶν
932 2919 1146 2989 διῃρέθη
1184 2915 1346 2981 τάξις,
1401 2913 1468 2979 ὥς
1494 2914 1522 2970 6
1550 2918 1638 2985 μὲν
1674 2916 1946 2984 Εὕδόξιος,
1995 2919 2081 2971 καὶ
2114 2916 2389 2990 Γερμανὸς,

444 3011 492 3058 Γ
489 3004 693 3075 εῶργιός
730 3026 781 3058 τε
822 3002 851 3058 6
877 3000 1255 3073 Ἀλεξανδρεύς,
1308 2999 1535 3065 Εὗζώϊός
1575 3024 1624 3056 τε
1658 3002 1980 3072 Ἀντιοχείας,
2035 3004 2103 3064 εἰς
2134 3005 2192 3055 ἓν
2227 3001 2390 3072 τάγμα

443 3090 839 3159 ἀπεσχίσθησαν,
894 3086 1147 3150 Βασίλειός
1185 3108 1236 3140 τε
1271 3089 1355 3140 καὶ
1384 3085 1652 3153 Ἐλεύσιος,
1705 3088 1999 3151 Εὐστάθιος
2026 3089 2111 3141 καὶ
2143 3084 2390 3157 Γεοόργιος

443 3173 472 3229 6
502 3179 828 3240 Λαοδικείας,
867 3173 1144 3235 Σιλουανός
1165 3194 1213 3225 τε
1245 3170 1276 3225 6
1310 3178 1532 3242 Ταρσοῦ,
1572 3173 1895 3237 Μακεδόνιος
1922 3172 1950 3228 6
1982 3179 2388 3227 Κωνσταντινου-

443 3264 671 3329 πολίτης,
723 3262 807 3313 καὶ
844 3258 980 3314 ἄλλοι
1006 3263 1204 3320 πλείους
1243 3256 1475 3320 ὦςαύτως
1501 3261 1570 3320 εἰς
1591 3263 1649 3313 ἓν
1676 3258 1836 3330 τάγμα
1867 3261 2198 3332 διῃρέθησαν,
2247 3258 2390 3317 Ἀκά-

444 3368 552 3409 κιος
576 3347 630 3399 δὲ
655 3345 829 3411 πάλιν,
871 3343 939 3408 ὥς
967 3352 1233 3415 προεῖπον,
1271 3346 1357 3397 καὶ
1386 3346 1413 3380 4
1432 3345 1701 3409 Μελέτιος,
1755 3346 1836 3397 καὶ
1866 3341 2138 3412 Εὐτύχιος,
2193 3347 2279 3399 καὶ
2307 3343 2390 3399 άλ-

499 3518 539 3561 7.
568 3517 748 3567 ἐλισαῖος
778 3520 862 3560 cod.
894 3521 1057 3570 Rhediy.
1497 3516 1538 3558 2.
1580 3513 1770 3570 ἀληθοῦς
1801 3512 1997 3571 (nik-1233),
2042 3530 2131 3558 cum
2165 3531 2309 3560 rasura
2347 3521 2389 3560 in

499 3575 538 3614 8.
572 3589 664 3628 ,,γρ.
697 3574 926 3631 Βοιρίχιος(ς
956 3578 1156 3617 Ρειαυὶιιε.
1208 3577 1383 3616 Fortasse
1441 3575 1516 3626 fine
1542 3577 1749 3625 vocabuli,
1779 3576 1860 3616 cod.
1886 3573 1987 3629 len.)
2015 3576 2123 3615 codd.
2153 3588 2244 3617 mss.
2277 3571 2386 3630 ἀλη-

444 3642 492 3671 ex
519 3633 603 3671 cod.
636 3635 830 3673 Parisino.
1443 3631 1534 3673 ἓιν
1509 3645 1563 3685 ης
1591 3632 1697 3670 editi.

503 3686 596 3727 CAP.
632 3688 774 3727 XXV}
785 3690 814 3727 1.
844 3713 898 3719 --
964 3689 993 3729 1.
1039 3687 1259 3731 Βασίλειον
1298 3701 1383 3729 cor·
1500 3687 1538 3730 3.
1581 3683 1803 3739 ἓελησαιεν
1830 3689 2065 3754 scripturam
2097 3692 2238 3740 recepit
2269 3692 2386 3731 Peta-

442 3746 542 3784 rexit
571 3746 765 3783 Petavius.
823 3747 933 3786 Libri
968 3748 1108 3787 habent
1148 3745 1382 3798 Βασιλέως,
1441 3746 1528 3785 vius
1551 3755 1599 3784 ex
1622 3755 1747 3794 marg.
1773 3746 1850 3784 mei
1871 3746 2106 3795 exemplaris
2128 3748 2218 3787 edit.
2238 3748 2385 3798 prino„

445 3812 568 3841 errore
596 3801 705 3841 haud
734 3802 936 3852 sinyulari.
