2508 4134
180 1577 267 1619 pag.
293 1566 389 1605 1⁰24.

180 2680 292 2737 Κεφ.
316 2677 392 2724 λα’.

420 249 523 301 386
1128 256 1334 299 sANch
1362 258 1649 309 ΕΡΙΡΗΑΝΗ

419 377 547 418 τινες
577 357 812 422 νομίσωσι
851 351 935 407 διά
965 351 1020 406 τὸ
1051 353 1209 424 σάρκα
1240 352 1392 411 αὐτόν
1432 354 1746 423 ἀνειληφέναι
1780 357 1960 408 τελείαν
1994 353 2063 423 μὴ
2097 353 2238 425 4ὅὶρα
2267 357 2356 414 καὶ

418 440 477 494 τά
503 446 591 508 τῆς
620 438 803 511 σαρκὸς
831 437 983 509 ἄλογα
1018 441 1239 509 ἔπραξεν.
1320 440 1502 503 Οὐδεὶς
1529 439 1621 511 γάρ
1658 446 1756 493 τῶν
1783 437 1996 508 εὐσεβῶς
2022 439 2357 496 πιστευόντων

417 528 485 589 εἰς
510 524 664 579 αὐτόν
701 531 847 579 τοῦτο
889 532 1018 590 νοεῖ,
1070 524 1105 593 ἢ
1130 527 1267 597 λέγει.
1342 529 1413 578 Εἰ
1437 527 1490 579 δὲ
1517 526 1684 588 οὐδεὶς
1712 533 1820 579 νοεῖ
1851 528 1964 596 περὶ
2000 523 2155 580 αὐτοῦ
2183 524 2244 579 τοὶ
2269 532 2357 594 τῆς

416 610 601 682 σαρκὸς
626 609 778 682 ι’ίλογα
807 612 1128 681 πεπραχέναι,
1177 611 1289 666 οὔτε
1317 610 1377 665 τά
1403 618 1492 666 τοῦ
1524 617 1617 664 νοῦ
1655 609 1808 682 ἄλογα
1842 610 1997 666 αὐτόν
2036 613 2357 680 πεποιηκέναι

418 696 652 766 νοήσειεν.
728 698 831 749 Καὶ
867 696 945 750 ὅτι
981 697 1068 764 μὲν
1094 701 1284 760 τελείως
1326 695 1709 767 ἐνηνθραὶπησεν
1745 694 1908 750 ἐλθών
1935 694 1967 750 6
1992 696 2160 769 λόγος,
2209 703 2354 752 τοῦτο

419 788 584 852 δῆλον.
660 784 762 836 Καὶ
793 779 882 836 ἐάν
913 785 1125 851 εἴπωμεν
1161 787 1386 847 Τελείως,
1426 782 1487 836 οὗ
1519 781 1611 836 δύο
1649 780 1898 853 Χριστοῦς
1924 784 2119 851 ἔχομεν,
2168 782 2230 837 οὗ
2263 778 2354 837 δύο

419 869 648 939 βασιλέας
691 867 834 931 υἷοῦς
870 875 1021 936 θεοῦ,
1073 867 1193 922 ἀλλὰ
1230 868 1317 923 τόν
1352 866 1508 922 αὐτόν
1548 866 1699 932 θεὸν,
1751 866 1836 921 τὸν
1879 865 2029 922 αῦτὸν
2066 867 2354 939 ἄνθρωπον,

418 956 509 1024 οὐχ
537 952 611 1029 ὥς
640 957 694 1008 ἐν
723 952 983 1028 ἀνθρώπῳ
1013 960 1036 991 ⁵
1054 948 1352 1022 οἰκήσαντα,
1404 951 1501 1006 ἄλλ’
1543 951 1694 1006 αὐτόν
1736 951 1850 1006 ὅλον
1881 953 2353 1025 ἐνανθρωπήσαντα,

420 1042 514 1096 οὐκ
545 1028 820 1112 ἄνθρωπον
852 1038 997 1105 ὄντα,
1036 1040 1248 1094 ἐλθόντα
1277 1042 1346 1102 εἰς
1373 1037 1640 1109 προκοπὴν
1664 1037 1926 1107 θεότητος,
1978 1037 2097 1094 άλλᾶ
2122 1036 2355 1113 θεὸνᾈᾶπ’

418 1127 649 1198 οὐρανῶν
675 1125 913 1192 ἐλθόντα,
963 1127 1048 1179 καὶ
1077 1129 1146 1188 εἰς
1180 1125 1358 1179 ἑαυτὸν
1395 1122 1806 1192 άναπλασάμενον
1830 1123 1920 1192 τὴν
1947 1127 2077 1178 ἰδίαν
2101 1124 2354 1195 ἐνανθρώ-

415 1231 566 1282 πησιν
605 1210 732 1266 κατά
774 1209 865 1280 τήν
906 1209 1061 1265 αὐτοῦ
1093 1210 1312 1280 δυνατὴν
1357 1209 1586 1281 θεότητα.
1658 1207 1746 1271 Ὡς
1787 1211 1911 1279 λέγει
1950 1209 2029 1264 ὅτι
2077 1207 2179 1263 ⁶⁶0
2210 1209 2355 1282 λόγος

417 1297 538 1370 σάρξ
566 1299 769 1369 ἐγένετο.
852 1296 917 1351 T6
948 1298 1029 1362 δὲ,
1084 1296 1254 1367 Λόγος
1281 1295 1402 1367 σάρξ
1433 1297 1644 1366 ἐγένετο,
1694 1297 1779 1348 ’ἵνα
1818 1294 1886 1363 μή
1927 1317 2054 1358 τινες
2091 1299 2356 1364 νομίσωσιν

414 1383 493 1440 ὅτι
521 1390 717 1455 πρῶτος
744 1380 1017 1453 ἅνθρωπος
1045 1376 1122 1451 ἧν,
1162 1384 1246 1436 καὶ
1271 1376 1396 1450 ἦλθε
1432 1380 1645 1453 Χριστός
1669 1383 1738 1443 εἰς
1761 1378 2061 1449 ἄνθρωπον,
2101 1379 2184 1434 διὰ
2207 1387 2354 1435 τοῦτο

413 1469 563 1541 λόγον
593 1476 791 1539 πρῶτον
820 1471 955 1533 ἔταξε
981 1467 1036 1522 τὸ
1065 1476 1208 1522 θεῖον
1232 1467 1542 1539 εὐαγγέλιον,
1582 1464 1684 1520 εἶτα
1718 1465 1809 1535 την
1836 1465 1996 1537 σάρκα
2026 1465 2352 1538 οὗμολόγησεν,

414 1554 517 1621 ὅτι,
569 1553 624 1608 Ὅ
651 1555 798 1626 λόγος
832 1553 952 1625 σάρξ
982 1556 1184 1626 ἐγένετο.
1266 1550 1340 1606 Οὐ
1376 1551 1469 1624 γάρ
1510 1550 1671 1618 εἶπεν,
1722 1550 1784 1605 Ἡ
1813 1551 1933 1624 σάρξ
1971 1552 2116 1623 λόγος
2149 1554 2352 1624 ἐγένετο,

412 1645 497 1696 ’ἵνα
525 1645 657 1715 δείξῃ
688 1646 885 1710 πρῶτον
909 1640 1056 1711 λόγον
1083 1638 1166 1694 ἄπ’
1205 1637 1432 1710 οὐρανῶν
1466 1637 1704 1704 ἐλθόντα,
1756 1641 1825 1702 εἰς
1851 1637 2027 1698 ἓαυτὸν
2058 1639 2110 1692 δὲ
2138 1635 2353 1706 ὖποστή·

413 1745 565 1782 σαντα
593 1725 682 1795 τὴν
707 1730 867 1798 σάρκα
895 1724 994 1780 άπὸ
1024 1732 1113 1794 τῆς
1138 1725 1326 1796 μήτρας
1352 1731 1441 1792 τῆς
1466 1722 1608 1795 άγίας
1631 1727 1922 1796 παρθένου,
1959 1726 2044 1778 καὶ
2072 1730 2236 1778 πᾶσαν
2264 1722 2354 1792 την

414 1812 795 1885 ἐνανθρώπησιν
825 1816 1014 1875 τελείως
1055 1815 1123 1874 εἰς
1156 1811 1332 1865 ἓαυτὸν
1373 1810 1798 1878 ἄναπλασάμενον.
1877 1809 1987 1865 Κᾶν
2014 1832 2063 1864 τε
2089 1807 2183 1881 γάρ
2217 1812 2352 1885 εἴπῃ,

408 1897 464 1953 ‘O
488 1899 632 1970 λόγος
666 1897 785 1970 σάρξ
815 1900 1028 1969 ἐγένετο,
1082 1898 1172 1966 οὐχ
1211 1897 1286 1951 ὅτι
1312 1896 1498 1966 ἐτράπη
1530 1893 1559 1950 6
1589 1897 1736 1967 λόγος
1768 1899 1837 1960 εἰς
1862 1896 2047 1967 σάρκα,
2102 1897 2188 1950 καὶ
2216 1897 2352 1966 γέγο-

411 2007 492 2040 νεν
527 1982 555 2040 6
581 1984 728 2055 λόγος
751 1983 897 2055 σάρξ,
936 1982 971 2052 ἢ
998 1982 1033 2052 ἦ
1057 1982 1240 2051 θεότης
1266 1981 1543 2051 μετεβλήθη
1568 1985 1637 2045 εἰς
1663 1982 1839 2053 σάρκα,
1878 1979 1998 2037 άλλά
2027 1981 2117 2035 σῦν
2141 1987 2202 2055 τῇ
2232 1978 2350 2036 θεό-

412 2094 520 2141 τητι
555 2072 698 2139 ἔλαβε
734 2069 826 2139 τὴν
866 2073 999 2123 ἰδίαν
1038 2068 1192 2123 αὐτοῦ
1232 2068 1612 2139 ἐνανθρώπησιν
1651 2067 1812 2122 ἐλθών
1848 2065 1877 2122 6
1916 2066 2036 2149 θεὸς
2074 2066 2233 2138 λόγος.

557 2669 659 2720 Καὶ
700 2668 1001 2735 προέκοπτε,
1058 2668 1209 2735 φησὶ,
1268 2669 1319 2721 ἐν
1357 2664 1519 2740 ἡλικίᾳ
1556 2663 1766 2734 Ἰησοῦς,
1819 2668 1905 2719 καὶ
1942 2670 2110 2740 σοφίᾳ.
2194 2665 2250 2720 ‘0
2292 2667 2345 2721 δὲ

407 2759 529 2808 νοῦν
563 2751 631 2821 μὴ
659 2754 780 2820 ε’χων
812 2751 1140 2822 ἇνθρωπινον
1169 2760 1277 2815 πῶς
1321 2754 1618 2822 προέκοπτε,·
1669 2750 1848 2814 καθως
1883 2750 1981 2820 ’ἤδη
2020 2775 2102 2820 μοι
2142 2755 2341 2822 εἰ’.ρηται

405 2837 492 2902 Ὡς
516 2862 601 2892 και
630 2843 869 2908 μαρτυρεῖ
894 2837 1051 2912 τούτῳ
1079 2845 1147 2912 τῷ
1174 2838 1301 2911 λόγῳ
1332 2836 1360 2892 6
1390 2838 1530 2908 άγιος
1563 2844 1652 2891 τοῦ
1683 2843 1810 2890 θεοῦ
1852 2837 2112 2907 προφήτης
2142 2834 2344 2900 Ἡσαΐας

409 2923 602 2993 φήσας,
637 2921 793 2990 Ἰδου,
831 2925 1030 2992 συνησει
1057 2923 1086 2978 6
1114 2933 1231 2987 παῖς
1255 2946 1353 2992 μου
1381 2922 1410 2977 6
1433 2921 1700 2994 άγαπητὸς,
1738 2920 1815 2990 ἐφ’
1839 2924 1878 2996 ᾧ
1905 2921 2165 2990 εὐδόκησα.
2241 2924 2343 2976 Καὶ

407 3008 532 3083 ὁρᾷς
563 3009 638 3063 ὅτι
677 3008 731 3063 τό
764 3009 980 3076 Συνήσει
1009 3012 1090 3063 ἐπὶ
1120 3015 1301 3063 τελείαν
1343 3008 1725 3079 ἐνανθροόπησιν
1769 3009 1990 3078 φέρεται,·
2043 3006 2103 3061 οὗ
2136 3007 2342 3062 δύναται

405 3094 498 3166 γάρ
527 3116 601 3157 τις
633 3096 853 3148 συνιέναι
879 3101 998 3148 νοῦν
1028 3095 1095 3164 μὴ
1123 3098 1269 3164 ἔχων,
1308 3095 1422 3150 οὔτε
1451 3097 1531 3149 ἐπὶ
1557 3101 1616 3168 τῇ
1647 3093 1848 3161 θεότητι
1878 3099 2020 3146 τοῦτο
2052 3099 2338 3164 πληροῦται,

405 3178 511 3233 Οὔκ
545 3179 741 3247 ἐπιδεὴς
782 3179 874 3251 γάρ
912 3183 1152 3244 συνέσεως
1197 3179 1231 3250 ἦ
1264 3176 1389 3235 οὖσα
1429 3179 1769 3245 αὐτοσύνεσις,
1823 3178 1943 3232 οὐδὲ
1987 3180 2225 3232 ἐπιδέεται
2257 3196 2339 3233 σο-

407 3269 527 3331 φίας
557 3263 591 3334 ἦ
620 3259 747 3319 οὖσα
769 3264 1070 3331 αὕτοσοφία·
1110 3265 1228 3319 άλλοὶ
1253 3265 1306 3320 τό
1340 3266 1556 3334 Συνήσει
1586 3267 1666 3319 ἐπὶ
1693 3270 1760 3337 τῷ
1792 3270 1862 3336 νῷ
1890 3261 2193 3337 ἀνθρωπίνῳ
2219 3270 2338 3332 λαμ-

406 3350 621 3419 βάνεται.
699 3351 877 3405 Πόθεν
910 3353 962 3405 δὲ
987 3354 1174 3417 ἐπείνα,·
1222 3354 1348 3423 λέγει
1385 3374 1484 3420 μοι.
1559 3353 1629 3403 Εἰ
1653 3350 1740 3418 μὲν
1777 3347 1870 3419 γάρ
1908 3348 2029 3418 σάρξ
2066 3348 2220 3417 μόνον
2255 3344 2336 3418 ἦν,

406 3441 513 3498 πῶς
554 3434 768 3504 ἠδύνατο
810 3444 1092 3506 μνησθῆναι
1135 3441 1326 3505 πείνης;
1381 3439 1464 3490 καὶ
1509 3439 1553 3489 εἰ
1582 3439 1635 3490 ἐκ
1668 3441 1858 3504 ψυχῆς,
1910 3436 1994 3487 καὶ
2023 3433 2248 3502 σώματος
2275 3427 2338 3503 ἦν

407 3521 590 3590 μόνης,
628 3527 793 3589 ψυχῆς
818 3521 885 3590 μὴ
914 3523 1116 3591 ἐχούσης
1140 3521 1194 3576 vd
1224 3521 1422 3593 λογικόν
1449 3528 1538 3575 τοῦ
1561 3527 1678 3585 νοῦ,
1716 3519 1802 3572 τὸν
1826 3518 2058 3589 λογισμόν
2084 3519 2170 3588 της
2199 3522 2335 3573 ἐναν-

462 3634 501 3678 4.
535 3632 617 3692 ἄρα
642 3640 727 3679 cod.
757 3640 921 3691 Rhediy.
981 3630 1064 3694 ἆρα
1092 3641 1175 3681 cod.
1205 3641 1281 3681 len.
1312 3644 1347 3680 et
1404 3652 1521 3681 σαντι
1548 3639 1732 3677 librorum
1762 3640 1815 3676 est
1842 3637 2049 3686 scriptura.

406 3695 510 3734 editi.
1455 3693 1495 3737 6.
1526 3695 1720 3735 Articulus
1747 3707 1769 3736 ο
1799 3695 1904 3735 abest
1927 3694 1977 3733 ab
2003 3694 2063 3734 ed.
2093 3695 2230 3734 Petav.
2260 3694 2333 3735 Go-

463 3751 502 3789 5.
534 3748 764 3802 οἰκησαντα
786 3754 1004 3792 emendavzt
1021 3755 1219 3804 Petamus,
1252 3755 1344 3793 Cor·
1402 3754 1476 3793 lon.
1506 3754 1619 3801 repet.

404 3808 511 3847 narii
546 3811 758 3847 versionem
784 3810 972 3850 Latinam
1008 3815 1170 3850 secutus.
1228 3802 1343 3863 οἰκη-
