<?xml version="1.0" encoding="UTF-8"?>
<!DOCTYPE html PUBLIC "-//W3C//DTD XHTML 1.0 Transitional//EN"
    "http://www.w3.org/TR/xhtml1/DTD/xhtml1-transitional.dtd">
<html xmlns="http://www.w3.org/1999/xhtml" xml:lang="en" lang="en">
 <head>
  <title>
</title>
<meta http-equiv="Content-Type" content="text/html;charset=utf-8" />
  <meta name='ocr-system' content='tesseract 3.04.00' />
  <meta name='ocr-capabilities' content='ocr_page ocr_carea ocr_par ocr_line ocrx_word'/>
</head>
<body>
  <div class='ocr_page' id='page_1' title='image "./pt3corporishaere02epipuoft_0347.png"; bbox 0 0 2508 4134; ppageno 0'>
   <div class='ocr_carea' id='block_1_1' title="bbox 537 248 2044 303">
    <p class='ocr_par' dir='ltr' id='par_1_1' title="bbox 537 248 2044 303">
     <span class='ocr_line' id='line_1_1' title="bbox 537 248 2044 303; baseline -0.003 0"><span class='ocrx_word' id='word_1_1' title='bbox 537 262 761 303; x_wconf 75' lang='lat' dir='ltr'><strong>PANARn</strong></span> <span class='ocrx_word' id='word_1_2' title='bbox 788 261 892 302; x_wconf 78' lang='lat' dir='ltr'><strong>me.</strong></span> <span class='ocrx_word' id='word_1_3' title='bbox 915 260 987 301; x_wconf 84' lang='lat'><strong>111.</strong></span> <span class='ocrx_word' id='word_1_4' title='bbox 1019 262 1152 303; x_wconf 86' lang='lat' dir='ltr'><strong>ToM.</strong></span> <span class='ocrx_word' id='word_1_5' title='bbox 1177 263 1225 302; x_wconf 85' lang='lat'><strong>11.</strong></span> <span class='ocrx_word' id='word_1_6' title='bbox 1254 261 1420 301; x_wconf 80' lang='lat' dir='ltr'><strong>HAER.</strong></span> <span class='ocrx_word' id='word_1_7' title='bbox 1439 261 1654 302; x_wconf 84' lang='lat' dir='ltr'><strong>Lxxvn.</strong></span> <span class='ocrx_word' id='word_1_8' title='bbox 1943 248 2044 299; x_wconf 85' lang='lat'><strong>337</strong></span> 
     </span>
    </p>
   </div>
   <div class='ocr_carea' id='block_1_2' title="bbox 143 356 2302 3363">
    <p class='ocr_par' dir='ltr' id='par_1_2' title="bbox 143 356 2045 423">
     <span class='ocr_line' id='line_1_2' title="bbox 143 356 2045 423; baseline -0.004 -10"><span class='ocrx_word' id='word_1_9' title='bbox 143 360 414 423; x_wconf 78' lang='lat' dir='ltr'><strong>attulerint,</strong></span> <span class='ocrx_word' id='word_1_10' title='bbox 470 359 562 409; x_wconf 91' lang='lat' dir='ltr'><strong>nisi</strong></span> <span class='ocrx_word' id='word_1_11' title='bbox 598 367 651 409; x_wconf 92' lang='lat' dir='ltr'><strong>ut</strong></span> <span class='ocrx_word' id='word_1_12' title='bbox 692 358 919 409; x_wconf 90' lang='lat' dir='ltr'><strong>tumultus</strong></span> <span class='ocrx_word' id='word_1_13' title='bbox 945 376 1001 409; x_wconf 89' lang='lat' dir='ltr'><strong>ac</strong></span> <span class='ocrx_word' id='word_1_14' title='bbox 1032 359 1301 409; x_wconf 76' lang='lat' dir='ltr'><strong>simultates</strong></span> <span class='ocrx_word' id='word_1_15' title='bbox 1332 367 1379 409; x_wconf 91' lang='lat' dir='ltr'><strong>et</strong></span> <span class='ocrx_word' id='word_1_16' title='bbox 1406 359 1599 410; x_wconf 92' lang='lat' dir='ltr'><strong>dolores</strong></span> <span class='ocrx_word' id='word_1_17' title='bbox 1630 360 1757 409; x_wconf 91' lang='lat' dir='ltr'><strong>inter</strong></span> <span class='ocrx_word' id='word_1_18' title='bbox 1790 374 1879 408; x_wconf 93' lang='lat' dir='ltr'><strong>nos</strong></span> <span class='ocrx_word' id='word_1_19' title='bbox 1910 356 2045 407; x_wconf 85' lang='lat' dir='ltr'><strong>exci-</strong></span> 
     </span>
    </p>

    <p class='ocr_par' dir='ltr' id='par_1_3' title="bbox 145 441 2042 514">
     <span class='ocr_line' id='line_1_3' title="bbox 145 441 2042 514; baseline -0.002 -18"><span class='ocrx_word' id='word_1_20' title='bbox 145 446 318 514; x_wconf 24' lang='lat' dir='ltr'><strong>tari-nt,</strong></span> <span class='ocrx_word' id='word_1_21' title='bbox 373 452 660 510; x_wconf 89' lang='lat' dir='ltr'><strong>mutuaeque</strong></span> <span class='ocrx_word' id='word_1_22' title='bbox 706 441 994 493; x_wconf 82' lang='lat' dir='ltr'><strong>concordiae</strong></span> <span class='ocrx_word' id='word_1_23' title='bbox 1040 442 1352 509; x_wconf 88' lang='lat' dir='ltr'><strong>caritatisque</strong></span> <span class='ocrx_word' id='word_1_24' title='bbox 1393 443 1682 494; x_wconf 85' lang='lat' dir='ltr'><strong>suavitatem</strong></span> <span class='ocrx_word' id='word_1_25' title='bbox 1723 441 2042 494; x_wconf 81' lang='lat' dir='ltr'><strong>extorserint.</strong></span> 
     </span>
    </p>

    <p class='ocr_par' dir='ltr' id='par_1_4' title="bbox 145 526 2043 598">
     <span class='ocr_line' id='line_1_4' title="bbox 145 526 2043 598; baseline -0.002 -19"><span class='ocrx_word' id='word_1_26' title='bbox 145 528 333 598; x_wconf 80' lang='lat' dir='ltr'><strong>Quippe</strong></span> <span class='ocrx_word' id='word_1_27' title='bbox 378 527 646 580; x_wconf 88' lang='lat' dir='ltr'><strong>divinarum</strong></span> <span class='ocrx_word' id='word_1_28' title='bbox 683 526 1027 594; x_wconf 86' lang='lat' dir='ltr'><strong>scripturarum</strong></span> <span class='ocrx_word' id='word_1_29' title='bbox 1070 527 1452 576; x_wconf 84' lang='lat' dir='ltr'><strong>consentientem</strong></span> <span class='ocrx_word' id='word_1_30' title='bbox 1496 544 1551 577; x_wconf 90' lang='lat' dir='ltr'><strong>ac</strong></span> <span class='ocrx_word' id='word_1_31' title='bbox 1591 535 1773 576; x_wconf 90' lang='lat' dir='ltr'><strong>rectum</strong></span> <span class='ocrx_word' id='word_1_32' title='bbox 1805 526 2043 589; x_wconf 78' lang='lat' dir='ltr'><strong>ordinem,</strong></span> 
     </span>
    </p>

    <p class='ocr_par' dir='ltr' id='par_1_5' title="bbox 144 609 2048 681">
     <span class='ocr_line' id='line_1_5' title="bbox 144 609 2048 681; baseline -0.002 -17"><span class='ocrx_word' id='word_1_33' title='bbox 144 623 192 664; x_wconf 90' lang='lat' dir='ltr'><strong>et</strong></span> <span class='ocrx_word' id='word_1_34' title='bbox 218 612 524 664; x_wconf 83' lang='lat' dir='ltr'><strong>innocentiae</strong></span> <span class='ocrx_word' id='word_1_35' title='bbox 552 611 933 681; x_wconf 82' lang='lat' dir='ltr'><strong>professionem,</strong></span> <span class='ocrx_word' id='word_1_36' title='bbox 986 627 1043 660; x_wconf 93' lang='lat' dir='ltr'><strong>ac</strong></span> <span class='ocrx_word' id='word_1_37' title='bbox 1075 609 1432 678; x_wconf 90' lang='lat' dir='ltr'><strong>propheticam,</strong></span> <span class='ocrx_word' id='word_1_38' title='bbox 1490 610 1820 678; x_wconf 87' lang='lat' dir='ltr'><strong>evangelicam</strong></span> <span class='ocrx_word' id='word_1_39' title='bbox 1856 619 1901 661; x_wconf 89' lang='lat' dir='ltr'><strong>et</strong></span> <span class='ocrx_word' id='word_1_40' title='bbox 1933 628 2048 679; x_wconf 88' lang='lat' dir='ltr'><strong>apo-</strong></span> 
     </span>
    </p>

    <p class='ocr_par' dir='ltr' id='par_1_6' title="bbox 143 694 2050 848">
     <span class='ocr_line' id='line_1_6' title="bbox 143 694 2049 764; baseline -0.002 -16"><span class='ocrx_word' id='word_1_41' title='bbox 143 698 358 749; x_wconf 86' lang='lat' dir='ltr'><strong>stolicam</strong></span> <span class='ocrx_word' id='word_1_42' title='bbox 389 697 526 747; x_wconf 86' lang='lat' dir='ltr'><strong>fidem</strong></span> <span class='ocrx_word' id='word_1_43' title='bbox 554 695 856 764; x_wconf 84' lang='lat' dir='ltr'><strong>negligentes</strong></span> <span class='ocrx_word' id='word_1_44' title='bbox 889 694 1176 763; x_wconf 88' lang='lat' dir='ltr'><strong>sophisticas</strong></span> <span class='ocrx_word' id='word_1_45' title='bbox 1223 694 1361 744; x_wconf 89' lang='lat' dir='ltr'><strong>nobis</strong></span> <span class='ocrx_word' id='word_1_46' title='bbox 1410 695 1625 762; x_wconf 83' lang='lat' dir='ltr'><strong>argutias</strong></span> <span class='ocrx_word' id='word_1_47' title='bbox 1657 712 1712 745; x_wconf 87' lang='lat' dir='ltr'><strong>ac</strong></span> <span class='ocrx_word' id='word_1_48' title='bbox 1745 695 1930 746; x_wconf 88' lang='lat' dir='ltr'><strong>fabulas</strong></span> <span class='ocrx_word' id='word_1_49' title='bbox 1965 695 2049 745; x_wconf 94' lang='lat' dir='ltr'><strong>ob-</strong></span> 
     </span>
     <span class='ocr_line' id='line_1_7' title="bbox 143 778 2050 848; baseline -0.002 -16"><span class='ocrx_word' id='word_1_50' title='bbox 143 789 419 844; x_wconf 87' lang='lat' dir='ltr'><strong>truserunt,</strong></span> <span class='ocrx_word' id='word_1_51' title='bbox 470 779 640 848; x_wconf 91' lang='lat' dir='ltr'><strong>quibus</strong></span> <span class='ocrx_word' id='word_1_52' title='bbox 676 779 885 830; x_wconf 83' lang='lat' dir='ltr'><strong>infinitas</strong></span> <span class='ocrx_word' id='word_1_53' title='bbox 927 778 1066 829; x_wconf 88' lang='lat' dir='ltr'><strong>nobis</strong></span> <span class='ocrx_word' id='word_1_54' title='bbox 1113 778 1413 829; x_wconf 84' lang='lat' dir='ltr'><strong>calamitates</strong></span> <span class='ocrx_word' id='word_1_55' title='bbox 1461 779 1754 841; x_wconf 89' lang='lat' dir='ltr'><strong>attulerunt,</strong></span> <span class='ocrx_word' id='word_1_56' title='bbox 1813 788 1956 846; x_wconf 91' lang='lat' dir='ltr'><strong>atque</strong></span> <span class='ocrx_word' id='word_1_57' title='bbox 2000 779 2050 829; x_wconf 90' lang='lat' dir='ltr'><strong>in</strong></span> 
     </span>
    </p>

    <p class='ocr_par' dir='ltr' id='par_1_7' title="bbox 143 863 2302 1015">
     <span class='ocr_line' id='line_1_8' title="bbox 143 863 2302 934; baseline -0.003 -17"><span class='ocrx_word' id='word_1_58' title='bbox 143 865 315 934; x_wconf 90' lang='lat' dir='ltr'><strong>seipsis</strong></span> <span class='ocrx_word' id='word_1_59' title='bbox 345 864 549 933; x_wconf 90' lang='lat' dir='ltr'><strong>apostoli</strong></span> <span class='ocrx_word' id='word_1_60' title='bbox 576 864 750 915; x_wconf 89' lang='lat' dir='ltr'><strong>dictum</strong></span> <span class='ocrx_word' id='word_1_61' title='bbox 780 863 891 914; x_wconf 88' lang='lat' dir='ltr'><strong>illud</strong></span> <span class='ocrx_word' id='word_1_62' title='bbox 918 863 1264 932; x_wconf 76' lang='lat' dir='ltr'><strong>impleveruntz</strong></span> <span class='ocrx_word' id='word_1_63' title='bbox 1306 864 1540 928; x_wconf 64' lang='lat' dir='ltr'><strong>Deficzent</strong></span> <span class='ocrx_word' id='word_1_64' title='bbox 1562 867 1745 928; x_wconf 77' lang='lat' dir='ltr'><strong>quidam</strong></span> <span class='ocrx_word' id='word_1_65' title='bbox 1772 881 1800 912; x_wconf 85' lang='lat' dir='ltr'><strong>a</strong></span> <span class='ocrx_word' id='word_1_66' title='bbox 1825 881 1940 912; x_wconf 82' lang='lat' dir='ltr'><strong>sana</strong></span> <span class='ocrx_word' id='word_1_67' title='bbox 1968 866 2048 912; x_wconf 90' lang='lat' dir='ltr'><strong>do·</strong></span> <span class='ocrx_word' id='word_1_68' title='bbox 2071 876 2102 911; x_wconf 83' lang='lat'><strong>2.</strong></span> <span class='ocrx_word' id='word_1_69' title='bbox 2114 874 2211 910; x_wconf 80' lang='lat' dir='ltr'><strong>Tim.</strong></span> <span class='ocrx_word' id='word_1_70' title='bbox 2226 875 2302 920; x_wconf 72' lang='lat'><strong>4‚3.</strong></span> 
     </span>
     <span class='ocr_line' id='line_1_9' title="bbox 143 949 1385 1015; baseline -0.003 -15"><span class='ocrx_word' id='word_1_71' title='bbox 143 954 322 1009; x_wconf 81' lang='lat' dir='ltr'><strong>ctrina,</strong></span> <span class='ocrx_word' id='word_1_72' title='bbox 363 953 650 999; x_wconf 83' lang='lat' dir='ltr'><strong>attendentes</strong></span> <span class='ocrx_word' id='word_1_73' title='bbox 680 949 860 1015; x_wconf 77' lang='lat' dir='ltr'><strong>sabulis</strong></span> <span class='ocrx_word' id='word_1_74' title='bbox 894 957 944 997; x_wconf 82' lang='lat' dir='ltr'><strong>et</strong></span> <span class='ocrx_word' id='word_1_75' title='bbox 976 949 1191 996; x_wconf 74' lang='lat' dir='ltr'><strong>inanibus</strong></span> <span class='ocrx_word' id='word_1_76' title='bbox 1227 951 1385 1012; x_wconf 79' lang='lat' dir='ltr'><strong>nugis.</strong></span> 
     </span>
    </p>

    <p class='ocr_par' dir='ltr' id='par_1_8' title="bbox 145 1030 2255 3363">
     <span class='ocr_line' id='line_1_10' title="bbox 284 1030 2255 1101; baseline -0.002 -17"><span class='ocrx_word' id='word_1_77' title='bbox 284 1032 528 1101; x_wconf 86' lang='lat' dir='ltr'><strong>Egregius</strong></span> <span class='ocrx_word' id='word_1_78' title='bbox 559 1033 639 1084; x_wconf 91' lang='lat' dir='ltr'><strong>ille</strong></span> <span class='ocrx_word' id='word_1_79' title='bbox 674 1051 730 1083; x_wconf 92' lang='lat' dir='ltr'><strong>ac</strong></span> <span class='ocrx_word' id='word_1_80' title='bbox 764 1031 1056 1084; x_wconf 88' lang='lat' dir='ltr'><strong>venerabilis</strong></span> <span class='ocrx_word' id='word_1_81' title='bbox 1088 1049 1274 1094; x_wconf 84' lang='lat' dir='ltr'><strong>senex,</strong></span> <span class='ocrx_word' id='word_1_82' title='bbox 1334 1048 1472 1099; x_wconf 88' lang='lat' dir='ltr'><strong>quem</strong></span> <span class='ocrx_word' id='word_1_83' title='bbox 1517 1048 1605 1082; x_wconf 91' lang='lat' dir='ltr'><strong>nos</strong></span> <span class='ocrx_word' id='word_1_84' title='bbox 1651 1040 1698 1082; x_wconf 91' lang='lat' dir='ltr'><strong>et</strong></span> <span class='ocrx_word' id='word_1_85' title='bbox 1742 1030 1912 1082; x_wconf 88' lang='lat' dir='ltr'><strong>beatae</strong></span> <span class='ocrx_word' id='word_1_86' title='bbox 1950 1048 2050 1082; x_wconf 87' lang='lat' dir='ltr'><strong>me·</strong></span> <span class='ocrx_word' id='word_1_87' title='bbox 2083 1034 2179 1088; x_wconf 81' lang='lat' dir='ltr'><strong>Cap·</strong></span> <span class='ocrx_word' id='word_1_88' title='bbox 2208 1035 2255 1073; x_wconf 80' lang='grc' dir='ltr'><strong>Π-</strong></span> 
     </span>
     <span class='ocr_line' id='line_1_11' title="bbox 145 1116 2048 1186; baseline -0.003 -16"><span class='ocrx_word' id='word_1_89' title='bbox 145 1118 327 1170; x_wconf 90' lang='lat' dir='ltr'><strong>moriae</strong></span> <span class='ocrx_word' id='word_1_90' title='bbox 359 1135 479 1186; x_wconf 88' lang='lat' dir='ltr'><strong>papa</strong></span> <span class='ocrx_word' id='word_1_91' title='bbox 503 1116 830 1180; x_wconf 82' lang='lat' dir='ltr'><strong>Athanasius,</strong></span> <span class='ocrx_word' id='word_1_92' title='bbox 872 1117 968 1167; x_wconf 91' lang='lat' dir='ltr'><strong>imo</strong></span> <span class='ocrx_word' id='word_1_93' title='bbox 997 1134 1117 1168; x_wconf 90' lang='lat' dir='ltr'><strong>vero</strong></span> <span class='ocrx_word' id='word_1_94' title='bbox 1147 1116 1370 1167; x_wconf 86' lang='lat' dir='ltr'><strong>catholici</strong></span> <span class='ocrx_word' id='word_1_95' title='bbox 1401 1133 1568 1166; x_wconf 90' lang='lat' dir='ltr'><strong>omnes</strong></span> <span class='ocrx_word' id='word_1_96' title='bbox 1600 1116 1740 1166; x_wconf 89' lang='lat' dir='ltr'><strong>unice</strong></span> <span class='ocrx_word' id='word_1_97' title='bbox 1772 1116 2048 1178; x_wconf 78' lang='lat' dir='ltr'><strong>dileximus,</strong></span> 
     </span>
     <span class='ocr_line' id='line_1_12' title="bbox 147 1190 2045 1271; baseline -0.002 -17"><span class='ocrx_word' id='word_1_98' title='bbox 147 1202 478 1271; x_wconf 89' lang='lat' dir='ltr'><strong>Apollinarius</strong></span> <span class='ocrx_word' id='word_1_99' title='bbox 506 1199 814 1252; x_wconf 87' lang='lat' dir='ltr'><strong>Laodicenus</strong></span> <span class='ocrx_word' id='word_1_100' title='bbox 843 1201 981 1252; x_wconf 91' lang='lat' dir='ltr'><strong>huius</strong></span> <span class='ocrx_word' id='word_1_101' title='bbox 1009 1201 1247 1268; x_wconf 87' lang='lat' dir='ltr'><strong>dogmatis</strong></span> <span class='ocrx_word' id='word_1_102' title='bbox 1271 1208 1441 1251; x_wconf 85' lang='lat' dir='ltr'><strong>auctor</strong></span> <span class='ocrx_word' id='word_1_103' title='bbox 1465 1218 1521 1251; x_wconf 88' lang='lat' dir='ltr'><strong>ac</strong></span> <span class='ocrx_word' id='word_1_104' title='bbox 1549 1190 1840 1268; x_wconf 85' lang='lat' dir='ltr'><strong>propagator</strong></span> <span class='ocrx_word' id='word_1_105' title='bbox 1865 1200 2045 1250; x_wconf 82' lang='lat' dir='ltr'><strong>extitit.</strong></span> 
     </span>
     <span class='ocr_line' id='line_1_13' title="bbox 146 1284 2055 1355; baseline -0.002 -18"><span class='ocrx_word' id='word_1_106' title='bbox 146 1288 222 1337; x_wconf 88' lang='lat' dir='ltr'><strong>Ac</strong></span> <span class='ocrx_word' id='word_1_107' title='bbox 254 1287 488 1355; x_wconf 88' lang='lat' dir='ltr'><strong>principio</strong></span> <span class='ocrx_word' id='word_1_108' title='bbox 517 1287 704 1354; x_wconf 89' lang='lat' dir='ltr'><strong>quidem</strong></span> <span class='ocrx_word' id='word_1_109' title='bbox 741 1304 846 1336; x_wconf 91' lang='lat' dir='ltr'><strong>cum</strong></span> <span class='ocrx_word' id='word_1_110' title='bbox 878 1286 922 1335; x_wconf 90' lang='lat' dir='ltr'><strong>id</strong></span> <span class='ocrx_word' id='word_1_111' title='bbox 953 1285 1091 1336; x_wconf 92' lang='lat' dir='ltr'><strong>nobis</strong></span> <span class='ocrx_word' id='word_1_112' title='bbox 1118 1284 1337 1336; x_wconf 88' lang='lat' dir='ltr'><strong>nonnulli</strong></span> <span class='ocrx_word' id='word_1_113' title='bbox 1369 1302 1430 1335; x_wconf 84' lang='lat' dir='ltr'><strong>ex</strong></span> <span class='ocrx_word' id='word_1_114' title='bbox 1468 1285 1570 1335; x_wconf 93' lang='lat' dir='ltr'><strong>eius</strong></span> <span class='ocrx_word' id='word_1_115' title='bbox 1610 1284 1853 1353; x_wconf 91' lang='lat' dir='ltr'><strong>discipulis</strong></span> <span class='ocrx_word' id='word_1_116' title='bbox 1890 1301 2055 1334; x_wconf 88' lang='lat' dir='ltr'><strong>narra-</strong></span> 
     </span>
     <span class='ocr_line' id='line_1_14' title="bbox 147 1368 2054 1438; baseline -0.002 -16"><span class='ocrx_word' id='word_1_117' title='bbox 147 1380 282 1436; x_wconf 85' lang='lat' dir='ltr'><strong>rent,</strong></span> <span class='ocrx_word' id='word_1_118' title='bbox 337 1371 473 1422; x_wconf 87' lang='lat' dir='ltr'><strong>fidem</strong></span> <span class='ocrx_word' id='word_1_119' title='bbox 515 1389 610 1422; x_wconf 91' lang='lat' dir='ltr'><strong>nou</strong></span> <span class='ocrx_word' id='word_1_120' title='bbox 652 1369 968 1434; x_wconf 80' lang='lat' dir='ltr'><strong>habebamuS,</strong></span> <span class='ocrx_word' id='word_1_121' title='bbox 1035 1387 1191 1438; x_wconf 91' lang='lat' dir='ltr'><strong>neque</strong></span> <span class='ocrx_word' id='word_1_122' title='bbox 1231 1368 1492 1421; x_wconf 89' lang='lat' dir='ltr'><strong>verisimile</strong></span> <span class='ocrx_word' id='word_1_123' title='bbox 1535 1368 1816 1437; x_wconf 86' lang='lat' dir='ltr'><strong>putabamus</strong></span> <span class='ocrx_word' id='word_1_124' title='bbox 1856 1386 1882 1418; x_wconf 89' lang='lat' dir='ltr'><strong>a</strong></span> <span class='ocrx_word' id='word_1_125' title='bbox 1922 1377 2054 1418; x_wconf 90' lang='lat' dir='ltr'><strong>tanto</strong></span> 
     </span>
     <span class='ocr_line' id='line_1_15' title="bbox 146 1452 2053 1524; baseline -0.001 -18"><span class='ocrx_word' id='word_1_126' title='bbox 146 1456 251 1508; x_wconf 88' lang='lat' dir='ltr'><strong>viro</strong></span> <span class='ocrx_word' id='word_1_127' title='bbox 282 1452 497 1506; x_wconf 84' lang='lat' dir='ltr'><strong>errorem</strong></span> <span class='ocrx_word' id='word_1_128' title='bbox 526 1455 761 1506; x_wconf 91' lang='lat' dir='ltr'><strong>eiusmodi</strong></span> <span class='ocrx_word' id='word_1_129' title='bbox 789 1456 1077 1524; x_wconf 83' lang='lat' dir='ltr'><strong>profectum.</strong></span> <span class='ocrx_word' id='word_1_130' title='bbox 1156 1452 1322 1522; x_wconf 88' lang='lat' dir='ltr'><strong>ltaque</strong></span> <span class='ocrx_word' id='word_1_131' title='bbox 1362 1454 1589 1504; x_wconf 90' lang='lat' dir='ltr'><strong>nonnulla</strong></span> <span class='ocrx_word' id='word_1_132' title='bbox 1622 1453 1776 1504; x_wconf 91' lang='lat' dir='ltr'><strong>adhuc</strong></span> <span class='ocrx_word' id='word_1_133' title='bbox 1803 1456 2053 1506; x_wconf 89' lang='lat' dir='ltr'><strong>meliorum</strong></span> 
     </span>
     <span class='ocr_line' id='line_1_16' title="bbox 146 1539 2056 1609; baseline -0.002 -16"><span class='ocrx_word' id='word_1_134' title='bbox 146 1557 231 1609; x_wconf 91' lang='lat' dir='ltr'><strong>spe</strong></span> <span class='ocrx_word' id='word_1_135' title='bbox 269 1539 510 1609; x_wconf 87' lang='lat' dir='ltr'><strong>patienter</strong></span> <span class='ocrx_word' id='word_1_136' title='bbox 551 1540 944 1608; x_wconf 84' lang='lat' dir='ltr'><strong>expectavimuS,</strong></span> <span class='ocrx_word' id='word_1_137' title='bbox 997 1540 1149 1590; x_wconf 91' lang='lat' dir='ltr'><strong>donec</strong></span> <span class='ocrx_word' id='word_1_138' title='bbox 1191 1556 1290 1589; x_wconf 89' lang='lat' dir='ltr'><strong>rem</strong></span> <span class='ocrx_word' id='word_1_139' title='bbox 1334 1556 1522 1590; x_wconf 90' lang='lat' dir='ltr'><strong>omnem</strong></span> <span class='ocrx_word' id='word_1_140' title='bbox 1562 1549 1786 1590; x_wconf 87' lang='lat' dir='ltr'><strong>accurate</strong></span> <span class='ocrx_word' id='word_1_141' title='bbox 1826 1540 2056 1608; x_wconf 89' lang='lat' dir='ltr'><strong>cognovi-</strong></span> 
     </span>
     <span class='ocr_line' id='line_1_17' title="bbox 147 1623 2052 1692; baseline -0.001 -17"><span class='ocrx_word' id='word_1_142' title='bbox 147 1642 272 1675; x_wconf 90' lang='lat' dir='ltr'><strong>mus.</strong></span> <span class='ocrx_word' id='word_1_143' title='bbox 347 1623 455 1675; x_wconf 89' lang='lat' dir='ltr'><strong>Hoc</strong></span> <span class='ocrx_word' id='word_1_144' title='bbox 486 1624 611 1674; x_wconf 88' lang='lat' dir='ltr'><strong>enim</strong></span> <span class='ocrx_word' id='word_1_145' title='bbox 645 1623 937 1686; x_wconf 76' lang='lat' dir='ltr'><strong>dicebamuS,</strong></span> <span class='ocrx_word' id='word_1_146' title='bbox 979 1624 1236 1692; x_wconf 87' lang='lat' dir='ltr'><strong>discipulos</strong></span> <span class='ocrx_word' id='word_1_147' title='bbox 1266 1623 1394 1674; x_wconf 89' lang='lat' dir='ltr'><strong>illius</strong></span> <span class='ocrx_word' id='word_1_148' title='bbox 1424 1624 1502 1692; x_wconf 85' lang='lat' dir='ltr'><strong>qui</strong></span> <span class='ocrx_word' id='word_1_149' title='bbox 1532 1628 1588 1674; x_wconf 90' lang='lat' dir='ltr'><strong>ad</strong></span> <span class='ocrx_word' id='word_1_150' title='bbox 1614 1642 1703 1674; x_wconf 91' lang='lat' dir='ltr'><strong>nos</strong></span> <span class='ocrx_word' id='word_1_151' title='bbox 1730 1624 2052 1687; x_wconf 87' lang='lat' dir='ltr'><strong>ventitabant,</strong></span> 
     </span>
     <span class='ocr_line' id='line_1_18' title="bbox 148 1708 2057 1777; baseline -0.001 -17"><span class='ocrx_word' id='word_1_152' title='bbox 148 1727 252 1760; x_wconf 89' lang='lat' dir='ltr'><strong>cum</strong></span> <span class='ocrx_word' id='word_1_153' title='bbox 286 1725 343 1760; x_wconf 91' lang='lat' dir='ltr'><strong>ea</strong></span> <span class='ocrx_word' id='word_1_154' title='bbox 374 1708 567 1759; x_wconf 90' lang='lat' dir='ltr'><strong>minime</strong></span> <span class='ocrx_word' id='word_1_155' title='bbox 607 1717 836 1776; x_wconf 89' lang='lat' dir='ltr'><strong>caperent</strong></span> <span class='ocrx_word' id='word_1_156' title='bbox 874 1726 995 1776; x_wconf 91' lang='lat' dir='ltr'><strong>quae</strong></span> <span class='ocrx_word' id='word_1_157' title='bbox 1028 1708 1086 1758; x_wconf 94' lang='lat' dir='ltr'><strong>ab</strong></span> <span class='ocrx_word' id='word_1_158' title='bbox 1116 1709 1302 1758; x_wconf 91' lang='lat' dir='ltr'><strong>erudito</strong></span> <span class='ocrx_word' id='word_1_159' title='bbox 1341 1709 1422 1759; x_wconf 92' lang='lat' dir='ltr'><strong>illo</strong></span> <span class='ocrx_word' id='word_1_160' title='bbox 1452 1726 1508 1759; x_wconf 91' lang='lat' dir='ltr'><strong>ac</strong></span> <span class='ocrx_word' id='word_1_161' title='bbox 1541 1709 1748 1777; x_wconf 86' lang='lat' dir='ltr'><strong>sapienti</strong></span> <span class='ocrx_word' id='word_1_162' title='bbox 1777 1708 1884 1759; x_wconf 91' lang='lat' dir='ltr'><strong>viro</strong></span> <span class='ocrx_word' id='word_1_163' title='bbox 1915 1726 2057 1777; x_wconf 87' lang='lat' dir='ltr'><strong>prae-</strong></span> 
     </span>
     <span class='ocr_line' id='line_1_19' title="bbox 147 1793 2052 1863; baseline -0.001 -19"><span class='ocrx_word' id='word_1_164' title='bbox 147 1802 340 1863; x_wconf 88' lang='lat' dir='ltr'><strong>ceptore</strong></span> <span class='ocrx_word' id='word_1_165' title='bbox 378 1810 466 1844; x_wconf 92' lang='lat' dir='ltr'><strong>suo</strong></span> <span class='ocrx_word' id='word_1_166' title='bbox 498 1793 718 1844; x_wconf 90' lang='lat' dir='ltr'><strong>abstrusa</strong></span> <span class='ocrx_word' id='word_1_167' title='bbox 749 1811 805 1843; x_wconf 92' lang='lat' dir='ltr'><strong>ac</strong></span> <span class='ocrx_word' id='word_1_168' title='bbox 845 1793 1095 1843; x_wconf 89' lang='lat' dir='ltr'><strong>recondita</strong></span> <span class='ocrx_word' id='word_1_169' title='bbox 1130 1794 1494 1861; x_wconf 83' lang='lat' dir='ltr'><strong>proferrentur,</strong></span> <span class='ocrx_word' id='word_1_170' title='bbox 1550 1794 1783 1844; x_wconf 88' lang='lat' dir='ltr'><strong>eiusmodi</strong></span> <span class='ocrx_word' id='word_1_171' title='bbox 1819 1794 2052 1861; x_wconf 89' lang='lat' dir='ltr'><strong>quaedam</strong></span> 
     </span>
     <span class='ocr_line' id='line_1_20' title="bbox 149 1876 2055 1945; baseline -0.001 -17"><span class='ocrx_word' id='word_1_172' title='bbox 149 1878 350 1929; x_wconf 85' lang='lat' dir='ltr'><strong>finxisse</strong></span> <span class='ocrx_word' id='word_1_173' title='bbox 376 1877 464 1928; x_wconf 89' lang='lat' dir='ltr'><strong>sibi</strong></span> <span class='ocrx_word' id='word_1_174' title='bbox 490 1895 612 1945; x_wconf 85' lang='lat' dir='ltr'><strong>quae</strong></span> <span class='ocrx_word' id='word_1_175' title='bbox 635 1878 694 1928; x_wconf 91' lang='lat' dir='ltr'><strong>ab</strong></span> <span class='ocrx_word' id='word_1_176' title='bbox 718 1877 799 1928; x_wconf 91' lang='lat' dir='ltr'><strong>illo</strong></span> <span class='ocrx_word' id='word_1_177' title='bbox 823 1895 1064 1945; x_wconf 90' lang='lat' dir='ltr'><strong>nunquam</strong></span> <span class='ocrx_word' id='word_1_178' title='bbox 1089 1877 1371 1928; x_wconf 88' lang='lat' dir='ltr'><strong>didicerant.</strong></span> <span class='ocrx_word' id='word_1_179' title='bbox 1449 1876 1745 1929; x_wconf 85' lang='lat' dir='ltr'><strong>Praesertim</strong></span> <span class='ocrx_word' id='word_1_180' title='bbox 1775 1896 1881 1928; x_wconf 91' lang='lat' dir='ltr'><strong>cum</strong></span> <span class='ocrx_word' id='word_1_181' title='bbox 1908 1878 2055 1927; x_wconf 88' lang='lat' dir='ltr'><strong>multa</strong></span> 
     </span>
     <span class='ocr_line' id='line_1_21' title="bbox 146 1960 2054 2030; baseline -0.001 -17"><span class='ocrx_word' id='word_1_182' title='bbox 146 1961 274 2013; x_wconf 90' lang='lat' dir='ltr'><strong>inter</strong></span> <span class='ocrx_word' id='word_1_183' title='bbox 328 1961 438 2013; x_wconf 92' lang='lat' dir='ltr'><strong>illos</strong></span> <span class='ocrx_word' id='word_1_184' title='bbox 490 1962 570 2030; x_wconf 90' lang='lat' dir='ltr'><strong>qui</strong></span> <span class='ocrx_word' id='word_1_185' title='bbox 624 1979 713 2012; x_wconf 90' lang='lat' dir='ltr'><strong>nos</strong></span> <span class='ocrx_word' id='word_1_186' title='bbox 759 1962 956 2013; x_wconf 87' lang='lat' dir='ltr'><strong>adibant</strong></span> <span class='ocrx_word' id='word_1_187' title='bbox 1022 1962 1298 2030; x_wconf 89' lang='lat' dir='ltr'><strong>opinionum</strong></span> <span class='ocrx_word' id='word_1_188' title='bbox 1344 1962 1555 2013; x_wconf 87' lang='lat' dir='ltr'><strong>varietas</strong></span> <span class='ocrx_word' id='word_1_189' title='bbox 1610 1971 1760 2013; x_wconf 87' lang='lat' dir='ltr'><strong>esset.</strong></span> <span class='ocrx_word' id='word_1_190' title='bbox 1863 1960 2054 2030; x_wconf 86' lang='lat' dir='ltr'><strong>Quippe</strong></span> 
     </span>
     <span class='ocr_line' id='line_1_22' title="bbox 148 2043 2054 2116; baseline -0.001 -18"><span class='ocrx_word' id='word_1_191' title='bbox 148 2045 367 2098; x_wconf 88' lang='lat' dir='ltr'><strong>nonnulli</strong></span> <span class='ocrx_word' id='word_1_192' title='bbox 392 2063 450 2096; x_wconf 92' lang='lat' dir='ltr'><strong>eo</strong></span> <span class='ocrx_word' id='word_1_193' title='bbox 476 2047 719 2114; x_wconf 87' lang='lat' dir='ltr'><strong>progressi</strong></span> <span class='ocrx_word' id='word_1_194' title='bbox 750 2056 861 2098; x_wconf 89' lang='lat' dir='ltr'><strong>sunt</strong></span> <span class='ocrx_word' id='word_1_195' title='bbox 890 2056 940 2097; x_wconf 92' lang='lat' dir='ltr'><strong>ut</strong></span> <span class='ocrx_word' id='word_1_196' title='bbox 968 2043 1214 2098; x_wconf 88' lang='lat' dir='ltr'><strong>Christum</strong></span> <span class='ocrx_word' id='word_1_197' title='bbox 1241 2065 1416 2116; x_wconf 91' lang='lat' dir='ltr'><strong>corpus</strong></span> <span class='ocrx_word' id='word_1_198' title='bbox 1448 2064 1473 2098; x_wconf 91' lang='lat' dir='ltr'><strong>e</strong></span> <span class='ocrx_word' id='word_1_199' title='bbox 1503 2047 1639 2097; x_wconf 88' lang='lat' dir='ltr'><strong>coelo</strong></span> <span class='ocrx_word' id='word_1_200' title='bbox 1668 2047 1899 2097; x_wconf 86' lang='lat' dir='ltr'><strong>detulisse</strong></span> <span class='ocrx_word' id='word_1_201' title='bbox 1926 2047 2054 2096; x_wconf 91' lang='lat' dir='ltr'><strong>dice-</strong></span> 
     </span>
     <span class='ocr_line' id='line_1_23' title="bbox 148 2130 2056 2200; baseline -0.002 -18"><span class='ocrx_word' id='word_1_202' title='bbox 148 2140 288 2194; x_wconf 84' lang='lat' dir='ltr'><strong>rent,</strong></span> <span class='ocrx_word' id='word_1_203' title='bbox 341 2148 461 2198; x_wconf 90' lang='lat' dir='ltr'><strong>quae</strong></span> <span class='ocrx_word' id='word_1_204' title='bbox 504 2130 711 2181; x_wconf 87' lang='lat' dir='ltr'><strong>absurda</strong></span> <span class='ocrx_word' id='word_1_205' title='bbox 754 2131 1104 2200; x_wconf 86' lang='lat' dir='ltr'><strong>peregrinaque</strong></span> <span class='ocrx_word' id='word_1_206' title='bbox 1150 2132 1542 2182; x_wconf 89' lang='lat' dir='ltr'><strong>comminiscendi</strong></span> <span class='ocrx_word' id='word_1_207' title='bbox 1582 2131 1775 2182; x_wconf 87' lang='lat' dir='ltr'><strong>licentia</strong></span> <span class='ocrx_word' id='word_1_208' title='bbox 1813 2130 2056 2181; x_wconf 86' lang='lat' dir='ltr'><strong>hominum</strong></span> 
     </span>
     <span class='ocr_line' id='line_1_24' title="bbox 151 2214 2058 2284; baseline -0.001 -18"><span class='ocrx_word' id='word_1_209' title='bbox 151 2215 302 2267; x_wconf 91' lang='lat' dir='ltr'><strong>semel</strong></span> <span class='ocrx_word' id='word_1_210' title='bbox 326 2215 496 2266; x_wconf 88' lang='lat' dir='ltr'><strong>animis</strong></span> <span class='ocrx_word' id='word_1_211' title='bbox 523 2215 741 2266; x_wconf 90' lang='lat' dir='ltr'><strong>incidens</strong></span> <span class='ocrx_word' id='word_1_212' title='bbox 765 2216 822 2266; x_wconf 86' lang='lat' dir='ltr'><strong>ad</strong></span> <span class='ocrx_word' id='word_1_213' title='bbox 850 2216 1077 2283; x_wconf 88' lang='lat' dir='ltr'><strong>graviora</strong></span> <span class='ocrx_word' id='word_1_214' title='bbox 1108 2216 1452 2284; x_wconf 87' lang='lat' dir='ltr'><strong>acerbioraque</strong></span> <span class='ocrx_word' id='word_1_215' title='bbox 1480 2216 1736 2284; x_wconf 90' lang='lat' dir='ltr'><strong>processit.</strong></span> <span class='ocrx_word' id='word_1_216' title='bbox 1813 2214 1912 2266; x_wconf 88' lang='lat' dir='ltr'><strong>Alii</strong></span> <span class='ocrx_word' id='word_1_217' title='bbox 1939 2231 2058 2265; x_wconf 87' lang='lat' dir='ltr'><strong>vero</strong></span> 
     </span>
     <span class='ocr_line' id='line_1_25' title="bbox 154 2296 2060 2369; baseline -0.002 -17"><span class='ocrx_word' id='word_1_218' title='bbox 154 2296 398 2352; x_wconf 88' lang='lat' dir='ltr'><strong>Christum</strong></span> <span class='ocrx_word' id='word_1_219' title='bbox 429 2298 634 2350; x_wconf 88' lang='lat' dir='ltr'><strong>animam</strong></span> <span class='ocrx_word' id='word_1_220' title='bbox 662 2301 982 2369; x_wconf 90' lang='lat' dir='ltr'><strong>assumpsisse</strong></span> <span class='ocrx_word' id='word_1_221' title='bbox 1011 2309 1332 2368; x_wconf 85' lang='lat' dir='ltr'><strong>negaverunt..</strong></span> <span class='ocrx_word' id='word_1_222' title='bbox 1393 2299 1599 2368; x_wconf 81' lang='lat' dir='ltr'><strong>Quidam</strong></span> <span class='ocrx_word' id='word_1_223' title='bbox 1626 2301 1839 2351; x_wconf 88' lang='lat' dir='ltr'><strong>eiusdem</strong></span> <span class='ocrx_word' id='word_1_224' title='bbox 1872 2296 2060 2350; x_wconf 88' lang='lat' dir='ltr'><strong>Christi</strong></span> 
     </span>
     <span class='ocr_line' id='line_1_26' title="bbox 154 2380 2057 2452; baseline -0.001 -19"><span class='ocrx_word' id='word_1_225' title='bbox 154 2401 328 2452; x_wconf 91' lang='lat' dir='ltr'><strong>corpus</strong></span> <span class='ocrx_word' id='word_1_226' title='bbox 368 2383 607 2434; x_wconf 89' lang='lat' dir='ltr'><strong>divinitati</strong></span> <span class='ocrx_word' id='word_1_227' title='bbox 647 2385 1055 2436; x_wconf 88' lang='lat' dir='ltr'><strong>consubstantiale</strong></span> <span class='ocrx_word' id='word_1_228' title='bbox 1098 2402 1194 2435; x_wconf 89' lang='lat' dir='ltr'><strong>non</strong></span> <span class='ocrx_word' id='word_1_229' title='bbox 1235 2385 1510 2436; x_wconf 89' lang='lat' dir='ltr'><strong>dubitarunt</strong></span> <span class='ocrx_word' id='word_1_230' title='bbox 1545 2402 1789 2436; x_wconf 86' lang='lat' dir='ltr'><strong>asserere.</strong></span> <span class='ocrx_word' id='word_1_231' title='bbox 1869 2380 2057 2449; x_wconf 90' lang='lat' dir='ltr'><strong>Quibus</strong></span> 
     </span>
     <span class='ocr_line' id='line_1_27' title="bbox 155 2467 2058 2538; baseline 0.001 -21"><span class='ocrx_word' id='word_1_232' title='bbox 155 2467 431 2536; x_wconf 87' lang='lat' dir='ltr'><strong>opinionum</strong></span> <span class='ocrx_word' id='word_1_233' title='bbox 456 2469 690 2535; x_wconf 87' lang='lat' dir='ltr'><strong>portentis</strong></span> <span class='ocrx_word' id='word_1_234' title='bbox 708 2469 951 2520; x_wconf 56' lang='lat' dir='ltr'><strong>‘orientem</strong></span> <span class='ocrx_word' id='word_1_235' title='bbox 980 2486 1272 2538; x_wconf 89' lang='lat' dir='ltr'><strong>magnopere</strong></span> <span class='ocrx_word' id='word_1_236' title='bbox 1302 2470 1672 2538; x_wconf 70' lang='lat' dir='ltr'><strong>perturbarunt,</strong></span> <span class='ocrx_word' id='word_1_237' title='bbox 1715 2477 1911 2537; x_wconf 85' lang='lat' dir='ltr'><strong>propter</strong></span> <span class='ocrx_word' id='word_1_238' title='bbox 1938 2484 2058 2536; x_wconf 89' lang='lat' dir='ltr'><strong>quos</strong></span> 
     </span>
     <span class='ocr_line' id='line_1_28' title="bbox 157 2551 2057 2622; baseline 0.001 -21"><span class='ocrx_word' id='word_1_239' title='bbox 157 2551 353 2602; x_wconf 87' lang='lat' dir='ltr'><strong>conflari</strong></span> <span class='ocrx_word' id='word_1_240' title='bbox 403 2553 639 2620; x_wconf 86' lang='lat' dir='ltr'><strong>synodum</strong></span> <span class='ocrx_word' id='word_1_241' title='bbox 687 2570 890 2605; x_wconf 90' lang='lat' dir='ltr'><strong>necesse</strong></span> <span class='ocrx_word' id='word_1_242' title='bbox 940 2553 1060 2618; x_wconf 81' lang='lat' dir='ltr'><strong>fuit,</strong></span> <span class='ocrx_word' id='word_1_243' title='bbox 1123 2555 1431 2622; x_wconf 88' lang='lat' dir='ltr'><strong>eiusdemque</strong></span> <span class='ocrx_word' id='word_1_244' title='bbox 1476 2555 1672 2604; x_wconf 88' lang='lat' dir='ltr'><strong>decreto</strong></span> <span class='ocrx_word' id='word_1_245' title='bbox 1726 2552 2057 2603; x_wconf 88' lang='lat' dir='ltr'><strong>condemnari.</strong></span> 
     </span>
     <span class='ocr_line' id='line_1_29' title="bbox 158 2634 2063 2707; baseline 0 -21"><span class='ocrx_word' id='word_1_246' title='bbox 158 2634 435 2703; x_wconf 89' lang='lat' dir='ltr'><strong>Quinetiam</strong></span> <span class='ocrx_word' id='word_1_247' title='bbox 479 2637 806 2687; x_wconf 90' lang='lat' dir='ltr'><strong>commentarii</strong></span> <span class='ocrx_word' id='word_1_248' title='bbox 848 2638 1036 2706; x_wconf 90' lang='lat' dir='ltr'><strong>quidem</strong></span> <span class='ocrx_word' id='word_1_249' title='bbox 1078 2638 1362 2707; x_wconf 61' lang='lat' dir='ltr'><strong>[maescripti</strong></span> <span class='ocrx_word' id='word_1_250' title='bbox 1403 2647 1542 2703; x_wconf 91' lang='lat' dir='ltr'><strong>sunt,</strong></span> <span class='ocrx_word' id='word_1_251' title='bbox 1599 2656 1800 2706; x_wconf 90' lang='lat' dir='ltr'><strong>quorum</strong></span> <span class='ocrx_word' id='word_1_252' title='bbox 1841 2637 2063 2705; x_wconf 84' lang='lat' dir='ltr'><strong>exempla</strong></span> 
     </span>
     <span class='ocr_line' id='line_1_30' title="bbox 156 2718 2063 2791; baseline -0.001 -20"><span class='ocrx_word' id='word_1_253' title='bbox 156 2721 215 2771; x_wconf 90' lang='lat' dir='ltr'><strong>ad</strong></span> <span class='ocrx_word' id='word_1_254' title='bbox 245 2719 307 2772; x_wconf 91' lang='lat' dir='ltr'><strong>B.</strong></span> <span class='ocrx_word' id='word_1_255' title='bbox 335 2718 409 2772; x_wconf 93' lang='lat' dir='ltr'><strong>M.</strong></span> <span class='ocrx_word' id='word_1_256' title='bbox 441 2737 608 2789; x_wconf 90' lang='lat' dir='ltr'><strong>papam</strong></span> <span class='ocrx_word' id='word_1_257' title='bbox 641 2720 960 2772; x_wconf 89' lang='lat' dir='ltr'><strong>Athanasium</strong></span> <span class='ocrx_word' id='word_1_258' title='bbox 990 2721 1136 2773; x_wconf 87' lang='lat' dir='ltr'><strong>missa</strong></span> <span class='ocrx_word' id='word_1_259' title='bbox 1165 2731 1305 2786; x_wconf 72' lang='lat' dir='ltr'><strong>sunt,</strong></span> <span class='ocrx_word' id='word_1_260' title='bbox 1360 2723 1531 2791; x_wconf 90' lang='lat' dir='ltr'><strong>quibus</strong></span> <span class='ocrx_word' id='word_1_261' title='bbox 1570 2723 1663 2773; x_wconf 89' lang='lat' dir='ltr'><strong>illis</strong></span> <span class='ocrx_word' id='word_1_262' title='bbox 1705 2721 2063 2772; x_wconf 87' lang='lat' dir='ltr'><strong>commentariis</strong></span> 
     </span>
     <span class='ocr_line' id='line_1_31' title="bbox 157 2805 2064 2873; baseline -0.001 -17"><span class='ocrx_word' id='word_1_263' title='bbox 157 2805 388 2856; x_wconf 88' lang='lat' dir='ltr'><strong>adductus</strong></span> <span class='ocrx_word' id='word_1_264' title='bbox 421 2813 495 2856; x_wconf 90' lang='lat' dir='ltr'><strong>est</strong></span> <span class='ocrx_word' id='word_1_265' title='bbox 525 2813 577 2855; x_wconf 90' lang='lat' dir='ltr'><strong>ut</strong></span> <span class='ocrx_word' id='word_1_266' title='bbox 603 2805 836 2856; x_wconf 88' lang='lat' dir='ltr'><strong>adversus</strong></span> <span class='ocrx_word' id='word_1_267' title='bbox 867 2806 1139 2873; x_wconf 86' lang='lat' dir='ltr'><strong>dogmatum</strong></span> <span class='ocrx_word' id='word_1_268' title='bbox 1176 2807 1367 2857; x_wconf 89' lang='lat' dir='ltr'><strong>illorum</strong></span> <span class='ocrx_word' id='word_1_269' title='bbox 1407 2816 1679 2859; x_wconf 88' lang='lat' dir='ltr'><strong>assertores</strong></span> <span class='ocrx_word' id='word_1_270' title='bbox 1711 2806 1924 2857; x_wconf 85' lang='lat' dir='ltr'><strong>minaces</strong></span> <span class='ocrx_word' id='word_1_271' title='bbox 1958 2805 2064 2855; x_wconf 92' lang='lat' dir='ltr'><strong>lite-</strong></span> 
     </span>
     <span class='ocr_line' id='line_1_32' title="bbox 157 2888 2063 2959; baseline -0.001 -18"><span class='ocrx_word' id='word_1_272' title='bbox 157 2907 238 2941; x_wconf 89' lang='lat' dir='ltr'><strong>ras</strong></span> <span class='ocrx_word' id='word_1_273' title='bbox 263 2890 320 2941; x_wconf 90' lang='lat' dir='ltr'><strong>ad</strong></span> <span class='ocrx_word' id='word_1_274' title='bbox 341 2889 667 2941; x_wconf 89' lang='lat' dir='ltr'><strong>venerabilem</strong></span> <span class='ocrx_word' id='word_1_275' title='bbox 697 2888 971 2958; x_wconf 90' lang='lat' dir='ltr'><strong>episcopum</strong></span> <span class='ocrx_word' id='word_1_276' title='bbox 987 2889 1259 2958; x_wconf 91' lang='lat' dir='ltr'><strong>Epictetum</strong></span> <span class='ocrx_word' id='word_1_277' title='bbox 1288 2892 1544 2955; x_wconf 83' lang='lat' dir='ltr'><strong>scriberet,</strong></span> <span class='ocrx_word' id='word_1_278' title='bbox 1572 2909 1599 2942; x_wconf 89' lang='lat' dir='ltr'><strong>a</strong></span> <span class='ocrx_word' id='word_1_279' title='bbox 1623 2909 1715 2959; x_wconf 92' lang='lat' dir='ltr'><strong>quo</strong></span> <span class='ocrx_word' id='word_1_280' title='bbox 1742 2899 1937 2957; x_wconf 86' lang='lat' dir='ltr'><strong>rogatus</strong></span> <span class='ocrx_word' id='word_1_281' title='bbox 1961 2891 2063 2939; x_wconf 88' lang='lat' dir='ltr'><strong>fue-</strong></span> 
     </span>
     <span class='ocr_line' id='line_1_33' title="bbox 159 2972 2064 3044; baseline -0.001 -19"><span class='ocrx_word' id='word_1_282' title='bbox 159 2983 237 3026; x_wconf 89' lang='lat' dir='ltr'><strong>rat</strong></span> <span class='ocrx_word' id='word_1_283' title='bbox 265 2983 315 3025; x_wconf 93' lang='lat' dir='ltr'><strong>ut</strong></span> <span class='ocrx_word' id='word_1_284' title='bbox 343 2974 645 3043; x_wconf 87' lang='lat' dir='ltr'><strong>tempestatis</strong></span> <span class='ocrx_word' id='word_1_285' title='bbox 674 2973 801 3024; x_wconf 90' lang='lat' dir='ltr'><strong>illius</strong></span> <span class='ocrx_word' id='word_1_286' title='bbox 829 2991 885 3024; x_wconf 92' lang='lat' dir='ltr'><strong>ac</strong></span> <span class='ocrx_word' id='word_1_287' title='bbox 909 2975 1135 3025; x_wconf 89' lang='lat' dir='ltr'><strong>tumultus</strong></span> <span class='ocrx_word' id='word_1_288' title='bbox 1157 2975 1433 3027; x_wconf 86' lang='lat' dir='ltr'><strong>auctoribus</strong></span> <span class='ocrx_word' id='word_1_289' title='bbox 1466 2977 1802 3044; x_wconf 88' lang='lat' dir='ltr'><strong>responderet.</strong></span> <span class='ocrx_word' id='word_1_290' title='bbox 1881 2972 2064 3040; x_wconf 88' lang='lat' dir='ltr'><strong>Quam-</strong></span> 
     </span>
     <span class='ocr_line' id='line_1_34' title="bbox 161 3057 2063 3128; baseline -0.001 -18"><span class='ocrx_word' id='word_1_291' title='bbox 161 3059 327 3110; x_wconf 91' lang='lat' dir='ltr'><strong>obrem</strong></span> <span class='ocrx_word' id='word_1_292' title='bbox 367 3059 416 3109; x_wconf 88' lang='lat' dir='ltr'><strong>in</strong></span> <span class='ocrx_word' id='word_1_293' title='bbox 454 3059 622 3109; x_wconf 90' lang='lat' dir='ltr'><strong>eadem</strong></span> <span class='ocrx_word' id='word_1_294' title='bbox 656 3058 858 3126; x_wconf 87' lang='lat' dir='ltr'><strong>epistola</strong></span> <span class='ocrx_word' id='word_1_295' title='bbox 889 3059 948 3109; x_wconf 92' lang='lat' dir='ltr'><strong>de</strong></span> <span class='ocrx_word' id='word_1_296' title='bbox 984 3058 1073 3109; x_wconf 87' lang='lat' dir='ltr'><strong>fide</strong></span> <span class='ocrx_word' id='word_1_297' title='bbox 1118 3060 1370 3128; x_wconf 91' lang='lat' dir='ltr'><strong>perspicue</strong></span> <span class='ocrx_word' id='word_1_298' title='bbox 1412 3069 1732 3127; x_wconf 85' lang='lat' dir='ltr'><strong>accurateque</strong></span> <span class='ocrx_word' id='word_1_299' title='bbox 1769 3058 1940 3108; x_wconf 90' lang='lat' dir='ltr'><strong>beatus</strong></span> <span class='ocrx_word' id='word_1_300' title='bbox 1983 3057 2063 3108; x_wconf 89' lang='lat' dir='ltr'><strong>ille</strong></span> 
     </span>
     <span class='ocr_line' id='line_1_35' title="bbox 162 3143 2062 3213; baseline -0.001 -19"><span class='ocrx_word' id='word_1_301' title='bbox 162 3143 419 3208; x_wconf 84' lang='lat' dir='ltr'><strong>disseruit3</strong></span> <span class='ocrx_word' id='word_1_302' title='bbox 460 3152 509 3194; x_wconf 91' lang='lat' dir='ltr'><strong>et</strong></span> <span class='ocrx_word' id='word_1_303' title='bbox 533 3143 641 3194; x_wconf 83' lang='lat' dir='ltr'><strong>illos</strong></span> <span class='ocrx_word' id='word_1_304' title='bbox 669 3160 902 3193; x_wconf 90' lang='lat' dir='ltr'><strong>novorum</strong></span> <span class='ocrx_word' id='word_1_305' title='bbox 931 3143 1202 3210; x_wconf 87' lang='lat' dir='ltr'><strong>dogmatum</strong></span> <span class='ocrx_word' id='word_1_306' title='bbox 1231 3153 1578 3212; x_wconf 88' lang='lat' dir='ltr'><strong>propagatores</strong></span> <span class='ocrx_word' id='word_1_307' title='bbox 1605 3143 2062 3213; x_wconf 87' lang='lat' dir='ltr'><strong>perturbatoresque</strong></span> 
     </span>
     <span class='ocr_line' id='line_1_36' title="bbox 162 3224 2063 3297; baseline -0.001 -18"><span class='ocrx_word' id='word_1_308' title='bbox 162 3228 461 3297; x_wconf 87' lang='lat' dir='ltr'><strong>proscripsit.</strong></span> <span class='ocrx_word' id='word_1_309' title='bbox 552 3224 704 3279; x_wconf 91' lang='lat' dir='ltr'><strong>Cuius</strong></span> <span class='ocrx_word' id='word_1_310' title='bbox 760 3227 993 3296; x_wconf 89' lang='lat' dir='ltr'><strong>epistolae</strong></span> <span class='ocrx_word' id='word_1_311' title='bbox 1039 3226 1280 3294; x_wconf 85' lang='lat' dir='ltr'><strong>integrum</strong></span> <span class='ocrx_word' id='word_1_312' title='bbox 1342 3229 1615 3296; x_wconf 82' lang='lat' dir='ltr'><strong>exemplum</strong></span> <span class='ocrx_word' id='word_1_313' title='bbox 1661 3228 1736 3278; x_wconf 90' lang='lat' dir='ltr'><strong>hic</strong></span> <span class='ocrx_word' id='word_1_314' title='bbox 1787 3227 2063 3278; x_wconf 89' lang='lat' dir='ltr'><strong>adscribere</strong></span> 
     </span>
     <span class='ocr_line' id='line_1_37' title="bbox 163 3309 1474 3363; baseline -0.001 0"><span class='ocrx_word' id='word_1_315' title='bbox 163 3312 489 3363; x_wconf 87' lang='lat' dir='ltr'><strong>necessarium</strong></span> <span class='ocrx_word' id='word_1_316' title='bbox 529 3329 638 3363; x_wconf 89' lang='lat' dir='ltr'><strong>esse</strong></span> <span class='ocrx_word' id='word_1_317' title='bbox 676 3312 813 3362; x_wconf 85' lang='lat' dir='ltr'><strong>duxi.</strong></span> <span class='ocrx_word' id='word_1_318' title='bbox 890 3309 982 3361; x_wconf 89' lang='lat' dir='ltr'><strong>Est</strong></span> <span class='ocrx_word' id='word_1_319' title='bbox 1019 3320 1179 3361; x_wconf 87' lang='lat' dir='ltr'><strong>autem</strong></span> <span class='ocrx_word' id='word_1_320' title='bbox 1220 3311 1474 3362; x_wconf 89' lang='lat' dir='ltr'><strong>eiusmodi.</strong></span> 
     </span>
    </p>
   </div>
   <div class='ocr_carea' id='block_1_3' title="bbox 219 3420 1528 3479">
    <p class='ocr_par' dir='ltr' id='par_1_9' title="bbox 219 3420 1528 3479">
     <span class='ocr_line' id='line_1_38' title="bbox 219 3420 1528 3479; baseline -0.004 -13"><span class='ocrx_word' id='word_1_321' title='bbox 219 3423 259 3466; x_wconf 89' lang='lat'><strong>3.</strong></span> <span class='ocrx_word' id='word_1_322' title='bbox 299 3420 464 3479; x_wconf 85' lang='grc' dir='ltr'>γράφας</span> <span class='ocrx_word' id='word_1_323' title='bbox 495 3426 673 3465; x_wconf 84' lang='lat' dir='ltr'><strong>mendose</strong></span> <span class='ocrx_word' id='word_1_324' title='bbox 709 3428 914 3465; x_wconf 80' lang='lat' dir='ltr'><strong>exaratum</strong></span> <span class='ocrx_word' id='word_1_325' title='bbox 952 3428 1006 3464; x_wconf 83' lang='lat' dir='ltr'><strong>est</strong></span> <span class='ocrx_word' id='word_1_326' title='bbox 1046 3425 1088 3463; x_wconf 85' lang='lat' dir='ltr'><strong>in</strong></span> <span class='ocrx_word' id='word_1_327' title='bbox 1117 3424 1205 3463; x_wconf 78' lang='lat' dir='ltr'><strong>edit.</strong></span> <span class='ocrx_word' id='word_1_328' title='bbox 1234 3425 1368 3464; x_wconf 80' lang='lat' dir='ltr'><strong>Petav.</strong></span> <span class='ocrx_word' id='word_1_329' title='bbox 1401 3425 1528 3463; x_wconf 78' lang='lat' dir='ltr'><strong>Coton.</strong></span> 
     </span>
    </p>
   </div>
   <div class='ocr_carea' id='block_1_4' title="bbox 257 3814 1736 3870">
    <p class='ocr_par' dir='ltr' id='par_1_10' title="bbox 257 3814 1736 3870">
     <span class='ocr_line' id='line_1_39' title="bbox 257 3814 1736 3870; baseline -0.008 -14"><span class='ocrx_word' id='word_1_330' title='bbox 257 3814 401 3866; x_wconf 77' lang='lat' dir='ltr'><strong>corpus</strong></span> <span class='ocrx_word' id='word_1_331' title='bbox 419 3816 644 3855; x_wconf 82' lang='lat' dir='ltr'><strong>Haereseol.</strong></span> <span class='ocrx_word' id='word_1_332' title='bbox 674 3819 723 3854; x_wconf 82' lang='lat'><strong>11.</strong></span> <span class='ocrx_word' id='word_1_333' title='bbox 745 3819 778 3853; x_wconf 77' lang='lat'><strong>3.</strong></span> <span class='ocrx_word' id='word_1_334' title='bbox 1668 3819 1736 3870; x_wconf 67' lang='lat'><strong>22</strong></span> 
     </span>
    </p>
   </div>
  </div>
 </body>
</html>
