2508 4134
483 270 585 322 750

1226 281 1409 323 ιΝυΕΧ
1437 258 1647 326 anatim.

536 378 754 420 nitentiam
808 386 907 432 post
959 377 1209 434 baptismum
1248 379 1284 420 si
1327 381 1415 436 quis

535 457 748 504 peccasset
794 448 895 490 ibid.
936 473 990 481 —-
1061 457 1106 491 at
1156 450 1415 504 poenitentia

1531 386 1627 424 327.
1662 407 1714 415 --
1757 398 1828 424 cur
1853 383 2038 426 Christus
2058 385 2100 427 in
2126 387 2258 443 gloria
2275 387 2406 431 Eliam

1529 462 1572 493 et
1601 455 1790 509 Moysem
1819 454 2009 497 adhibuit
2036 459 2136 499 328.

533 520 674 561 iterari
702 527 868 576 potest,
910 519 1136 575 baptismus
1159 535 1244 562 non
1271 530 1414 576 potest
1474 522 1657 563 Christus
1698 538 1913 578 resurgens
1955 525 2108 568 subtile
2150 542 2299 584 eorpus
2336 529 2406 572 in·

535 593 633 632 497.
676 614 729 623 -—
801 605 926 645 puros
964 605 1010 631 se
1050 592 1411 634 vocant-Cathari

536 677 627 703 cum
654 662 738 702 sint
763 661 910 716 impuri
939 664 1037 702 499.
1069 686 1117 693 --
1163 677 1410 718 comparan-

531 741 600 774 tur
627 732 819 774 Basilisco
847 735 942 773 504.
976 757 1023 764 -·
1074 732 1228 775 similes
1255 735 1406 776 Catha-

533 803 589 845 ris
641 804 729 844 sive
779 803 1020 844 Novatianis
1071 795 1314 847 Donatistae
1367 806 1408 847 in

534 874 675 916 Africa
701 874 802 915 ibid.

482 945 695 987 Catholica
739 945 842 986 fides
890 961 1088 1002 quaenam
1130 948 1185 988 sit
1225 963 1321 989 vera
1369 955 1410 987 et

535 1016 769 1059 orthodoxa
799 999 899 1059 257.

478 1088 760 1130 Caulaucauch
785 1088 884 1144 quid
907 1088 1111 1143 significet
1137 1089 1249 1145 apud
1276 1089 1411 1130 Nico—

531 1158 650 1200 laitas
682 1162 749 1199 79.

478 1230 831 1272 Cerdonianorum
859 1231 1038 1273 haeresis
1067 1235 1134 1273 21.
1170 1240 1267 1287 post
1287 1230 1408 1272 Chri—

533 1301 789 1343 stianismum
819 1305 912 1343 299.
948 1327 996 1334 --
1057 1318 1081 1344 a
1107 1318 1190 1358 quo
1216 1302 1276 1344 sic
1301 1302 1408 1343 dicta

532 1373 632 1415 ibid.
675 1398 730 1407 --
811 1374 887 1415 sub
955 1388 1037 1429 quo
1096 1376 1208 1430 Papa
1263 1374 1411 1415 vixerit

533 1447 629 1486 200.
661 1470 715 1477 —
745 1444 832 1486 eius
857 1445 1052 1500 dogmata
1078 1444 1176 1486 ibid.
1209 1469 1257 1476 --
1292 1446 1410 1486 Mar-

486 1548 488 1550 -
534 1516 661 1558 cionis
687 1530 932 1571 praecursor
957 1516 1037 1557 suit
1065 1516 1199 1557 Cerdo
1225 1519 1320 1557 300.
1357 1541 1407 1547 -

533 1588 618 1629 eius
646 1587 786 1629 brevis
815 1587 1016 1629 refutatio
1046 1590 1142 1628 301.
1203 1606 1206 1609 ·

478 1659 746 1700 ceremoniae
775 1658 963 1700 Iudaicae
991 1658 1045 1700 ad
1075 1659 1327 1701 Christianos
1350 1659 1409 1701 ri-

530 1738 597 1771 tus
624 1730 913 1771 referebantur
943 1733 1010 1772 19.

477 1801 836 1843 Cerinthianorum
859 1802 1038 1843 haeresis
1063 1802 1150 1842 sive
1164 1801 1410 1844 Merinthia-

533 1887 708 1923 uorum,
753 1888 856 1928 quae
884 1881 947 1914 est
976 1881 1121 1915 octava
1158 1882 1256 1929 post
1287 1872 1408 1914 Chri-

532 1943 788 1985 stianismum
823 1948 918 1985 110.
967 1969 1016 1977 -
1079 1944 1149 1986 ubi
1192 1944 1410 1986 Cerinthus

530 2014 733 2057 haeresim
774 2015 959 2070 profiteri
1003 2015 1188 2071 coeperit
1227 2015 1326 2057 ibid.
1357 2040 1408 2047 —

533 2088 664 2127 lesum
684 2102 708 2127 a
723 2087 887 2128 Christo
907 2087 1114 2142 separavit
1133 2086 1233 2127 ibid.
1249 2091 1343 2127 111.
1357 2111 1410 2118 -—

532 2157 666 2212 legem
723 2173 812 2198 esse
865 2158 1017 2199 bonam
1069 2158 1174 2198 dixit
1211 2158 1313 2204 ibid,
1358 2182 1409 2189 —-

531 2228 744 2284 apostolos
770 2229 951 2270 turbavit
972 2229 1070 2270 ibid.
1103 2253 1157 2262 --
1215 2231 1340 2271 Petro
1367 2244 1412 2270 se

533 2300 730 2354 opposuit
769 2300 869 2341 ibid.
900 2325 953 2333 -
1011 2300 1227 2341 seditionis
1267 2309 1412 2342 auctor

533 2370 632 2412 ibid.
664 2396 716 2403 —
775 2380 865 2412 erat
894 2371 1154 2412 circumcisus
1182 2372 1282 2413 ibid.

478 2441 734 2482 Cerinthiani
763 2442 1021 2497 evangelium
1051 2443 1255 2484 Matthaei
1283 2443 1408 2483 muti-

532 2511 622 2553 lant
648 2516 743 2554 113.
770 2537 819 2544 -
860 2522 1048 2554 asserunt
1073 2514 1278 2555 Christum
1303 2527 1410 2554 non-

534 2582 631 2623 dum
672 2597 762 2624 esse
799 2599 822 2624 a
850 2584 1024 2625 mortuis
1068 2584 1290 2625 excitatum
1329 2585 1410 2625 ibi-

534 2654 641 2695 dem.
676 2678 725 2686 —·
786 2654 839 2694 de
871 2655 1027 2696 semine
1065 2656 1229 2710 Iosephi
1272 2664 1410 2697 natum

536 2725 744 2767 refutatur
767 2729 861 2767 115.
894 2750 943 2757 --
994 2727 1261 2767 Merinthiani
1289 2726 1411 2767 etiam

534 2795 725 2837 dicuntur
741 2796 1008 2847 Cerinthiani,
1038 2805 1135 2838 sunt
1157 2798 1266 2839 enim
1288 2797 1411 2839 iidem

536 2870 631 2908 115.
664 2871 757 2908 116.
792 2893 842 2900 --
903 2877 945 2909 et
979 2868 1074 2910 ideo
1104 2868 1314 2923 Sepedoni
1343 2869 1408 2910 bi-

535 2939 649 2994 cipiti
672 2939 859 2995 serpenti
885 2940 1110 2995 comparati
1139 2940 1240 2980 ibid.

478 3010 663 3051 Cerinthi
690 3019 732 3051 et
759 3011 920 3051 loannis
945 3010 1183 3066 discrepans
1208 3010 1412 3052 sententia

534 3081 586 3121 de
620 3081 784 3123 Christo
813 3086 909 3122 424.

479 3151 608 3193 Cham
631 3152 736 3193 filius
755 3151 905 3193 Noemi
930 3152 1202 3193 Palaestinam
1229 3167 1411 3208 occupa-

538 3222 622 3273 vit,
669 3224 777 3264 unde
813 3223 928 3279 regio
967 3223 1174 3265 chanaam
1217 3226 1309 3264 704,
1356 3246 1410 3254 --

534 3293 619 3334 eius
651 3294 722 3335 filii
751 3294 850 3336 ibid.

481 3364 663 3405 Christus
703 3380 778 3406 nos
816 3365 1017 3414 redemit,
1062 3366 1136 3407 sed
1177 3381 1261 3408 non
1294 3367 1409 3416 emit,

536 3443 578 3476 et
606 3434 850 3492 redemptor
878 3446 941 3478 est
970 3446 1112 3478 noster
1141 3452 1223 3479 non
1247 3446 1411 3492 emptor

535 3510 630 3548 309.
660 3532 713 3539 -—
758 3507 970 3563 quomodo
999 3508 1136 3550 minor
1165 3511 1316 3549 Ioanne
1342 3507 1412 3549 di-

535 3587 650 3619 catur
680 3582 775 3620 314.

481 3647 686 3690 Christum
719 3664 863 3691 verum
900 3649 1026 3690 fuisse
1059 3649 1270 3692 hominem
1306 3664 1411 3705 pro-

534 3718 655 3760 batur
695 3734 749 3761 ex
790 3719 1058 3775 Magdalenes
1099 3720 1330 3762 ministerio
1368 3720 1408 3762 in

534 3790 735 3843 ungendis
783 3790 957 3845 pedibus
1003 3790 1159 3832 domini
1206 3794 1300 3832 325.
1356 3814 1408 3822 ··-

536 3865 625 3899 tum
651 3872 705 3899 ex
727 3859 818 3900 aliis
846 3859 952 3902 locis
987 3870 1132 3903 contra
1155 3861 1411 3903 Marcionem

1526 592 1641 644 duit,
1683 602 1725 633 et
1767 592 1912 636 clausis
1950 596 2082 638 ianuis
2111 599 2405 655 estxingressus

1526 666 1620 704 593.
1653 688 1709 695 —-
1768 679 1839 706 cur
1878 666 2088 708 cicatrices
2118 670 2303 724 corporis
2343 670 2406 712 sui

1525 733 1742 775 retinuerit
1766 734 1867 776 ibid.
1900 760 1955 769 —
2010 738 2142 779 ianuis
2167 739 2311 782 clausis
2337 740 2407 782 in—

1525 819 1686 858 gressus
1722 813 1786 846 est
1823 806 1990 850 ibidem.
2019 833 2075 840 --
2133 810 2206 851 cur
2242 811 2407 854 ‘dicatur

1529 874 1711 916 Christus
1725 876 1928 931 primitiae
1942 878 2231 925 dormientium
2243 884 2340 924 594.
2351 905 2407 913 —

1527 954 1623 986 ante
1652 945 1768 987 illum
1797 948 1917 988 multi
1946 959 2253 992 resurrexerunt
2276 951 2375 993 ibid.

1474 1014 1622 1056 Christi
1651 1017 1904 1072 praedicatio
1938 1020 2105 1075 quando
2131 1020 2294 1065 initium
2325 1022 2405 1064 ha-

1526 1086 1616 1127 buit
1654 1092 1723 1129 48.
1755 1112 1810 1120 --
1878 1103 1959 1145 qua
1995 1099 2145 1132 aetate
2167 1093 2407 1147 praedicare

1528 1158 1712 1214 coeperit
1740 1159 1840 1200 ibid.
1876 1184 1932 1192 —
1989 1161 2155 1218 quando
2189 1163 2404 1206 obtrecta-

1525 1236 1639 1270 tores
1675 1229 1866 1272 habuerit
1891 1231 1992 1273 ibid.
2025 1240 2100 1264 -·“
2137 1233 2304 1289 quando
2334 1236 2406 1276 re-‘

1527 1299 1776 1355 demptionis
1813 1316 1916 1357 opus
1947 1318 2021 1358 per
2048 1304 2282 1359 passionem
2309 1304 2406 1346 fue-

1526 1372 1582 1412 rit
1612 1380 1806 1413 executus
1845 1372 1943 1414 ibid.
1976 1398 2030 1406 -
2085 1375 2129 1417 in
2157 1390 2280 1418 carne
2306 1391 2407 1432 pas-

1525 1456 1616 1493 sus,
1645 1442 1690 1483 in
1715 1442 1934 1485 divinitate
1959 1444 2061 1486 nihil
2087 1460 2230 1501 passus
2252 1449 2322 1488 49.
2349 1470 2407 1480 -

1526 1512 1647 1568 quale
1675 1528 1825 1569 corpus
1852 1514 2043 1557 habuerit
2069 1516 2111 1558 in
2143 1516 2256 1569 vita,
2286 1518 2406 1575 quale

1528 1592 1624 1638 post
1641 1585 1988 1628 resurrectionem
2007 1587 2225 1630 retinuerit
2238 1588 2337 1631 ibid.
2350 1612 2406 1621 —

1526 1654 1638 1696 idem
1666 1665 1764 1711 post
1792 1658 2135 1700 resurrectionem
2165 1658 2311 1701 clausis
2339 1659 2405 1701 ia—

1527 1726 1616 1766 nuis
1651 1719 1886 1781 ⁴ingreditur
1927 1728 2027 1770 ibid.
2077 1753 2128 1761 --
2204 1730 2405 1786 apostolis

1525 1798 1739 1853 praecepit
1762 1798 1981 1840 veritatem
2010 1799 2162 1842 docere
2192 1810 2235 1843 et
2261 1801 2406 1858 bapti-

1526 1883 1622 1910 zare
1644 1868 1687 1909 in
1714 1883 1826 1911 nom.
1851 1870 1979 1926 patris
2004 1880 2048 1913 et
2072 1872 2144 1914 filii
2172 1881 2214 1914 et
2237 1873 2404 1929 spiritus

1524 1940 1657 1980 sancti
1687 1943 1754 1982 50.
2205 1949 2209 1953 ”

1472 2009 1624 2051 Christi
1660 2010 1890 2054 incarnatio
1923 2027 2064 2055 omnes
2106 2014 2266 2069 fugavit
2298 2015 2404 2058 hae-

1525 2095 1638 2122 reses
1668 2085 1739 2124 47.
1771 2107 1826 2116 --
1898 2093 1942 2126 et
1985 2085 2156 2127 verbum
2190 2086 2302 2128 idem
2341 2095 2406 2128 est

1525 2153 1709 2209 genitum
1749 2155 1801 2196 ab
1843 2163 2014 2197 aeterno
2052 2156 2154 2197 ibid.
2185 2180 2238 2189 -
2296 2170 2403 2221 fluo-

1527 2225 1652 2266 modo
1676 2239 1727 2267 ex
1759 2226 1891 2267 Maria
1916 2227 2080 2282 genitus
2113 2235 2157 2268 et
2178 2237 2403 2283 conceptus

1527 2295 1580 2337 de
1608 2296 1754 2352 spiritu
1785 2305 1929 2339 sancto
1956 2297 2057 2341 ibid.
2089 2322 2145 2330 ——
2202 2299 2402 2342 nativita-

1526 2368 1580 2408 tis
1614 2367 1699 2408 eius
1730 2367 1952 2424 descriptio
1981 2373 2052 2410 48.

1474 2438 1655 2479 Christus
1684 2453 1756 2480 cur
1781 2439 1940 2482 decima
1965 2448 2110 2496 quarta
2134 2440 2231 2484 luna
2260 2456 2403 2497 passus

1526 2514 1624 2551 421.

1474 2581 1679 2623 Christum
1703 2597 1845 2623 verum
1876 2597 1965 2623 esse
1991 2582 2113 2625 deum
2138 2587 2230 2625 143.
2260 2574 2318 2616 ὲ·-
2361 2591 2405 2625 et

1528 2668 1578 2694 ex
1615 2652 1773 2709 virgine
1811 2662 1955 2695 natum
1993 2653 2081 2696 sine
2115 2654 2222 2696 virili
2247 2653 2404 2697 semine

1529 2728 1624 2765 144.

1472 2796 1681 2837 Christum
1721 2795 1848 2837 filium
1889 2795 1956 2837 dei
1990 2796 2102 2838 nulla
2130 2796 2291 2839 ratione
2321 2796 2404 2839 diei

1527 2876 1755 2908 creaturam
1786 2881 1908 2922 posse
1939 2870 2034 2907 759.

1473 2938 1656 2979 Christus
1674 2937 1773 2993 legis
1794 2938 2156 2993 complementum,
2181 2940 2274 2995 quia
2287 2938 2402 2982 Chri-

1525 3019 1611 3050 stus
1644 3017 1685 3050 et
1715 3009 1782 3049 lex
1811 3023 1975 3050 omnem
2005 3009 2181 3066 implent
2208 3009 2401 3052 iustitiam

1526 3083 1627 3121 369.

1472 3151 1654 3192 Christus
1682 3151 1901 3203 sacerdos,
1945 3160 1990 3193 et
2025 3152 2292 3206 sacrificium,
2333 3151 2403 3194 vi·-

1525 3223 1672 3273 etima,
1726 3222 1882 3274 altare,
1931 3222 2062 3274 deus,
2110 3223 2262 3276 homo,
2311 3235 2401 3271 rex,

1525 3293 1743 3348 pontifex,
1775 3294 1890 3344 ovis,
1922 3308 2050 3349 agnus
2077 3296 2173 3334 472.

1471 3363 1619 3404 Christi
1643 3364 1886 3405 sacrificium
1916 3364 2051 3406 omnia
2079 3362 2254 3405 extinxit
2276 3364 2401 3406 sacri-

1524 3435 1615 3476 ficia
1646 3438 1742 3476 360.

1472 3506 1621 3549 Christi
1650 3506 1817 3548 nomina
1839 3505 1926 3548 sive
1947 3503 2158 3556 attributa,
2190 3519 2295 3561 quae
2317 3507 2400 3549 illis

1524 3586 1720 3634 aptantur
1750 3580 1843 3618 758.

1471 3649 1654 3690 Christus
1683 3656 1833 3703 sponte
1861 3661 1934 3687 sua
1962 3660 2102 3700 passus
2125 3656 2188 3689 est
2216 3652 2283 3690 74.

1473 3719 1653 3760 Christus
1684 3717 1862 3772 Iosepho
1891 3725 2065 3771 apparet
2094 3718 2230 3773 primo
2259 3722 2355 3762 132.

1472 3788 1622 3830 Christi
1647 3788 1732 3830 vita
1764 3786 1906 3829 ordine
1940 3786 2101 3842 digesta
2138 3798 2181 3831 et
2212 3790 2400 3848 exposita

1523 3862 1621 3900 439.
