<?xml version="1.0" encoding="UTF-8"?>
<!DOCTYPE html PUBLIC "-//W3C//DTD XHTML 1.0 Transitional//EN"
    "http://www.w3.org/TR/xhtml1/DTD/xhtml1-transitional.dtd">
<html xmlns="http://www.w3.org/1999/xhtml" xml:lang="en" lang="en">
 <head>
  <title>
</title>
<meta http-equiv="Content-Type" content="text/html;charset=utf-8" />
  <meta name='ocr-system' content='tesseract 3.04.00' />
  <meta name='ocr-capabilities' content='ocr_page ocr_carea ocr_par ocr_line ocrx_word'/>
</head>
<body>
  <div class='ocr_page' id='page_1' title='image "./pt3corporishaere02epipuoft_0069.png"; bbox 0 0 2508 4134; ppageno 0'>
   <div class='ocr_carea' id='block_1_1' title="bbox 510 260 2002 321">
    <p class='ocr_par' dir='ltr' id='par_1_1' title="bbox 510 260 2002 321">
     <span class='ocr_line' id='line_1_1' title="bbox 510 260 2002 321; baseline -0.006 -3"><span class='ocrx_word' id='word_1_1' title='bbox 510 276 729 318; x_wconf 78' lang='lat' dir='ltr'><strong>PANARH</strong></span> <span class='ocrx_word' id='word_1_2' title='bbox 760 275 860 316; x_wconf 79' lang='lat' dir='ltr'><strong>Lm.</strong></span> <span class='ocrx_word' id='word_1_3' title='bbox 896 275 963 315; x_wconf 83' lang='grc' dir='ltr'><strong>ΠΙ.</strong></span> <span class='ocrx_word' id='word_1_4' title='bbox 994 274 1127 321; x_wconf 74' lang='lat' dir='ltr'><strong>ToM,</strong></span> <span class='ocrx_word' id='word_1_5' title='bbox 1162 276 1190 315; x_wconf 85' lang='lat' dir='ltr'><strong>l.</strong></span> <span class='ocrx_word' id='word_1_6' title='bbox 1223 275 1382 317; x_wconf 75' lang='lat' dir='ltr'><strong>HAER.</strong></span> <span class='ocrx_word' id='word_1_7' title='bbox 1415 273 1591 315; x_wconf 85' lang='lat' dir='ltr'><strong>LXXII.</strong></span> <span class='ocrx_word' id='word_1_8' title='bbox 1937 260 2002 310; x_wconf 78' lang='grc'><strong>59</strong></span> 
     </span>
    </p>
   </div>
   <div class='ocr_carea' id='block_1_2' title="bbox 91 369 2248 3545">
    <p class='ocr_par' dir='ltr' id='par_1_2' title="bbox 104 369 2004 525">
     <span class='ocr_line' id='line_1_2' title="bbox 105 369 2002 440; baseline -0.004 -13"><span class='ocrx_word' id='word_1_9' title='bbox 105 377 385 440; x_wconf 84' lang='lat' dir='ltr'><strong>inanimam,</strong></span> <span class='ocrx_word' id='word_1_10' title='bbox 437 382 486 425; x_wconf 90' lang='lat' dir='ltr'><strong>et</strong></span> <span class='ocrx_word' id='word_1_11' title='bbox 512 374 713 424; x_wconf 88' lang='lat' dir='ltr'><strong>humana</strong></span> <span class='ocrx_word' id='word_1_12' title='bbox 754 373 907 424; x_wconf 88' lang='lat' dir='ltr'><strong>solum</strong></span> <span class='ocrx_word' id='word_1_13' title='bbox 939 380 1041 422; x_wconf 87' lang='lat' dir='ltr'><strong>arte</strong></span> <span class='ocrx_word' id='word_1_14' title='bbox 1074 380 1395 423; x_wconf 77' lang='lat' dir='ltr'><strong>constantem.</strong></span> <span class='ocrx_word' id='word_1_15' title='bbox 1470 370 1697 423; x_wconf 79' lang='lat' dir='ltr'><strong>Viventis</strong></span> <span class='ocrx_word' id='word_1_16' title='bbox 1731 378 1887 420; x_wconf 88' lang='lat' dir='ltr'><strong>autem</strong></span> <span class='ocrx_word' id='word_1_17' title='bbox 1927 369 2002 419; x_wconf 90' lang='lat' dir='ltr'><strong>dei</strong></span> 
     </span>
     <span class='ocr_line' id='line_1_3' title="bbox 104 456 2004 525; baseline -0.004 -14"><span class='ocrx_word' id='word_1_18' title='bbox 104 462 344 511; x_wconf 88' lang='lat' dir='ltr'><strong>viventem</strong></span> <span class='ocrx_word' id='word_1_19' title='bbox 388 458 642 525; x_wconf 80' lang='lat' dir='ltr'><strong>imaginem</strong></span> <span class='ocrx_word' id='word_1_20' title='bbox 676 473 785 506; x_wconf 91' lang='lat' dir='ltr'><strong>esse</strong></span> <span class='ocrx_word' id='word_1_21' title='bbox 818 472 1001 523; x_wconf 86' lang='lat' dir='ltr'><strong>negas,</strong></span> <span class='ocrx_word' id='word_1_22' title='bbox 1058 463 1140 506; x_wconf 86' lang='lat' dir='ltr'><strong>aut</strong></span> <span class='ocrx_word' id='word_1_23' title='bbox 1165 457 1425 506; x_wconf 87' lang='lat' dir='ltr'><strong>essentiam</strong></span> <span class='ocrx_word' id='word_1_24' title='bbox 1455 456 1723 518; x_wconf 85' lang='lat' dir='ltr'><strong>essentiae,</strong></span> <span class='ocrx_word' id='word_1_25' title='bbox 1779 462 1861 504; x_wconf 87' lang='lat' dir='ltr'><strong>aut</strong></span> <span class='ocrx_word' id='word_1_26' title='bbox 1888 471 2004 503; x_wconf 90' lang='lat' dir='ltr'><strong>con-</strong></span> 
     </span>
    </p>

    <p class='ocr_par' dir='ltr' id='par_1_3' title="bbox 101 537 2005 695">
     <span class='ocr_line' id='line_1_4' title="bbox 101 537 2004 609; baseline -0.005 -14"><span class='ocrx_word' id='word_1_27' title='bbox 101 543 225 606; x_wconf 90' lang='lat' dir='ltr'><strong>silii,</strong></span> <span class='ocrx_word' id='word_1_28' title='bbox 282 541 475 593; x_wconf 88' lang='lat' dir='ltr'><strong>virtutis</strong></span> <span class='ocrx_word' id='word_1_29' title='bbox 501 558 556 592; x_wconf 90' lang='lat' dir='ltr'><strong>ac</strong></span> <span class='ocrx_word' id='word_1_30' title='bbox 583 540 793 609; x_wconf 85' lang='lat' dir='ltr'><strong>gloriae,</strong></span> <span class='ocrx_word' id='word_1_31' title='bbox 845 539 1096 590; x_wconf 87' lang='lat' dir='ltr'><strong>consilinm</strong></span> <span class='ocrx_word' id='word_1_32' title='bbox 1115 578 1128 603; x_wconf 88' lang='lat'>‚</span> <span class='ocrx_word' id='word_1_33' title='bbox 1181 538 1408 589; x_wconf 90' lang='lat' dir='ltr'><strong>virtutem</strong></span> <span class='ocrx_word' id='word_1_34' title='bbox 1440 557 1495 589; x_wconf 90' lang='lat' dir='ltr'><strong>ac</strong></span> <span class='ocrx_word' id='word_1_35' title='bbox 1525 540 1754 607; x_wconf 71' lang='lat' dir='ltr'><strong>gloriam,</strong></span> <span class='ocrx_word' id='word_1_36' title='bbox 1807 545 1857 588; x_wconf 90' lang='lat' dir='ltr'><strong>ut</strong></span> <span class='ocrx_word' id='word_1_37' title='bbox 1886 537 2004 588; x_wconf 88' lang='lat' dir='ltr'><strong>haec</strong></span> 
     </span>
     <span class='ocr_line' id='line_1_5' title="bbox 101 620 2005 695; baseline -0.004 -17"><span class='ocrx_word' id='word_1_38' title='bbox 101 628 260 695; x_wconf 83' lang='lat' dir='ltr'><strong>imago</strong></span> <span class='ocrx_word' id='word_1_39' title='bbox 293 626 351 676; x_wconf 89' lang='lat' dir='ltr'><strong>ab</strong></span> <span class='ocrx_word' id='word_1_40' title='bbox 388 643 445 676; x_wconf 91' lang='lat' dir='ltr'><strong>eo</strong></span> <span class='ocrx_word' id='word_1_41' title='bbox 478 625 613 676; x_wconf 89' lang='lat' dir='ltr'><strong>cuius</strong></span> <span class='ocrx_word' id='word_1_42' title='bbox 653 624 813 691; x_wconf 85' lang='lat' dir='ltr'><strong>imago</strong></span> <span class='ocrx_word' id='word_1_43' title='bbox 851 630 926 673; x_wconf 90' lang='lat' dir='ltr'><strong>est</strong></span> <span class='ocrx_word' id='word_1_44' title='bbox 959 623 1087 674; x_wconf 88' lang='lat' dir='ltr'><strong>nulla</strong></span> <span class='ocrx_word' id='word_1_45' title='bbox 1114 622 1160 672; x_wconf 89' lang='lat' dir='ltr'><strong>in</strong></span> <span class='ocrx_word' id='word_1_46' title='bbox 1192 639 1243 672; x_wconf 91' lang='lat' dir='ltr'><strong>re</strong></span> <span class='ocrx_word' id='word_1_47' title='bbox 1271 622 1529 690; x_wconf 80' lang='lat' dir='ltr'><strong>discrepet.</strong></span> <span class='ocrx_word' id='word_1_48' title='bbox 1608 620 1706 673; x_wconf 90' lang='lat' dir='ltr'><strong>lam</strong></span> <span class='ocrx_word' id='word_1_49' title='bbox 1740 640 1844 674; x_wconf 87' lang='lat' dir='ltr'><strong>cum</strong></span> <span class='ocrx_word' id='word_1_50' title='bbox 1875 621 2005 672; x_wconf 88' lang='lat' dir='ltr'><strong>nulla</strong></span> 
     </span>
    </p>

    <p class='ocr_par' dir='ltr' id='par_1_4' title="bbox 101 705 2006 776">
     <span class='ocr_line' id='line_1_6' title="bbox 101 705 2006 776; baseline -0.002 -16"><span class='ocrx_word' id='word_1_51' title='bbox 101 727 154 760; x_wconf 92' lang='lat' dir='ltr'><strong>re</strong></span> <span class='ocrx_word' id='word_1_52' title='bbox 183 710 456 776; x_wconf 78' lang='lat' dir='ltr'><strong>discrepare</strong></span> <span class='ocrx_word' id='word_1_53' title='bbox 487 708 687 770; x_wconf 90' lang='lat' dir='ltr'><strong>dicitur,</strong></span> <span class='ocrx_word' id='word_1_54' title='bbox 728 724 823 757; x_wconf 91' lang='lat' dir='ltr'><strong>non</strong></span> <span class='ocrx_word' id='word_1_55' title='bbox 852 707 1047 772; x_wconf 87' lang='lat' dir='ltr'><strong>perinde</strong></span> <span class='ocrx_word' id='word_1_56' title='bbox 1082 715 1157 756; x_wconf 91' lang='lat' dir='ltr'><strong>est</strong></span> <span class='ocrx_word' id='word_1_57' title='bbox 1186 723 1240 756; x_wconf 88' lang='lat' dir='ltr'><strong>ac</strong></span> <span class='ocrx_word' id='word_1_58' title='bbox 1267 705 1306 755; x_wconf 91' lang='lat' dir='ltr'><strong>si</strong></span> <span class='ocrx_word' id='word_1_59' title='bbox 1334 705 1594 773; x_wconf 82' lang='lat' dir='ltr'><strong>ingenitam</strong></span> <span class='ocrx_word' id='word_1_60' title='bbox 1625 723 1733 756; x_wconf 90' lang='lat' dir='ltr'><strong>esse</strong></span> <span class='ocrx_word' id='word_1_61' title='bbox 1763 706 2006 756; x_wconf 74' lang='lat' dir='ltr'><strong>fateremi-</strong></span> 
     </span>
    </p>

    <p class='ocr_par' dir='ltr' id='par_1_5' title="bbox 101 789 2005 858">
     <span class='ocr_line' id='line_1_7' title="bbox 101 789 2005 858; baseline -0.002 -15"><span class='ocrx_word' id='word_1_62' title='bbox 101 794 178 857; x_wconf 89' lang='lat' dir='ltr'><strong>ni,</strong></span> <span class='ocrx_word' id='word_1_63' title='bbox 235 795 316 842; x_wconf 90' lang='lat' dir='ltr'><strong>sed</strong></span> <span class='ocrx_word' id='word_1_64' title='bbox 348 791 461 842; x_wconf 91' lang='lat' dir='ltr'><strong>illud</strong></span> <span class='ocrx_word' id='word_1_65' title='bbox 490 792 642 842; x_wconf 90' lang='lat' dir='ltr'><strong>solum</strong></span> <span class='ocrx_word' id='word_1_66' title='bbox 674 790 975 854; x_wconf 83' lang='lat' dir='ltr'><strong>ostenditur,</strong></span> <span class='ocrx_word' id='word_1_67' title='bbox 1030 790 1086 840; x_wconf 87' lang='lat' dir='ltr'><strong>ad</strong></span> <span class='ocrx_word' id='word_1_68' title='bbox 1128 798 1358 858; x_wconf 85' lang='lat' dir='ltr'><strong>paternae</strong></span> <span class='ocrx_word' id='word_1_69' title='bbox 1400 789 1624 838; x_wconf 89' lang='lat' dir='ltr'><strong>bonitatis</strong></span> <span class='ocrx_word' id='word_1_70' title='bbox 1665 799 1712 839; x_wconf 92' lang='lat' dir='ltr'><strong>et</strong></span> <span class='ocrx_word' id='word_1_71' title='bbox 1742 789 2005 841; x_wconf 88' lang='lat' dir='ltr'><strong>divinitatis</strong></span> 
     </span>
    </p>

    <p class='ocr_par' dir='ltr' id='par_1_6' title="bbox 100 872 2181 1280">
     <span class='ocr_line' id='line_1_8' title="bbox 101 872 2004 942; baseline -0.002 -16"><span class='ocrx_word' id='word_1_72' title='bbox 101 886 146 926; x_wconf 90' lang='lat' dir='ltr'><strong>et</strong></span> <span class='ocrx_word' id='word_1_73' title='bbox 178 874 381 926; x_wconf 91' lang='lat' dir='ltr'><strong>actionis</strong></span> <span class='ocrx_word' id='word_1_74' title='bbox 412 876 567 926; x_wconf 90' lang='lat' dir='ltr'><strong>omnis</strong></span> <span class='ocrx_word' id='word_1_75' title='bbox 607 874 856 942; x_wconf 88' lang='lat' dir='ltr'><strong>exemplar</strong></span> <span class='ocrx_word' id='word_1_76' title='bbox 890 872 1205 924; x_wconf 82' lang='lat' dir='ltr'><strong>exactissime</strong></span> <span class='ocrx_word' id='word_1_77' title='bbox 1252 872 1701 939; x_wconf 86' lang='lat' dir='ltr'><strong>absolutissimeque</strong></span> <span class='ocrx_word' id='word_1_78' title='bbox 1732 891 1840 923; x_wconf 88' lang='lat' dir='ltr'><strong>esse</strong></span> <span class='ocrx_word' id='word_1_79' title='bbox 1876 873 2004 923; x_wconf 90' lang='lat' dir='ltr'><strong>illam</strong></span> 
     </span>
     <span class='ocr_line' id='line_1_9' title="bbox 101 957 2169 1041; baseline -0.002 -31"><span class='ocrx_word' id='word_1_80' title='bbox 101 976 403 1027; x_wconf 85' lang='lat' dir='ltr'><strong>expressam.</strong></span> <span class='ocrx_word' id='word_1_81' title='bbox 479 957 667 1009; x_wconf 84' lang='lat' dir='ltr'><strong>Deinde</strong></span> <span class='ocrx_word' id='word_1_82' title='bbox 693 958 832 1027; x_wconf 90' lang='lat' dir='ltr'><strong>paulo</strong></span> <span class='ocrx_word' id='word_1_83' title='bbox 861 966 993 1026; x_wconf 84' lang='lat' dir='ltr'><strong>post:</strong></span> <span class='ocrx_word' id='word_1_84' title='bbox 1036 961 1170 1007; x_wconf 76' lang='lat' dir='ltr'><strong>Muta</strong></span> <span class='ocrx_word' id='word_1_85' title='bbox 1199 967 1277 1006; x_wconf 80' lang='lat' dir='ltr'><strong>tua</strong></span> <span class='ocrx_word' id='word_1_86' title='bbox 1307 960 1390 1006; x_wconf 78' lang='lat' dir='ltr'><strong>illa</strong></span> <span class='ocrx_word' id='word_1_87' title='bbox 1418 975 1517 1005; x_wconf 78' lang='lat' dir='ltr'><strong>esse</strong></span> <span class='ocrx_word' id='word_1_88' title='bbox 1540 959 1698 1005; x_wconf 83' lang='lat' dir='ltr'><strong>dolosa</strong></span> <span class='ocrx_word' id='word_1_89' title='bbox 1720 959 1842 1006; x_wconf 77' lang='lat' dir='ltr'><strong>labia</strong></span> <span class='ocrx_word' id='word_1_90' title='bbox 1871 976 2006 1022; x_wconf 80' lang='lat' dir='ltr'><strong>opor·-</strong></span> <span class='ocrx_word' id='word_1_91' title='bbox 2030 963 2169 1041; x_wconf 49' lang='grc' dir='ltr'><strong>Ιέῗαῐιίιό</strong></span> 
     </span>
     <span class='ocr_line' id='line_1_10' title="bbox 101 1031 2181 1109; baseline -0.002 -15"><span class='ocrx_word' id='word_1_92' title='bbox 101 1046 248 1104; x_wconf 82' lang='lat' dir='ltr'><strong>tebat,</strong></span> <span class='ocrx_word' id='word_1_93' title='bbox 304 1061 420 1109; x_wconf 80' lang='lat' dir='ltr'><strong>quae</strong></span> <span class='ocrx_word' id='word_1_94' title='bbox 460 1046 713 1108; x_wconf 78' lang='lat' dir='ltr'><strong>loquuntur</strong></span> <span class='ocrx_word' id='word_1_95' title='bbox 737 1044 959 1090; x_wconf 81' lang='lat' dir='ltr'><strong>adversus</strong></span> <span class='ocrx_word' id='word_1_96' title='bbox 998 1045 1128 1091; x_wconf 81' lang='lat' dir='ltr'><strong>deum</strong></span> <span class='ocrx_word' id='word_1_97' title='bbox 1160 1045 1432 1090; x_wconf 65' lang='lat' dir='ltr'><strong>iniustitiam</strong></span> <span class='ocrx_word' id='word_1_98' title='bbox 1462 1058 1563 1089; x_wconf 80' lang='lat' dir='ltr'><strong>eum</strong></span> <span class='ocrx_word' id='word_1_99' title='bbox 1590 1043 1805 1105; x_wconf 74' lang='lat' dir='ltr'><strong>superbia</strong></span> <span class='ocrx_word' id='word_1_100' title='bbox 1832 1051 1880 1090; x_wconf 83' lang='lat' dir='ltr'><strong>et</strong></span> <span class='ocrx_word' id='word_1_101' title='bbox 1899 1060 2006 1091; x_wconf 82' lang='lat' dir='ltr'><strong>con·</strong></span> <span class='ocrx_word' id='word_1_102' title='bbox 2093 1032 2103 1051; x_wconf 85' lang='lat'>’</span> <span class='ocrx_word' id='word_1_103' title='bbox 2173 1031 2181 1040; x_wconf 68' lang='grc'><strong>’</strong></span> 
     </span>
     <span class='ocr_line' id='line_1_11' title="bbox 102 1122 2007 1194; baseline -0.002 -16"><span class='ocrx_word' id='word_1_104' title='bbox 102 1139 287 1194; x_wconf 67' lang='lat' dir='ltr'><strong>[emptu.</strong></span> <span class='ocrx_word' id='word_1_105' title='bbox 345 1125 727 1179; x_wconf 81' lang='lat' dir='ltr'><strong>Etenimsolus</strong></span> <span class='ocrx_word' id='word_1_106' title='bbox 756 1125 908 1176; x_wconf 90' lang='lat' dir='ltr'><strong>solum</strong></span> <span class='ocrx_word' id='word_1_107' title='bbox 950 1134 1084 1194; x_wconf 88' lang='lat' dir='ltr'><strong>pater</strong></span> <span class='ocrx_word' id='word_1_108' title='bbox 1107 1125 1300 1178; x_wconf 88' lang='lat' dir='ltr'><strong>unicum</strong></span> <span class='ocrx_word' id='word_1_109' title='bbox 1332 1125 1474 1174; x_wconf 83' lang='lat' dir='ltr'><strong>filium</strong></span> <span class='ocrx_word' id='word_1_110' title='bbox 1509 1125 1694 1190; x_wconf 88' lang='lat' dir='ltr'><strong>genuit.</strong></span> <span class='ocrx_word' id='word_1_111' title='bbox 1774 1122 2007 1191; x_wconf 89' lang='lat' dir='ltr'><strong>Quamvis</strong></span> 
     </span>
     <span class='ocr_line' id='line_1_12' title="bbox 100 1207 2007 1280; baseline -0.002 -18"><span class='ocrx_word' id='word_1_112' title='bbox 100 1212 292 1263; x_wconf 90' lang='lat' dir='ltr'><strong>minime</strong></span> <span class='ocrx_word' id='word_1_113' title='bbox 322 1211 369 1262; x_wconf 86' lang='lat' dir='ltr'><strong>id</strong></span> <span class='ocrx_word' id='word_1_114' title='bbox 401 1209 486 1262; x_wconf 87' lang='lat' dir='ltr'><strong>tibi</strong></span> <span class='ocrx_word' id='word_1_115' title='bbox 511 1209 697 1280; x_wconf 74' lang='lat' dir='ltr'><strong>placeat</strong></span> <span class='ocrx_word' id='word_1_116' title='bbox 715 1231 743 1274; x_wconf 92' lang='lat'><strong>,·</strong></span> <span class='ocrx_word' id='word_1_117' title='bbox 784 1209 859 1259; x_wconf 79' lang='lat' dir='ltr'><strong>cui</strong></span> <span class='ocrx_word' id='word_1_118' title='bbox 899 1209 1024 1259; x_wconf 89' lang='lat' dir='ltr'><strong>aliud</strong></span> <span class='ocrx_word' id='word_1_119' title='bbox 1063 1210 1204 1260; x_wconf 92' lang='lat' dir='ltr'><strong>modo</strong></span> <span class='ocrx_word' id='word_1_120' title='bbox 1239 1209 1412 1278; x_wconf 86' lang='lat' dir='ltr'><strong>placet.</strong></span> <span class='ocrx_word' id='word_1_121' title='bbox 1488 1207 1663 1277; x_wconf 87' lang='lat' dir='ltr'><strong>Neque</strong></span> <span class='ocrx_word' id='word_1_122' title='bbox 1690 1226 1808 1259; x_wconf 89' lang='lat' dir='ltr'><strong>vero</strong></span> <span class='ocrx_word' id='word_1_123' title='bbox 1836 1226 1861 1258; x_wconf 91' lang='lat' dir='ltr'><strong>a</strong></span> <span class='ocrx_word' id='word_1_124' title='bbox 1891 1227 2007 1276; x_wconf 91' lang='lat' dir='ltr'><strong>quo-</strong></span> 
     </span>
    </p>

    <p class='ocr_par' dir='ltr' id='par_1_7' title="bbox 100 1292 2007 1362">
     <span class='ocr_line' id='line_1_13' title="bbox 100 1292 2007 1362; baseline -0.003 -15"><span class='ocrx_word' id='word_1_125' title='bbox 100 1298 206 1347; x_wconf 90' lang='lat' dir='ltr'><strong>dam</strong></span> <span class='ocrx_word' id='word_1_126' title='bbox 234 1294 684 1346; x_wconf 80' lang='lat' dir='ltr'><strong>Valentinianorum</strong></span> <span class='ocrx_word' id='word_1_127' title='bbox 716 1294 938 1344; x_wconf 88' lang='lat' dir='ltr'><strong>Aeonum</strong></span> <span class='ocrx_word' id='word_1_128' title='bbox 983 1292 1217 1362; x_wconf 89' lang='lat' dir='ltr'><strong>principio</strong></span> <span class='ocrx_word' id='word_1_129' title='bbox 1250 1293 1369 1342; x_wconf 88' lang='lat' dir='ltr'><strong>filius</strong></span> <span class='ocrx_word' id='word_1_130' title='bbox 1412 1293 1677 1360; x_wconf 79' lang='lat' dir='ltr'><strong>processit,</strong></span> <span class='ocrx_word' id='word_1_131' title='bbox 1734 1293 1816 1343; x_wconf 90' lang='lat' dir='ltr'><strong>sed</strong></span> <span class='ocrx_word' id='word_1_132' title='bbox 1848 1311 1874 1343; x_wconf 92' lang='lat' dir='ltr'><strong>a</strong></span> <span class='ocrx_word' id='word_1_133' title='bbox 1902 1293 2007 1344; x_wconf 91' lang='lat' dir='ltr'><strong>solo</strong></span> 
     </span>
    </p>

    <p class='ocr_par' dir='ltr' id='par_1_8' title="bbox 101 1376 2009 1449">
     <span class='ocr_line' id='line_1_14' title="bbox 101 1376 2009 1449; baseline -0.002 -19"><span class='ocrx_word' id='word_1_134' title='bbox 101 1389 236 1449; x_wconf 89' lang='lat' dir='ltr'><strong>patre</strong></span> <span class='ocrx_word' id='word_1_135' title='bbox 262 1379 453 1447; x_wconf 89' lang='lat' dir='ltr'><strong>genitus</strong></span> <span class='ocrx_word' id='word_1_136' title='bbox 481 1386 583 1442; x_wconf 67' lang='lat' dir='ltr'><strong>est,</strong></span> <span class='ocrx_word' id='word_1_137' title='bbox 639 1379 752 1428; x_wconf 90' lang='lat' dir='ltr'><strong>item</strong></span> <span class='ocrx_word' id='word_1_138' title='bbox 783 1379 1027 1446; x_wconf 76' lang='lat' dir='ltr'><strong>perfectus</strong></span> <span class='ocrx_word' id='word_1_139' title='bbox 1065 1378 1324 1445; x_wconf 80' lang='lat' dir='ltr'><strong>perfectum</strong></span> <span class='ocrx_word' id='word_1_140' title='bbox 1354 1376 1539 1444; x_wconf 86' lang='lat' dir='ltr'><strong>genuit.</strong></span> <span class='ocrx_word' id='word_1_141' title='bbox 1614 1376 1749 1428; x_wconf 87' lang='lat' dir='ltr'><strong>Nihil</strong></span> <span class='ocrx_word' id='word_1_142' title='bbox 1780 1376 1904 1427; x_wconf 89' lang='lat' dir='ltr'><strong>enim</strong></span> <span class='ocrx_word' id='word_1_143' title='bbox 1937 1378 2009 1427; x_wconf 91' lang='lat' dir='ltr'><strong>in-</strong></span> 
     </span>
    </p>

    <p class='ocr_par' dir='ltr' id='par_1_9' title="bbox 102 1461 2010 1616">
     <span class='ocr_line' id='line_1_15' title="bbox 103 1461 2008 1531; baseline -0.001 -17"><span class='ocrx_word' id='word_1_144' title='bbox 103 1473 176 1514; x_wconf 86' lang='lat' dir='ltr'><strong>est</strong></span> <span class='ocrx_word' id='word_1_145' title='bbox 204 1464 534 1531; x_wconf 78' lang='lat' dir='ltr'><strong>imperfectum</strong></span> <span class='ocrx_word' id='word_1_146' title='bbox 558 1462 605 1512; x_wconf 92' lang='lat' dir='ltr'><strong>in</strong></span> <span class='ocrx_word' id='word_1_147' title='bbox 638 1470 803 1531; x_wconf 83' lang='lat' dir='ltr'><strong>patre3</strong></span> <span class='ocrx_word' id='word_1_148' title='bbox 854 1461 963 1511; x_wconf 89' lang='lat' dir='ltr'><strong>ideo</strong></span> <span class='ocrx_word' id='word_1_149' title='bbox 999 1478 1088 1511; x_wconf 91' lang='lat' dir='ltr'><strong>nec</strong></span> <span class='ocrx_word' id='word_1_150' title='bbox 1118 1462 1165 1511; x_wconf 92' lang='lat' dir='ltr'><strong>in</strong></span> <span class='ocrx_word' id='word_1_151' title='bbox 1191 1461 1287 1511; x_wconf 84' lang='lat' dir='ltr'><strong>filio</strong></span> <span class='ocrx_word' id='word_1_152' title='bbox 1320 1470 1476 1529; x_wconf 87' lang='lat' dir='ltr'><strong>potest</strong></span> <span class='ocrx_word' id='word_1_153' title='bbox 1501 1461 1690 1524; x_wconf 87' lang='lat' dir='ltr'><strong>inesse,</strong></span> <span class='ocrx_word' id='word_1_154' title='bbox 1745 1479 1851 1512; x_wconf 89' lang='lat' dir='ltr'><strong>cum</strong></span> <span class='ocrx_word' id='word_1_155' title='bbox 1882 1462 2008 1512; x_wconf 90' lang='lat' dir='ltr'><strong>illius</strong></span> 
     </span>
     <span class='ocr_line' id='line_1_16' title="bbox 102 1544 2010 1616; baseline -0.001 -18"><span class='ocrx_word' id='word_1_156' title='bbox 102 1546 413 1616; x_wconf 80' lang='lat' dir='ltr'><strong>perfectionis</strong></span> <span class='ocrx_word' id='word_1_157' title='bbox 457 1563 577 1613; x_wconf 90' lang='lat' dir='ltr'><strong>quae</strong></span> <span class='ocrx_word' id='word_1_158' title='bbox 618 1544 963 1614; x_wconf 82' lang='lat' dir='ltr'><strong>perfectionem</strong></span> <span class='ocrx_word' id='word_1_159' title='bbox 999 1562 1187 1595; x_wconf 85' lang='lat' dir='ltr'><strong>omnem</strong></span> <span class='ocrx_word' id='word_1_160' title='bbox 1236 1554 1434 1614; x_wconf 87' lang='lat' dir='ltr'><strong>superat</strong></span> <span class='ocrx_word' id='word_1_161' title='bbox 1471 1563 1730 1612; x_wconf 88' lang='lat' dir='ltr'><strong>germanus</strong></span> <span class='ocrx_word' id='word_1_162' title='bbox 1762 1547 1917 1596; x_wconf 88' lang='lat' dir='ltr'><strong>foetus</strong></span> <span class='ocrx_word' id='word_1_163' title='bbox 1947 1547 2010 1596; x_wconf 89' lang='lat' dir='ltr'><strong>sit</strong></span> 
     </span>
    </p>

    <p class='ocr_par' dir='ltr' id='par_1_10' title="bbox 97 1627 2008 2037">
     <span class='ocr_line' id='line_1_17' title="bbox 105 1627 2008 1699; baseline 0 -18"><span class='ocrx_word' id='word_1_164' title='bbox 105 1631 183 1681; x_wconf 84' lang='lat' dir='ltr'><strong>filii</strong></span> <span class='ocrx_word' id='word_1_165' title='bbox 224 1630 475 1698; x_wconf 80' lang='lat' dir='ltr'><strong>perfectiO.</strong></span> <span class='ocrx_word' id='word_1_166' title='bbox 555 1627 651 1681; x_wconf 90' lang='lat' dir='ltr'><strong>Sed</strong></span> <span class='ocrx_word' id='word_1_167' title='bbox 694 1638 740 1679; x_wconf 88' lang='lat' dir='ltr'><strong>et</strong></span> <span class='ocrx_word' id='word_1_168' title='bbox 776 1647 866 1679; x_wconf 85' lang='lat' dir='ltr'><strong>rex</strong></span> <span class='ocrx_word' id='word_1_169' title='bbox 902 1646 1064 1696; x_wconf 87' lang='lat' dir='ltr'><strong>regem</strong></span> <span class='ocrx_word' id='word_1_170' title='bbox 1108 1629 1292 1696; x_wconf 87' lang='lat' dir='ltr'><strong>genuit.</strong></span> <span class='ocrx_word' id='word_1_171' title='bbox 1372 1627 1557 1679; x_wconf 87' lang='lat' dir='ltr'><strong>Pietate</strong></span> <span class='ocrx_word' id='word_1_172' title='bbox 1599 1631 1769 1699; x_wconf 90' lang='lat' dir='ltr'><strong>quippe</strong></span> <span class='ocrx_word' id='word_1_173' title='bbox 1803 1648 2008 1681; x_wconf 88' lang='lat' dir='ltr'><strong>consen-</strong></span> 
     </span>
     <span class='ocr_line' id='line_1_18' title="bbox 104 1713 2005 1782; baseline 0.001 -18"><span class='ocrx_word' id='word_1_174' title='bbox 104 1724 295 1764; x_wconf 88' lang='lat' dir='ltr'><strong>taneum</strong></span> <span class='ocrx_word' id='word_1_175' title='bbox 324 1722 398 1764; x_wconf 90' lang='lat' dir='ltr'><strong>est</strong></span> <span class='ocrx_word' id='word_1_176' title='bbox 430 1730 636 1781; x_wconf 89' lang='lat' dir='ltr'><strong>regnare</strong></span> <span class='ocrx_word' id='word_1_177' title='bbox 662 1714 830 1776; x_wconf 69' lang='lat' dir='ltr'><strong>deum,</strong></span> <span class='ocrx_word' id='word_1_178' title='bbox 887 1731 992 1763; x_wconf 90' lang='lat' dir='ltr'><strong>cum</strong></span> <span class='ocrx_word' id='word_1_179' title='bbox 1026 1713 1216 1764; x_wconf 87' lang='lat' dir='ltr'><strong>interim</strong></span> <span class='ocrx_word' id='word_1_180' title='bbox 1256 1714 1447 1782; x_wconf 85' lang='lat' dir='ltr'><strong>genitus</strong></span> <span class='ocrx_word' id='word_1_181' title='bbox 1487 1723 1597 1764; x_wconf 91' lang='lat' dir='ltr'><strong>ante</strong></span> <span class='ocrx_word' id='word_1_182' title='bbox 1632 1715 1825 1765; x_wconf 87' lang='lat' dir='ltr'><strong>saecula</strong></span> <span class='ocrx_word' id='word_1_183' title='bbox 1864 1716 2005 1777; x_wconf 80' lang='lat' dir='ltr'><strong>lilius,</strong></span> 
     </span>
     <span class='ocr_line' id='line_1_19' title="bbox 98 1796 2008 1866; baseline 0.002 -20"><span class='ocrx_word' id='word_1_184' title='bbox 98 1797 317 1864; x_wconf 88' lang='lat' dir='ltr'><strong>idemque</strong></span> <span class='ocrx_word' id='word_1_185' title='bbox 347 1813 437 1847; x_wconf 85' lang='lat' dir='ltr'><strong>rex</strong></span> <span class='ocrx_word' id='word_1_186' title='bbox 468 1814 618 1865; x_wconf 90' lang='lat' dir='ltr'><strong>regno</strong></span> <span class='ocrx_word' id='word_1_187' title='bbox 648 1796 846 1847; x_wconf 86' lang='lat' dir='ltr'><strong>alterius</strong></span> <span class='ocrx_word' id='word_1_188' title='bbox 876 1798 1151 1860; x_wconf 90' lang='lat' dir='ltr'><strong>subiectus,</strong></span> <span class='ocrx_word' id='word_1_189' title='bbox 1194 1815 1279 1866; x_wconf 91' lang='lat' dir='ltr'><strong>per</strong></span> <span class='ocrx_word' id='word_1_190' title='bbox 1310 1815 1447 1865; x_wconf 88' lang='lat' dir='ltr'><strong>quem</strong></span> <span class='ocrx_word' id='word_1_191' title='bbox 1479 1798 1629 1866; x_wconf 90' lang='lat' dir='ltr'><strong>ipsius</strong></span> <span class='ocrx_word' id='word_1_192' title='bbox 1663 1815 1812 1866; x_wconf 89' lang='lat' dir='ltr'><strong>regno</strong></span> <span class='ocrx_word' id='word_1_193' title='bbox 1844 1808 2008 1850; x_wconf 83' lang='lat' dir='ltr'><strong>cetera</strong></span> 
     </span>
     <span class='ocr_line' id='line_1_20' title="bbox 98 1881 2008 1952; baseline 0.002 -21"><span class='ocrx_word' id='word_1_194' title='bbox 98 1882 371 1940; x_wconf 84' lang='lat' dir='ltr'><strong>subiacent,</strong></span> <span class='ocrx_word' id='word_1_195' title='bbox 422 1881 688 1945; x_wconf 84' lang='lat' dir='ltr'><strong>subiectum</strong></span> <span class='ocrx_word' id='word_1_196' title='bbox 727 1898 780 1930; x_wconf 91' lang='lat' dir='ltr'><strong>se</strong></span> <span class='ocrx_word' id='word_1_197' title='bbox 808 1898 917 1931; x_wconf 88' lang='lat' dir='ltr'><strong>esse</strong></span> <span class='ocrx_word' id='word_1_198' title='bbox 945 1890 1083 1948; x_wconf 88' lang='lat' dir='ltr'><strong>grato</strong></span> <span class='ocrx_word' id='word_1_199' title='bbox 1113 1883 1271 1932; x_wconf 89' lang='lat' dir='ltr'><strong>animo</strong></span> <span class='ocrx_word' id='word_1_200' title='bbox 1307 1883 1530 1932; x_wconf 83' lang='lat' dir='ltr'><strong>fateatur.</strong></span> <span class='ocrx_word' id='word_1_201' title='bbox 1605 1881 1720 1938; x_wconf 90' lang='lat' dir='ltr'><strong>Non</strong></span> <span class='ocrx_word' id='word_1_202' title='bbox 1753 1883 1878 1934; x_wconf 91' lang='lat' dir='ltr'><strong>enim</strong></span> <span class='ocrx_word' id='word_1_203' title='bbox 1912 1884 2008 1952; x_wconf 87' lang='lat' dir='ltr'><strong>pri-</strong></span> 
     </span>
     <span class='ocr_line' id='line_1_21' title="bbox 97 1964 2008 2037; baseline 0.003 -23"><span class='ocrx_word' id='word_1_204' title='bbox 97 1974 290 2027; x_wconf 89' lang='lat' dir='ltr'><strong>vatum,</strong></span> <span class='ocrx_word' id='word_1_205' title='bbox 330 1965 415 2015; x_wconf 89' lang='lat' dir='ltr'><strong>sed</strong></span> <span class='ocrx_word' id='word_1_206' title='bbox 447 1981 610 2032; x_wconf 90' lang='lat' dir='ltr'><strong>regem</strong></span> <span class='ocrx_word' id='word_1_207' title='bbox 643 1964 773 2015; x_wconf 89' lang='lat' dir='ltr'><strong>illum</strong></span> <span class='ocrx_word' id='word_1_208' title='bbox 806 1965 975 2033; x_wconf 89' lang='lat' dir='ltr'><strong>genuit</strong></span> <span class='ocrx_word' id='word_1_209' title='bbox 999 1966 1133 2032; x_wconf 90' lang='lat' dir='ltr'><strong>regni</strong></span> <span class='ocrx_word' id='word_1_210' title='bbox 1164 1966 1236 2016; x_wconf 91' lang='lat' dir='ltr'><strong>sui</strong></span> <span class='ocrx_word' id='word_1_211' title='bbox 1264 1975 1423 2034; x_wconf 67' lang='lat' dir='ltr'><strong>pater,</strong></span> <span class='ocrx_word' id='word_1_212' title='bbox 1484 1968 1606 2034; x_wconf 91' lang='lat' dir='ltr'><strong>quod</strong></span> <span class='ocrx_word' id='word_1_213' title='bbox 1639 1984 1793 2035; x_wconf 89' lang='lat' dir='ltr'><strong>neque</strong></span> <span class='ocrx_word' id='word_1_214' title='bbox 1825 1977 2008 2037; x_wconf 90' lang='lat' dir='ltr'><strong>tempo-</strong></span> 
     </span>
    </p>

    <p class='ocr_par' dir='ltr' id='par_1_11' title="bbox 100 2048 2009 2205">
     <span class='ocr_line' id='line_1_22' title="bbox 105 2048 2009 2117; baseline 0.002 -18"><span class='ocrx_word' id='word_1_215' title='bbox 105 2050 171 2100; x_wconf 91' lang='lat' dir='ltr'><strong>ris</strong></span> <span class='ocrx_word' id='word_1_216' title='bbox 205 2048 369 2112; x_wconf 80' lang='lat' dir='ltr'><strong>initio,</strong></span> <span class='ocrx_word' id='word_1_217' title='bbox 429 2065 584 2116; x_wconf 89' lang='lat' dir='ltr'><strong>neque</strong></span> <span class='ocrx_word' id='word_1_218' title='bbox 616 2048 741 2099; x_wconf 89' lang='lat' dir='ltr'><strong>vitae</strong></span> <span class='ocrx_word' id='word_1_219' title='bbox 780 2048 872 2098; x_wconf 88' lang='lat' dir='ltr'><strong>line</strong></span> <span class='ocrx_word' id='word_1_220' title='bbox 915 2050 1326 2117; x_wconf 87' lang='lat' dir='ltr'><strong>circumscriptum</strong></span> <span class='ocrx_word' id='word_1_221' title='bbox 1357 2059 1448 2100; x_wconf 91' lang='lat' dir='ltr'><strong>est.</strong></span> <span class='ocrx_word' id='word_1_222' title='bbox 1527 2048 1766 2116; x_wconf 83' lang='lat' dir='ltr'><strong>Quoniam</strong></span> <span class='ocrx_word' id='word_1_223' title='bbox 1807 2053 1911 2104; x_wconf 90' lang='lat' dir='ltr'><strong>eius</strong></span> <span class='ocrx_word' id='word_1_224' title='bbox 1940 2053 2009 2103; x_wconf 92' lang='lat' dir='ltr'><strong>di-</strong></span> 
     </span>
     <span class='ocr_line' id='line_1_23' title="bbox 100 2133 2004 2205; baseline 0.002 -22"><span class='ocrx_word' id='word_1_225' title='bbox 100 2133 261 2201; x_wconf 87' lang='lat' dir='ltr'><strong>gnitas</strong></span> <span class='ocrx_word' id='word_1_226' title='bbox 294 2151 395 2205; x_wconf 68' lang='lat' dir='ltr'><strong>non⁸</strong></span> <span class='ocrx_word' id='word_1_227' title='bbox 427 2133 736 2184; x_wconf 87' lang='lat' dir='ltr'><strong>extrinsecus</strong></span> <span class='ocrx_word' id='word_1_228' title='bbox 769 2133 978 2195; x_wconf 89' lang='lat' dir='ltr'><strong>adscita,</strong></span> <span class='ocrx_word' id='word_1_229' title='bbox 1020 2134 1101 2183; x_wconf 91' lang='lat' dir='ltr'><strong>sed</strong></span> <span class='ocrx_word' id='word_1_230' title='bbox 1134 2142 1182 2183; x_wconf 92' lang='lat' dir='ltr'><strong>ut</strong></span> <span class='ocrx_word' id='word_1_231' title='bbox 1210 2133 1258 2183; x_wconf 90' lang='lat' dir='ltr'><strong>in</strong></span> <span class='ocrx_word' id='word_1_232' title='bbox 1291 2142 1454 2201; x_wconf 89' lang='lat' dir='ltr'><strong>patre,</strong></span> <span class='ocrx_word' id='word_1_233' title='bbox 1512 2152 1538 2183; x_wconf 92' lang='lat' dir='ltr'><strong>a</strong></span> <span class='ocrx_word' id='word_1_234' title='bbox 1571 2153 1663 2202; x_wconf 90' lang='lat' dir='ltr'><strong>quo</strong></span> <span class='ocrx_word' id='word_1_235' title='bbox 1693 2136 1883 2202; x_wconf 86' lang='lat' dir='ltr'><strong>genitus</strong></span> <span class='ocrx_word' id='word_1_236' title='bbox 1911 2147 2004 2201; x_wconf 87' lang='lat' dir='ltr'><strong>est,</strong></span> 
     </span>
    </p>

    <p class='ocr_par' dir='ltr' id='par_1_12' title="bbox 98 2214 2237 2710">
     <span class='ocr_line' id='line_1_24' title="bbox 105 2214 2237 2286; baseline 0.002 -20"><span class='ocrx_word' id='word_1_237' title='bbox 105 2218 160 2267; x_wconf 90' lang='lat' dir='ltr'><strong>ad</strong></span> <span class='ocrx_word' id='word_1_238' title='bbox 191 2216 451 2267; x_wconf 85' lang='lat' dir='ltr'><strong>essentiam</strong></span> <span class='ocrx_word' id='word_1_239' title='bbox 484 2217 635 2284; x_wconf 88' lang='lat' dir='ltr'><strong>ipsam</strong></span> <span class='ocrx_word' id='word_1_240' title='bbox 666 2217 894 2285; x_wconf 87' lang='lat' dir='ltr'><strong>pertinet.</strong></span> <span class='ocrx_word' id='word_1_241' title='bbox 972 2214 1047 2268; x_wconf 92' lang='lat' dir='ltr'><strong>Ob</strong></span> <span class='ocrx_word' id='word_1_242' title='bbox 1079 2217 1122 2267; x_wconf 89' lang='lat' dir='ltr'><strong>id</strong></span> <span class='ocrx_word' id='word_1_243' title='bbox 1156 2218 1383 2286; x_wconf 90' lang='lat' dir='ltr'><strong>scriptum</strong></span> <span class='ocrx_word' id='word_1_244' title='bbox 1414 2217 1526 2268; x_wconf 91' lang='lat' dir='ltr'><strong>illud</strong></span> <span class='ocrx_word' id='word_1_245' title='bbox 1557 2228 1660 2283; x_wconf 90' lang='lat' dir='ltr'><strong>est,</strong></span> <span class='ocrx_word' id='word_1_246' title='bbox 1700 2224 1765 2269; x_wconf 80' lang='lat' dir='ltr'><strong>Ec</strong></span> <span class='ocrx_word' id='word_1_247' title='bbox 1790 2226 1930 2286; x_wconf 77' lang='lat' dir='ltr'><strong>regni</strong></span> <span class='ocrx_word' id='word_1_248' title='bbox 1951 2226 2007 2271; x_wconf 79' lang='lat' dir='ltr'><strong>z‘l-</strong></span> <span class='ocrx_word' id='word_1_249' title='bbox 2029 2234 2119 2270; x_wconf 77' lang='lat' dir='ltr'><strong>Luc.</strong></span> <span class='ocrx_word' id='word_1_250' title='bbox 2137 2235 2169 2279; x_wconf 83' lang='lat'><strong>1,</strong></span> <span class='ocrx_word' id='word_1_251' title='bbox 2184 2235 2237 2270; x_wconf 80' lang='grc'><strong>33.</strong></span> 
     </span>
     <span class='ocr_line' id='line_1_25' title="bbox 103 2299 2009 2368; baseline 0.004 -19"><span class='ocrx_word' id='word_1_252' title='bbox 103 2304 192 2350; x_wconf 75' lang='lat' dir='ltr'><strong>llus</strong></span> <span class='ocrx_word' id='word_1_253' title='bbox 234 2319 324 2350; x_wconf 84' lang='lat' dir='ltr'><strong>non</strong></span> <span class='ocrx_word' id='word_1_254' title='bbox 362 2303 611 2367; x_wconf 77' lang='lat' dir='ltr'><strong>erz‘tfim&#39;s.</strong></span> <span class='ocrx_word' id='word_1_255' title='bbox 701 2299 886 2351; x_wconf 88' lang='lat' dir='ltr'><strong>Eodem</strong></span> <span class='ocrx_word' id='word_1_256' title='bbox 937 2302 1077 2352; x_wconf 91' lang='lat' dir='ltr'><strong>modo</strong></span> <span class='ocrx_word' id='word_1_257' title='bbox 1125 2311 1172 2351; x_wconf 91' lang='lat' dir='ltr'><strong>et</strong></span> <span class='ocrx_word' id='word_1_258' title='bbox 1214 2302 1433 2352; x_wconf 87' lang='lat' dir='ltr'><strong>dominus</strong></span> <span class='ocrx_word' id='word_1_259' title='bbox 1475 2302 1743 2368; x_wconf 87' lang='lat' dir='ltr'><strong>dominum,</strong></span> <span class='ocrx_word' id='word_1_260' title='bbox 1804 2315 1853 2355; x_wconf 87' lang='lat' dir='ltr'><strong>et</strong></span> <span class='ocrx_word' id='word_1_261' title='bbox 1893 2307 2009 2356; x_wconf 89' lang='lat' dir='ltr'><strong>deus</strong></span> 
     </span>
     <span class='ocr_line' id='line_1_26' title="bbox 103 2383 2005 2454; baseline 0.003 -20"><span class='ocrx_word' id='word_1_262' title='bbox 103 2385 271 2447; x_wconf 90' lang='lat' dir='ltr'><strong>deum,</strong></span> <span class='ocrx_word' id='word_1_263' title='bbox 313 2383 382 2434; x_wconf 86' lang='lat' dir='ltr'><strong>uti</strong></span> <span class='ocrx_word' id='word_1_264' title='bbox 412 2402 500 2435; x_wconf 92' lang='lat' dir='ltr'><strong>nos</strong></span> <span class='ocrx_word' id='word_1_265' title='bbox 528 2383 819 2447; x_wconf 83' lang='lat' dir='ltr'><strong>asserimus,</strong></span> <span class='ocrx_word' id='word_1_266' title='bbox 874 2386 1057 2454; x_wconf 85' lang='lat' dir='ltr'><strong>genuit.</strong></span> <span class='ocrx_word' id='word_1_267' title='bbox 1136 2386 1326 2453; x_wconf 88' lang='lat' dir='ltr'><strong>Atque,</strong></span> <span class='ocrx_word' id='word_1_268' title='bbox 1383 2395 1434 2436; x_wconf 86' lang='lat' dir='ltr'><strong>ut</strong></span> <span class='ocrx_word' id='word_1_269' title='bbox 1462 2405 1555 2436; x_wconf 92' lang='lat' dir='ltr'><strong>uno</strong></span> <span class='ocrx_word' id='word_1_270' title='bbox 1587 2388 1736 2438; x_wconf 89' lang='lat' dir='ltr'><strong>verbo</strong></span> <span class='ocrx_word' id='word_1_271' title='bbox 1766 2389 2005 2454; x_wconf 85' lang='lat' dir='ltr'><strong>definiam,</strong></span> 
     </span>
     <span class='ocr_line' id='line_1_27' title="bbox 103 2468 2009 2537; baseline 0.003 -19"><span class='ocrx_word' id='word_1_272' title='bbox 103 2468 376 2531; x_wconf 88' lang='lat' dir='ltr'><strong>essentiae,</strong></span> <span class='ocrx_word' id='word_1_273' title='bbox 418 2469 632 2531; x_wconf 90' lang='lat' dir='ltr'><strong>consilii,</strong></span> <span class='ocrx_word' id='word_1_274' title='bbox 674 2468 893 2533; x_wconf 87' lang='lat' dir='ltr'><strong>virtutis,</strong></span> <span class='ocrx_word' id='word_1_275' title='bbox 936 2479 983 2520; x_wconf 89' lang='lat' dir='ltr'><strong>et</strong></span> <span class='ocrx_word' id='word_1_276' title='bbox 1007 2470 1191 2537; x_wconf 87' lang='lat' dir='ltr'><strong>gloriae</strong></span> <span class='ocrx_word' id='word_1_277' title='bbox 1217 2488 1311 2520; x_wconf 92' lang='lat' dir='ltr'><strong>non</strong></span> <span class='ocrx_word' id='word_1_278' title='bbox 1339 2479 1510 2520; x_wconf 88' lang='lat' dir='ltr'><strong>mutam</strong></span> <span class='ocrx_word' id='word_1_279' title='bbox 1543 2489 1598 2522; x_wconf 89' lang='lat' dir='ltr'><strong>ac</strong></span> <span class='ocrx_word' id='word_1_280' title='bbox 1628 2482 1862 2523; x_wconf 84' lang='lat' dir='ltr'><strong>mortuam</strong></span> <span class='ocrx_word' id='word_1_281' title='bbox 1890 2474 2009 2525; x_wconf 88' lang='lat' dir='ltr'><strong>ima-</strong></span> 
     </span>
     <span class='ocr_line' id='line_1_28' title="bbox 102 2553 2010 2624; baseline 0.003 -22"><span class='ocrx_word' id='word_1_282' title='bbox 102 2553 289 2620; x_wconf 86' lang='lat' dir='ltr'><strong>ginem,</strong></span> <span class='ocrx_word' id='word_1_283' title='bbox 343 2553 427 2604; x_wconf 89' lang='lat' dir='ltr'><strong>sed</strong></span> <span class='ocrx_word' id='word_1_284' title='bbox 457 2553 667 2603; x_wconf 85' lang='lat' dir='ltr'><strong>essentia</strong></span> <span class='ocrx_word' id='word_1_285' title='bbox 697 2554 1093 2621; x_wconf 87' lang='lat' dir='ltr'><strong>consultandique</strong></span> <span class='ocrx_word' id='word_1_286' title='bbox 1125 2554 1171 2604; x_wconf 86' lang='lat' dir='ltr'><strong>vi</strong></span> <span class='ocrx_word' id='word_1_287' title='bbox 1206 2555 1495 2623; x_wconf 87' lang='lat' dir='ltr'><strong>praeditam,</strong></span> <span class='ocrx_word' id='word_1_288' title='bbox 1549 2574 1605 2606; x_wconf 88' lang='lat' dir='ltr'><strong>ac</strong></span> <span class='ocrx_word' id='word_1_289' title='bbox 1635 2566 1874 2624; x_wconf 88' lang='lat' dir='ltr'><strong>potentem</strong></span> <span class='ocrx_word' id='word_1_290' title='bbox 1894 2597 1906 2620; x_wconf 91' lang='lat'><strong>,</strong></span> <span class='ocrx_word' id='word_1_291' title='bbox 1962 2568 2010 2609; x_wconf 92' lang='lat' dir='ltr'><strong>et</strong></span> 
     </span>
     <span class='ocr_line' id='line_1_29' title="bbox 98 2637 2007 2710; baseline 0.003 -24"><span class='ocrx_word' id='word_1_292' title='bbox 98 2638 356 2705; x_wconf 82' lang='lat' dir='ltr'><strong>gloriosam</strong></span> <span class='ocrx_word' id='word_1_293' title='bbox 404 2654 514 2687; x_wconf 89' lang='lat' dir='ltr'><strong>esse</strong></span> <span class='ocrx_word' id='word_1_294' title='bbox 553 2637 873 2688; x_wconf 88' lang='lat' dir='ltr'><strong>defendimus.</strong></span> <span class='ocrx_word' id='word_1_295' title='bbox 953 2637 1120 2689; x_wconf 90' lang='lat' dir='ltr'><strong>Virtus</strong></span> <span class='ocrx_word' id='word_1_296' title='bbox 1162 2640 1286 2689; x_wconf 90' lang='lat' dir='ltr'><strong>enim</strong></span> <span class='ocrx_word' id='word_1_297' title='bbox 1329 2639 1701 2690; x_wconf 84' lang='lat' dir='ltr'><strong>imbecillitatem</strong></span> <span class='ocrx_word' id='word_1_298' title='bbox 1735 2660 1828 2691; x_wconf 92' lang='lat' dir='ltr'><strong>non</strong></span> <span class='ocrx_word' id='word_1_299' title='bbox 1860 2660 2007 2710; x_wconf 50' lang='lat' dir='ltr'><strong>genem</strong></span> 
     </span>
    </p>

    <p class='ocr_par' dir='ltr' id='par_1_13' title="bbox 98 2721 2007 2877">
     <span class='ocr_line' id='line_1_30' title="bbox 101 2721 2006 2793; baseline 0.004 -23"><span class='ocrx_word' id='word_1_300' title='bbox 101 2730 199 2784; x_wconf 88' lang='lat' dir='ltr'><strong>rat,</strong></span> <span class='ocrx_word' id='word_1_301' title='bbox 241 2721 324 2771; x_wconf 90' lang='lat' dir='ltr'><strong>sed</strong></span> <span class='ocrx_word' id='word_1_302' title='bbox 351 2721 502 2793; x_wconf 86' lang='lat' dir='ltr'><strong>ipsam</strong></span> <span class='ocrx_word' id='word_1_303' title='bbox 534 2738 620 2789; x_wconf 90' lang='lat' dir='ltr'><strong>per</strong></span> <span class='ocrx_word' id='word_1_304' title='bbox 645 2739 754 2773; x_wconf 83' lang='lat' dir='ltr'><strong>sese</strong></span> <span class='ocrx_word' id='word_1_305' title='bbox 779 2721 1026 2773; x_wconf 88' lang='lat' dir='ltr'><strong>virtutem.</strong></span> <span class='ocrx_word' id='word_1_306' title='bbox 1107 2721 1173 2773; x_wconf 91' lang='lat' dir='ltr'><strong>lta</strong></span> <span class='ocrx_word' id='word_1_307' title='bbox 1201 2723 1353 2791; x_wconf 87' lang='lat' dir='ltr'><strong>gloria</strong></span> <span class='ocrx_word' id='word_1_308' title='bbox 1380 2742 1473 2774; x_wconf 92' lang='lat' dir='ltr'><strong>non</strong></span> <span class='ocrx_word' id='word_1_309' title='bbox 1502 2724 1847 2792; x_wconf 86' lang='lat' dir='ltr'><strong>ignobilitatem</strong></span> <span class='ocrx_word' id='word_1_310' title='bbox 1867 2766 1880 2790; x_wconf 92' lang='lat'>‚</span> <span class='ocrx_word' id='word_1_311' title='bbox 1922 2728 2006 2778; x_wconf 90' lang='lat' dir='ltr'><strong>sed</strong></span> 
     </span>
     <span class='ocr_line' id='line_1_31' title="bbox 98 2805 2007 2877; baseline 0.003 -22"><span class='ocrx_word' id='word_1_312' title='bbox 98 2805 331 2871; x_wconf 82' lang='lat' dir='ltr'><strong>gloriam3</strong></span> <span class='ocrx_word' id='word_1_313' title='bbox 391 2805 641 2856; x_wconf 87' lang='lat' dir='ltr'><strong>consilium</strong></span> <span class='ocrx_word' id='word_1_314' title='bbox 678 2823 771 2855; x_wconf 89' lang='lat' dir='ltr'><strong>non</strong></span> <span class='ocrx_word' id='word_1_315' title='bbox 802 2806 989 2856; x_wconf 87' lang='lat' dir='ltr'><strong>consilii</strong></span> <span class='ocrx_word' id='word_1_316' title='bbox 1020 2825 1197 2875; x_wconf 86' lang='lat' dir='ltr'><strong>expers</strong></span> <span class='ocrx_word' id='word_1_317' title='bbox 1226 2808 1400 2876; x_wconf 87' lang='lat' dir='ltr'><strong>aliquid</strong></span> <span class='ocrx_word' id='word_1_318' title='bbox 1419 2848 1432 2872; x_wconf 88' lang='lat'><strong>,</strong></span> <span class='ocrx_word' id='word_1_319' title='bbox 1485 2810 1567 2858; x_wconf 88' lang='lat' dir='ltr'><strong>sed</strong></span> <span class='ocrx_word' id='word_1_320' title='bbox 1596 2819 1643 2859; x_wconf 90' lang='lat' dir='ltr'><strong>et</strong></span> <span class='ocrx_word' id='word_1_321' title='bbox 1670 2810 1821 2877; x_wconf 91' lang='lat' dir='ltr'><strong>ipsum</strong></span> <span class='ocrx_word' id='word_1_322' title='bbox 1849 2812 2007 2861; x_wconf 85' lang='lat' dir='ltr'><strong>consi-</strong></span> 
     </span>
    </p>

    <p class='ocr_par' dir='ltr' id='par_1_14' title="bbox 94 2889 2004 3131">
     <span class='ocr_line' id='line_1_32' title="bbox 94 2889 2004 2960; baseline 0.004 -22"><span class='ocrx_word' id='word_1_323' title='bbox 94 2890 240 2953; x_wconf 81' lang='lat' dir='ltr'><strong>lium3</strong></span> <span class='ocrx_word' id='word_1_324' title='bbox 299 2890 512 2940; x_wconf 84' lang='lat' dir='ltr'><strong>essentia</strong></span> <span class='ocrx_word' id='word_1_325' title='bbox 554 2889 757 2957; x_wconf 89' lang='lat' dir='ltr'><strong>denique</strong></span> <span class='ocrx_word' id='word_1_326' title='bbox 799 2908 892 2940; x_wconf 91' lang='lat' dir='ltr'><strong>non</strong></span> <span class='ocrx_word' id='word_1_327' title='bbox 923 2891 1134 2942; x_wconf 87' lang='lat' dir='ltr'><strong>essentia</strong></span> <span class='ocrx_word' id='word_1_328' title='bbox 1166 2909 1338 2942; x_wconf 86' lang='lat' dir='ltr'><strong>carens</strong></span> <span class='ocrx_word' id='word_1_329' title='bbox 1368 2893 1573 2960; x_wconf 89' lang='lat' dir='ltr'><strong>aliquid,</strong></span> <span class='ocrx_word' id='word_1_330' title='bbox 1629 2896 1711 2944; x_wconf 88' lang='lat' dir='ltr'><strong>sed</strong></span> <span class='ocrx_word' id='word_1_331' title='bbox 1746 2897 2004 2946; x_wconf 87' lang='lat' dir='ltr'><strong>essentiam</strong></span> 
     </span>
     <span class='ocr_line' id='line_1_33' title="bbox 96 2972 2003 3048; baseline 0.004 -26"><span class='ocrx_word' id='word_1_332' title='bbox 96 2972 267 3040; x_wconf 86' lang='lat' dir='ltr'><strong>gignit.</strong></span> <span class='ocrx_word' id='word_1_333' title='bbox 345 2972 511 3041; x_wconf 83' lang='lat' dir='ltr'><strong>Quare</strong></span> <span class='ocrx_word' id='word_1_334' title='bbox 542 2973 741 3024; x_wconf 90' lang='lat' dir='ltr'><strong>verbum</strong></span> <span class='ocrx_word' id='word_1_335' title='bbox 780 2974 931 3042; x_wconf 89' lang='lat' dir='ltr'><strong>ipsum</strong></span> <span class='ocrx_word' id='word_1_336' title='bbox 962 2974 1120 3042; x_wconf 88' lang='lat' dir='ltr'><strong>imago</strong></span> <span class='ocrx_word' id='word_1_337' title='bbox 1153 2977 1270 3027; x_wconf 90' lang='lat' dir='ltr'><strong>deus</strong></span> <span class='ocrx_word' id='word_1_338' title='bbox 1304 2986 1405 3040; x_wconf 89' lang='lat' dir='ltr'><strong>est,</strong></span> <span class='ocrx_word' id='word_1_339' title='bbox 1461 2978 1726 3046; x_wconf 89' lang='lat' dir='ltr'><strong>vivensque</strong></span> <span class='ocrx_word' id='word_1_340' title='bbox 1769 2980 2003 3048; x_wconf 88' lang='lat' dir='ltr'><strong>sapientia</strong></span> 
     </span>
     <span class='ocr_line' id='line_1_34' title="bbox 95 3057 2002 3131; baseline 0.003 -24"><span class='ocrx_word' id='word_1_341' title='bbox 95 3057 391 3121; x_wconf 84' lang='lat' dir='ltr'><strong>subsistens,</strong></span> <span class='ocrx_word' id='word_1_342' title='bbox 434 3058 633 3108; x_wconf 89' lang='lat' dir='ltr'><strong>verbum</strong></span> <span class='ocrx_word' id='word_1_343' title='bbox 665 3058 862 3119; x_wconf 86' lang='lat' dir='ltr'><strong>efficax,</strong></span> <span class='ocrx_word' id='word_1_344' title='bbox 904 3068 952 3108; x_wconf 90' lang='lat' dir='ltr'><strong>et</strong></span> <span class='ocrx_word' id='word_1_345' title='bbox 980 3060 1130 3122; x_wconf 82' lang='lat' dir='ltr'><strong>filius,</strong></span> <span class='ocrx_word' id='word_1_346' title='bbox 1172 3061 1434 3129; x_wconf 85' lang='lat' dir='ltr'><strong>eademque</strong></span> <span class='ocrx_word' id='word_1_347' title='bbox 1465 3061 1543 3112; x_wconf 87' lang='lat' dir='ltr'><strong>illa</strong></span> <span class='ocrx_word' id='word_1_348' title='bbox 1574 3063 1807 3131; x_wconf 87' lang='lat' dir='ltr'><strong>sapientia</strong></span> <span class='ocrx_word' id='word_1_349' title='bbox 1836 3080 2002 3113; x_wconf 90' lang='lat' dir='ltr'><strong>essen-</strong></span> 
     </span>
    </p>

    <p class='ocr_par' dir='ltr' id='par_1_15' title="bbox 92 3141 2242 3294">
     <span class='ocr_line' id='line_1_35' title="bbox 95 3141 2242 3219; baseline 0.003 -29"><span class='ocrx_word' id='word_1_350' title='bbox 95 3141 205 3191; x_wconf 86' lang='lat' dir='ltr'><strong>tiam</strong></span> <span class='ocrx_word' id='word_1_351' title='bbox 252 3141 411 3191; x_wconf 87' lang='lat' dir='ltr'><strong>habet.</strong></span> <span class='ocrx_word' id='word_1_352' title='bbox 489 3141 624 3192; x_wconf 89' lang='lat' dir='ltr'><strong>Haec</strong></span> <span class='ocrx_word' id='word_1_353' title='bbox 663 3143 786 3191; x_wconf 89' lang='lat' dir='ltr'><strong>enim</strong></span> <span class='ocrx_word' id='word_1_354' title='bbox 829 3152 902 3192; x_wconf 89' lang='lat' dir='ltr'><strong>est</strong></span> <span class='ocrx_word' id='word_1_355' title='bbox 945 3161 1037 3210; x_wconf 87' lang='lat' dir='ltr'><strong>qua</strong></span> <span class='ocrx_word' id='word_1_356' title='bbox 1078 3161 1131 3194; x_wconf 91' lang='lat' dir='ltr'><strong>se</strong></span> <span class='ocrx_word' id='word_1_357' title='bbox 1163 3145 1371 3211; x_wconf 87' lang='lat' dir='ltr'><strong>quotidie</strong></span> <span class='ocrx_word' id='word_1_358' title='bbox 1410 3150 1522 3195; x_wconf 74' lang='lat' dir='ltr'><strong>deus</strong></span> <span class='ocrx_word' id='word_1_359' title='bbox 1561 3149 1842 3206; x_wconf 80' lang='lat' dir='ltr'><strong>oblectabat,</strong></span> <span class='ocrx_word' id='word_1_360' title='bbox 1900 3166 2242 3219; x_wconf 56' lang='lat' dir='ltr'><strong>cumptov,S‚30</strong></span> 
     </span>
     <span class='ocr_line' id='line_1_36' title="bbox 92 3225 1999 3294; baseline 0.004 -21"><span class='ocrx_word' id='word_1_361' title='bbox 92 3227 300 3274; x_wconf 76' lang='lat' dir='ltr'><strong>absoluto</strong></span> <span class='ocrx_word' id='word_1_362' title='bbox 327 3235 557 3274; x_wconf 74' lang='lat' dir='ltr'><strong>terrarum</strong></span> <span class='ocrx_word' id='word_1_363' title='bbox 585 3228 694 3274; x_wconf 81' lang='lat' dir='ltr'><strong>orbe</strong></span> <span class='ocrx_word' id='word_1_364' title='bbox 714 3229 966 3290; x_wconf 76' lang='lat' dir='ltr'><strong>gaudebat.</strong></span> <span class='ocrx_word' id='word_1_365' title='bbox 1047 3225 1183 3292; x_wconf 84' lang='lat' dir='ltr'><strong>Quae</strong></span> <span class='ocrx_word' id='word_1_366' title='bbox 1213 3228 1398 3294; x_wconf 85' lang='lat' dir='ltr'><strong>quidem</strong></span> <span class='ocrx_word' id='word_1_367' title='bbox 1432 3232 1587 3279; x_wconf 83' lang='lat' dir='ltr'><strong>omnia</strong></span> <span class='ocrx_word' id='word_1_368' title='bbox 1619 3249 1723 3279; x_wconf 85' lang='lat' dir='ltr'><strong>cum</strong></span> <span class='ocrx_word' id='word_1_369' title='bbox 1754 3239 1822 3289; x_wconf 85' lang='lat' dir='ltr'><strong>tu,</strong></span> <span class='ocrx_word' id='word_1_370' title='bbox 1866 3228 1999 3279; x_wconf 84' lang='lat' dir='ltr'><strong>Mar-</strong></span> 
     </span>
    </p>

    <p class='ocr_par' dir='ltr' id='par_1_16' title="bbox 91 3309 2248 3545">
     <span class='ocr_line' id='line_1_37' title="bbox 94 3309 2182 3380; baseline 0.002 -22"><span class='ocrx_word' id='word_1_371' title='bbox 94 3309 240 3371; x_wconf 89' lang='lat' dir='ltr'><strong>celle,</strong></span> <span class='ocrx_word' id='word_1_372' title='bbox 300 3326 459 3359; x_wconf 90' lang='lat' dir='ltr'><strong>coram</strong></span> <span class='ocrx_word' id='word_1_373' title='bbox 502 3310 770 3361; x_wconf 88' lang='lat' dir='ltr'><strong>bominibus</strong></span> <span class='ocrx_word' id='word_1_374' title='bbox 811 3329 988 3378; x_wconf 84' lang='lat' dir='ltr'><strong>neges,</strong></span> <span class='ocrx_word' id='word_1_375' title='bbox 1043 3313 1234 3375; x_wconf 75' lang='lat' dir='ltr'><strong>negabit</strong></span> <span class='ocrx_word' id='word_1_376' title='bbox 1258 3323 1306 3360; x_wconf 78' lang='lat' dir='ltr'><strong>ec·</strong></span> <span class='ocrx_word' id='word_1_377' title='bbox 1330 3316 1412 3361; x_wconf 74' lang='lat' dir='ltr'><strong>illa</strong></span> <span class='ocrx_word' id='word_1_378' title='bbox 1446 3324 1489 3362; x_wconf 80' lang='lat' dir='ltr'><strong>te</strong></span> <span class='ocrx_word' id='word_1_379' title='bbox 1514 3332 1667 3362; x_wconf 73' lang='lat' dir='ltr'><strong>coram</strong></span> <span class='ocrx_word' id='word_1_380' title='bbox 1700 3324 1863 3378; x_wconf 75' lang='lat' dir='ltr'><strong>patre,</strong></span> <span class='ocrx_word' id='word_1_381' title='bbox 1921 3319 2006 3380; x_wconf 72' lang='lat' dir='ltr'><strong>que·</strong></span> <span class='ocrx_word' id='word_1_382' title='bbox 2047 3328 2182 3363; x_wconf 76' lang='lat' dir='ltr'><strong>Matth.</strong></span> 
     </span>
     <span class='ocr_line' id='line_1_38' title="bbox 92 3372 2196 3464; baseline 0.004 -24"><span class='ocrx_word' id='word_1_383' title='bbox 92 3396 138 3440; x_wconf 81' lang='lat' dir='ltr'><strong>in</strong></span> <span class='ocrx_word' id='word_1_384' title='bbox 170 3396 309 3441; x_wconf 73' lang='lat' dir='ltr'><strong>coelis</strong></span> <span class='ocrx_word' id='word_1_385' title='bbox 333 3403 418 3442; x_wconf 82' lang='lat' dir='ltr'><strong>est.</strong></span> <span class='ocrx_word' id='word_1_386' title='bbox 473 3392 749 3460; x_wconf 82' lang='lat' dir='ltr'><strong>Negaberis</strong></span> <span class='ocrx_word' id='word_1_387' title='bbox 780 3412 896 3443; x_wconf 89' lang='lat' dir='ltr'><strong>vero</strong></span> <span class='ocrx_word' id='word_1_388' title='bbox 938 3403 1191 3461; x_wconf 86' lang='lat' dir='ltr'><strong>praeterea</strong></span> <span class='ocrx_word' id='word_1_389' title='bbox 1225 3406 1271 3445; x_wconf 87' lang='lat' dir='ltr'><strong>et</strong></span> <span class='ocrx_word' id='word_1_390' title='bbox 1301 3415 1463 3446; x_wconf 82' lang='lat' dir='ltr'><strong>coram</strong></span> <span class='ocrx_word' id='word_1_391' title='bbox 1494 3397 1718 3458; x_wconf 77' lang='lat' dir='ltr'><strong>ecelesia,</strong></span> <span class='ocrx_word' id='word_1_392' title='bbox 1762 3416 1880 3464; x_wconf 86' lang='lat' dir='ltr'><strong>quae</strong></span> <span class='ocrx_word' id='word_1_393' title='bbox 1911 3399 1998 3450; x_wconf 87' lang='lat' dir='ltr'><strong>sub</strong></span> <span class='ocrx_word' id='word_1_394' title='bbox 2070 3372 2121 3415; x_wconf 63' lang='grc' dir='ltr'><strong>ω’</strong></span> <span class='ocrx_word' id='word_1_395' title='bbox 2145 3373 2196 3407; x_wconf 68' lang='lat'><strong>33&#39;</strong></span> 
     </span>
     <span class='ocr_line' id='line_1_39' title="bbox 91 3476 2248 3545; baseline 0.006 -20"><span class='ocrx_word' id='word_1_396' title='bbox 91 3476 228 3526; x_wconf 90' lang='lat' dir='ltr'><strong>coelo</strong></span> <span class='ocrx_word' id='word_1_397' title='bbox 257 3485 358 3539; x_wconf 87' lang='lat' dir='ltr'><strong>est,</strong></span> <span class='ocrx_word' id='word_1_398' title='bbox 396 3494 515 3544; x_wconf 84' lang='lat' dir='ltr'><strong>quae</strong></span> <span class='ocrx_word' id='word_1_399' title='bbox 551 3477 723 3545; x_wconf 89' lang='lat' dir='ltr'><strong>ubique</strong></span> <span class='ocrx_word' id='word_1_400' title='bbox 758 3487 989 3529; x_wconf 88' lang='lat' dir='ltr'><strong>terrarum</strong></span> <span class='ocrx_word' id='word_1_401' title='bbox 1022 3480 1078 3528; x_wconf 91' lang='lat' dir='ltr'><strong>de</strong></span> <span class='ocrx_word' id='word_1_402' title='bbox 1113 3488 1159 3528; x_wconf 93' lang='lat' dir='ltr'><strong>te</strong></span> <span class='ocrx_word' id='word_1_403' title='bbox 1191 3480 1385 3541; x_wconf 83' lang='lat' dir='ltr'><strong>scribit,</strong></span> <span class='ocrx_word' id='word_1_404' title='bbox 1428 3484 1563 3529; x_wconf 74' lang='lat' dir='ltr'><strong>Audi</strong></span> <span class='ocrx_word' id='word_1_405' title='bbox 1585 3483 1767 3530; x_wconf 75' lang='lat' dir='ltr'><strong>verbum</strong></span> <span class='ocrx_word' id='word_1_406' title='bbox 1795 3486 1992 3534; x_wconf 76' lang='lat' dir='ltr'><strong>domz‘m‘z</strong></span> <span class='ocrx_word' id='word_1_407' title='bbox 2024 3497 2096 3533; x_wconf 84' lang='lat' dir='ltr'><strong>Ier.</strong></span> <span class='ocrx_word' id='word_1_408' title='bbox 2120 3500 2178 3543; x_wconf 82' lang='lat'><strong>22,</strong></span> <span class='ocrx_word' id='word_1_409' title='bbox 2197 3502 2248 3538; x_wconf 84' lang='grc' dir='ltr'><strong>3ο.</strong></span> 
     </span>
    </p>
   </div>
   <div class='ocr_carea' id='block_1_3' title="bbox 87 3618 1855 3730">
    <p class='ocr_par' dir='ltr' id='par_1_17' title="bbox 87 3618 1855 3730">
     <span class='ocr_line' id='line_1_40' title="bbox 87 3618 1376 3672; baseline 0.004 -18"><span class='ocrx_word' id='word_1_410' title='bbox 87 3627 205 3665; x_wconf 84' lang='lat' dir='ltr'><strong>neque</strong></span> <span class='ocrx_word' id='word_1_411' title='bbox 235 3618 274 3656; x_wconf 86' lang='lat' dir='ltr'><strong>in</strong></span> <span class='ocrx_word' id='word_1_412' title='bbox 302 3619 426 3656; x_wconf 75' lang='lat' dir='ltr'><strong>latina</strong></span> <span class='ocrx_word' id='word_1_413' title='bbox 452 3619 560 3656; x_wconf 83' lang='lat' dir='ltr'><strong>illam</strong></span> <span class='ocrx_word' id='word_1_414' title='bbox 582 3621 814 3667; x_wconf 74' lang='lat' dir='ltr'><strong>scripturam</strong></span> <span class='ocrx_word' id='word_1_415' title='bbox 839 3622 936 3659; x_wconf 77' lang='lat' dir='ltr'><strong>tueri</strong></span> <span class='ocrx_word' id='word_1_416' title='bbox 958 3622 1017 3659; x_wconf 88' lang='lat' dir='ltr'><strong>vi·</strong></span> <span class='ocrx_word' id='word_1_417' title='bbox 1073 3621 1108 3660; x_wconf 85' lang='lat' dir='ltr'><strong>h.</strong></span> <span class='ocrx_word' id='word_1_418' title='bbox 1131 3632 1162 3658; x_wconf 86' lang='lat' dir='ltr'><strong>e.</strong></span> <span class='ocrx_word' id='word_1_419' title='bbox 1196 3619 1376 3672; x_wconf 72' lang='lat' dir='ltr'><strong>Corrige.</strong></span> 
     </span>
     <span class='ocr_line' id='line_1_41' title="bbox 90 3671 1855 3730; baseline 0.006 -20"><span class='ocrx_word' id='word_1_420' title='bbox 90 3672 261 3711; x_wconf 85' lang='lat' dir='ltr'><strong>deamus.</strong></span> <span class='ocrx_word' id='word_1_421' title='bbox 318 3674 599 3714; x_wconf 77' lang='lat' dir='ltr'><strong>Excudendum</strong></span> <span class='ocrx_word' id='word_1_422' title='bbox 630 3677 748 3725; x_wconf 70' lang='grc' dir='ltr'><strong>ἐρίων·</strong></span> <span class='ocrx_word' id='word_1_423' title='bbox 775 3680 857 3715; x_wconf 79' lang='lat' dir='ltr'><strong>erat</strong></span> <span class='ocrx_word' id='word_1_424' title='bbox 888 3675 1016 3723; x_wconf 70' lang='lat' dir='ltr'><strong>Corn,</strong></span> <span class='ocrx_word' id='word_1_425' title='bbox 1133 3675 1194 3714; x_wconf 90' lang='grc'><strong>10.</strong></span> <span class='ocrx_word' id='word_1_426' title='bbox 1226 3671 1404 3729; x_wconf 75' lang='grc' dir='ltr'>ἐναργὴς</span> <span class='ocrx_word' id='word_1_427' title='bbox 1431 3677 1542 3716; x_wconf 81' lang='lat' dir='ltr'><strong>codd.</strong></span> <span class='ocrx_word' id='word_1_428' title='bbox 1573 3689 1663 3718; x_wconf 82' lang='lat' dir='ltr'><strong>mss.</strong></span> <span class='ocrx_word' id='word_1_429' title='bbox 1691 3683 1855 3730; x_wconf 81' lang='lat' dir='ltr'><strong>uterque.</strong></span> 
     </span>
    </p>
   </div>
  </div>
 </body>
</html>
