2508 4134
574 273 803 314 PANARn
831 273 934 313 Lm.
964 273 1036 312 111.
1064 273 1199 314 ToM.
1225 275 1256 314 Ι.
1285 274 1451 314 HAER.
1474 273 1674 314 Lxxvi.
1972 261 2072 311 317

175 384 441 448 sententia,
497 389 582 450 qui
602 394 864 434 creaturam
896 386 1079 444 colunt,
1136 402 1212 433 eos
1238 387 1398 450 fatuos
1437 390 1641 435 redditos
1675 404 1773 435 esse
1803 388 2063 444 doceamur,
2086 396 2191 432 Rom.
2217 403 2249 445 1,
2272 400 2323 434 21.

173 451 333 520 nonne
361 468 410 519 in
442 468 567 519 istud
597 469 751 538 ipsum
793 469 1041 519 incurrere
1071 467 1261 530 videtur
1288 468 1463 519 Aetius
1492 487 1546 520 ac
1573 479 1826 520 creaturae
1855 469 2075 519 divinita-

172 562 267 604 tem
299 552 540 617 tribuere,
584 569 783 620 eamque
814 551 1093 603 adoratione
1120 569 1175 602 ac
1200 554 1517 603 veneratione
1547 554 1803 621 prosequi?
1841 572 1944 604 cum
1975 554 2074 603 sin-

173 654 286 687 cera
336 637 453 687 fides
507 637 800 687 adorandum
846 653 873 686 a
911 645 1105 699 creato,
1165 644 1377 686 creatum
1431 636 1489 685 ab
1534 639 1777 688 adorando
1829 639 2068 706 seiungat.

170 719 300 772 Nam
332 720 373 770 si
407 720 521 771 nihil
551 721 678 772 inter
722 720 841 771 haec
885 721 1074 770 intersit
1109 720 1304 770 omnino
1341 717 1620 771 Christiana
1650 722 1819 790 religio
1851 723 1965 773 nihil
1994 741 2075 775 su-

172 821 259 874 pra
291 813 543 856 creaturae
573 814 887 856 veneratores
928 804 1159 855 eximium
1191 813 1273 854 aut
1306 804 1554 855 excellens
1595 805 1810 856 habitura
1847 817 1949 871 est,
2006 817 2076 858 at.-

173 905 263 956 que
293 887 528 939 eiusmodi
558 888 676 940 fides
708 887 978 940 idololatria
1022 888 1180 957 potius
1215 906 1353 956 quam
1394 888 1468 939 dei
1516 888 1668 939 cultus
1705 906 1814 941 esse
1857 892 2075 943 censebi-

175 980 270 1023 tur.
345 971 474 1024 Nam
505 981 553 1023 et
577 973 646 1024 illi
679 973 862 1037 solem,
915 973 1107 1036 lunam,
1160 973 1393 1036 virtutes,
1452 972 1638 1023 coelum
1681 982 1728 1023 et
1756 983 1965 1039 terram,
2019 994 2075 1027 ae

172 1065 362 1108 ceteras
387 1065 636 1108 creaturas
669 1058 889 1108 adorant.
965 1055 1139 1125 Neque
1170 1075 1289 1109 vero
1330 1065 1597 1107 creatarum
1628 1074 1787 1108 rerum
1823 1060 2076 1111 admirabi—

171 1141 230 1192 lis
262 1142 550 1192 excellentia
580 1140 909 1192 diversitatem
938 1142 1080 1192 affert
1107 1142 1278 1205 ullam,
1333 1158 1490 1209 neque
1528 1142 1652 1209 quod
1693 1143 1902 1194 eximiae
1933 1162 2076 1212 quae-

173 1225 281 1275 dam
308 1225 433 1289 sint,
492 1225 634 1276 ullam
671 1226 719 1276 in
754 1225 951 1276 honoris
993 1227 1283 1294 aequalitate
1327 1225 1611 1277 varietatem
1652 1227 1909 1291 inducent,
1968 1247 2072 1279 cum

173 1310 341 1360 eodem
372 1310 566 1360 nomine
596 1309 957 1371 contineantur,
998 1311 1188 1362 tametsi
1217 1328 1356 1361 unam
1389 1310 1527 1361 alteri
1560 1311 1719 1361 multis
1750 1312 1963 1380 partibus
1990 1330 2075 1363 an-

174 1394 381 1444 tecellat.
457 1392 593 1445 Unus
624 1393 751 1444 enim
782 1403 857 1444 est
886 1394 963 1462 qui
996 1404 1197 1463 utraque
1228 1395 1419 1445 molitus
1449 1404 1549 1457 est,
1610 1404 1658 1445 et
1691 1396 1946 1465 uuicuique
1979 1416 2073 1448 non

173 1478 411 1542 nominis,
473 1479 558 1529 sed
609 1478 906 1529 substantiae
958 1479 1218 1530 discrimen
1271 1478 1505 1530 attribuit.
1596 1477 1842 1547 Siquidem
1899 1484 2075 1533 creatis

173 1562 394 1613 omnibus
422 1562 567 1613 rebus
593 1580 687 1613 non
718 1562 954 1627 liberum,
1009 1565 1093 1614 sed
1119 1564 1298 1614 servile
1331 1572 1582 1614 creaturae
1614 1582 1787 1616 nomen
1827 1567 2072 1618 convenit.

173 1647 250 1696 Ae
287 1647 328 1697 si
360 1646 409 1697 in
447 1664 542 1697 uno
582 1664 763 1714 genere
806 1648 930 1714 quod
972 1648 1163 1699 servilis
1203 1648 1491 1699 conditionis
1533 1657 1608 1699 est
1647 1650 1903 1714 adoretur,
1962 1652 2075 1702 nihil

171 1729 382 1781 obstabit
406 1749 498 1799 quo
526 1730 683 1782 minus
707 1740 754 1781 et
772 1730 912 1781 alteri
941 1733 1129 1799 generi,
1172 1733 1363 1783 tametsi
1390 1732 1593 1784 iuferius
1619 1735 1706 1797 sit,
1750 1733 1965 1785 adoratio
1991 1735 2074 1785 tri-

171 1814 363 1865 buatur.
440 1815 659 1883 Aequale
704 1816 874 1884 quippe
906 1827 980 1867 est
1016 1817 1140 1884 quod
1173 1835 1278 1868 cum
1323 1817 1587 1885 superioris
1631 1819 1813 1869 ordinis
1853 1829 2074 1870 creatura

172 1898 507 1966 cognationem
551 1899 720 1963 habet,
778 1909 940 1967 utpote
978 1902 1035 1951 de
1075 1901 1223 1952 nihilo
1267 1902 1325 1952 ab
1368 1920 1426 1953 eo
1466 1904 1543 1970 qui
1578 1912 1651 1953 est
1681 1913 1899 1954 naturam
1932 1904 2075 1954 sorti-

167 1991 286 2034 tum.
362 1981 489 2034 Hinc
520 1992 570 2034 et
598 1983 863 2052 ingenitum
892 1985 982 2035 deo
1010 1994 1058 2035 et
1088 1987 1204 2036 deus
1227 1986 1442 2054 ingenito
1472 1987 1714 2054 congruit.
1793 1986 1957 2055 Quare
1990 2007 2073 2056 ge-

168 2066 315 2118 nitam
354 2067 570 2119 sobolem
610 2086 707 2119 non
749 2085 868 2137 opus
915 2069 1106 2138 aliquod
1142 2070 1373 2136 dicimus,
1432 2081 1514 2122 aut
1553 2072 1772 2122 effectum
1814 2072 2069 2141 quicpiam,

167 2153 252 2203 sed
278 2151 521 2215 sobolem,
561 2152 848 2203 naturaliter
878 2171 906 2204 a
932 2163 1070 2222 patre
1098 2155 1203 2206 sine
1228 2155 1334 2206 labe
1363 2156 1682 2225 progenitam,
1725 2157 1938 2208 eiusdem
1968 2175 2075 2208 cum

167 2245 303 2305 patre
328 2236 656 2300 substantiae,
708 2254 763 2287 ac
792 2237 934 2289 simul
974 2239 1294 2305 adorandam,
1348 2241 1565 2309 spiritum
1609 2259 1728 2292 vero
1758 2252 1974 2292 sanctum
2017 2242 2075 2292 ab

168 2320 250 2371 illo
279 2322 650 2389 procedentem,
691 2338 780 2371 nec
812 2321 1018 2373 alienum
1038 2362 1051 2387 ,
1093 2324 1153 2374 ob
1184 2325 1326 2393 idque
1361 2326 1502 2376 simul
1533 2326 1848 2376 adorandum.
1926 2323 2074 2377 Cete-

170 2422 275 2454 rum
323 2405 397 2455 dei
445 2422 619 2455 nomen
653 2415 922 2457 creatarum
953 2425 1113 2458 rerum
1157 2409 1272 2459 nulli
1303 2409 1612 2473 conceditur,
1672 2428 1730 2461 eo
1762 2411 1885 2478 quod
1920 2411 1978 2461 ab
2004 2412 2077 2461 in-

169 2489 319 2556 geniti
349 2488 641 2557 proprietate
669 2490 936 2557 discrepet,
990 2493 1210 2559 quoniam
1241 2510 1267 2544 e
1293 2493 1442 2545 nihilo
1468 2503 1519 2545 ut
1545 2503 1675 2546 esset
1705 2495 1928 2546 obtinuit.
2005 2496 2076 2546 At

169 2571 362 2623 trinitas
400 2572 694 2641 sempiterna
732 2583 833 2634 est,
878 2592 966 2626 nec
1004 2576 1131 2627 aliud
1179 2578 1402 2645 quiddam
1447 2580 1564 2630 deus
1607 2589 1708 2644 est,
1764 2579 1890 2630 aliud
1942 2580 2076 2647 inge-

171 2656 342 2707 nitum.

311 2738 377 2791 11.
456 2739 536 2791 Tu
567 2758 686 2791 vero
716 2740 891 2806 filium,
948 2743 1091 2807 Aen,
1144 2746 1390 2797 irridendo
1432 2748 1647 2812 scilicet,
1702 2767 1798 2799 non
1834 2748 1958 2799 bona
1986 2750 2075 2800 fide

172 2842 200 2875 a
232 2833 368 2893 patre
411 2825 624 2892 genitum
674 2826 898 2876 affirmas.
990 2826 1231 2897 Quicquid
1274 2832 1401 2881 enim
1443 2833 1657 2900 genitum
1705 2842 1805 2893 est,
1860 2843 2074 2884 creatum

172 2926 268 2960 non
307 2919 408 2972 est,
462 2918 510 2960 et
551 2909 771 2977 quicquid
814 2919 1026 2961 creatum
1070 2923 1174 2976 est,
1230 2933 1325 2965 non
1362 2924 1438 2966 est
1466 2916 1699 2983 genitum.
1778 2915 1918 2983 Quod
1952 2918 1992 2967 si
2026 2917 2073 2967 id

173 2993 297 3060 quod
328 2994 542 3061 genitum
569 3002 783 3044 creatum
815 2994 959 3045 etiam
989 3004 1092 3059 est,
1136 3008 1350 3049 creatum
1382 3000 1476 3050 alio
1507 3001 1648 3050 modo
1679 3000 1869 3051 dicitur.
1945 2999 2071 3051 Nam

173 3077 383 3146 exempli
423 3078 578 3145 gratia
615 3077 832 3128 homines
874 3079 1077 3146 gignunt
1107 3080 1357 3147 homines,
1412 3101 1508 3133 non
1548 3093 1744 3147 creant,
1798 3085 1881 3134 sed
1910 3084 2020 3134 olim
2047 3102 2074 3135 a

174 3161 264 3212 deo
293 3162 444 3212 creati
473 3172 604 3213 sunt.
682 3159 847 3228 Quare
876 3181 997 3230 quae
1029 3164 1319 3231 gignuntur,
1373 3167 1431 3216 ab
1457 3167 1551 3218 illis
1582 3168 1871 3236 gignuntur,
1925 3185 1951 3217 a
1984 3169 2073 3219 deo

172 3261 293 3296 vero
326 3246 553 3297 universa
581 3255 743 3297 creata
772 3256 901 3297 sunt.
980 3245 1075 3298 Sed
1104 3266 1210 3298 cum
1244 3250 1361 3301 deus
1396 3251 1642 3302 increatus
1672 3252 1760 3314 sit,
1815 3269 1870 3301 ac
1898 3251 1987 3302 sibi
2021 3253 2075 3303 fi-

172 3327 286 3379 lium
312 3339 542 3395 generet,
600 3349 695 3381 non
737 3340 987 3399 procreet,
1045 3350 1140 3381 non
1171 3350 1278 3382 eum
1318 3334 1473 3401 gignit
1503 3335 1560 3384 ab
1594 3335 1860 3386 substantia
1890 3353 1975 3387 sua
2005 3337 2074 3387 di-

173 3429 389 3463 versum.
467 3411 708 3480 Quocirca
751 3415 917 3466 fierine
948 3424 1106 3483 potest
1136 3424 1186 3466 ut
1220 3418 1341 3483 quod
1379 3418 1437 3467 ab
1477 3419 1579 3487 ipso
1616 3418 1827 3486 gignitur
1861 3429 2074 3472 creatum

174 3497 265 3562 sit,
318 3515 423 3548 cum
460 3497 704 3550 increatus
730 3498 793 3550 sit
820 3500 986 3568 pater?
1057 3498 1185 3550 Nam
1220 3501 1260 3550 si
1292 3511 1483 3552 creatus
1522 3511 1597 3552 est
1640 3503 1717 3570 qui
1759 3505 1879 3571 apud
1918 3504 2072 3574 ipsum

177 3589 252 3631 est
290 3581 513 3649 genitus,
576 3602 669 3634 non
712 3592 787 3634 est
825 3584 949 3651 quod
991 3584 1192 3651 amplius
1234 3584 1425 3651 genitus
1475 3586 1677 3636 dicatur.
1766 3585 1922 3639 Multa
1963 3599 2074 3641 sunt

176 3682 297 3731 quae
327 3667 557 3717 adversus
587 3676 681 3717 tam
716 3668 967 3719 absurdam
1002 3668 1275 3736 opinionem
1308 3669 1539 3737 disputari
1577 3680 1794 3739 possunt.
1873 3670 1969 3724 Sed
2001 3675 2075 3724 in-
