2508 4134
471 235 571 288 766

525 343 770 385 memoratio
806 351 1083 394 mortuorum,
1129 343 1331 387 iustorum
1362 355 1404 387 et

524 421 790 468 peccatorum
819 413 920 457 ibid.

469 483 646 524 Mortuis
671 484 873 526 fenestras
896 484 1116 526 occludere
1137 485 1236 540 quid
1254 485 1309 527 sit
1333 489 1402 527 27.

468 555 728 596 Mortuorum
764 570 858 596 cura
886 570 991 611 quae
1019 556 1170 597 debeat
1207 571 1318 608 esse,
1361 565 1403 598 et

524 639 629 681 quae
660 625 787 667 fuerit
815 626 858 667 in
890 626 1060 668 ecclesia
1094 629 1217 668 1106.

469 697 625 752 Moysis
663 697 730 740 lex
767 711 790 738 a
831 696 913 738 deo
947 696 1147 752 inspirata
1185 705 1228 739 et
1256 697 1402 753 spiritu

524 776 671 809 sancto
701 767 799 809 ibid.
832 775 874 807 et
905 770 1000 809 225.

469 837 627 893 Moysis
648 837 844 879 miracula
869 839 912 884 in
934 844 1127 894 Aegypto
1151 839 1203 879 ab
1232 853 1282 880 eo
1308 853 1402 894 per-

524 917 689 964 petrata
717 911 813 949 599.
844 933 895 940 -
955 909 1042 950 eius
1075 924 1223 964 corpus
1249 910 1300 950 ab
1324 925 1400 950 an-

526 980 627 1034 gelis
645 994 729 1021 non
747 980 798 1020 ab
816 980 1053 1021 hominibus
1074 979 1281 1034 sepultum
1308 983 1403 1021 600.

469 1050 628 1106 Moysis
666 1065 794 1106 genus
833 1051 884 1092 ab
915 1050 1150 1092 Abrahamo
1180 1050 1403 1092 deductum

531 1125 623 1163 150.

470 1194 639 1249 Moyses
670 1192 933 1248 paedagogus
966 1192 1211 1233 Iudaeorum
1242 1196 1307 1232 18.

472 1265 640 1319 Moyses
668 1278 758 1304 cum
804 1278 930 1305 uxore
956 1264 1295 1305 consuetudinem
1322 1278 1404 1305 non

1214 247 1396 289 murex
1427 247 1639 305 RERUM.

1515 346 1680 387 braicae
1718 346 1884 400 linguae
1908 353 2004 387 sunt
2026 346 2263 402 peritissimi
2293 345 2394 389 ibid.

1516 433 1571 450 ·--
1595 416 1741 472 quibus
1764 416 1805 456 in
1833 415 1937 457 locis
1964 415 2067 459 haec
2089 425 2202 458 secta
2218 415 2395 472 viguerit

1518 492 1612 528 123.
1633 510 1688 519 -—-
1744 486 1824 541 ipsi
1848 487 2050 528 Nazaraei
2070 487 2234 534 Iudaeis,
2257 486 2394 529 inimi-

1519 558 1670 603 cissimi
1715 561 1809 598 124.
1852 580 1909 588 —-
1979 557 2136 602 habent
2171 569 2300 613 penes
2349 572 2394 598 se

1517 628 1720 670 Matthaei
1759 624 2016 682 evangelium
2045 627 2248 670 Hebraice
2287 628 2394 670 scri-

1515 709 1633 755 ptum
1663 698 1787 740 etiam
1816 697 2165 741 absolutissimum
2195 703 2289 742 124.

1461 771 1766 812 Nazaraeorum
1795 768 1999 824 haeresis,
2031 782 2134 824 quae
2160 778 2224 811 est
2251 769 2396 825 quinta

1516 841 1764 882 Iudaeorum
1800 843 1867 881 38.
1897 864 1951 871 —
2007 839 2145 882 iidem.
2173 839 2393 895 repudiant

1518 911 1844 953 pentateuchum
1869 910 1971 954 ibid.
2001 935 2051 942 -
2094 926 2118 954 a
2145 910 2395 967 reliquorum

1521 982 1766 1024 Iudaeorum
1807 980 2018 1022 sacrificiis
2046 981 2300 1032 abhorrent,
2343 981 2396 1023 ab

1519 1069 1589 1095 esu
1633 1053 1816 1094 carnium
1861 1061 1904 1093 et
1947 1066 2083 1093 rerum
2125 1040 2396 1095 animatur->um

1519 1124 1734 1165 abstinent
1761 1123 1863 1165 ibid.
2200 1155 2218 1173 ,

1463 1194 1667 1237 Nazareui
1692 1194 1816 1235 iidem
1857 1194 1926 1249 qui
1956 1202 1998 1235 et
2027 1193 2247 1237 Christiani
2272 1194 2343 1236 alii
2373 1209 2396 1237 a

1520 1267 1823 1307 Nazaraeorum
1852 1273 1966 1305 secta
1996 1267 2064 1305 51.

527 1334 670 1376 habuit
684 1367 695 1386 ,
736 1342 957 1390 postquam
980 1349 1004 1376 a
1027 1334 1108 1375 deo
1146 1343 1316 1376 vocatus
1344 1343 1407 1375 est
1463 1337 1770 1378 Nazaraeorum
1791 1335 1973 1379 haeresis
1995 1335 2140 1377 ordine
2165 1350 2276 1378 nona
2299 1345 2398 1392 post

530 1409 654 1447 1048.

471 1479 663 1533 Moysem
693 1476 846 1518 Arabes
877 1491 954 1531 pro
985 1476 1065 1517 deo
1096 1475 1238 1517 colunt
1266 1480 1365 1517 469.
1401 1498 1409 1506 κ

471 1549 640 1604 Moyses
683 1556 874 1588 recenset
916 1547 1115 1602 populum
1154 1547 1197 1588 in
1238 1547 1405 1589 deserto

527 1619 641 1660 Sinai
672 1622 739 1658 11.

470 1690 639 1746 Moyses
680 1705 734 1731 ne
773 1690 930 1731 otiosus
972 1698 1105 1739 esset,
1148 1689 1222 1730 sed
1266 1690 1407 1732 labore

527 1775 601 1802 suo
634 1761 812 1813 viveret,
844 1761 973 1816 opilio
1004 1760 1084 1802 fuit
1113 1764 1237 1802 1071.

471 1832 621 1874 Mulier
650 1847 856 1887 nunqnam
894 1840 991 1887 post
1020 1832 1164 1873 orbem
1194 1832 1407 1874 conditum

529 1903 766 1945 sacerdotio
798 1902 939 1944 functa
971 1906 1093 1943 1059.

473 1974 624 2017 Mulier
649 1990 720 2016 cur
750 1974 992 2024 aedificata,
1040 1983 1083 2015 et
1114 1989 1196 2016 non
1228 1975 1409 2016 formata

530 2046 683 2088 dieitur
715 2049 837 2086 1051.

474 2117 669 2159 Mulieres
702 2117 834 2158 malae
874 2127 917 2158 ut
948 2116 1156 2159 cavendae
1198 2119 1323 2157 1065.
1357 2140 1407 2147 —

531 2188 662 2230 omnis
701 2188 881 2230 haeresis
910 2187 1056 2229 mulier
1086 2188 1192 2229 mala
1221 2188 1320 2229 ibid.

474 2260 668 2301 Mulieres
715 2259 815 2300 deus
862 2259 1100 2300 sacerdotes
1143 2273 1233 2300 esse
1277 2257 1410 2299 noluit

538 2334 661 2373 1064.

475 2403 623 2445 Mundi
653 2402 866 2443 exordium
895 2405 936 2443 4.
1262 2432 1266 2437 ,

478 2473 658 2515 Mundus
691 2488 762 2514 cur
791 2473 872 2513 fuit
901 2488 924 2514 a
955 2472 1036 2514 deo
1069 2472 1258 2514 conditus
1289 2474 1383 2511 555.

477 2544 682 2585 Mundum
703 2543 872 2585 interire
904 2552 947 2584 et
968 2543 1118 2584 mutari
1142 2542 1266 2592 idem,
1298 2541 1413 2597 quod

536 2614 735 2670 probatur
776 2613 1042 2655 similitudine
1098 2612 1283 2667 corporis
1327 2612 1409 2653 hu·-

534 2685 646 2726 mani
675 2685 774 2727 ibid.

479 2758 572 2798 Mus
601 2772 774 2800 araneus
809 2757 938 2812 qualis
966 2764 1008 2796 et
1035 2755 1146 2797 cuius
1175 2763 1343 2796 naturae
1368 2763 1414 2796 ut

538 2842 629 2869 cum
660 2827 744 2868 eius
774 2842 912 2870 morsu
944 2835 1203 2882 comparetur
1232 2825 1412 2868 haeresis

925 3027 976 3067 N.

481 3114 665 3155 Naturae
701 3122 863 3168 tempus
908 3111 1026 3168 quale
1068 3111 1191 3152 fuerit
1220 3111 1295 3152 sub
1321 3110 1414 3151 filiis

537 3183 690 3226 Noemi
719 3188 758 3224 5.

482 3255 683 3296 Nazaraei
724 3270 805 3310 quo
838 3264 1026 3310 tempore
1068 3253 1324 3309 prodierint,
1373 3261 1416 3292 et

538 3325 740 3366 haeresim
793 3340 907 3366 suam
964 3325 1169 3379 vulgarint
1223 3327 1318 3366 120.
1361 3349 1416 3356 ·-

540 3396 705 3452 quando
736 3399 868 3437 Iesum
900 3395 1079 3451 professi
1110 3400 1201 3436 121.

483 3468 699 3522 Nazaraei,
728 3477 768 3508 et
788 3467 992 3522 Naziraei,
1017 3475 1058 3507 et
1077 3465 1281 3508 Nazoraei
1307 3480 1416 3520 quo-

539 3538 666 3580 modo
695 3538 890 3579 differant
913 3537 1012 3579 ibid.
1031 3562 1082 3569 —-
1115 3546 1156 3578 et
1186 3537 1264 3592 ipsi
1294 3536 1414 3577 Chri-

541 3609 663 3650 stiani
688 3609 794 3650 sicut
817 3609 943 3651 ceteri
968 3607 1169 3650 haeretiei
1194 3606 1296 3649 dicti
1323 3610 1416 3647 122.

1522 1408 1876 1449 Christianismum
1907 1410 2002 1448 116.
2034 1431 2091 1439 —
2148 1407 2256 1449 unde
2298 1407 2399 1451 dicti

1523 1483 1619 1520 117.

1464 1549 1700 1592 Nembroth
1731 1548 1884 1605 primus
1908 1563 2080 1604 regnum
2111 1558 2288 1605 occupat
2319 1553 2359 1590 7.

1467 1621 1636 1663 Nicaeni
1681 1619 1843 1662 concilii
1884 1634 2064 1661 canones
2102 1635 2152 1662 ac
2185 1619 2228 1661 in
2256 1619 2398 1677 primis

1521 1692 1574 1733 de
1605 1692 1804 1733 Paschate
1836 1693 1929 1731 735.

1463 1762 1762 1804 Nicolaitarum
1801 1761 1980 1804 haeresis
2021 1762 2165 1818 quinta
2200 1771 2298 1819 post
2325 1777 2397 1804 or-

1522 1843 1608 1875 tum
1640 1833 1899 1875 Christianae
1929 1831 2027 1873 fidei
2057 1836 2122 1873 76.
2154 1856 2206 1864 --
2265 1847 2289 1874 a
2315 1846 2398 1891 quo

1524 1904 1760 1946 introducta
1790 1903 1890 1945 ibid.
1924 1928 1976 1935 —
2035 1918 2157 1959 quam
2191 1902 2326 1944 foedis
2355 1900 2398 1945 et

1523 1975 1683 2017 lascivis
1709 1974 1948 2016 libidinibus
1973 1974 2184 2030 inquinata
2212 1973 2312 2015 ibid.
2345 1996 2400 2007 -

1523 2046 1704 2089 auctoris
1731 2046 1816 2086 eius
1843 2061 1924 2087 vox
1950 2044 2198 2100 nequissima
2223 2043 2324 2086 ibid.
2343 2067 2399 2076 —

1523 2119 1575 2159 ab
1617 2132 1668 2159 eo
1709 2116 1900 2159 Gnostici
1939 2116 2020 2158 orti
2059 2124 2101 2156 et
2138 2114 2397 2157 Phibionitae

1532 2193 1581 2230 77
1588 2221 1596 2231 .
1626 2213 1680 2221 -
1738 2197 1952 2243 praeterea
1980 2186 2226 2242 prodierunt
2250 2186 2398 2229 abillo

1524 2259 1721 2301 haeretici
1761 2258 1985 2310 militares,
2031 2257 2209 2302 Levitici
2250 2266 2294 2298 et
2329 2256 2401 2315 alii

1498 2330 1624 2372 =ibid.
1655 2354 1711 2361 —·
1754 2330 1921 2386 quidam
1949 2328 2162 2370 Prunieam
2187 2343 2238 2369 ex
2263 2327 2398 2370 Nico-

1526 2401 1634 2444 laitis
1675 2401 1977 2443 venerabantur
2021 2403 2086 2440 78.
2116 2422 2174 2431 -
2230 2413 2279 2440 ex
2319 2398 2400 2440 illis

1525 2473 1712 2517 nonnulli
1738 2470 1981 2513 Ialdabaoth
2014 2469 2251 2512 Barbelonis
2280 2468 2397 2525 prio-

1525 2559 1612 2586 rem
1641 2552 1740 2584 natu
1768 2542 1896 2583 filium
1923 2541 2114 2583 colebant
2143 2544 2207 2582 78.
2228 2565 2280 2572 -
2338 2540 2400 2581 in-

1526 2624 1623 2671 epta
1664 2614 1828 2655 illorum
1872 2613 2067 2668 figmenta
2111 2612 2219 2653 circa
2258 2609 2401 2652 mundi

1528 2685 1727 2741 originem
1769 2688 1836 2725 80.
1868 2709 1920 2716 -
1978 2687 2188 2734 Aeonem,
2216 2690 2275 2724 fet
2304 2681 2400 2723 Ma-

1526 2757 1686 2810 tricem,
1711 2764 1753 2796 et
1771 2758 2000 2797 Daemones
2018 2753 2221 2795 invehunt.
2232 2751 2328 2794 ibid.
2348 2777 2400 2785 -

1527 2827 1726 2868 refutatio
1756 2826 1981 2868 eorundem
2013 2828 2078 2865 81.

1471 2899 1653 2940 Noemus
1678 2906 1775 2953 post
1803 2896 1999 2938 diluvium
2027 2895 2094 2936 ubi
2123 2895 2299 2951 primum
2324 2894 2401 2939 do—

1527 2968 1725 3011 micilium
1757 2966 1974 3009 constituit
2003 2970 2041 3008 5.

1473 3041 1511 3082 N
1516 3055 1655 3082 oemus
1675 3039 1743 3080 ubi
1761 3039 1936 3094 primum
1953 3038 2079 3079 vitem
2096 3036 2282 3080 consevit
2298 3034 2398 3080 ibid.

1473 3112 1655 3152 Noemus
1686 3124 1868 3165 uxorque
1892 3109 1976 3150 eius
2005 3124 2096 3150 cum
2124 3108 2255 3151 tribus
2289 3106 2399 3149 libe-

1529 3182 1583 3223 ris
1615 3181 1889 3236 uxoribusque
1914 3194 2056 3222 eorum
2079 3180 2122 3220 in
2144 3193 2238 3220 arca
2263 3192 2400 3219 serva-

1530 3263 1621 3307 tus,
1654 3267 1795 3294 omnes
1825 3252 1867 3292 hi
1900 3260 1996 3292 octo
2029 3250 2164 3304 capita
2192 3252 2231 3288 5.

1473 3323 1624 3365 Noemi
1651 3331 1764 3364 aetus
1791 3337 1934 3377 expers
1961 3321 2200 3368 haereseon,
2235 3326 2277 3359 et
2300 3327 2401 3360 tunc

1530 3395 1700 3451 quisque
1740 3393 1911 3434 arbitrio
1955 3406 2030 3432 suo
2069 3389 2235 3432 vivebat
2277 3391 2316 3430 5.
2346 3413 2402 3422 —-

1519 3464 1804 3507 barbarismus
1834 3463 1932 3519 quid
1960 3461 2014 3503 sit
2044 3459 2236 3514 apostolo
2266 3460 2364 3501 ibid.

1474 3535 1623 3576 Noemi
1653 3535 1848 3586 historia,
1893 3542 1934 3573 et
1965 3530 2090 3572 totius
2118 3530 2227 3571 orbis
2254 3531 2401 3574 divisio

1533 3610 1626 3647 703.

543 3703 595 3711 ·-
642 3689 858 3736 utrumque
898 3687 1190 3721 testamentum
1237 3678 1417 3734 probant
1475 3679 1658 3718 Noemus
1695 3676 1788 3731 quia
1824 3674 1950 3716 iustus
1977 3686 2079 3711 unus
2109 3686 2157 3712 ex
2181 3672 2293 3714 omni
2319 3673 2402 3715 ho-
2454 3667 2458 3670 ⁵

546 3748 643 3789 ibid.
666 3775 714 3780 —
747 3767 771 3792 a
788 3751 946 3792 ludaeis
963 3766 1044 3792 non
1063 3750 1314 3804 discrepant,
1339 3747 1419 3789 nisi

1531 3747 1686 3788 minum
1713 3760 1863 3801 genere
1893 3750 2077 3784 servatus
2110 3747 2205 3786 288.

547 3819 658 3874 quod
671 3820 712 3860 in
729 3821 932 3862 Christum
949 3821 1124 3862 credunt
1136 3819 1238 3861 ibid.
1255 3844 1301 3851 -—
1328 3819 1418 3860 He·
1442 3819 1449 3887 Ι
1474 3817 1622 3861 Noemi
1664 3831 1713 3858 ex
1750 3813 1888 3856 liberis
1931 3812 2012 3854 duo
2052 3828 2100 3857 ac
2142 3815 2403 3871 septuaginta
