<?xml version="1.0" encoding="UTF-8"?>
<!DOCTYPE html PUBLIC "-//W3C//DTD XHTML 1.0 Transitional//EN"
    "http://www.w3.org/TR/xhtml1/DTD/xhtml1-transitional.dtd">
<html xmlns="http://www.w3.org/1999/xhtml" xml:lang="en" lang="en">
 <head>
  <title>
</title>
<meta http-equiv="Content-Type" content="text/html;charset=utf-8" />
  <meta name='ocr-system' content='tesseract 3.04.00' />
  <meta name='ocr-capabilities' content='ocr_page ocr_carea ocr_par ocr_line ocrx_word'/>
</head>
<body>
  <div class='ocr_page' id='page_1' title='image "./pt3corporishaere02epipuoft_0254.png"; bbox 0 0 2508 4134; ppageno 0'>
   <div class='ocr_carea' id='block_1_1' title="bbox 226 1763 406 1814">
    <p class='ocr_par' dir='ltr' id='par_1_1' title="bbox 226 1763 406 1814">
     <span class='ocr_line' id='line_1_1' title="bbox 226 1763 406 1814; baseline -0.011 -12"><span class='ocrx_word' id='word_1_1' title='bbox 226 1775 312 1814; x_wconf 77' lang='lat' dir='ltr'><strong>pag.</strong></span> <span class='ocrx_word' id='word_1_2' title='bbox 331 1763 406 1801; x_wconf 69' lang='grc' dir='ltr'><strong><em>ΒΗ.</em></strong></span> 
     </span>
    </p>
   </div>
   <div class='ocr_carea' id='block_1_2' title="bbox 443 274 1663 325">
    <p class='ocr_par' dir='ltr' id='par_1_2' title="bbox 443 274 1663 325">
     <span class='ocr_line' id='line_1_2' title="bbox 443 274 1663 325; baseline -0.002 0"><span class='ocrx_word' id='word_1_3' title='bbox 443 274 545 325; x_wconf 81' lang='grc'><strong><em>244</em></strong></span> <span class='ocrx_word' id='word_1_4' title='bbox 1150 281 1350 324; x_wconf 65' lang='grc' dir='ltr'><strong><em>ΒΑΝοτι</em></strong></span> <span class='ocrx_word' id='word_1_5' title='bbox 1381 282 1663 323; x_wconf 77' lang='grc' dir='ltr'><strong><em>ΕΡιΡΗΑΝιι</em></strong></span> 
     </span>
    </p>
   </div>
   <div class='ocr_carea' id='block_1_3' title="bbox 437 374 2374 1050">
    <p class='ocr_par' dir='ltr' id='par_1_3' title="bbox 437 374 2374 1050">
     <span class='ocr_line' id='line_1_3' title="bbox 441 374 2368 451; baseline 0.001 -18"><span class='ocrx_word' id='word_1_6' title='bbox 441 379 534 451; x_wconf 77' lang='grc' dir='ltr'><strong><em>γάρ</em></strong></span> <span class='ocrx_word' id='word_1_7' title='bbox 566 382 889 447; x_wconf 88' lang='grc' dir='ltr'><strong><em>παρίπταται,</em></strong></span> <span class='ocrx_word' id='word_1_8' title='bbox 928 379 1013 430; x_wconf 81' lang='grc' dir='ltr'><strong><em>καὶ</em></strong></span> <span class='ocrx_word' id='word_1_9' title='bbox 1050 374 1326 446; x_wconf 86' lang='grc' dir='ltr'><strong><em>ύποχωρεῖ,</em></strong></span> <span class='ocrx_word' id='word_1_10' title='bbox 1376 380 1463 434; x_wconf 81' lang='grc' dir='ltr'><strong><em>καὶ</em></strong></span> <span class='ocrx_word' id='word_1_11' title='bbox 1493 377 1847 446; x_wconf 73' lang='grc' dir='ltr'><em>καταλιμπάνει</em></span> <span class='ocrx_word' id='word_1_12' title='bbox 1870 385 2035 432; x_wconf 71' lang='grc' dir='ltr'><strong><em>πᾶσαν</em></strong></span> <span class='ocrx_word' id='word_1_13' title='bbox 2061 381 2226 437; x_wconf 80' lang='grc' dir='ltr'><strong><em>αἰτίαν,</em></strong></span> <span class='ocrx_word' id='word_1_14' title='bbox 2261 387 2368 435; x_wconf 84' lang='grc' dir='ltr'><strong><em>συλ-</em></strong></span> 
     </span>
     <span class='ocr_line' id='line_1_4' title="bbox 439 462 2373 537; baseline 0.001 -19"><span class='ocrx_word' id='word_1_15' title='bbox 439 462 714 535; x_wconf 81' lang='grc' dir='ltr'><strong><em>λογιστικήν</em></strong></span> <span class='ocrx_word' id='word_1_16' title='bbox 738 468 805 536; x_wconf 80' lang='grc' dir='ltr'><strong><em>τῷ</em></strong></span> <span class='ocrx_word' id='word_1_17' title='bbox 831 462 931 516; x_wconf 83' lang='grc' dir='ltr'><strong><em>ἇπὸ</em></strong></span> <span class='ocrx_word' id='word_1_18' title='bbox 956 469 1043 530; x_wconf 85' lang='grc' dir='ltr'><strong><em>τῆς</em></strong></span> <span class='ocrx_word' id='word_1_19' title='bbox 1067 468 1212 526; x_wconf 84' lang='grc' dir='ltr'><strong><em>θείας</em></strong></span> <span class='ocrx_word' id='word_1_20' title='bbox 1239 470 1431 534; x_wconf 81' lang='grc' dir='ltr'><em>γραφῆς</em></span> <span class='ocrx_word' id='word_1_21' title='bbox 1468 468 1792 536; x_wconf 80' lang='grc' dir='ltr'><strong><em>διδασκαλικῷ</em></strong></span> <span class='ocrx_word' id='word_1_22' title='bbox 1823 463 1951 537; x_wconf 80' lang='grc' dir='ltr'><strong><em>λόγῳ</em></strong></span> <span class='ocrx_word' id='word_1_23' title='bbox 1969 507 1981 528; x_wconf 93' lang='grc'><strong><em>,</em></strong></span> <span class='ocrx_word' id='word_1_24' title='bbox 2036 470 2105 537; x_wconf 76' lang='grc' dir='ltr'><strong><em>τῷ</em></strong></span> <span class='ocrx_word' id='word_1_25' title='bbox 2121 507 2136 530; x_wconf 85' lang='grc'><strong><em>,</em></strong></span> <span class='ocrx_word' id='word_1_26' title='bbox 2193 466 2373 529; x_wconf 75' lang='grc' dir='ltr'><strong><em>Οὐδεὶς</em></strong></span> 
     </span>
     <span class='ocr_line' id='line_1_5' title="bbox 442 543 2373 623; baseline 0.001 -20"><span class='ocrx_word' id='word_1_27' title='bbox 442 547 546 603; x_wconf 81' lang='grc' dir='ltr'><strong><em>οἶδε</em></strong></span> <span class='ocrx_word' id='word_1_28' title='bbox 571 548 656 602; x_wconf 80' lang='grc' dir='ltr'><strong><em>τόν</em></strong></span> <span class='ocrx_word' id='word_1_29' title='bbox 681 547 807 614; x_wconf 81' lang='grc' dir='ltr'><strong><em>υἱόν,</em></strong></span> <span class='ocrx_word' id='word_1_30' title='bbox 834 547 968 616; x_wconf 80' lang='grc' dir='ltr'><strong><em>εἰμὴ</em></strong></span> <span class='ocrx_word' id='word_1_31' title='bbox 994 546 1023 602; x_wconf 85' lang='grc' dir='ltr'><strong><em>ό</em></strong></span> <span class='ocrx_word' id='word_1_32' title='bbox 1047 547 1229 618; x_wconf 81' lang='grc' dir='ltr'><strong><em>πατὴρ,</em></strong></span> <span class='ocrx_word' id='word_1_33' title='bbox 1260 549 1379 603; x_wconf 80' lang='grc' dir='ltr'><strong><em>οὐδὲ</em></strong></span> <span class='ocrx_word' id='word_1_34' title='bbox 1401 548 1488 603; x_wconf 78' lang='grc' dir='ltr'><strong><em>τόν</em></strong></span> <span class='ocrx_word' id='word_1_35' title='bbox 1510 551 1710 619; x_wconf 77' lang='grc' dir='ltr'>πατέρα,</span> <span class='ocrx_word' id='word_1_36' title='bbox 1740 552 1785 602; x_wconf 88' lang='grc' dir='ltr'><strong><em>εί</em></strong></span> <span class='ocrx_word' id='word_1_37' title='bbox 1806 548 1875 617; x_wconf 82' lang='grc' dir='ltr'><strong><em>μή</em></strong></span> <span class='ocrx_word' id='word_1_38' title='bbox 1901 547 1931 603; x_wconf 81' lang='grc' dir='ltr'><em>ὅ</em></span> <span class='ocrx_word' id='word_1_39' title='bbox 1953 547 2078 615; x_wconf 84' lang='grc' dir='ltr'><strong><em>υἷός,</em></strong></span> <span class='ocrx_word' id='word_1_40' title='bbox 2108 543 2261 623; x_wconf 71' lang='grc' dir='ltr'><strong><em>καὶῷ</em></strong></span> <span class='ocrx_word' id='word_1_41' title='bbox 2285 549 2373 604; x_wconf 72' lang='grc' dir='ltr'><strong><em>ἐὰν</em></strong></span> 
     </span>
     <span class='ocr_line' id='line_1_6' title="bbox 440 632 2370 708; baseline 0 -19"><span class='ocrx_word' id='word_1_42' title='bbox 440 633 761 708; x_wconf 77' lang='grc' dir='ltr'><strong><em>ἀποκαλύψῃ.</em></strong></span> <span class='ocrx_word' id='word_1_43' title='bbox 833 632 1190 690; x_wconf 81' lang='grc' dir='ltr'><strong><em>Ἀποκαλύπτει</em></strong></span> <span class='ocrx_word' id='word_1_44' title='bbox 1221 635 1275 688; x_wconf 79' lang='grc' dir='ltr'><strong><em>δὲ</em></strong></span> <span class='ocrx_word' id='word_1_45' title='bbox 1304 632 1366 688; x_wconf 86' lang='grc' dir='ltr'><strong><em>δι’</em></strong></span> <span class='ocrx_word' id='word_1_46' title='bbox 1394 633 1537 706; x_wconf 82' lang='grc' dir='ltr'><strong><em>άγίου</em></strong></span> <span class='ocrx_word' id='word_1_47' title='bbox 1561 634 1838 702; x_wconf 83' lang='grc' dir='ltr'><strong><em>πνεύματος</em></strong></span> <span class='ocrx_word' id='word_1_48' title='bbox 1865 633 1926 689; x_wconf 78' lang='grc' dir='ltr'><strong><em>οὔ</em></strong></span> <span class='ocrx_word' id='word_1_49' title='bbox 1953 643 2056 698; x_wconf 89' lang='grc' dir='ltr'><strong><em>τοῖς</em></strong></span> <span class='ocrx_word' id='word_1_50' title='bbox 2083 632 2234 689; x_wconf 73' lang='grc' dir='ltr'><strong><em>αὐτόν</em></strong></span> <span class='ocrx_word' id='word_1_51' title='bbox 2262 643 2370 705; x_wconf 65' lang='lat' dir='ltr'><strong><em>cvl-7-</em></strong></span> 
     </span>
     <span class='ocr_line' id='line_1_7' title="bbox 437 718 2370 791; baseline 0 -16"><span class='ocrx_word' id='word_1_52' title='bbox 437 722 767 791; x_wconf 79' lang='grc' dir='ltr'><em>λογιζομένοις</em></span> <span class='ocrx_word' id='word_1_53' title='bbox 787 762 800 784; x_wconf 93' lang='grc'><strong><em>,</em></strong></span> <span class='ocrx_word' id='word_1_54' title='bbox 850 718 967 773; x_wconf 66' lang='lat' dir='ltr'><strong><em>cmo}</em></strong></span> <span class='ocrx_word' id='word_1_55' title='bbox 1003 728 1106 783; x_wconf 89' lang='grc' dir='ltr'><strong><em>τοῖς</em></strong></span> <span class='ocrx_word' id='word_1_56' title='bbox 1151 722 1219 782; x_wconf 79' lang='grc' dir='ltr'><strong><em>εἰς</em></strong></span> <span class='ocrx_word' id='word_1_57' title='bbox 1260 718 1412 773; x_wconf 79' lang='grc' dir='ltr'><strong><em>αὐτόν</em></strong></span> <span class='ocrx_word' id='word_1_58' title='bbox 1445 724 1654 791; x_wconf 84' lang='grc' dir='ltr'><strong><em>γνησίως</em></strong></span> <span class='ocrx_word' id='word_1_59' title='bbox 1684 722 1769 774; x_wconf 82' lang='grc' dir='ltr'><strong><em>καὶ</em></strong></span> <span class='ocrx_word' id='word_1_60' title='bbox 1792 724 1983 783; x_wconf 83' lang='grc' dir='ltr'><em>τελείως</em></span> <span class='ocrx_word' id='word_1_61' title='bbox 2011 720 2370 776; x_wconf 79' lang='grc' dir='ltr'><strong><em>πεπιστευκόσι.</em></strong></span> 
     </span>
     <span class='ocr_line' id='line_1_8' title="bbox 442 803 2374 878; baseline 0 -17"><span class='ocrx_word' id='word_1_62' title='bbox 442 810 542 861; x_wconf 85' lang='grc' dir='ltr'><strong><em>Καὶ</em></strong></span> <span class='ocrx_word' id='word_1_63' title='bbox 572 805 667 878; x_wconf 76' lang='grc' dir='ltr'><strong><em>γάρ</em></strong></span> <span class='ocrx_word' id='word_1_64' title='bbox 693 803 806 860; x_wconf 76' lang='grc' dir='ltr'><strong><em>οὔτε</em></strong></span> <span class='ocrx_word' id='word_1_65' title='bbox 830 803 890 859; x_wconf 80' lang='grc' dir='ltr'><strong><em>τά</em></strong></span> <span class='ocrx_word' id='word_1_66' title='bbox 922 809 1133 875; x_wconf 81' lang='grc' dir='ltr'><strong><em>κρίματα</em></strong></span> <span class='ocrx_word' id='word_1_67' title='bbox 1160 805 1314 859; x_wconf 82' lang='grc' dir='ltr'><strong><em>αὐτοῦ</em></strong></span> <span class='ocrx_word' id='word_1_68' title='bbox 1339 807 1596 875; x_wconf 78' lang='grc' dir='ltr'><strong><em>ἐρευνῆσαι</em></strong></span> <span class='ocrx_word' id='word_1_69' title='bbox 1624 809 1918 874; x_wconf 83' lang='grc' dir='ltr'><strong><em>δυνηθείης,</em></strong></span> <span class='ocrx_word' id='word_1_70' title='bbox 1956 804 2074 860; x_wconf 77' lang='grc' dir='ltr'><strong><em>οὐδὲ</em></strong></span> <span class='ocrx_word' id='word_1_71' title='bbox 2112 805 2200 870; x_wconf 80' lang='grc' dir='ltr'><strong><em>τάς</em></strong></span> <span class='ocrx_word' id='word_1_72' title='bbox 2223 804 2374 870; x_wconf 75' lang='grc' dir='ltr'><strong><em>ὁδούς</em></strong></span> 
     </span>
     <span class='ocr_line' id='line_1_9' title="bbox 439 888 2372 967; baseline 0 -21"><span class='ocrx_word' id='word_1_73' title='bbox 439 892 595 946; x_wconf 79' lang='grc' dir='ltr'><strong><em>αὐτοῦ</em></strong></span> <span class='ocrx_word' id='word_1_74' title='bbox 636 891 942 960; x_wconf 81' lang='grc' dir='ltr'><strong><em>ἐξιχνιάσεις,</em></strong></span> <span class='ocrx_word' id='word_1_75' title='bbox 995 888 1118 944; x_wconf 76' lang='grc' dir='ltr'><strong><em>κατά</em></strong></span> <span class='ocrx_word' id='word_1_76' title='bbox 1163 889 1216 944; x_wconf 76' lang='grc' dir='ltr'><strong><em>τό</em></strong></span> <span class='ocrx_word' id='word_1_77' title='bbox 1246 892 1605 961; x_wconf 78' lang='grc' dir='ltr'><strong><em>γεγραμμένον,</em></strong></span> <span class='ocrx_word' id='word_1_78' title='bbox 1655 889 1750 945; x_wconf 73' lang='grc' dir='ltr'><strong><em>κάν</em></strong></span> <span class='ocrx_word' id='word_1_79' title='bbox 1791 912 1841 944; x_wconf 90' lang='grc' dir='ltr'><strong><em>τε</em></strong></span> <span class='ocrx_word' id='word_1_80' title='bbox 1871 894 2024 963; x_wconf 86' lang='grc' dir='ltr'><strong><em>μυρία</em></strong></span> <span class='ocrx_word' id='word_1_81' title='bbox 2059 889 2180 961; x_wconf 78' lang='grc' dir='ltr'><strong><em>ἡμῖν</em></strong></span> <span class='ocrx_word' id='word_1_82' title='bbox 2216 894 2372 967; x_wconf 70' lang='grc' dir='ltr'><strong><em>ἔλθῃς</em></strong></span> 
     </span>
     <span class='ocr_line' id='line_1_10' title="bbox 438 974 1618 1050; baseline -0.001 -18"><span class='ocrx_word' id='word_1_83' title='bbox 438 984 700 1050; x_wconf 82' lang='grc' dir='ltr'><strong><em>φλυαρῶν,</em></strong></span> <span class='ocrx_word' id='word_1_84' title='bbox 740 975 946 1031; x_wconf 81' lang='grc' dir='ltr'><strong><em>ἐλεεινόν</em></strong></span> <span class='ocrx_word' id='word_1_85' title='bbox 983 974 1087 1030; x_wconf 84' lang='grc' dir='ltr'><strong><em>κατ’</em></strong></span> <span class='ocrx_word' id='word_1_86' title='bbox 1125 977 1207 1044; x_wconf 75' lang='grc' dir='ltr'><strong><em>ἐμὲ</em></strong></span> <span class='ocrx_word' id='word_1_87' title='bbox 1244 975 1618 1048; x_wconf 73' lang='grc' dir='ltr'><strong><em>ἀνθρωπάριον.</em></strong></span> 
     </span>
    </p>
   </div>
   <div class='ocr_carea' id='block_1_4' title="bbox 423 1144 2374 2506">
    <p class='ocr_par' dir='ltr' id='par_1_4' title="bbox 431 1144 2374 1733">
     <span class='ocr_line' id='line_1_11' title="bbox 582 1144 2371 1217; baseline 0.001 -15"><span class='ocrx_word' id='word_1_88' title='bbox 582 1154 709 1215; x_wconf 86' lang='grc' dir='ltr'><strong><em>Κεφ.</em></strong></span> <span class='ocrx_word' id='word_1_89' title='bbox 733 1147 926 1201; x_wconf 84' lang='grc' dir='ltr'><strong><em>Ἀετίου</em></strong></span> <span class='ocrx_word' id='word_1_90' title='bbox 950 1147 1010 1215; x_wconf 79' lang='grc' dir='ltr'><strong><em>η’.</em></strong></span> <span class='ocrx_word' id='word_1_91' title='bbox 1063 1150 1133 1200; x_wconf 86' lang='grc' dir='ltr'><strong><em>Εἰ</em></strong></span> <span class='ocrx_word' id='word_1_92' title='bbox 1157 1146 1270 1210; x_wconf 78' lang='grc' dir='ltr'><strong><em>ὅλος</em></strong></span> <span class='ocrx_word' id='word_1_93' title='bbox 1300 1148 1398 1201; x_wconf 85' lang='grc' dir='ltr'><strong><em>ἐστὶ</em></strong></span> <span class='ocrx_word' id='word_1_94' title='bbox 1429 1145 1709 1217; x_wconf 80' lang='grc' dir='ltr'><strong><em>γεννητικός</em></strong></span> <span class='ocrx_word' id='word_1_95' title='bbox 1735 1144 1764 1201; x_wconf 84' lang='grc' dir='ltr'><strong><em>ό</em></strong></span> <span class='ocrx_word' id='word_1_96' title='bbox 1788 1144 2053 1217; x_wconf 84' lang='grc' dir='ltr'><strong><em>άγέννητος</em></strong></span> <span class='ocrx_word' id='word_1_97' title='bbox 2079 1146 2227 1212; x_wconf 80' lang='grc' dir='ltr'><strong><em>θεός,</em></strong></span> <span class='ocrx_word' id='word_1_98' title='bbox 2277 1146 2371 1203; x_wconf 76' lang='grc' dir='ltr'><strong><em>οὐκ</em></strong></span> 
     </span>
     <span class='ocr_line' id='line_1_12' title="bbox 437 1230 2371 1305; baseline 0 -17"><span class='ocrx_word' id='word_1_99' title='bbox 437 1234 698 1297; x_wconf 82' lang='grc' dir='ltr'><strong><em>οὖσιωδῶς</em></strong></span> <span class='ocrx_word' id='word_1_100' title='bbox 734 1232 787 1287; x_wconf 84' lang='grc' dir='ltr'><strong><em>τό</em></strong></span> <span class='ocrx_word' id='word_1_101' title='bbox 813 1234 1050 1305; x_wconf 82' lang='grc' dir='ltr'><strong><em>γεννηθὲν</em></strong></span> <span class='ocrx_word' id='word_1_102' title='bbox 1076 1232 1346 1304; x_wconf 88' lang='grc' dir='ltr'><strong><em>ἐγεννήθη,</em></strong></span> <span class='ocrx_word' id='word_1_103' title='bbox 1397 1231 1511 1300; x_wconf 76' lang='grc' dir='ltr'><strong><em>ὅλης</em></strong></span> <span class='ocrx_word' id='word_1_104' title='bbox 1540 1230 1744 1302; x_wconf 81' lang='grc' dir='ltr'><strong><em>ἐχούσης</em></strong></span> <span class='ocrx_word' id='word_1_105' title='bbox 1778 1238 1864 1301; x_wconf 84' lang='grc' dir='ltr'><strong><em>τῆς</em></strong></span> <span class='ocrx_word' id='word_1_106' title='bbox 1910 1231 2082 1296; x_wconf 84' lang='grc' dir='ltr'><strong><em>ούσίας</em></strong></span> <span class='ocrx_word' id='word_1_107' title='bbox 2119 1231 2274 1288; x_wconf 87' lang='grc' dir='ltr'><strong><em>αύτοῦ</em></strong></span> <span class='ocrx_word' id='word_1_108' title='bbox 2315 1232 2371 1288; x_wconf 76' lang='grc' dir='ltr'><strong><em>τό</em></strong></span> 
     </span>
     <span class='ocr_line' id='line_1_13' title="bbox 435 1316 2373 1391; baseline 0.001 -18"><span class='ocrx_word' id='word_1_109' title='bbox 435 1326 636 1391; x_wconf 77' lang='grc' dir='ltr'><strong><em>γεννᾶν,</em></strong></span> <span class='ocrx_word' id='word_1_110' title='bbox 697 1319 796 1373; x_wconf 70' lang='grc' dir='ltr'><strong><em>ὀὐ</em></strong></span> <span class='ocrx_word' id='word_1_111' title='bbox 844 1318 897 1372; x_wconf 78' lang='grc' dir='ltr'><strong><em>τό</em></strong></span> <span class='ocrx_word' id='word_1_112' title='bbox 944 1325 1229 1390; x_wconf 83' lang='grc' dir='ltr'><strong><em>γεννᾶσθαι.</em></strong></span> <span class='ocrx_word' id='word_1_113' title='bbox 1304 1320 1376 1371; x_wconf 85' lang='grc' dir='ltr'><strong><em>Εἰ</em></strong></span> <span class='ocrx_word' id='word_1_114' title='bbox 1409 1318 1462 1372; x_wconf 82' lang='grc' dir='ltr'><strong><em>δὲ</em></strong></span> <span class='ocrx_word' id='word_1_115' title='bbox 1499 1325 2000 1387; x_wconf 81' lang='grc' dir='ltr'><strong><em>μετασχηματισθεῖσα</em></strong></span> <span class='ocrx_word' id='word_1_116' title='bbox 2042 1316 2077 1387; x_wconf 78' lang='grc' dir='ltr'><em>ἦ</em></span> <span class='ocrx_word' id='word_1_117' title='bbox 2101 1316 2245 1373; x_wconf 81' lang='grc' dir='ltr'><strong><em>ούσία</em></strong></span> <span class='ocrx_word' id='word_1_118' title='bbox 2283 1324 2373 1374; x_wconf 82' lang='grc' dir='ltr'><strong><em>τοῦ</em></strong></span> 
     </span>
     <span class='ocr_line' id='line_1_14' title="bbox 435 1400 2368 1476; baseline -0.001 -17"><span class='ocrx_word' id='word_1_119' title='bbox 435 1412 562 1459; x_wconf 89' lang='grc' dir='ltr'><strong><em>θεοῦ</em></strong></span> <span class='ocrx_word' id='word_1_120' title='bbox 591 1407 809 1476; x_wconf 82' lang='grc' dir='ltr'><strong><em>γέννημα</em></strong></span> <span class='ocrx_word' id='word_1_121' title='bbox 843 1406 1051 1475; x_wconf 85' lang='grc' dir='ltr'><strong><em>λέγεται,</em></strong></span> <span class='ocrx_word' id='word_1_122' title='bbox 1101 1401 1192 1458; x_wconf 86' lang='grc' dir='ltr'><strong><em>ούκ</em></strong></span> <span class='ocrx_word' id='word_1_123' title='bbox 1223 1402 1552 1472; x_wconf 84' lang='grc' dir='ltr'><strong><em>άμετάβλητος</em></strong></span> <span class='ocrx_word' id='word_1_124' title='bbox 1579 1400 1613 1472; x_wconf 75' lang='grc' dir='ltr'>ἡ</span> <span class='ocrx_word' id='word_1_125' title='bbox 1637 1403 1783 1457; x_wconf 79' lang='grc' dir='ltr'><strong><em>οὐσία</em></strong></span> <span class='ocrx_word' id='word_1_126' title='bbox 1809 1401 1992 1470; x_wconf 72' lang='grc' dir='ltr'><strong><em>αὐτοῦ,</em></strong></span> <span class='ocrx_word' id='word_1_127' title='bbox 2041 1410 2132 1474; x_wconf 85' lang='grc' dir='ltr'><strong><em>τῆς</em></strong></span> <span class='ocrx_word' id='word_1_128' title='bbox 2166 1410 2368 1476; x_wconf 83' lang='grc' dir='ltr'><strong><em>μεταβο-</em></strong></span> 
     </span>
     <span class='ocr_line' id='line_1_15' title="bbox 433 1487 2368 1562; baseline -0.001 -17"><span class='ocrx_word' id='word_1_129' title='bbox 433 1497 522 1558; x_wconf 86' lang='grc' dir='ltr'><strong><em>λῆς</em></strong></span> <span class='ocrx_word' id='word_1_130' title='bbox 558 1498 582 1527; x_wconf 80' lang='lat'><strong><em>‘²</em></strong></span> <span class='ocrx_word' id='word_1_131' title='bbox 602 1492 927 1562; x_wconf 80' lang='grc' dir='ltr'><strong><em>ἐργαζομένης</em></strong></span> <span class='ocrx_word' id='word_1_132' title='bbox 963 1489 1051 1558; x_wconf 84' lang='grc' dir='ltr'><strong><em>τὴν</em></strong></span> <span class='ocrx_word' id='word_1_133' title='bbox 1092 1492 1207 1543; x_wconf 79' lang='grc' dir='ltr'><strong><em>υἱοῦ</em></strong></span> <span class='ocrx_word' id='word_1_134' title='bbox 1237 1492 1550 1558; x_wconf 87' lang='grc' dir='ltr'><strong><em>ίδιοποίησιν.</em></strong></span> <span class='ocrx_word' id='word_1_135' title='bbox 1633 1491 1697 1542; x_wconf 80' lang='grc' dir='ltr'><strong><em>Εἰ</em></strong></span> <span class='ocrx_word' id='word_1_136' title='bbox 1717 1489 1770 1543; x_wconf 79' lang='grc' dir='ltr'><strong><em>δὲ</em></strong></span> <span class='ocrx_word' id='word_1_137' title='bbox 1797 1489 1872 1557; x_wconf 68' lang='grc' dir='ltr'><strong><em>εἴη</em></strong></span> <span class='ocrx_word' id='word_1_138' title='bbox 1900 1490 1984 1542; x_wconf 83' lang='grc' dir='ltr'><strong><em>καὶ</em></strong></span> <span class='ocrx_word' id='word_1_139' title='bbox 2023 1487 2368 1559; x_wconf 80' lang='grc' dir='ltr'><strong><em>άμετάβλητος,</em></strong></span> 
     </span>
     <span class='ocr_line' id='line_1_16' title="bbox 432 1572 2374 1647; baseline 0.001 -18"><span class='ocrx_word' id='word_1_140' title='bbox 432 1579 516 1630; x_wconf 80' lang='grc' dir='ltr'><strong><em>καὶ</em></strong></span> <span class='ocrx_word' id='word_1_141' title='bbox 546 1580 777 1647; x_wconf 88' lang='grc' dir='ltr'><strong><em>γενέσεως</em></strong></span> <span class='ocrx_word' id='word_1_142' title='bbox 809 1581 1039 1644; x_wconf 82' lang='grc' dir='ltr'><strong><em>κρείττων</em></strong></span> <span class='ocrx_word' id='word_1_143' title='bbox 1068 1572 1101 1643; x_wconf 80' lang='grc' dir='ltr'><em>ἦ</em></span> <span class='ocrx_word' id='word_1_144' title='bbox 1131 1573 1273 1628; x_wconf 78' lang='grc' dir='ltr'><strong><em>ούσία</em></strong></span> <span class='ocrx_word' id='word_1_145' title='bbox 1301 1581 1390 1629; x_wconf 91' lang='grc' dir='ltr'><strong><em>τοῦ</em></strong></span> <span class='ocrx_word' id='word_1_146' title='bbox 1417 1578 1567 1642; x_wconf 84' lang='grc' dir='ltr'><strong><em>θεοῦ,</em></strong></span> <span class='ocrx_word' id='word_1_147' title='bbox 1615 1573 1671 1629; x_wconf 80' lang='grc' dir='ltr'><strong><em>τό</em></strong></span> <span class='ocrx_word' id='word_1_148' title='bbox 1703 1572 1830 1628; x_wconf 72' lang='grc' dir='ltr'><strong><em>κατὰ</em></strong></span> <span class='ocrx_word' id='word_1_149' title='bbox 1857 1573 1943 1628; x_wconf 83' lang='grc' dir='ltr'><strong><em>τόν</em></strong></span> <span class='ocrx_word' id='word_1_150' title='bbox 1967 1573 2079 1630; x_wconf 82' lang='grc' dir='ltr'><strong><em>υἷόν</em></strong></span> <span class='ocrx_word' id='word_1_151' title='bbox 2104 1577 2198 1639; x_wconf 76' lang='grc' dir='ltr'><strong><em>ἕως</em></strong></span> <span class='ocrx_word' id='word_1_152' title='bbox 2223 1581 2374 1645; x_wconf 86' lang='grc' dir='ltr'><em>ψιλῆς</em></span> 
     </span>
     <span class='ocr_line' id='line_1_17' title="bbox 431 1659 1241 1733; baseline -0.002 -17"><span class='ocrx_word' id='word_1_153' title='bbox 431 1665 766 1733; x_wconf 83' lang='grc' dir='ltr'><strong><em>προςηγορίας</em></strong></span> <span class='ocrx_word' id='word_1_154' title='bbox 807 1659 1241 1731; x_wconf 78' lang='grc' dir='ltr'><strong><em>ὅμολογηθήσεται.</em></strong></span> 
     </span>
    </p>

    <p class='ocr_par' dir='ltr' id='par_1_5' title="bbox 423 1740 2371 2506">
     <span class='ocr_line' id='line_1_18' title="bbox 571 1740 2371 1816; baseline 0.001 -16"><span class='ocrx_word' id='word_1_155' title='bbox 571 1747 768 1816; x_wconf 87' lang='grc' dir='ltr'><strong><em>Ἀνατρ.</em></strong></span> <span class='ocrx_word' id='word_1_156' title='bbox 817 1745 958 1800; x_wconf 84' lang='grc' dir='ltr'><strong><em>Ἔδει</em></strong></span> <span class='ocrx_word' id='word_1_157' title='bbox 987 1748 1071 1816; x_wconf 81' lang='grc' dir='ltr'><strong><em>μὲν</em></strong></span> <span class='ocrx_word' id='word_1_158' title='bbox 1095 1740 1188 1801; x_wconf 79' lang='grc' dir='ltr'><strong><em>οὖν</em></strong></span> <span class='ocrx_word' id='word_1_159' title='bbox 1215 1744 1277 1800; x_wconf 79' lang='grc' dir='ltr'><strong><em>οὗ</em></strong></span> <span class='ocrx_word' id='word_1_160' title='bbox 1302 1747 1456 1814; x_wconf 81' lang='grc' dir='ltr'><strong><em>μόνον</em></strong></span> <span class='ocrx_word' id='word_1_161' title='bbox 1478 1747 1558 1811; x_wconf 83' lang='grc' dir='ltr'><strong><em>σὲ,</em></strong></span> <span class='ocrx_word' id='word_1_162' title='bbox 1609 1744 1785 1812; x_wconf 85' lang='grc' dir='ltr'><strong><em>Ἀέτιε,</em></strong></span> <span class='ocrx_word' id='word_1_163' title='bbox 1838 1745 1958 1799; x_wconf 71' lang='grc' dir='ltr'><em>ἀλλὰ</em></span> <span class='ocrx_word' id='word_1_164' title='bbox 1997 1748 2082 1800; x_wconf 82' lang='grc' dir='ltr'><strong><em>καὶ</em></strong></span> <span class='ocrx_word' id='word_1_165' title='bbox 2107 1744 2266 1800; x_wconf 88' lang='grc' dir='ltr'><strong><em>πάντα</em></strong></span> <span class='ocrx_word' id='word_1_166' title='bbox 2299 1749 2371 1801; x_wconf 78' lang='grc' dir='ltr'><strong><em>αἴ-</em></strong></span> 
     </span>
     <span class='ocr_line' id='line_1_19' title="bbox 432 1828 2370 1905; baseline -0.001 -18"><span class='ocrx_word' id='word_1_167' title='bbox 432 1831 624 1905; x_wconf 82' lang='grc' dir='ltr'><strong><em>ρετικόν</em></strong></span> <span class='ocrx_word' id='word_1_168' title='bbox 655 1831 774 1902; x_wconf 77' lang='grc' dir='ltr'><strong><em>μετά</em></strong></span> <span class='ocrx_word' id='word_1_169' title='bbox 797 1837 915 1902; x_wconf 87' lang='grc' dir='ltr'><strong><em>μίαν</em></strong></span> <span class='ocrx_word' id='word_1_170' title='bbox 943 1837 1210 1887; x_wconf 85' lang='grc' dir='ltr'><strong><em>νουθεσίαν</em></strong></span> <span class='ocrx_word' id='word_1_171' title='bbox 1238 1839 1611 1902; x_wconf 87' lang='grc' dir='ltr'><strong><em>παραιτεῖσθαι,</em></strong></span> <span class='ocrx_word' id='word_1_172' title='bbox 1668 1828 1737 1893; x_wconf 67' lang='grc' dir='ltr'><strong><em>οἷς</em></strong></span> <span class='ocrx_word' id='word_1_173' title='bbox 1765 1829 1795 1885; x_wconf 85' lang='grc' dir='ltr'><strong><em>ό</em></strong></span> <span class='ocrx_word' id='word_1_174' title='bbox 1823 1830 1964 1902; x_wconf 77' lang='grc' dir='ltr'><strong><em>ὅίγιος</em></strong></span> <span class='ocrx_word' id='word_1_175' title='bbox 1995 1833 2080 1886; x_wconf 86' lang='grc' dir='ltr'><strong><em>καὶ</em></strong></span> <span class='ocrx_word' id='word_1_176' title='bbox 2106 1830 2267 1899; x_wconf 81' lang='grc' dir='ltr'><strong><em>σοφός</em></strong></span> <span class='ocrx_word' id='word_1_177' title='bbox 2293 1852 2370 1886; x_wconf 82' lang='grc' dir='ltr'><strong><em>κε-</em></strong></span> 
     </span>
     <span class='ocr_line' id='line_1_20' title="bbox 429 1915 2365 1990; baseline -0.001 -17"><span class='ocrx_word' id='word_1_178' title='bbox 429 1919 553 1973; x_wconf 80' lang='grc' dir='ltr'><strong><em>λεύει</em></strong></span> <span class='ocrx_word' id='word_1_179' title='bbox 582 1918 742 1990; x_wconf 89' lang='grc' dir='ltr'><strong><em>λόγος.</em></strong></span> <span class='ocrx_word' id='word_1_180' title='bbox 816 1917 1252 1987; x_wconf 81' lang='grc' dir='ltr'><strong><em>Αὐτοκατάκριτος</em></strong></span> <span class='ocrx_word' id='word_1_181' title='bbox 1286 1916 1378 1989; x_wconf 79' lang='grc' dir='ltr'><strong><em>γάρ</em></strong></span> <span class='ocrx_word' id='word_1_182' title='bbox 1406 1916 1672 1988; x_wconf 79' lang='grc' dir='ltr'><strong><em>τυγχάνεις,</em></strong></span> <span class='ocrx_word' id='word_1_183' title='bbox 1710 1918 1866 1990; x_wconf 75' lang='grc' dir='ltr'><strong><em>ἑαυτῷ</em></strong></span> <span class='ocrx_word' id='word_1_184' title='bbox 1910 1915 1996 1971; x_wconf 84' lang='grc' dir='ltr'><strong><em>τὸν</em></strong></span> <span class='ocrx_word' id='word_1_185' title='bbox 2029 1915 2238 1988; x_wconf 79' lang='grc' dir='ltr'><strong><em>ὄλεθρον</em></strong></span> <span class='ocrx_word' id='word_1_186' title='bbox 2267 1919 2365 1972; x_wconf 84' lang='grc' dir='ltr'><strong><em>ἐπι-</em></strong></span> 
     </span>
     <span class='ocr_line' id='line_1_21' title="bbox 429 1995 2369 2075; baseline -0.002 -16"><span class='ocrx_word' id='word_1_187' title='bbox 429 2004 690 2074; x_wconf 77' lang='grc' dir='ltr'><strong><em>σπώμενος</em></strong></span> <span class='ocrx_word' id='word_1_188' title='bbox 714 2006 798 2058; x_wconf 82' lang='grc' dir='ltr'><strong><em>καὶ</em></strong></span> <span class='ocrx_word' id='word_1_189' title='bbox 824 2004 934 2073; x_wconf 85' lang='grc' dir='ltr'><strong><em>οὐχὶ</em></strong></span> <span class='ocrx_word' id='word_1_190' title='bbox 959 2002 1040 2071; x_wconf 72' lang='grc' dir='ltr'><strong><em>ὑφ’</em></strong></span> <span class='ocrx_word' id='word_1_191' title='bbox 1070 2005 1238 2072; x_wconf 83' lang='grc' dir='ltr'><strong><em>ἑτέρου</em></strong></span> <span class='ocrx_word' id='word_1_192' title='bbox 1266 2001 1670 2075; x_wconf 73' lang='grc' dir='ltr'><strong><em>ἀναγκαζόμενος.</em></strong></span> <span class='ocrx_word' id='word_1_193' title='bbox 1725 2006 1808 2065; x_wconf 90' lang='grc' dir='ltr'><strong><em>Τίς</em></strong></span> <span class='ocrx_word' id='word_1_194' title='bbox 1835 1995 1927 2056; x_wconf 77' lang='grc' dir='ltr'><strong><em>οῦν</em></strong></span> <span class='ocrx_word' id='word_1_195' title='bbox 1954 2004 2134 2071; x_wconf 78' lang='grc' dir='ltr'><strong><em>ἐλεήσει</em></strong></span> <span class='ocrx_word' id='word_1_196' title='bbox 2151 2001 2237 2057; x_wconf 83' lang='grc' dir='ltr'><strong><em>τόν</em></strong></span> <span class='ocrx_word' id='word_1_197' title='bbox 2258 2004 2369 2057; x_wconf 78' lang='grc' dir='ltr'><strong><em>ἑαυ-</em></strong></span> 
     </span>
     <span class='ocr_line' id='line_1_22' title="bbox 423 2085 2370 2163; baseline -0.001 -19"><span class='ocrx_word' id='word_1_198' title='bbox 423 2098 497 2163; x_wconf 79' lang='grc' dir='ltr'><strong><em>τῷ</em></strong></span> <span class='ocrx_word' id='word_1_199' title='bbox 534 2089 779 2160; x_wconf 83' lang='grc' dir='ltr'><strong><em>πονηρόν,</em></strong></span> <span class='ocrx_word' id='word_1_200' title='bbox 833 2092 918 2143; x_wconf 84' lang='grc' dir='ltr'><strong><em>καὶ</em></strong></span> <span class='ocrx_word' id='word_1_201' title='bbox 962 2088 1128 2143; x_wconf 84' lang='grc' dir='ltr'><strong><em>οὕδενὶ</em></strong></span> <span class='ocrx_word' id='word_1_202' title='bbox 1170 2094 1192 2125; x_wconf 79' lang='lat'>³</span> <span class='ocrx_word' id='word_1_203' title='bbox 1212 2087 1409 2159; x_wconf 82' lang='grc' dir='ltr'><strong><em>άγαθὸν</em></strong></span> <span class='ocrx_word' id='word_1_204' title='bbox 1436 2087 1762 2159; x_wconf 71' lang='grc' dir='ltr'><strong><em>τυγχάνοντας</em></strong></span> <span class='ocrx_word' id='word_1_205' title='bbox 1828 2086 1955 2141; x_wconf 85' lang='grc' dir='ltr'><strong><em>Ἀλλ’</em></strong></span> <span class='ocrx_word' id='word_1_206' title='bbox 1981 2090 2063 2142; x_wconf 80' lang='grc' dir='ltr'><strong><em>’ἵνα</em></strong></span> <span class='ocrx_word' id='word_1_207' title='bbox 2087 2087 2155 2158; x_wconf 77' lang='grc' dir='ltr'><strong><em>μὴ</em></strong></span> <span class='ocrx_word' id='word_1_208' title='bbox 2186 2086 2264 2156; x_wconf 77' lang='grc' dir='ltr'><strong><em>ἔφ’</em></strong></span> <span class='ocrx_word' id='word_1_209' title='bbox 2292 2085 2370 2152; x_wconf 83' lang='grc' dir='ltr'><strong><em>οἷς</em></strong></span> 
     </span>
     <span class='ocr_line' id='line_1_23' title="bbox 430 2171 2368 2250; baseline -0.002 -20"><span class='ocrx_word' id='word_1_210' title='bbox 430 2175 730 2245; x_wconf 77' lang='grc' dir='ltr'><strong><em>ἕβλάστησας</em></strong></span> <span class='ocrx_word' id='word_1_211' title='bbox 755 2182 822 2249; x_wconf 77' lang='grc' dir='ltr'><strong><em>τῷ</em></strong></span> <span class='ocrx_word' id='word_1_212' title='bbox 852 2175 1023 2250; x_wconf 81' lang='grc' dir='ltr'><strong><em>κόσμῳ</em></strong></span> <span class='ocrx_word' id='word_1_213' title='bbox 1057 2183 1228 2238; x_wconf 81' lang='grc' dir='ltr'><strong><em>κακοῖς</em></strong></span> <span class='ocrx_word' id='word_1_214' title='bbox 1258 2177 1311 2229; x_wconf 86' lang='grc' dir='ltr'><strong><em>ἐν</em></strong></span> <span class='ocrx_word' id='word_1_215' title='bbox 1340 2179 1528 2246; x_wconf 81' lang='grc' dir='ltr'><strong><em>σεαυτῷ</em></strong></span> <span class='ocrx_word' id='word_1_216' title='bbox 1568 2175 1691 2242; x_wconf 74' lang='grc' dir='ltr'><strong><em>ἔχων</em></strong></span> <span class='ocrx_word' id='word_1_217' title='bbox 1731 2171 2102 2242; x_wconf 83' lang='grc' dir='ltr'><strong><em>ύπολαμβάνοις</em></strong></span> <span class='ocrx_word' id='word_1_218' title='bbox 2150 2171 2220 2236; x_wconf 69' lang='grc' dir='ltr'><strong><em>οἷς</em></strong></span> <span class='ocrx_word' id='word_1_219' title='bbox 2256 2175 2368 2246; x_wconf 76' lang='grc' dir='ltr'><strong><em>περὶ</em></strong></span> 
     </span>
     <span class='ocr_line' id='line_1_24' title="bbox 428 2256 2369 2334; baseline -0.001 -20"><span class='ocrx_word' id='word_1_220' title='bbox 428 2261 651 2333; x_wconf 78' lang='grc' dir='ltr'><strong><em>μεγάλων</em></strong></span> <span class='ocrx_word' id='word_1_221' title='bbox 674 2263 756 2315; x_wconf 79' lang='grc' dir='ltr'><strong><em>καὶ</em></strong></span> <span class='ocrx_word' id='word_1_222' title='bbox 785 2261 1081 2324; x_wconf 78' lang='grc' dir='ltr'><strong><em>ἀντιθέτων,</em></strong></span> <span class='ocrx_word' id='word_1_223' title='bbox 1136 2263 1458 2329; x_wconf 77' lang='grc' dir='ltr'><strong><em>ἐπιμενοῦμεν</em></strong></span> <span class='ocrx_word' id='word_1_224' title='bbox 1485 2260 1567 2313; x_wconf 77' lang='grc' dir='ltr'><strong><em>καὶ</em></strong></span> <span class='ocrx_word' id='word_1_225' title='bbox 1596 2259 1740 2312; x_wconf 80' lang='grc' dir='ltr'><strong><em>αὐτοὶ</em></strong></span> <span class='ocrx_word' id='word_1_226' title='bbox 1780 2256 1899 2327; x_wconf 76' lang='grc' dir='ltr'><strong><em>μετά</em></strong></span> <span class='ocrx_word' id='word_1_227' title='bbox 1932 2263 2282 2330; x_wconf 88' lang='grc' dir='ltr'><strong><em>μακροθυμίας</em></strong></span> <span class='ocrx_word' id='word_1_228' title='bbox 2308 2265 2369 2334; x_wconf 78' lang='grc' dir='ltr'><strong><em>τῇ</em></strong></span> 
     </span>
     <span class='ocr_line' id='line_1_25' title="bbox 427 2342 2365 2421; baseline -0.001 -21"><span class='ocrx_word' id='word_1_229' title='bbox 427 2346 645 2421; x_wconf 80' lang='grc' dir='ltr'><strong><em>διστόμῳ</em></strong></span> <span class='ocrx_word' id='word_1_230' title='bbox 689 2351 928 2420; x_wconf 73' lang='grc' dir='ltr'><strong><em>μαχαίρᾳ,</em></strong></span> <span class='ocrx_word' id='word_1_231' title='bbox 978 2352 1068 2400; x_wconf 89' lang='grc' dir='ltr'><strong><em>τοῦ</em></strong></span> <span class='ocrx_word' id='word_1_232' title='bbox 1094 2351 1313 2414; x_wconf 85' lang='grc' dir='ltr'><strong><em>Χριστοῦ</em></strong></span> <span class='ocrx_word' id='word_1_233' title='bbox 1349 2344 1505 2418; x_wconf 80' lang='grc' dir='ltr'><strong><em>λόγῳ,</em></strong></span> <span class='ocrx_word' id='word_1_234' title='bbox 1557 2345 1868 2412; x_wconf 78' lang='grc' dir='ltr'><strong><em>ἕκτέμνοντές</em></strong></span> <span class='ocrx_word' id='word_1_235' title='bbox 1894 2361 1986 2397; x_wconf 86' lang='grc' dir='ltr'><strong><em>σου</em></strong></span> <span class='ocrx_word' id='word_1_236' title='bbox 2015 2342 2103 2407; x_wconf 76' lang='grc' dir='ltr'><strong><em>τάς</em></strong></span> <span class='ocrx_word' id='word_1_237' title='bbox 2133 2342 2365 2398; x_wconf 69' lang='grc' dir='ltr'><strong><em>ἀκανθώ-</em></strong></span> 
     </span>
     <span class='ocr_line' id='line_1_26' title="bbox 428 2428 2363 2506; baseline -0.001 -21"><span class='ocrx_word' id='word_1_238' title='bbox 428 2436 528 2494; x_wconf 89' lang='grc' dir='ltr'><strong><em>δεις</em></strong></span> <span class='ocrx_word' id='word_1_239' title='bbox 554 2435 717 2501; x_wconf 76' lang='grc' dir='ltr'><strong><em>ῥίζας,</em></strong></span> <span class='ocrx_word' id='word_1_240' title='bbox 773 2434 826 2486; x_wconf 83' lang='grc' dir='ltr'><strong><em>έν</em></strong></span> <span class='ocrx_word' id='word_1_241' title='bbox 853 2440 912 2506; x_wconf 74' lang='grc' dir='ltr'><strong><em>τῇ</em></strong></span> <span class='ocrx_word' id='word_1_242' title='bbox 943 2430 1237 2505; x_wconf 73' lang='grc' dir='ltr'><strong><em>ὑγιαινούσῃ</em></strong></span> <span class='ocrx_word' id='word_1_243' title='bbox 1264 2430 1390 2499; x_wconf 76' lang='grc' dir='ltr'><strong><em>πρὸς</em></strong></span> <span class='ocrx_word' id='word_1_244' title='bbox 1427 2428 1549 2483; x_wconf 84' lang='grc' dir='ltr'><strong><em>θεὸν</em></strong></span> <span class='ocrx_word' id='word_1_245' title='bbox 1576 2433 1730 2503; x_wconf 73' lang='grc' dir='ltr'><strong><em>τελεία</em></strong></span> <span class='ocrx_word' id='word_1_246' title='bbox 1759 2431 1842 2483; x_wconf 86' lang='grc' dir='ltr'><strong><em>καὶ</em></strong></span> <span class='ocrx_word' id='word_1_247' title='bbox 1868 2428 2082 2505; x_wconf 73' lang='grc' dir='ltr'><strong><em>ἀληθινῇ</em></strong></span> <span class='ocrx_word' id='word_1_248' title='bbox 2114 2428 2363 2504; x_wconf 72' lang='grc' dir='ltr'><strong><em>ὁμολογίᾳ.</em></strong></span> 
     </span>
    </p>
   </div>
   <div class='ocr_carea' id='block_1_5' title="bbox 362 2513 2366 2592">
    <p class='ocr_par' dir='ltr' id='par_1_6' title="bbox 362 2513 2366 2592">
     <span class='ocr_line' id='line_1_27' title="bbox 362 2513 2366 2592; baseline -0.001 -21"><span class='ocrx_word' id='word_1_249' title='bbox 362 2556 379 2571; x_wconf 74' lang='lat'><em>.</em></span> <span class='ocrx_word' id='word_1_250' title='bbox 428 2518 566 2581; x_wconf 89' lang='grc' dir='ltr'><strong><em>Δόξα</em></strong></span> <span class='ocrx_word' id='word_1_251' title='bbox 603 2516 694 2588; x_wconf 78' lang='grc' dir='ltr'><strong><em>γάρ</em></strong></span> <span class='ocrx_word' id='word_1_252' title='bbox 733 2524 803 2592; x_wconf 77' lang='grc' dir='ltr'><strong><em>τῷ</em></strong></span> <span class='ocrx_word' id='word_1_253' title='bbox 832 2517 1053 2585; x_wconf 81' lang='grc' dir='ltr'><strong><em>ἐλεήμονι</em></strong></span> <span class='ocrx_word' id='word_1_254' title='bbox 1096 2523 1165 2589; x_wconf 79' lang='grc' dir='ltr'><strong><em>τῷ</em></strong></span> <span class='ocrx_word' id='word_1_255' title='bbox 1205 2515 1492 2586; x_wconf 83' lang='grc' dir='ltr'><strong><em>φωράσαντί</em></strong></span> <span class='ocrx_word' id='word_1_256' title='bbox 1532 2534 1585 2568; x_wconf 91' lang='grc' dir='ltr'><strong><em>σε</em></strong></span> <span class='ocrx_word' id='word_1_257' title='bbox 1619 2513 1794 2578; x_wconf 76' lang='grc' dir='ltr'><strong><em>ὁποῖος</em></strong></span> <span class='ocrx_word' id='word_1_258' title='bbox 1830 2513 1899 2581; x_wconf 83' lang='grc' dir='ltr'><strong><em>εἷ,</em></strong></span> <span class='ocrx_word' id='word_1_259' title='bbox 1948 2514 2039 2584; x_wconf 80' lang='grc' dir='ltr'><strong><em>τὴν</em></strong></span> <span class='ocrx_word' id='word_1_260' title='bbox 2075 2522 2165 2570; x_wconf 89' lang='grc' dir='ltr'><strong><em>τοῦ</em></strong></span> <span class='ocrx_word' id='word_1_261' title='bbox 2194 2515 2366 2570; x_wconf 80' lang='grc' dir='ltr'><strong><em>Ἰούδα</em></strong></span> 
     </span>
    </p>
   </div>
   <div class='ocr_carea' id='block_1_6' title="bbox 425 2599 2364 3441">
    <p class='ocr_par' dir='ltr' id='par_1_7' title="bbox 425 2599 2364 3441">
     <span class='ocr_line' id='line_1_28' title="bbox 429 2599 2364 2671; baseline -0.001 -15"><span class='ocrx_word' id='word_1_262' title='bbox 429 2605 616 2671; x_wconf 79' lang='grc' dir='ltr'><strong><em>ἐπέχων</em></strong></span> <span class='ocrx_word' id='word_1_263' title='bbox 644 2603 805 2668; x_wconf 83' lang='grc' dir='ltr'><strong><em>τάξιν,</em></strong></span> <span class='ocrx_word' id='word_1_264' title='bbox 855 2608 945 2657; x_wconf 87' lang='grc' dir='ltr'><strong><em>τοῦ</em></strong></span> <span class='ocrx_word' id='word_1_265' title='bbox 974 2601 1062 2656; x_wconf 78' lang='grc' dir='ltr'><strong><em>σῦν</em></strong></span> <span class='ocrx_word' id='word_1_266' title='bbox 1088 2610 1191 2664; x_wconf 89' lang='grc' dir='ltr'><strong><em>τοῖς</em></strong></span> <span class='ocrx_word' id='word_1_267' title='bbox 1223 2608 1470 2670; x_wconf 78' lang='grc' dir='ltr'><strong><em>μαθηταῖς</em></strong></span> <span class='ocrx_word' id='word_1_268' title='bbox 1497 2601 1584 2668; x_wconf 81' lang='grc' dir='ltr'><strong><em>μὲν</em></strong></span> <span class='ocrx_word' id='word_1_269' title='bbox 1611 2599 2008 2670; x_wconf 86' lang='grc' dir='ltr'><strong><em>άριθμηθέντος,</em></strong></span> <span class='ocrx_word' id='word_1_270' title='bbox 2062 2599 2364 2670; x_wconf 83' lang='grc' dir='ltr'><strong><em>άφορισθέν·</em></strong></span> 
     </span>
     <span class='ocr_line' id='line_1_29' title="bbox 427 2684 2363 2759; baseline -0.002 -16"><span class='ocrx_word' id='word_1_271' title='bbox 427 2712 513 2752; x_wconf 91' lang='grc' dir='ltr'><strong><em>τος</em></strong></span> <span class='ocrx_word' id='word_1_272' title='bbox 541 2690 620 2753; x_wconf 83' lang='grc' dir='ltr'><strong><em>δὲ,</em></strong></span> <span class='ocrx_word' id='word_1_273' title='bbox 659 2687 720 2742; x_wconf 85' lang='grc' dir='ltr'><strong><em>ού</em></strong></span> <span class='ocrx_word' id='word_1_274' title='bbox 749 2694 966 2759; x_wconf 88' lang='grc' dir='ltr'><strong><em>Χριστοῦ</em></strong></span> <span class='ocrx_word' id='word_1_275' title='bbox 990 2690 1183 2756; x_wconf 77' lang='grc' dir='ltr'><strong><em>ἔχοντος</em></strong></span> <span class='ocrx_word' id='word_1_276' title='bbox 1213 2686 1299 2741; x_wconf 78' lang='grc' dir='ltr'><strong><em>τόν</em></strong></span> <span class='ocrx_word' id='word_1_277' title='bbox 1326 2694 1468 2754; x_wconf 92' lang='grc' dir='ltr'><strong><em>νοῦν,</em></strong></span> <span class='ocrx_word' id='word_1_278' title='bbox 1519 2685 1615 2740; x_wconf 76' lang='grc' dir='ltr'><em>ἄλλ’</em></span> <span class='ocrx_word' id='word_1_279' title='bbox 1640 2689 1693 2740; x_wconf 85' lang='grc' dir='ltr'><strong><em>ἐκ</em></strong></span> <span class='ocrx_word' id='word_1_280' title='bbox 1722 2693 1811 2740; x_wconf 88' lang='grc' dir='ltr'><strong><em>τοῦ</em></strong></span> <span class='ocrx_word' id='word_1_281' title='bbox 1836 2692 2040 2740; x_wconf 77' lang='grc' dir='ltr'><strong><em>Σατανᾶ</em></strong></span> <span class='ocrx_word' id='word_1_282' title='bbox 2065 2684 2363 2755; x_wconf 83' lang='grc' dir='ltr'><strong><em>ύποδεξαμέ-</em></strong></span> 
     </span>
     <span class='ocr_line' id='line_1_30' title="bbox 425 2770 2362 2846; baseline -0.001 -17"><span class='ocrx_word' id='word_1_283' title='bbox 425 2799 518 2830; x_wconf 92' lang='grc' dir='ltr'><strong><em>νου</em></strong></span> <span class='ocrx_word' id='word_1_284' title='bbox 558 2774 648 2844; x_wconf 80' lang='grc' dir='ltr'><strong><em>τὴν</em></strong></span> <span class='ocrx_word' id='word_1_285' title='bbox 684 2772 812 2846; x_wconf 79' lang='grc' dir='ltr'><strong><em>πρός</em></strong></span> <span class='ocrx_word' id='word_1_286' title='bbox 848 2773 935 2828; x_wconf 81' lang='grc' dir='ltr'><strong><em>τόν</em></strong></span> <span class='ocrx_word' id='word_1_287' title='bbox 969 2772 1211 2841; x_wconf 87' lang='grc' dir='ltr'><strong><em>δεσπότην</em></strong></span> <span class='ocrx_word' id='word_1_288' title='bbox 1250 2771 1405 2826; x_wconf 79' lang='grc' dir='ltr'><strong><em>αὐτοῦ</em></strong></span> <span class='ocrx_word' id='word_1_289' title='bbox 1444 2775 1841 2842; x_wconf 84' lang='grc' dir='ltr'><strong><em>ἐπαρνησιθεΐαν.</em></strong></span> <span class='ocrx_word' id='word_1_290' title='bbox 1938 2778 2066 2846; x_wconf 79' lang='grc' dir='ltr'><strong><em>Ψιλῇ</em></strong></span> <span class='ocrx_word' id='word_1_291' title='bbox 2111 2770 2203 2843; x_wconf 80' lang='grc' dir='ltr'><strong><em>γάρ</em></strong></span> <span class='ocrx_word' id='word_1_292' title='bbox 2241 2774 2362 2836; x_wconf 85' lang='grc' dir='ltr'><strong><em>λέξει</em></strong></span> 
     </span>
     <span class='ocr_line' id='line_1_31' title="bbox 430 2857 2361 2932; baseline -0.002 -16"><span class='ocrx_word' id='word_1_293' title='bbox 430 2859 755 2932; x_wconf 74' lang='grc' dir='ltr'><strong><em>τόμολόγησας</em></strong></span> <span class='ocrx_word' id='word_1_294' title='bbox 792 2858 879 2914; x_wconf 81' lang='grc' dir='ltr'><strong><em>τόν</em></strong></span> <span class='ocrx_word' id='word_1_295' title='bbox 921 2857 1033 2912; x_wconf 75' lang='grc' dir='ltr'><strong><em>υἱόν</em></strong></span> <span class='ocrx_word' id='word_1_296' title='bbox 1074 2864 1163 2912; x_wconf 86' lang='grc' dir='ltr'><strong><em>τοῦ</em></strong></span> <span class='ocrx_word' id='word_1_297' title='bbox 1212 2864 1335 2912; x_wconf 83' lang='grc' dir='ltr'><strong><em>θεοῦ</em></strong></span> <span class='ocrx_word' id='word_1_298' title='bbox 1376 2860 1499 2926; x_wconf 75' lang='grc' dir='ltr'><strong><em>ἔχειν</em></strong></span> <span class='ocrx_word' id='word_1_299' title='bbox 1545 2860 1596 2912; x_wconf 80' lang='grc' dir='ltr'><strong><em>ἐν</em></strong></span> <span class='ocrx_word' id='word_1_300' title='bbox 1633 2864 1694 2931; x_wconf 81' lang='grc' dir='ltr'><strong><em>τῇ</em></strong></span> <span class='ocrx_word' id='word_1_301' title='bbox 1731 2861 1938 2930; x_wconf 73' lang='grc' dir='ltr'><strong><em>διανοίᾳ.</em></strong></span> <span class='ocrx_word' id='word_1_302' title='bbox 2014 2858 2114 2909; x_wconf 83' lang='grc' dir='ltr'><strong><em>Καὶ</em></strong></span> <span class='ocrx_word' id='word_1_303' title='bbox 2151 2862 2225 2920; x_wconf 88' lang='grc' dir='ltr'><strong><em>τίς</em></strong></span> <span class='ocrx_word' id='word_1_304' title='bbox 2262 2860 2361 2912; x_wconf 85' lang='grc' dir='ltr'><strong><em>ἐστι</em></strong></span> 
     </span>
     <span class='ocr_line' id='line_1_32' title="bbox 426 2941 2361 3015; baseline -0.002 -15"><span class='ocrx_word' id='word_1_305' title='bbox 426 2952 561 3015; x_wconf 88' lang='grc' dir='ltr'><strong><em>χρεία</em></strong></span> <span class='ocrx_word' id='word_1_306' title='bbox 592 2949 705 3015; x_wconf 82' lang='grc' dir='ltr'><strong><em>περὶ</em></strong></span> <span class='ocrx_word' id='word_1_307' title='bbox 733 2952 820 3015; x_wconf 82' lang='grc' dir='ltr'><strong><em>τῆς</em></strong></span> <span class='ocrx_word' id='word_1_308' title='bbox 847 2943 974 3014; x_wconf 79' lang='grc' dir='ltr'><strong><em>πρὸς</em></strong></span> <span class='ocrx_word' id='word_1_309' title='bbox 1007 2945 1057 2997; x_wconf 78' lang='grc' dir='ltr'><strong><em>σὲ</em></strong></span> <span class='ocrx_word' id='word_1_310' title='bbox 1082 2950 1274 3009; x_wconf 79' lang='grc' dir='ltr'><strong><em>λαλιᾶς,</em></strong></span> <span class='ocrx_word' id='word_1_311' title='bbox 1326 2941 1474 2997; x_wconf 87' lang='grc' dir='ltr'><strong><em>όπότε</em></strong></span> <span class='ocrx_word' id='word_1_312' title='bbox 1507 2941 1824 2997; x_wconf 85' lang='grc' dir='ltr'><strong><em>παντάπασιν</em></strong></span> <span class='ocrx_word' id='word_1_313' title='bbox 1853 2941 2101 3012; x_wconf 83' lang='grc' dir='ltr'><strong><em>άλλότριος</em></strong></span> <span class='ocrx_word' id='word_1_314' title='bbox 2129 2948 2361 3014; x_wconf 86' lang='grc' dir='ltr'><strong><em>Χριστια-</em></strong></span> 
     </span>
     <span class='ocr_line' id='line_1_33' title="bbox 427 3027 2361 3101; baseline -0.003 -16"><span class='ocrx_word' id='word_1_315' title='bbox 427 3038 531 3085; x_wconf 82' lang='grc' dir='ltr'><strong><em>νῶν</em></strong></span> <span class='ocrx_word' id='word_1_316' title='bbox 561 3030 820 3101; x_wconf 71' lang='grc' dir='ltr'><strong><em>ὑπάρχεις,</em></strong></span> <span class='ocrx_word' id='word_1_317' title='bbox 871 3036 1147 3097; x_wconf 82' lang='grc' dir='ltr'><strong><em>προφητῶν</em></strong></span> <span class='ocrx_word' id='word_1_318' title='bbox 1182 3050 1231 3082; x_wconf 88' lang='grc' dir='ltr'><strong><em>τε</em></strong></span> <span class='ocrx_word' id='word_1_319' title='bbox 1258 3030 1340 3082; x_wconf 82' lang='grc' dir='ltr'><strong><em>καὶ</em></strong></span> <span class='ocrx_word' id='word_1_320' title='bbox 1380 3027 1665 3082; x_wconf 85' lang='grc' dir='ltr'><strong><em>άποστόλων</em></strong></span> <span class='ocrx_word' id='word_1_321' title='bbox 1700 3030 1784 3081; x_wconf 83' lang='grc' dir='ltr'><strong><em>καὶ</em></strong></span> <span class='ocrx_word' id='word_1_322' title='bbox 1816 3027 2187 3099; x_wconf 82' lang='grc' dir='ltr'><strong><em>εὗαγγελιστῶν,</em></strong></span> <span class='ocrx_word' id='word_1_323' title='bbox 2240 3050 2361 3098; x_wconf 88' lang='grc' dir='ltr'><strong><em>μαρ-</em></strong></span> 
     </span>
     <span class='ocr_line' id='line_1_34' title="bbox 427 3110 2361 3186; baseline -0.001 -17"><span class='ocrx_word' id='word_1_324' title='bbox 427 3117 589 3186; x_wconf 89' lang='grc' dir='ltr'><strong><em>τύρων</em></strong></span> <span class='ocrx_word' id='word_1_325' title='bbox 613 3139 663 3171; x_wconf 88' lang='grc' dir='ltr'><strong><em>τε</em></strong></span> <span class='ocrx_word' id='word_1_326' title='bbox 692 3119 777 3170; x_wconf 86' lang='grc' dir='ltr'><strong><em>καὶ</em></strong></span> <span class='ocrx_word' id='word_1_327' title='bbox 803 3115 1000 3169; x_wconf 89' lang='grc' dir='ltr'><strong><em>πάντων</em></strong></span> <span class='ocrx_word' id='word_1_328' title='bbox 1025 3123 1123 3168; x_wconf 79' lang='grc' dir='ltr'><strong><em>τῶν</em></strong></span> <span class='ocrx_word' id='word_1_329' title='bbox 1149 3113 1329 3185; x_wconf 83' lang='grc' dir='ltr'><strong><em>άγίων,</em></strong></span> <span class='ocrx_word' id='word_1_330' title='bbox 1382 3121 1480 3168; x_wconf 84' lang='grc' dir='ltr'><strong><em>τῶν</em></strong></span> <span class='ocrx_word' id='word_1_331' title='bbox 1519 3115 1700 3183; x_wconf 82' lang='grc' dir='ltr'><strong><em>ἐλέγξαι</em></strong></span> <span class='ocrx_word' id='word_1_332' title='bbox 1738 3132 1789 3166; x_wconf 93' lang='grc' dir='ltr'><strong><em>σε</em></strong></span> <span class='ocrx_word' id='word_1_333' title='bbox 1831 3117 1898 3176; x_wconf 82' lang='grc' dir='ltr'><strong><em>εἰς</em></strong></span> <span class='ocrx_word' id='word_1_334' title='bbox 1930 3110 2116 3184; x_wconf 74' lang='grc' dir='ltr'><strong><em>ἡμέραν</em></strong></span> <span class='ocrx_word' id='word_1_335' title='bbox 2156 3117 2361 3184; x_wconf 86' lang='grc' dir='ltr'><strong><em>κρίσεως</em></strong></span> 
     </span>
     <span class='ocr_line' id='line_1_35' title="bbox 427 3197 2359 3272; baseline -0.001 -17"><span class='ocrx_word' id='word_1_336' title='bbox 427 3204 631 3271; x_wconf 81' lang='grc' dir='ltr'><strong><em>ἑτοίμως</em></strong></span> <span class='ocrx_word' id='word_1_337' title='bbox 659 3202 893 3272; x_wconf 77' lang='grc' dir='ltr'><strong><em>ἐχόντων,</em></strong></span> <span class='ocrx_word' id='word_1_338' title='bbox 941 3201 1016 3255; x_wconf 76' lang='grc' dir='ltr'><strong><em>ὅτι</em></strong></span> <span class='ocrx_word' id='word_1_339' title='bbox 1042 3199 1148 3270; x_wconf 78' lang='grc' dir='ltr'><strong><em>ὀίχρι</em></strong></span> <span class='ocrx_word' id='word_1_340' title='bbox 1178 3199 1404 3253; x_wconf 89' lang='grc' dir='ltr'><strong><em>θανάτου</em></strong></span> <span class='ocrx_word' id='word_1_341' title='bbox 1444 3198 1813 3269; x_wconf 86' lang='grc' dir='ltr'><strong><em>στρεβλούμενοι</em></strong></span> <span class='ocrx_word' id='word_1_342' title='bbox 1850 3197 2142 3266; x_wconf 84' lang='grc' dir='ltr'><strong><em>ύπέμειναν,</em></strong></span> <span class='ocrx_word' id='word_1_343' title='bbox 2193 3217 2359 3266; x_wconf 86' lang='grc' dir='ltr'><strong><em>μαστι·</em></strong></span> 
     </span>
     <span class='ocr_line' id='line_1_36' title="bbox 426 3282 2357 3356; baseline -0.002 -14"><span class='ocrx_word' id='word_1_344' title='bbox 426 3287 646 3356; x_wconf 86' lang='grc' dir='ltr'><strong><em>ζόμενοι,</em></strong></span> <span class='ocrx_word' id='word_1_345' title='bbox 687 3287 932 3356; x_wconf 87' lang='grc' dir='ltr'><strong><em>ξεόμενοι,</em></strong></span> <span class='ocrx_word' id='word_1_346' title='bbox 983 3288 1137 3355; x_wconf 90' lang='grc' dir='ltr'><strong><em>θηρσὶ</em></strong></span> <span class='ocrx_word' id='word_1_347' title='bbox 1168 3288 1252 3339; x_wconf 80' lang='grc' dir='ltr'><strong><em>καὶ</em></strong></span> <span class='ocrx_word' id='word_1_348' title='bbox 1279 3287 1400 3354; x_wconf 84' lang='grc' dir='ltr'><strong><em>πυρὶ</em></strong></span> <span class='ocrx_word' id='word_1_349' title='bbox 1427 3287 1855 3354; x_wconf 88' lang='grc' dir='ltr'><strong><em>παραβληθέντες,</em></strong></span> <span class='ocrx_word' id='word_1_350' title='bbox 1906 3285 1990 3337; x_wconf 87' lang='grc' dir='ltr'><strong><em>καὶ</em></strong></span> <span class='ocrx_word' id='word_1_351' title='bbox 2019 3282 2159 3356; x_wconf 80' lang='grc' dir='ltr'><strong><em>φόνῳ</em></strong></span> <span class='ocrx_word' id='word_1_352' title='bbox 2187 3287 2357 3353; x_wconf 68' lang='grc' dir='ltr'><strong><em>μαχαί-</em></strong></span> 
     </span>
     <span class='ocr_line' id='line_1_37' title="bbox 425 3363 2356 3441; baseline -0.001 -17"><span class='ocrx_word' id='word_1_353' title='bbox 425 3395 539 3441; x_wconf 91' lang='grc' dir='ltr'><strong><em>ρας,</em></strong></span> <span class='ocrx_word' id='word_1_354' title='bbox 591 3376 674 3427; x_wconf 69' lang='grc' dir='ltr'><strong><em>’ἴνα</em></strong></span> <span class='ocrx_word' id='word_1_355' title='bbox 705 3373 817 3426; x_wconf 79' lang='grc' dir='ltr'><strong><em>υἱόν</em></strong></span> <span class='ocrx_word' id='word_1_356' title='bbox 843 3378 969 3425; x_wconf 90' lang='grc' dir='ltr'><strong><em>θεοῦ</em></strong></span> <span class='ocrx_word' id='word_1_357' title='bbox 1005 3369 1147 3436; x_wconf 76' lang='grc' dir='ltr'><strong><em>ὄντα,</em></strong></span> <span class='ocrx_word' id='word_1_358' title='bbox 1198 3373 1282 3424; x_wconf 85' lang='grc' dir='ltr'><strong><em>καὶ</em></strong></span> <span class='ocrx_word' id='word_1_359' title='bbox 1313 3374 1363 3434; x_wconf 83' lang='grc' dir='ltr'><strong><em>ἐξ</em></strong></span> <span class='ocrx_word' id='word_1_360' title='bbox 1388 3369 1542 3424; x_wconf 77' lang='grc' dir='ltr'><strong><em>αὐτοῦ</em></strong></span> <span class='ocrx_word' id='word_1_361' title='bbox 1578 3363 1831 3437; x_wconf 72' lang='grc' dir='ltr'><strong><em>άληθινῶς</em></strong></span> <span class='ocrx_word' id='word_1_362' title='bbox 1860 3371 2235 3440; x_wconf 85' lang='grc' dir='ltr'><strong><em>γεγεννημένον,</em></strong></span> <span class='ocrx_word' id='word_1_363' title='bbox 2289 3367 2356 3438; x_wconf 76' lang='grc' dir='ltr'><em>μή</em></span> 
     </span>
    </p>
   </div>
   <div class='ocr_carea' id='block_1_7' title="bbox 390 3452 2352 3527">
    <p class='ocr_par' dir='ltr' id='par_1_8' title="bbox 390 3452 2352 3527">
     <span class='ocr_line' id='line_1_38' title="bbox 390 3452 2352 3527; baseline 0 -19"><span class='ocrx_word' id='word_1_364' title='bbox 390 3492 393 3495; x_wconf 92' lang='grc'>-</span> <span class='ocrx_word' id='word_1_365' title='bbox 423 3454 733 3526; x_wconf 71' lang='grc' dir='ltr'><strong><em>ἀρνήσονται.</em></strong></span> <span class='ocrx_word' id='word_1_366' title='bbox 811 3455 1103 3525; x_wconf 84' lang='grc' dir='ltr'><strong><em>Γεννητικὸς</em></strong></span> <span class='ocrx_word' id='word_1_367' title='bbox 1130 3455 1222 3527; x_wconf 78' lang='grc' dir='ltr'><strong><em>γάρ</em></strong></span> <span class='ocrx_word' id='word_1_368' title='bbox 1251 3454 1279 3509; x_wconf 86' lang='grc' dir='ltr'><strong><em>ό</em></strong></span> <span class='ocrx_word' id='word_1_369' title='bbox 1305 3455 1464 3524; x_wconf 76' lang='grc' dir='ltr'><strong><em>πατὴρ</em></strong></span> <span class='ocrx_word' id='word_1_370' title='bbox 1495 3454 1652 3523; x_wconf 89' lang='grc' dir='ltr'><strong><em>μόνου</em></strong></span> <span class='ocrx_word' id='word_1_371' title='bbox 1677 3459 1997 3526; x_wconf 89' lang='grc' dir='ltr'><strong><em>μονογενοῦς,</em></strong></span> <span class='ocrx_word' id='word_1_372' title='bbox 2034 3455 2118 3507; x_wconf 85' lang='grc' dir='ltr'><strong><em>καὶ</em></strong></span> <span class='ocrx_word' id='word_1_373' title='bbox 2144 3452 2233 3523; x_wconf 85' lang='grc' dir='ltr'><strong><em>ούχ</em></strong></span> <span class='ocrx_word' id='word_1_374' title='bbox 2257 3455 2352 3508; x_wconf 83' lang='grc' dir='ltr'><strong><em>ἕτέ-</em></strong></span> 
     </span>
    </p>
   </div>
   <div class='ocr_carea' id='block_1_8' title="bbox 424 3537 2354 3698">
    <p class='ocr_par' dir='ltr' id='par_1_9' title="bbox 424 3537 2354 3698">
     <span class='ocr_line' id='line_1_39' title="bbox 425 3537 2354 3611; baseline -0.001 -18"><span class='ocrx_word' id='word_1_375' title='bbox 425 3563 516 3610; x_wconf 90' lang='grc' dir='ltr'><strong><em>ρου</em></strong></span> <span class='ocrx_word' id='word_1_376' title='bbox 545 3542 675 3606; x_wconf 80' lang='grc' dir='ltr'><strong><em>τινός</em></strong></span> <span class='ocrx_word' id='word_1_377' title='bbox 701 3546 772 3598; x_wconf 75' lang='grc' dir='ltr'><strong><em>ἔτι</em></strong></span> <span class='ocrx_word' id='word_1_378' title='bbox 804 3541 923 3611; x_wconf 72' lang='grc' dir='ltr'><strong><em>μετὰ</em></strong></span> <span class='ocrx_word' id='word_1_379' title='bbox 951 3541 1038 3596; x_wconf 87' lang='grc' dir='ltr'><strong><em>τὸν</em></strong></span> <span class='ocrx_word' id='word_1_380' title='bbox 1067 3544 1180 3607; x_wconf 75' lang='grc' dir='ltr'><strong><em>ἕνα,</em></strong></span> <span class='ocrx_word' id='word_1_381' title='bbox 1230 3544 1316 3595; x_wconf 84' lang='grc' dir='ltr'><strong><em>καὶ</em></strong></span> <span class='ocrx_word' id='word_1_382' title='bbox 1344 3538 1705 3611; x_wconf 82' lang='grc' dir='ltr'><strong><em>οἷνομβρητικὸς</em></strong></span> <span class='ocrx_word' id='word_1_383' title='bbox 1745 3539 2020 3607; x_wconf 87' lang='grc' dir='ltr'><strong><em>πνεύματος</em></strong></span> <span class='ocrx_word' id='word_1_384' title='bbox 2045 3537 2216 3609; x_wconf 81' lang='grc' dir='ltr'><strong><em>άγίου,</em></strong></span> <span class='ocrx_word' id='word_1_385' title='bbox 2270 3539 2354 3592; x_wconf 77' lang='grc' dir='ltr'><strong><em>καὶ</em></strong></span> 
     </span>
     <span class='ocr_line' id='line_1_40' title="bbox 424 3621 2351 3698; baseline -0.001 -20"><span class='ocrx_word' id='word_1_386' title='bbox 424 3624 514 3693; x_wconf 76' lang='grc' dir='ltr'><strong><em>οὐχ</em></strong></span> <span class='ocrx_word' id='word_1_387' title='bbox 553 3629 720 3698; x_wconf 78' lang='grc' dir='ltr'><strong><em>ἐτέρου</em></strong></span> <span class='ocrx_word' id='word_1_388' title='bbox 761 3628 1069 3696; x_wconf 88' lang='grc' dir='ltr'><strong><em>πνεύματος,</em></strong></span> <span class='ocrx_word' id='word_1_389' title='bbox 1117 3625 1314 3695; x_wconf 79' lang='grc' dir='ltr'><strong><em>κτιστής</em></strong></span> <span class='ocrx_word' id='word_1_390' title='bbox 1339 3627 1392 3680; x_wconf 83' lang='grc' dir='ltr'><strong><em>δὲ</em></strong></span> <span class='ocrx_word' id='word_1_391' title='bbox 1422 3629 1505 3680; x_wconf 81' lang='grc' dir='ltr'><strong><em>καὶ</em></strong></span> <span class='ocrx_word' id='word_1_392' title='bbox 1543 3624 1752 3694; x_wconf 76' lang='grc' dir='ltr'><strong><em>ποιητὴς</em></strong></span> <span class='ocrx_word' id='word_1_393' title='bbox 1781 3631 1881 3678; x_wconf 79' lang='grc' dir='ltr'><strong><em>τῶν</em></strong></span> <span class='ocrx_word' id='word_1_394' title='bbox 1917 3621 1999 3677; x_wconf 73' lang='grc' dir='ltr'><strong><em>ὕπ’</em></strong></span> <span class='ocrx_word' id='word_1_395' title='bbox 2032 3623 2187 3679; x_wconf 81' lang='grc' dir='ltr'><strong><em>αὐτοῦ</em></strong></span> <span class='ocrx_word' id='word_1_396' title='bbox 2217 3644 2351 3695; x_wconf 85' lang='grc' dir='ltr'><strong><em>γενο-</em></strong></span> 
     </span>
    </p>
   </div>
   <div class='ocr_carea' id='block_1_9' title="bbox 483 3739 2003 3797">
    <p class='ocr_par' dir='ltr' id='par_1_10' title="bbox 483 3739 2003 3797">
     <span class='ocr_line' id='line_1_41' title="bbox 483 3739 2003 3797; baseline -0.001 -15"><span class='ocrx_word' id='word_1_397' title='bbox 483 3740 519 3782; x_wconf 91' lang='grc'><strong><em>1.</em></strong></span> <span class='ocrx_word' id='word_1_398' title='bbox 550 3744 683 3795; x_wconf 84' lang='lat' dir='ltr'><strong><em>Supra</em></strong></span> <span class='ocrx_word' id='word_1_399' title='bbox 713 3741 804 3789; x_wconf 79' lang='grc' dir='ltr'><strong><em>ἀλλ’</em></strong></span> <span class='ocrx_word' id='word_1_400' title='bbox 832 3739 896 3790; x_wconf 77' lang='grc' dir='ltr'><strong><em>ου’,</em></strong></span> <span class='ocrx_word' id='word_1_401' title='bbox 1477 3741 1519 3784; x_wconf 83' lang='grc'><strong><em>2.</em></strong></span> <span class='ocrx_word' id='word_1_402' title='bbox 1550 3739 1843 3797; x_wconf 79' lang='grc' dir='ltr'><strong><em>ἐργασαμένης</em></strong></span> <span class='ocrx_word' id='word_1_403' title='bbox 1869 3752 2003 3793; x_wconf 79' lang='lat' dir='ltr'><strong><em>supra.</em></strong></span> 
     </span>
    </p>
   </div>
  </div>
 </body>
</html>
