2508 4134
226 2098 337 2154 Κεφ.
356 2099 424 2148 ις’.

219 2379 305 2416 pag.
327 2370 421 2406 1⁰48.

466 268 566 321 428
1176 282 1380 326 SANc'n
1409 285 1694 328 EPIPHANH

463 376 642 444 βᾶντος
667 383 755 431 τοῦ
786 378 993 447 χρόνου,
1031 378 1091 431 τοὶ
1115 386 1329 434 τοσαῦτα
1357 389 1532 450 σημεῖα
1562 385 1646 436 καὶ
1671 381 1934 452 θαύματα,
1971 391 2078 448 πῶς
2107 383 2281 454 ἐτόλμα
2305 386 2385 453 ἒμ-

463 470 715 532 παροινεῖν
753 465 838 516 καὶ
869 465 1135 533 ἐνυβρίζειν
1161 471 1301 534 σῶμα
1333 464 1501 537 ἅγιον,
1553 470 1604 521 ἐν
1634 461 1674 542 ᾧ
1706 472 1994 542 κατῳκίσθη
2021 470 2141 533 θεός
2152 493 2168 534 ,·
2205 472 2270 534 ’ἐξ
2300 492 2388 524 ου·

461 569 550 617 περ
598 550 825 616 σώματος
867 550 1093 620 συνελέγη
1144 548 1264 619 ἡμῖν
1307 549 1341 620 ή
1376 556 1462 620 τῆς
1507 552 1750 622 ἐνσάρκου
1791 558 2065 624 παρουσίας
2111 557 2384 623 οἰκονομία,

459 631 582 686 ὅθεν
604 631 639 701 ή
665 631 778 704 ἆγία
806 632 1043 705 ἄχραντος
1069 634 1197 706 σὰρξ
1227 633 1346 704 ήμῖν
1372 634 1692 706 οἰκοδομήθη
1721 641 1773 693 ἐν
1801 645 1861 712 τῇ
1885 638 2089 708 θεότητι
2117 644 2207 693 τοῦ
2233 646 2386 709 σωτῆ-

460 740 569 788 ρος;
610 716 678 781 ὥς
709 716 737 772 ὁ
763 718 960 791 ἅγγελος
987 723 1139 774 ἐκεῖσε
1174 721 1387 792 Γαβριὴλ
1419 723 1599 793 λέγων,
1642 729 1850 791 Πνεῦμα
1879 727 2057 792 κυρίου
2086 724 2387 780 ἐπελεύσεται

459 804 541 858 ἐπὶ
568 804 644 869 σὲ,
695 807 777 858 καὶ
806 804 1017 874 δύναμις
1055 804 1271 874 ὑψίστου
1313 805 1583 861 ἐπισκιάσει
1614 825 1712 861 σοι·
1767 807 1844 862 διδ
1883 810 1964 862 καὶ
1999 807 2051 862 τὸ
2081 810 2387 881 γεννώμενον

460 890 512 943 ἐκ
540 896 631 942 σοῦ
656 888 796 959 ἅγιον
822 890 1122 960 κληθήσεται
1149 890 1270 954 Τῖὁς
1292 898 1434 946 θεοῦ.
1511 897 1632 954 Πῶς
1657 890 1752 964 ἄρα
1776 892 1952 962 ἐτόλμα
1980 901 2301 964 συναφθῆναι
2324 902 2386 970 τῇ

456 973 670 1049 τοσαύτῃ
709 978 794 1029 καὶ
822 975 1028 1050 τοιαύτῃ
1068 975 1181 1050 ἁγίᾳ
1212 978 1448 1049 παρθένῳ
1483 981 1688 1050 Μαρίᾳ,-
1769 982 1826 1032 Τί
1857 979 1913 1032 δὲ’
1949 977 2200 1048 ὠφέλησεν
2237 979 2385 1050 ἡμᾶς,

459 1062 503 1112 εἰ
524 1061 608 1113 καὶ
634 1060 873 1130 συνήφθη
890 1105 902 1127 ,
942 1061 1063 1132 ὅπερ
1092 1060 1159 1130 μὴ
1185 1063 1370 1132 γένοιτο
1387 1104 1400 1126 ,
1442 1063 1593 1132 2περὶ
1621 1068 1710 1116 τοῦ
1736 1068 1938 1131 ζητεῖν,
1997 1071 2161 1120 Ποῖου
2188 1067 2241 1120 δὲ
2268 1072 2384 1135 μᾶλ·

454 1143 542 1198 λόν
569 1147 698 1200 ἐστιν
725 1145 1067 1218 αἷρετώτερον,
1106 1146 1160 1200 vd
1189 1150 1499 1217 παραδοῦναι
1525 1145 1584 1199 τοὶ
1612 1147 1872 1219 πράγματα
1897 1156 2029 1223 θεῷ,
2069 1150 2104 1220 ἢ
2130 1150 2387 1221 βιάζεσθαι

456 1227 575 1298 ἡμῖν
600 1229 660 1284 τοὶ
685 1235 906 1301 χείρονα,
964 1232 1039 1286 ὅτι
1068 1233 1155 1300 μὲν
1182 1230 1274 1285 ούκ
1313 1231 1504 1302 ἐγράφη
1538 1230 1682 1300 ἡμῖν,
1734 1233 1809 1288 ὅτι
1848 1235 1933 1289 ἐὰν
1959 1234 2028 1305 μή
2052 1236 2387 1306 πιστεύσωμεν

455 1314 532 1370 ὅτι
558 1315 799 1385 συνήφθη
830 1316 980 1373 πάλιν
1009 1316 1042 1386 ἦ
1073 1322 1253 1387 Μαρία
1280 1317 1374 1371 οὐκ
1404 1319 1574 1386 ἔχομεν
1603 1317 1730 1388 ζωήν
1756 1319 1984 1387 αἰώνιον,
2033 1320 2153 1375 ἀλλὰ
2191 1325 2259 1386 είς
2285 1325 2387 1394 κρί-

458 1425 526 1470 μα
575 1402 843 1472 ἐρχόμεθα,
898 1406 1058 1471 δῆλον.
1144 1402 1365 1473 Ἐγράφη
1418 1403 1470 1455 δὲ
1519 1407 1602 1456 3τί
1643 1404 1795 1470 καλάς
1852 1405 1972 1460 ἀλλὰ
2015 1411 2060 1461 τί
2103 1411 2292 1473 δίκαια,
2341 1411 2388 1463 τί

457 1485 634 1556 σεμνάς
683 1491 766 1541 ’ἵνα
800 1492 1004 1556 4δῶμεν
1036 1487 1175 1558 χάριν
1207 1490 1289 1541 καὶ
1320 1495 1424 1550 τοῖς
1449 1487 1735 1544 ἀκούουσιν.
1810 1494 2005 1545 Εἶάσαν
2033 1493 2086 1546 δὲ
2117 1495 2169 1546 οἷ
2189 1493 2386 1564 ἅνθρω-

454 1595 540 1626 ποι
567 1571 626 1626 vo}
660 1573 932 1645 ἀναγκαῖα,
987 1572 1046 1625 τοὶ
1079 1575 1191 1644 περὶ
1231 1577 1436 1636 πίστεως
1463 1573 1729 1643 ἀληθείας,
1783 1575 1844 1630 τά
1873 1579 1923 1631 ἐν
1950 1581 2205 1653 δοξολογίᾳ
2241 1585 2386 1646 θεοῦ,

455 1660 539 1712 καὶ
569 1658 692 1712 ὅθεν
717 1658 760 1712 δ’
791 1658 853 1713 ὅὶν
882 1659 1090 1731 εὕρωσιν
1122 1661 1315 1722 ἑαυτοῖς
1343 1665 1750 1730 προςπορίζονται
1776 1660 1902 1734 πρὸς
1926 1664 2140 1733 βλάβην,
2175 1671 2273 1732 φεῦ
2300 1667 2386 1720 καὶ

456 1747 797 1811 διανοεῖσθαι,
837 1744 1042 1814 μάλιστα
1078 1751 1164 1814 τῆς
1200 1752 1396 1816 γραφῆς
1433 1745 1501 1815 μή
1536 1745 1780 1818 λεγούσης.

595 2090 666 2142 Εἰ
706 2089 793 2156 μὲν
829 2086 922 2159 γάρ
965 2090 1123 2159 ἔλεγεν
1156 2087 1189 2158 ή
1227 2089 1424 2160 γραφή,
1490 2089 1861 2158 1ὅιπεδιδόαμεν
1898 2088 1959 2144 ὅῖν
1997 2090 2088 2160 τήν
2128 2089 2385 2162 α’λήθειαν,

450 2176 534 2228 καὶ
575 2175 721 2228 οὐδὲν
765 2174 1126 2246 διενοούμεθα..
1188 2174 1284 2243 Μή
1331 2174 1425 2246 γάρ
1462 2173 1493 2229 ὅ
1527 2174 1686 2245 γάμος
1723 2173 1956 2244 ὄίσεμνοςς
2007 2176 2075 2245 μή
2117 2179 2326 2247 βέβηλος
2353 2178 2388 2249 ἦ

451 2264 616 2329 κοίτη,
672 2258 740 2329 μὴ
773 2260 867 2313 οὐκ
913 2263 1042 2314 ἔστιν
1081 2259 1115 2329 ή
1146 2264 1285 2328 κοίτη
1326 2260 1586 2329 ἀμίαντος,
1639 2259 1706 2329 μή
1743 2261 2167 2332 παραχαρᾶσσεται
2205 2263 2385 2335 γαμοςς

457 2345 559 2399 ἆπὸ
594 2347 646 2400 δὲ
675 2352 948 2417 προφητῶν
982 2348 1068 2399 καὶ
1111 2346 1375 2416 ἀρχιερέων
1415 2348 1673 2415 2ἐπέχεται
1713 2345 1795 2400 διοὶ
1835 2346 1925 2415 τήν
1963 2346 2090 2418 πρὸς
2133 2347 2188 2402 τὸ
2226 2356 2389 2418 μεῖζον

453 2430 740 2502 ύπηρεσίαν.
820 2430 966 2484 Mero}
992 2429 1083 2502 γὰρ
1113 2431 1167 2485 τὸ
1196 2438 1535 2502 προφητεῦσαι
1562 2439 1822 2500 Μωῦσῆν,
1862 2432 2028 2486 οὐκέτι
2052 2437 2248 2503 γυναικὶ
2273 2454 2388 2489 συν-

453 2524 631 2586 ῆπται,
681 2517 848 2570 οὐκέτι
887 2521 1244 2582 τεκνοκυΐσκει,
1302 2518 1469 2570 οὐκέτι
1502 2524 1647 2591 γεννᾷ
1679 2515 1709 2571 ὅ
1741 2524 1973 2581 τοιοῦτος.
2047 2524 2388 2591 Σχολιαίτερον

453 2603 545 2675 γάρ
587 2601 675 2657 τόν
718 2606 830 2671 βίον
872 2604 977 2671 ἔσχε
1018 2602 1144 2673 πρὸς
1180 2601 1266 2655 τόν
1307 2603 1563 2671 δεσπότην.
1644 2608 1765 2667 Πῶς
1805 2602 1898 2675 γοὶρ
1941 2602 2161 2673 ἠδύνατο
2199 2607 2250 2660 ἐν
2285 2604 2388 2676 ὅρει

453 2696 586 2762 Σινᾷ
618 2687 981 2759 τεσσαράκοντα
1017 2687 1198 2751 νύκτας
1231 2690 1315 2742 καὶ
1348 2687 1710 2759 τεσσαράκοντα
1754 2687 1940 2760 ἡμέρας
1972 2694 2203 2744 διατελεῖν
2242 2691 2386 2765 γάμῳ

452 2776 790 2844 προςανέχων,·
841 2773 876 2841 ἢ
899 2780 1004 2836 πῶς
1031 2774 1250 2842 ἠδύνατο
1277 2773 1638 2845 τεσσαράκοντα
1674 2777 1756 2843 ἔτη
1787 2777 1838 2829 ἐν
1867 2781 1927 2850 τῇ
1957 2775 2121 2848 ἐρήμῳ
2162 2770 2288 2847 πρὸς
2316 2779 2386 2830 ol-

451 2864 693 2929 κονομίαν
720 2866 847 2913 θεοῦ
877 2861 1072 2928 ἕτοιμος
1110 2858 1256 2926 εἶναι,
1307 2858 1435 2931 πρὸς
1473 2859 1741 2930 ἱερωσύνην
1775 2882 1824 2914 τε
1851 2861 2118 2929 σχολάζειν,
2167 2862 2251 2914 καὶ
2279 2867 2387 2924 πῶς

451 2946 509 3001 τοὶ
538 2944 783 3015 μυστήρια
811 2949 1115 3015 διηγεῖσθαι,
1176 2948 1298 2999 3καὶ
1339 2943 1393 2999 τὸ
1426 2953 1700 3014 συνομιλεῖν
1729 2952 1834 3020 θεῷ
1869 2952 1935 3019 τῷ
1972 2944 2116 3018 γάμῳ
2146 2949 2386 3015 συνημμέ-

450 3055 536 3095 νος
566 3036 822 3094 διατελεῖν,
848 3033 918 3083 ,εἰ
947 3029 1040 3101 γαρ
1081 3033 1193 3101 περὶ
1231 3029 1374 3100 ἡμῶν
1409 3029 1589 3109 φᾴσκει
1629 3029 1656 3084 ὁ
1691 3030 1830 3102 ἅγιος
1865 3029 2138 3092 ἀπόστολος
2185 3031 2385 3103 διαρρή-

452 3122 567 3185 δην,
607 3118 688 3170 καὶ
726 3118 879 3187 λέγει,
923 3116 1063 3186 Πρὸς
1096 3116 1272 3188 καιρόν
1285 3160 1298 3182 ,
1347 3119 1430 3169 ἵνα
1461 3115 1728 3184 σχολάσωσι
1753 3123 1814 3190 τῇ
1843 3121 2112 3188 προςευχῇ,
2162 3115 2301 3191 πόσῳ
2333 3138 2386 3188 γε

454 3209 635 3271 μᾶλλον
663 3203 775 3271 περὶ
803 3209 1076 3271 προφητῶν
1115 3205 1247 3256 ἔσται
1280 3196 1427 3264 οὗτος
1456 3201 1660 3269 ἀληθῶς
1690 3200 1718 3256 ὁ
1747 3201 1915 3272 λόγος,
1992 3206 2253 3271 Προφῆτις
2288 3205 2386 3256 τοί-

450 3311 542 3342 νυν
582 3289 667 3340 καὶ
709 3285 743 3355 ή
777 3291 970 3356 Μαρία.
1047 3290 1268 3356 Είςῆλθε
1307 3286 1428 3358 γὰρ,
1482 3289 1631 3355 φησὶ,
1684 3285 1809 3358 πρός
1844 3283 1933 3353 τὴν
1969 3292 2248 3354 προφῆτιν,
2300 3289 2384 3341 καὶ

452 3377 504 3428 ἐν
531 3375 698 3445 γαστρὶ
730 3374 894 3440 ἔλαβε,
947 3374 1031 3426 καὶ
1059 3375 1220 3427 ἔτεκεν
1246 3373 1378 3426 υἱόν·
1437 3375 1521 3426 καὶ
1547 3370 1651 3426 εἷπε
1677 3371 1851 3443 κύριος
1874 3372 1999 3444 πρός
2025 3395 2083 3441 με
2101 3417 2113 3438 ,
2168 3372 2385 3428 Κάλεσον

507 3547 545 3588 2.
596 3549 896 3588 Rescribendum
943 3552 1038 3598 puto
1086 3546 1183 3599 περὶ
1229 3542 1388 3589 τούτου.
1450 3554 1568 3601 ptum
1599 3553 1662 3585 est
1692 3545 1831 3586 nobis:
1884 3545 1917 3585 si
1958 3559 2042 3586 non
2078 3544 2383 3596 crediderimus,

451 3605 681 3654 Leopardus
705 3606 921 3644 Emendatt.
950 3606 1057 3655 XIX,
1087 3603 1125 3644 2.
1150 3605 1301 3644 volebat
1321 3617 1392 3645 πε·
1452 3602 1564 3657 quod
1586 3615 1667 3642 non
1698 3601 1890 3655 copulata
1917 3602 1996 3642 fuit
2020 3603 2097 3657 ipsi
2125 3602 2268 3652 Maria,
2300 3616 2385 3642 non

454 3658 600 3712 ριττόν.
1450 3659 1647 3699 habemus
1673 3658 1799 3698 vitam
1825 3667 2033 3699 aeternam
2049 3691 2058 3708 ,
2105 3659 2179 3699 sed
2205 3659 2246 3699 in
2270 3656 2384 3698 iudi-

509 3715 548 3755 3.
594 3716 847 3769 „Sequentia
877 3716 917 3759 τί
948 3731 1038 3757 cum
1067 3715 1394 3769 interrogatione
1455 3715 1561 3756 cium
1590 3715 1795 3756 venimus:
1841 3715 2104 3756 manifestum
2134 3723 2209 3756 est.
2268 3714 2384 3755 Scri-

456 3771 567 3810 forte
624 3771 849 3825 legenda.“
909 3776 1109 3814 petavius.
1184 3775 1396 3813 Carnarius
1454 3781 1571 3827 ptum
1612 3779 1675 3812 est
1716 3779 1854 3813 autem
1894 3772 2027 3829 quid?
2071 3773 2193 3815 bona,
2251 3773 2383 3813 Immo

453 3829 546 3870 haec
570 3829 627 3870 ita
651 3830 822 3869 reddidit
845 3829 967 3880 Quod
992 3829 1157 3885 quidem
1184 3842 1266 3869 non
1294 3827 1395 3868 scri·
