<?xml version="1.0" encoding="UTF-8"?>
<!DOCTYPE html PUBLIC "-//W3C//DTD XHTML 1.0 Transitional//EN"
    "http://www.w3.org/TR/xhtml1/DTD/xhtml1-transitional.dtd">
<html xmlns="http://www.w3.org/1999/xhtml" xml:lang="en" lang="en">
 <head>
  <title>
</title>
<meta http-equiv="Content-Type" content="text/html;charset=utf-8" />
  <meta name='ocr-system' content='tesseract 3.04.00' />
  <meta name='ocr-capabilities' content='ocr_page ocr_carea ocr_par ocr_line ocrx_word'/>
</head>
<body>
  <div class='ocr_page' id='page_1' title='image "./pt3corporishaere02epipuoft/pt3corporishaere02epipuoft_0332.png"; bbox 0 0 2508 4134; ppageno 0'>
   <div class='ocr_carea' id='block_1_1' title="bbox 262 477 443 525">
    <p class='ocr_par' dir='ltr' id='par_1_1' title="bbox 262 477 443 525">
     <span class='ocr_line' id='line_1_1' title="bbox 262 477 443 525; baseline -0.011 -11"><span class='ocrx_word' id='word_1_1' title='bbox 262 488 346 525; x_wconf 81' lang='lat' dir='ltr'><strong>pag.</strong></span> <span class='ocrx_word' id='word_1_2' title='bbox 370 477 443 513; x_wconf 79' lang='grc'><strong>989.</strong></span> 
     </span>
    </p>
   </div>
   <div class='ocr_carea' id='block_1_2' title="bbox 262 3287 448 3334">
    <p class='ocr_par' dir='ltr' id='par_1_2' title="bbox 262 3287 448 3334">
     <span class='ocr_line' id='line_1_2' title="bbox 262 3287 448 3334; baseline 0.011 -12"><span class='ocrx_word' id='word_1_3' title='bbox 262 3296 347 3334; x_wconf 79' lang='lat' dir='ltr'>pag.</span> <span class='ocrx_word' id='word_1_4' title='bbox 374 3287 448 3324; x_wconf 77' lang='lat'><strong>990.</strong></span> 
     </span>
    </p>
   </div>
   <div class='ocr_carea' id='block_1_3' title="bbox 465 269 1695 323">
    <p class='ocr_par' dir='ltr' id='par_1_3' title="bbox 465 269 1695 323">
     <span class='ocr_line' id='line_1_3' title="bbox 465 269 1695 323; baseline -0.002 0"><span class='ocrx_word' id='word_1_5' title='bbox 465 269 568 323; x_wconf 86' lang='lat'><em>322</em></span> <span class='ocrx_word' id='word_1_6' title='bbox 1177 278 1380 322; x_wconf 74' lang='lat' dir='ltr'>SANCTI</span> <span class='ocrx_word' id='word_1_7' title='bbox 1411 279 1695 322; x_wconf 79' lang='lat' dir='ltr'><strong>EPIPHANII</strong></span> 
     </span>
    </p>
   </div>
   <div class='ocr_carea' id='block_1_4' title="bbox 458 367 2397 2068">
    <p class='ocr_par' dir='ltr' id='par_1_4' title="bbox 458 367 2397 2068">
     <span class='ocr_line' id='line_1_4' title="bbox 464 367 2397 448; baseline 0.001 -17"><span class='ocrx_word' id='word_1_8' title='bbox 464 374 620 438; x_wconf 80' lang='grc' dir='ltr'><em>εύθῦς</em></span> <span class='ocrx_word' id='word_1_9' title='bbox 640 375 729 444; x_wconf 85' lang='grc' dir='ltr'><em>μὲν</em></span> <span class='ocrx_word' id='word_1_10' title='bbox 750 377 958 440; x_wconf 75' lang='grc' dir='ltr'><em>εἴσεσθε,</em></span> <span class='ocrx_word' id='word_1_11' title='bbox 981 367 1022 428; x_wconf 71' lang='grc' dir='ltr'><em>ὦ</em></span> <span class='ocrx_word' id='word_1_12' title='bbox 1053 380 1366 445; x_wconf 77' lang='grc' dir='ltr'><strong><em>Χριστιανῶν</em></strong></span> <span class='ocrx_word' id='word_1_13' title='bbox 1389 380 1580 443; x_wconf 90' lang='grc' dir='ltr'><em>παῖδες,</em></span> <span class='ocrx_word' id='word_1_14' title='bbox 1608 379 1694 431; x_wconf 83' lang='grc' dir='ltr'><em>καὶ</em></span> <span class='ocrx_word' id='word_1_15' title='bbox 1722 380 1892 431; x_wconf 86' lang='grc' dir='ltr'><em>δοῢλοι</em></span> <span class='ocrx_word' id='word_1_16' title='bbox 1921 383 2158 448; x_wconf 77' lang='grc' dir='ltr'><em>Χριστοῦ,</em></span> <span class='ocrx_word' id='word_1_17' title='bbox 2184 379 2269 432; x_wconf 77' lang='grc' dir='ltr'><em>καὶ</em></span> <span class='ocrx_word' id='word_1_18' title='bbox 2292 380 2397 433; x_wconf 67' lang='grc' dir='ltr'><em>υἱοὶ</em></span> 
     </span>
     <span class='ocr_line' id='line_1_5' title="bbox 467 458 2396 533; baseline 0.001 -18"><span class='ocrx_word' id='word_1_19' title='bbox 467 469 554 530; x_wconf 81' lang='grc' dir='ltr'><em>τῆς</em></span> <span class='ocrx_word' id='word_1_20' title='bbox 576 461 826 529; x_wconf 79' lang='grc' dir='ltr'><em>ἀληθείας,</em></span> <span class='ocrx_word' id='word_1_21' title='bbox 847 458 938 528; x_wconf 76' lang='grc' dir='ltr'><em>τὴν</em></span> <span class='ocrx_word' id='word_1_22' title='bbox 958 466 1122 513; x_wconf 77' lang='grc' dir='ltr'><em>πᾶσαν</em></span> <span class='ocrx_word' id='word_1_23' title='bbox 1147 458 1299 515; x_wconf 77' lang='grc' dir='ltr'><em>αὐτοῦ</em></span> <span class='ocrx_word' id='word_1_24' title='bbox 1318 466 1495 532; x_wconf 81' lang='grc' dir='ltr'><em>γηΐνην</em></span> <span class='ocrx_word' id='word_1_25' title='bbox 1523 465 1833 529; x_wconf 85' lang='grc' dir='ltr'><em>κενοφωνίαν</em></span> <span class='ocrx_word' id='word_1_26' title='bbox 1860 464 1944 516; x_wconf 80' lang='grc' dir='ltr'><em>καὶ</em></span> <span class='ocrx_word' id='word_1_27' title='bbox 1971 459 2224 533; x_wconf 74' lang='grc' dir='ltr'><em>ἀλλοτρίαν</em></span> <span class='ocrx_word' id='word_1_28' title='bbox 2245 463 2396 516; x_wconf 83' lang='grc' dir='ltr'><em>πνεύ-</em></span> 
     </span>
     <span class='ocr_line' id='line_1_6' title="bbox 463 544 2394 619; baseline 0 -19"><span class='ocrx_word' id='word_1_29' title='bbox 463 569 615 616; x_wconf 86' lang='grc' dir='ltr'><em>ματος</em></span> <span class='ocrx_word' id='word_1_30' title='bbox 639 545 782 617; x_wconf 83' lang='grc' dir='ltr'><em>άγίου</em></span> <span class='ocrx_word' id='word_1_31' title='bbox 812 549 1145 599; x_wconf 78' lang='grc' dir='ltr'><em>διδασκαλίαν.</em></span> <span class='ocrx_word' id='word_1_32' title='bbox 1203 544 1298 608; x_wconf 71' lang='grc' dir='ltr'><em>“Ος</em></span> <span class='ocrx_word' id='word_1_33' title='bbox 1327 544 1422 600; x_wconf 86' lang='grc' dir='ltr'><em>ούκ</em></span> <span class='ocrx_word' id='word_1_34' title='bbox 1448 545 1677 614; x_wconf 80' lang='grc' dir='ltr'><em>ἐτόλμησε</em></span> <span class='ocrx_word' id='word_1_35' title='bbox 1705 545 1800 600; x_wconf 69' lang='grc' dir='ltr'><em>κᾶν</em></span> <span class='ocrx_word' id='word_1_36' title='bbox 1828 548 1881 600; x_wconf 79' lang='grc' dir='ltr'><em>ἐν</em></span> <span class='ocrx_word' id='word_1_37' title='bbox 1911 553 1999 619; x_wconf 78' lang='grc' dir='ltr'><em>μιᾷ</em></span> <span class='ocrx_word' id='word_1_38' title='bbox 2024 548 2143 610; x_wconf 81' lang='grc' dir='ltr'><strong><em>λέξει</em></strong></span> <span class='ocrx_word' id='word_1_39' title='bbox 2170 553 2394 616; x_wconf 72' lang='grc' dir='ltr'><em>μνησθῆ-</em></span> 
     </span>
     <span class='ocr_line' id='line_1_7' title="bbox 463 629 2396 702; baseline 0 -16"><span class='ocrx_word' id='word_1_40' title='bbox 463 655 544 687; x_wconf 90' lang='grc' dir='ltr'><em>ναι</em></span> <span class='ocrx_word' id='word_1_41' title='bbox 583 635 728 686; x_wconf 86' lang='grc' dir='ltr'><em>θείου</em></span> <span class='ocrx_word' id='word_1_42' title='bbox 770 631 947 702; x_wconf 81' lang='grc' dir='ltr'><em>λόγου,</em></span> <span class='ocrx_word' id='word_1_43' title='bbox 997 629 1031 699; x_wconf 79' lang='grc' dir='ltr'><em>ἢ</em></span> <span class='ocrx_word' id='word_1_44' title='bbox 1056 633 1209 701; x_wconf 74' lang='grc' dir='ltr'><em>ῥητοῦ</em></span> <span class='ocrx_word' id='word_1_45' title='bbox 1253 653 1385 694; x_wconf 90' lang='grc' dir='ltr'><em>τινος</em></span> <span class='ocrx_word' id='word_1_46' title='bbox 1426 636 1662 697; x_wconf 77' lang='grc' dir='ltr'><em>παλαιᾶς,</em></span> <span class='ocrx_word' id='word_1_47' title='bbox 1713 630 1748 699; x_wconf 79' lang='grc' dir='ltr'>ἢ</span> <span class='ocrx_word' id='word_1_48' title='bbox 1769 637 1948 700; x_wconf 81' lang='grc' dir='ltr'><strong><em>καινῆς</em></strong></span> <span class='ocrx_word' id='word_1_49' title='bbox 1977 630 2250 699; x_wconf 80' lang='grc' dir='ltr'><em>διαθήκης,</em></span> <span class='ocrx_word' id='word_1_50' title='bbox 2303 629 2396 686; x_wconf 70' lang='grc' dir='ltr'><em>οὐκ</em></span> 
     </span>
     <span class='ocr_line' id='line_1_8' title="bbox 462 713 2393 787; baseline -0.001 -15"><span class='ocrx_word' id='word_1_51' title='bbox 462 715 562 772; x_wconf 76' lang='grc' dir='ltr'><em>ἀπὸ</em></span> <span class='ocrx_word' id='word_1_52' title='bbox 599 717 782 787; x_wconf 89' lang='grc' dir='ltr'><em>νόμου,</em></span> <span class='ocrx_word' id='word_1_53' title='bbox 822 714 913 770; x_wconf 78' lang='grc' dir='ltr'><em>οὐκ</em></span> <span class='ocrx_word' id='word_1_54' title='bbox 941 714 1044 770; x_wconf 78' lang='grc' dir='ltr'><em>ἀπὸ</em></span> <span class='ocrx_word' id='word_1_55' title='bbox 1072 722 1368 786; x_wconf 82' lang='grc' dir='ltr'><em>προφητῶν,</em></span> <span class='ocrx_word' id='word_1_56' title='bbox 1407 716 1502 770; x_wconf 79' lang='grc' dir='ltr'><em>οὐκ</em></span> <span class='ocrx_word' id='word_1_57' title='bbox 1532 714 1631 769; x_wconf 77' lang='grc' dir='ltr'><em>ἀπὸ</em></span> <span class='ocrx_word' id='word_1_58' title='bbox 1663 713 1950 787; x_wconf 77' lang='grc' dir='ltr'><em>εὐαγγελίων</em></span> <span class='ocrx_word' id='word_1_59' title='bbox 1960 758 1975 782; x_wconf 96' lang='grc'><em>,</em></span> <span class='ocrx_word' id='word_1_60' title='bbox 2013 716 2108 770; x_wconf 81' lang='grc' dir='ltr'><em>οὐκ</em></span> <span class='ocrx_word' id='word_1_61' title='bbox 2134 713 2234 770; x_wconf 81' lang='grc' dir='ltr'><em>ἀπδ</em></span> <span class='ocrx_word' id='word_1_62' title='bbox 2269 715 2393 771; x_wconf 77' lang='grc' dir='ltr'><em>ἄπο-</em></span> 
     </span>
     <span class='ocr_line' id='line_1_9' title="bbox 462 799 2396 872; baseline -0.001 -14"><span class='ocrx_word' id='word_1_63' title='bbox 462 803 663 870; x_wconf 90' lang='grc' dir='ltr'><em>στόλων,</em></span> <span class='ocrx_word' id='word_1_64' title='bbox 702 801 763 857; x_wconf 75' lang='grc' dir='ltr'><em>οὔ</em></span> <span class='ocrx_word' id='word_1_65' title='bbox 787 824 922 864; x_wconf 92' lang='grc' dir='ltr'><em>τινος</em></span> <span class='ocrx_word' id='word_1_66' title='bbox 941 807 1042 855; x_wconf 89' lang='grc' dir='ltr'><em>τῶν</em></span> <span class='ocrx_word' id='word_1_67' title='bbox 1067 807 1381 872; x_wconf 84' lang='grc' dir='ltr'><em>πατριαρχῶν</em></span> <span class='ocrx_word' id='word_1_68' title='bbox 1409 805 1745 872; x_wconf 67' lang='grc' dir='ltr'><em>1ὅμαρτυρίαν</em></span> <span class='ocrx_word' id='word_1_69' title='bbox 1768 802 2079 872; x_wconf 84' lang='grc' dir='ltr'><em>παρενέγκαι,</em></span> <span class='ocrx_word' id='word_1_70' title='bbox 2110 799 2214 855; x_wconf 77' lang='grc' dir='ltr'><em>οὔτ’</em></span> <span class='ocrx_word' id='word_1_71' title='bbox 2240 799 2396 856; x_wconf 77' lang='grc' dir='ltr'><em>αὐτοῦ</em></span> 
     </span>
     <span class='ocr_line' id='line_1_10' title="bbox 460 883 2393 959; baseline -0.001 -17"><span class='ocrx_word' id='word_1_72' title='bbox 460 896 550 944; x_wconf 84' lang='grc' dir='ltr'><em>τοῦ</em></span> <span class='ocrx_word' id='word_1_73' title='bbox 578 894 826 959; x_wconf 85' lang='grc' dir='ltr'><em>σωτῆρος,</em></span> <span class='ocrx_word' id='word_1_74' title='bbox 866 886 926 941; x_wconf 82' lang='grc' dir='ltr'><em>ού</em></span> <span class='ocrx_word' id='word_1_75' title='bbox 957 885 1144 957; x_wconf 78' lang='grc' dir='ltr'><em>πατρός</em></span> <span class='ocrx_word' id='word_1_76' title='bbox 1170 885 1398 951; x_wconf 91' lang='grc' dir='ltr'><em>πώποτε,</em></span> <span class='ocrx_word' id='word_1_77' title='bbox 1437 884 1526 954; x_wconf 86' lang='grc' dir='ltr'><em>ούχ</em></span> <span class='ocrx_word' id='word_1_78' title='bbox 1548 883 1692 956; x_wconf 81' lang='grc' dir='ltr'><em>άγίου</em></span> <span class='ocrx_word' id='word_1_79' title='bbox 1721 884 1997 954; x_wconf 91' lang='grc' dir='ltr'><em>πνεύματος</em></span> <span class='ocrx_word' id='word_1_80' title='bbox 2021 889 2157 957; x_wconf 74' lang='grc' dir='ltr'><em>ῥῆμα</em></span> <span class='ocrx_word' id='word_1_81' title='bbox 2179 884 2241 940; x_wconf 88' lang='grc' dir='ltr'><em>δι’</em></span> <span class='ocrx_word' id='word_1_82' title='bbox 2268 887 2393 941; x_wconf 79' lang='grc' dir='ltr'><em>ἀπο-</em></span> 
     </span>
     <span class='ocr_line' id='line_1_11' title="bbox 461 969 2396 1045; baseline -0.002 -16"><span class='ocrx_word' id='word_1_83' title='bbox 461 975 644 1029; x_wconf 86' lang='grc' dir='ltr'><em>στόλων</em></span> <span class='ocrx_word' id='word_1_84' title='bbox 671 975 929 1045; x_wconf 76' lang='grc' dir='ltr'><em>εἰρημένον</em></span> <span class='ocrx_word' id='word_1_85' title='bbox 959 972 994 1041; x_wconf 80' lang='grc' dir='ltr'><em>ἢ</em></span> <span class='ocrx_word' id='word_1_86' title='bbox 1017 971 1099 1025; x_wconf 75' lang='grc' dir='ltr'><em>διά</em></span> <span class='ocrx_word' id='word_1_87' title='bbox 1130 978 1425 1043; x_wconf 81' lang='grc' dir='ltr'><em>προφητῶν·</em></span> <span class='ocrx_word' id='word_1_88' title='bbox 1476 973 1561 1024; x_wconf 78' lang='grc' dir='ltr'><em>ἵνα</em></span> <span class='ocrx_word' id='word_1_89' title='bbox 1592 976 1841 1033; x_wconf 88' lang='grc' dir='ltr'><em>παντελῶς</em></span> <span class='ocrx_word' id='word_1_90' title='bbox 1874 969 2232 1039; x_wconf 81' lang='grc' dir='ltr'><em>αὗτοφώρατος</em></span> <span class='ocrx_word' id='word_1_91' title='bbox 2256 973 2396 1042; x_wconf 83' lang='grc' dir='ltr'><em>γένη-</em></span> 
     </span>
     <span class='ocr_line' id='line_1_12' title="bbox 459 1054 2395 1127; baseline -0.002 -13"><span class='ocrx_word' id='word_1_92' title='bbox 459 1083 539 1114; x_wconf 88' lang='grc' dir='ltr'><em>ται</em></span> <span class='ocrx_word' id='word_1_93' title='bbox 562 1067 665 1122; x_wconf 91' lang='grc' dir='ltr'><em>τοῖς</em></span> <span class='ocrx_word' id='word_1_94' title='bbox 692 1063 854 1126; x_wconf 85' lang='grc' dir='ltr'><em>φίλοις</em></span> <span class='ocrx_word' id='word_1_95' title='bbox 881 1065 969 1127; x_wconf 83' lang='grc' dir='ltr'><em>τῆς</em></span> <span class='ocrx_word' id='word_1_96' title='bbox 995 1055 1247 1125; x_wconf 87' lang='grc' dir='ltr'><em>ἀληθείας,</em></span> <span class='ocrx_word' id='word_1_97' title='bbox 1286 1056 1360 1110; x_wconf 77' lang='grc' dir='ltr'><em>ὅτι</em></span> <span class='ocrx_word' id='word_1_98' title='bbox 1395 1055 1708 1110; x_wconf 89' lang='grc' dir='ltr'><em>παντάπασιν</em></span> <span class='ocrx_word' id='word_1_99' title='bbox 1739 1054 1991 1127; x_wconf 74' lang='grc' dir='ltr'><em>ἀλλότριος</em></span> <span class='ocrx_word' id='word_1_100' title='bbox 2015 1054 2242 1127; x_wconf 76' lang='grc' dir='ltr'><em>τυγχάνει</em></span> <span class='ocrx_word' id='word_1_101' title='bbox 2265 1062 2395 1111; x_wconf 80' lang='grc' dir='ltr'><em>θεοῦ</em></span> 
     </span>
     <span class='ocr_line' id='line_1_13' title="bbox 459 1139 2396 1214; baseline -0.002 -15"><span class='ocrx_word' id='word_1_102' title='bbox 459 1148 546 1200; x_wconf 89' lang='grc' dir='ltr'><em>καὶ</em></span> <span class='ocrx_word' id='word_1_103' title='bbox 571 1152 659 1214; x_wconf 82' lang='grc' dir='ltr'><em>τῆς</em></span> <span class='ocrx_word' id='word_1_104' title='bbox 690 1145 846 1198; x_wconf 81' lang='grc' dir='ltr'><em>αὐτοῦ</em></span> <span class='ocrx_word' id='word_1_105' title='bbox 871 1148 1091 1205; x_wconf 89' lang='grc' dir='ltr'><em>πίστεως.</em></span> <span class='ocrx_word' id='word_1_106' title='bbox 1168 1146 1368 1210; x_wconf 81' lang='grc' dir='ltr'><em>Νομίζω</em></span> <span class='ocrx_word' id='word_1_107' title='bbox 1395 1142 1446 1195; x_wconf 80' lang='grc' dir='ltr'><em>δὲ</em></span> <span class='ocrx_word' id='word_1_108' title='bbox 1475 1143 1561 1194; x_wconf 89' lang='grc' dir='ltr'><em>καὶ</em></span> <span class='ocrx_word' id='word_1_109' title='bbox 1591 1144 1775 1204; x_wconf 80' lang='grc' dir='ltr'><em>ἱκανῶς</em></span> <span class='ocrx_word' id='word_1_110' title='bbox 1805 1139 1936 1209; x_wconf 78' lang='grc' dir='ltr'><em>ἡμᾶς</em></span> <span class='ocrx_word' id='word_1_111' title='bbox 1963 1139 2091 1212; x_wconf 80' lang='grc' dir='ltr'><em>πρὸς</em></span> <span class='ocrx_word' id='word_1_112' title='bbox 2118 1139 2207 1204; x_wconf 74' lang='grc' dir='ltr'><em>τοὶς</em></span> <span class='ocrx_word' id='word_1_113' title='bbox 2239 1139 2396 1196; x_wconf 75' lang='grc' dir='ltr'><em>αὐτοῦ</em></span> 
     </span>
     <span class='ocr_line' id='line_1_14' title="bbox 459 1225 2397 1303; baseline -0.003 -18"><span class='ocrx_word' id='word_1_114' title='bbox 459 1231 722 1303; x_wconf 77' lang='grc' dir='ltr'><em>προτάσεις</em></span> <span class='ocrx_word' id='word_1_115' title='bbox 757 1228 883 1283; x_wconf 75' lang='grc' dir='ltr'><em>κατά</em></span> <span class='ocrx_word' id='word_1_116' title='bbox 910 1228 963 1282; x_wconf 78' lang='grc' dir='ltr'><em>τό</em></span> <span class='ocrx_word' id='word_1_117' title='bbox 992 1226 1204 1281; x_wconf 78' lang='grc' dir='ltr'><em>δυνατόν</em></span> <span class='ocrx_word' id='word_1_118' title='bbox 1241 1229 1470 1299; x_wconf 79' lang='grc' dir='ltr'><em>ἰδιωτικῷ</em></span> <span class='ocrx_word' id='word_1_119' title='bbox 1499 1225 1654 1300; x_wconf 78' lang='grc' dir='ltr'><em>λόγῳ,</em></span> <span class='ocrx_word' id='word_1_120' title='bbox 1707 1225 1932 1280; x_wconf 83' lang='grc' dir='ltr'><em>συστάσει</em></span> <span class='ocrx_word' id='word_1_121' title='bbox 1964 1226 2017 1279; x_wconf 77' lang='grc' dir='ltr'><em>δὲ</em></span> <span class='ocrx_word' id='word_1_122' title='bbox 2043 1232 2142 1280; x_wconf 89' lang='grc' dir='ltr'><em>τῶν</em></span> <span class='ocrx_word' id='word_1_123' title='bbox 2167 1225 2269 1280; x_wconf 80' lang='grc' dir='ltr'><em>ἆπδ</em></span> <span class='ocrx_word' id='word_1_124' title='bbox 2297 1232 2397 1280; x_wconf 88' lang='grc' dir='ltr'><em>τῶν</em></span> 
     </span>
     <span class='ocr_line' id='line_1_15' title="bbox 459 1309 2394 1386; baseline -0.003 -16"><span class='ocrx_word' id='word_1_125' title='bbox 459 1320 614 1370; x_wconf 81' lang='grc' dir='ltr'><em>θείων</em></span> <span class='ocrx_word' id='word_1_126' title='bbox 643 1321 850 1386; x_wconf 88' lang='grc' dir='ltr'><em>γραφῶν</em></span> <span class='ocrx_word' id='word_1_127' title='bbox 885 1316 972 1367; x_wconf 87' lang='grc' dir='ltr'><em>καὶ</em></span> <span class='ocrx_word' id='word_1_128' title='bbox 1000 1312 1155 1367; x_wconf 75' lang='grc' dir='ltr'><em>αὐτοῦ</em></span> <span class='ocrx_word' id='word_1_129' title='bbox 1179 1318 1269 1366; x_wconf 85' lang='grc' dir='ltr'><em>τοῦ</em></span> <span class='ocrx_word' id='word_1_130' title='bbox 1303 1309 1537 1380; x_wconf 77' lang='grc' dir='ltr'><em>εὐσεβοῦς</em></span> <span class='ocrx_word' id='word_1_131' title='bbox 1572 1317 1808 1382; x_wconf 85' lang='grc' dir='ltr'><em>λογισμοῦ</em></span> <span class='ocrx_word' id='word_1_132' title='bbox 1838 1311 1966 1383; x_wconf 81' lang='grc' dir='ltr'><em>πρὸς</em></span> <span class='ocrx_word' id='word_1_133' title='bbox 1994 1309 2149 1365; x_wconf 83' lang='grc' dir='ltr'><em>αύτδν</em></span> <span class='ocrx_word' id='word_1_134' title='bbox 2177 1311 2394 1381; x_wconf 78' lang='grc' dir='ltr'><em>ἀπηντη·</em></span> 
     </span>
     <span class='ocr_line' id='line_1_16' title="bbox 458 1394 2396 1469; baseline -0.003 -14"><span class='ocrx_word' id='word_1_135' title='bbox 458 1403 607 1455; x_wconf 90' lang='grc' dir='ltr'><em>κέναι.</em></span> <span class='ocrx_word' id='word_1_136' title='bbox 667 1403 771 1453; x_wconf 86' lang='grc' dir='ltr'><em>Καὶ</em></span> <span class='ocrx_word' id='word_1_137' title='bbox 789 1398 956 1468; x_wconf 77' lang='grc' dir='ltr'><em>ἐπειδὴ</em></span> <span class='ocrx_word' id='word_1_138' title='bbox 983 1402 1165 1460; x_wconf 84' lang='grc' dir='ltr'><em>ἱκανῶς</em></span> <span class='ocrx_word' id='word_1_139' title='bbox 1187 1400 1239 1452; x_wconf 81' lang='grc' dir='ltr'><em>ἐν</em></span> <span class='ocrx_word' id='word_1_140' title='bbox 1261 1405 1367 1460; x_wconf 89' lang='grc' dir='ltr'><em>ταῖς</em></span> <span class='ocrx_word' id='word_1_141' title='bbox 1389 1396 1514 1469; x_wconf 81' lang='grc' dir='ltr'><em>πρὸς</em></span> <span class='ocrx_word' id='word_1_142' title='bbox 1539 1395 1691 1451; x_wconf 86' lang='grc' dir='ltr'><em>αύτόν</em></span> <span class='ocrx_word' id='word_1_143' title='bbox 1719 1394 2024 1469; x_wconf 82' lang='grc' dir='ltr'><em>άνατροπαῖς</em></span> <span class='ocrx_word' id='word_1_144' title='bbox 2044 1398 2159 1469; x_wconf 87' lang='grc' dir='ltr'><em>περὶ</em></span> <span class='ocrx_word' id='word_1_145' title='bbox 2186 1400 2396 1460; x_wconf 83' lang='grc' dir='ltr'><em>πίστεως</em></span> 
     </span>
     <span class='ocr_line' id='line_1_17' title="bbox 460 1480 2394 1555; baseline -0.002 -15"><span class='ocrx_word' id='word_1_146' title='bbox 460 1492 634 1554; x_wconf 87' lang='grc' dir='ltr'><em>σαφῶς</em></span> <span class='ocrx_word' id='word_1_147' title='bbox 667 1492 722 1523; x_wconf 80' lang='lat'><em>1⁶</em></span> <span class='ocrx_word' id='word_1_148' title='bbox 744 1487 1085 1553; x_wconf 83' lang='grc' dir='ltr'><em>διελέχθημεν,</em></span> <span class='ocrx_word' id='word_1_149' title='bbox 1138 1481 1353 1554; x_wconf 86' lang='grc' dir='ltr'><em>ἀρκετῶς</em></span> <span class='ocrx_word' id='word_1_150' title='bbox 1375 1480 1665 1554; x_wconf 75' lang='grc' dir='ltr'><em>ἡγούμεθα,</em></span> <span class='ocrx_word' id='word_1_151' title='bbox 1701 1486 1784 1536; x_wconf 75' lang='grc' dir='ltr'><em>ἵνα</em></span> <span class='ocrx_word' id='word_1_152' title='bbox 1815 1481 1884 1551; x_wconf 81' lang='grc' dir='ltr'><em>μὴ</em></span> <span class='ocrx_word' id='word_1_153' title='bbox 1909 1484 2205 1555; x_wconf 86' lang='grc' dir='ltr'><em>προςθέντες</em></span> <span class='ocrx_word' id='word_1_154' title='bbox 2229 1483 2394 1551; x_wconf 79' lang='grc' dir='ltr'><em>δυςχέ-</em></span> 
     </span>
     <span class='ocr_line' id='line_1_18' title="bbox 461 1565 2396 1643; baseline -0.003 -17"><span class='ocrx_word' id='word_1_155' title='bbox 461 1571 599 1643; x_wconf 88' lang='grc' dir='ltr'><em>ρειάν</em></span> <span class='ocrx_word' id='word_1_156' title='bbox 627 1593 736 1624; x_wconf 92' lang='grc' dir='ltr'><em>τινα</em></span> <span class='ocrx_word' id='word_1_157' title='bbox 770 1573 881 1640; x_wconf 83' lang='grc' dir='ltr'><em>περὶ</em></span> <span class='ocrx_word' id='word_1_158' title='bbox 926 1569 1013 1638; x_wconf 80' lang='grc' dir='ltr'><em>τὴν</em></span> <span class='ocrx_word' id='word_1_159' title='bbox 1044 1567 1327 1639; x_wconf 79' lang='grc' dir='ltr'><em>ἀνάγνωσιν</em></span> <span class='ocrx_word' id='word_1_160' title='bbox 1357 1569 1705 1639; x_wconf 85' lang='grc' dir='ltr'><em>περισσοτέραν</em></span> <span class='ocrx_word' id='word_1_161' title='bbox 1742 1567 2082 1639; x_wconf 76' lang='grc' dir='ltr'><em>ἐργασώμεθά.</em></span> <span class='ocrx_word' id='word_1_162' title='bbox 2153 1565 2316 1638; x_wconf 83' lang='grc' dir='ltr'><em>Ὀλίγα</em></span> <span class='ocrx_word' id='word_1_163' title='bbox 2341 1568 2396 1621; x_wconf 83' lang='grc' dir='ltr'><em>δὲ</em></span> 
     </span>
     <span class='ocr_line' id='line_1_19' title="bbox 459 1650 2394 1725; baseline -0.002 -15"><span class='ocrx_word' id='word_1_164' title='bbox 459 1656 607 1710; x_wconf 88' lang='grc' dir='ltr'><em>πάλιν</em></span> <span class='ocrx_word' id='word_1_165' title='bbox 645 1658 694 1719; x_wconf 76' lang='grc' dir='ltr'><em>ἐξ</em></span> <span class='ocrx_word' id='word_1_166' title='bbox 725 1650 796 1710; x_wconf 79' lang='grc' dir='ltr'><em>ῶν</em></span> <span class='ocrx_word' id='word_1_167' title='bbox 833 1654 988 1718; x_wconf 77' lang='grc' dir='ltr'><em>αὐτός</em></span> <span class='ocrx_word' id='word_1_168' title='bbox 1026 1655 1205 1725; x_wconf 82' lang='grc' dir='ltr'><em>ἀρθεὶς</em></span> <span class='ocrx_word' id='word_1_169' title='bbox 1244 1653 1335 1722; x_wconf 82' lang='grc' dir='ltr'><em>τήν</em></span> <span class='ocrx_word' id='word_1_170' title='bbox 1375 1653 1600 1708; x_wconf 89' lang='grc' dir='ltr'><em>διάνοιαν</em></span> <span class='ocrx_word' id='word_1_171' title='bbox 1636 1652 1754 1722; x_wconf 72' lang='grc' dir='ltr'><em>μετα</em></span> <span class='ocrx_word' id='word_1_172' title='bbox 1798 1653 1890 1722; x_wconf 79' lang='grc' dir='ltr'><em>τὴν</em></span> <span class='ocrx_word' id='word_1_173' title='bbox 1933 1652 2199 1708; x_wconf 84' lang='grc' dir='ltr'><em>ἀλλόκοτον</em></span> <span class='ocrx_word' id='word_1_174' title='bbox 2237 1652 2394 1707; x_wconf 78' lang='grc' dir='ltr'><em>αὐτοῦ</em></span> 
     </span>
     <span class='ocr_line' id='line_1_20' title="bbox 459 1737 2394 1817; baseline -0.002 -22"><span class='ocrx_word' id='word_1_175' title='bbox 459 1745 623 1795; x_wconf 90' lang='grc' dir='ltr'><em>πίστιν</em></span> <span class='ocrx_word' id='word_1_176' title='bbox 646 1743 732 1795; x_wconf 87' lang='grc' dir='ltr'><em>καὶ</em></span> <span class='ocrx_word' id='word_1_177' title='bbox 761 1744 829 1804; x_wconf 88' lang='grc' dir='ltr'><em>εἰς</em></span> <span class='ocrx_word' id='word_1_178' title='bbox 860 1739 1077 1812; x_wconf 82' lang='grc' dir='ltr'><em>Χριστὸν</em></span> <span class='ocrx_word' id='word_1_179' title='bbox 1100 1741 1181 1793; x_wconf 82' lang='grc' dir='ltr'><em>καὶ</em></span> <span class='ocrx_word' id='word_1_180' title='bbox 1209 1742 1276 1802; x_wconf 85' lang='grc' dir='ltr'><em>εἰς</em></span> <span class='ocrx_word' id='word_1_181' title='bbox 1300 1738 1354 1792; x_wconf 85' lang='grc' dir='ltr'>τὸ</span> <span class='ocrx_word' id='word_1_182' title='bbox 1385 1738 1530 1810; x_wconf 75' lang='grc' dir='ltr'><em>ἅγιον</em></span> <span class='ocrx_word' id='word_1_183' title='bbox 1555 1737 1711 1817; x_wconf 60' lang='grc' dir='ltr'><em>αὐτοῦ</em></span> <span class='ocrx_word' id='word_1_184' title='bbox 1736 1745 1929 1808; x_wconf 83' lang='grc' dir='ltr'><em>πνεῦμα</em></span> <span class='ocrx_word' id='word_1_185' title='bbox 1957 1738 2253 1808; x_wconf 88' lang='grc' dir='ltr'><em>ἀπέχθειαν,</em></span> <span class='ocrx_word' id='word_1_186' title='bbox 2301 1738 2394 1793; x_wconf 78' lang='grc' dir='ltr'><em>ὅσα</em></span> 
     </span>
     <span class='ocr_line' id='line_1_21' title="bbox 460 1822 2394 1897; baseline -0.003 -14"><span class='ocrx_word' id='word_1_187' title='bbox 460 1829 692 1897; x_wconf 78' lang='grc' dir='ltr'><em>ἐτόλμησε</em></span> <span class='ocrx_word' id='word_1_188' title='bbox 718 1826 772 1881; x_wconf 85' lang='grc' dir='ltr'>τὸ</span> <span class='ocrx_word' id='word_1_189' title='bbox 814 1827 971 1880; x_wconf 84' lang='grc' dir='ltr'><em>αὐτοῦ</em></span> <span class='ocrx_word' id='word_1_190' title='bbox 1010 1824 1165 1894; x_wconf 86' lang='grc' dir='ltr'><em>στόμα</em></span> <span class='ocrx_word' id='word_1_191' title='bbox 1202 1827 1286 1878; x_wconf 87' lang='grc' dir='ltr'><em>καὶ</em></span> <span class='ocrx_word' id='word_1_192' title='bbox 1322 1831 1422 1878; x_wconf 88' lang='grc' dir='ltr'><em>τῶν</em></span> <span class='ocrx_word' id='word_1_193' title='bbox 1452 1822 1536 1878; x_wconf 74' lang='grc' dir='ltr'><em>ὑπ’</em></span> <span class='ocrx_word' id='word_1_194' title='bbox 1565 1823 1724 1878; x_wconf 79' lang='grc' dir='ltr'><em>αὐτοῦ</em></span> <span class='ocrx_word' id='word_1_195' title='bbox 1752 1826 2199 1894; x_wconf 85' lang='grc' dir='ltr'><em>μεμαθητευμένων</em></span> <span class='ocrx_word' id='word_1_196' title='bbox 2226 1825 2312 1878; x_wconf 81' lang='grc' dir='ltr'><em>καὶ</em></span> <span class='ocrx_word' id='word_1_197' title='bbox 2341 1826 2394 1878; x_wconf 81' lang='grc' dir='ltr'><em>έν</em></span> 
     </span>
     <span class='ocr_line' id='line_1_22' title="bbox 458 1903 2394 1986; baseline -0.003 -18"><span class='ocrx_word' id='word_1_198' title='bbox 458 1914 637 1986; x_wconf 88' lang='grc' dir='ltr'><em>θράσει</em></span> <span class='ocrx_word' id='word_1_199' title='bbox 661 1917 727 1976; x_wconf 85' lang='grc' dir='ltr'><em>εἰς</em></span> <span class='ocrx_word' id='word_1_200' title='bbox 753 1912 890 1980; x_wconf 70' lang='grc' dir='ltr'><em>ὕψος</em></span> <span class='ocrx_word' id='word_1_201' title='bbox 916 1906 1034 1983; x_wconf 79' lang='grc' dir='ltr'><em>ἆραι</em></span> <span class='ocrx_word' id='word_1_202' title='bbox 1061 1909 1151 1979; x_wconf 77' lang='grc' dir='ltr'><em>τὴν</em></span> <span class='ocrx_word' id='word_1_203' title='bbox 1180 1910 1406 1964; x_wconf 91' lang='grc' dir='ltr'><em>διάνοιαν</em></span> <span class='ocrx_word' id='word_1_204' title='bbox 1435 1912 1520 1964; x_wconf 88' lang='grc' dir='ltr'><em>καὶ</em></span> <span class='ocrx_word' id='word_1_205' title='bbox 1544 1908 1797 1982; x_wconf 74' lang='grc' dir='ltr'><em>ὑπέρογκα</em></span> <span class='ocrx_word' id='word_1_206' title='bbox 1826 1914 2201 1980; x_wconf 83' lang='grc' dir='ltr'><em>βλασφημῆσαι,</em></span> <span class='ocrx_word' id='word_1_207' title='bbox 2240 1903 2394 1972; x_wconf 73' lang='grc' dir='ltr'><em>αὖθις</em></span> 
     </span>
     <span class='ocr_line' id='line_1_23' title="bbox 461 1996 1272 2068; baseline -0.007 -14"><span class='ocrx_word' id='word_1_208' title='bbox 461 1999 811 2068; x_wconf 79' lang='grc' dir='ltr'><em>ἐπιλαβόμενος</em></span> <span class='ocrx_word' id='word_1_209' title='bbox 846 1996 1104 2066; x_wconf 87' lang='grc' dir='ltr'><em>συντόμως</em></span> <span class='ocrx_word' id='word_1_210' title='bbox 1139 1997 1272 2059; x_wconf 80' lang='grc' dir='ltr'><em>λέξω.</em></span> 
     </span>
    </p>
   </div>
   <div class='ocr_carea' id='block_1_5' title="bbox 459 2332 2394 3801">
    <p class='ocr_par' dir='ltr' id='par_1_5' title="bbox 459 2332 2394 3690">
     <span class='ocr_line' id='line_1_24' title="bbox 607 2332 2394 2408; baseline -0.001 -16"><span class='ocrx_word' id='word_1_211' title='bbox 607 2332 769 2401; x_wconf 79' lang='grc' dir='ltr'><em>Οὗτος</em></span> <span class='ocrx_word' id='word_1_212' title='bbox 801 2337 895 2408; x_wconf 71' lang='grc' dir='ltr'><em>γὰρ</em></span> <span class='ocrx_word' id='word_1_213' title='bbox 935 2334 1251 2403; x_wconf 80' lang='grc' dir='ltr'><em>ἐφαντάσθη,</em></span> <span class='ocrx_word' id='word_1_214' title='bbox 1303 2335 1389 2388; x_wconf 88' lang='grc' dir='ltr'><em>καὶ</em></span> <span class='ocrx_word' id='word_1_215' title='bbox 1416 2336 1468 2387; x_wconf 83' lang='grc' dir='ltr'><em>οἱ</em></span> <span class='ocrx_word' id='word_1_216' title='bbox 1491 2332 1573 2387; x_wconf 86' lang='grc' dir='ltr'><em>ἀπ’</em></span> <span class='ocrx_word' id='word_1_217' title='bbox 1615 2333 1797 2400; x_wconf 74' lang='grc' dir='ltr'><em>αὐτοῦ,</em></span> <span class='ocrx_word' id='word_1_218' title='bbox 1847 2332 1971 2405; x_wconf 71' lang='grc' dir='ltr'><em>ὑπὲρ</em></span> <span class='ocrx_word' id='word_1_219' title='bbox 2005 2334 2162 2388; x_wconf 88' lang='grc' dir='ltr'><em>πάντα</em></span> <span class='ocrx_word' id='word_1_220' title='bbox 2196 2333 2394 2408; x_wconf 69' lang='grc' dir='ltr'><em>ἅνθρω-</em></span> 
     </span>
     <span class='ocr_line' id='line_1_25' title="bbox 459 2418 2392 2495; baseline -0.001 -18"><span class='ocrx_word' id='word_1_221' title='bbox 459 2446 556 2477; x_wconf 91' lang='grc' dir='ltr'><em>πον</em></span> <span class='ocrx_word' id='word_1_222' title='bbox 572 2467 586 2490; x_wconf 94' lang='grc'><em>,</em></span> <span class='ocrx_word' id='word_1_223' title='bbox 623 2423 719 2477; x_wconf 79' lang='grc' dir='ltr'><em>οὐκ</em></span> <span class='ocrx_word' id='word_1_224' title='bbox 747 2425 829 2477; x_wconf 79' lang='grc' dir='ltr'><em>ἐπὶ</em></span> <span class='ocrx_word' id='word_1_225' title='bbox 855 2429 922 2495; x_wconf 76' lang='grc' dir='ltr'><em>τῷ</em></span> <span class='ocrx_word' id='word_1_226' title='bbox 953 2423 1132 2475; x_wconf 87' lang='grc' dir='ltr'><em>εἰδέναι</em></span> <span class='ocrx_word' id='word_1_227' title='bbox 1156 2419 1243 2474; x_wconf 82' lang='grc' dir='ltr'><em>τὸν</em></span> <span class='ocrx_word' id='word_1_228' title='bbox 1268 2418 1392 2473; x_wconf 76' lang='grc' dir='ltr'><em>θεὸν</em></span> <span class='ocrx_word' id='word_1_229' title='bbox 1420 2419 1546 2473; x_wconf 70' lang='grc' dir='ltr'><em>κατὰ</em></span> <span class='ocrx_word' id='word_1_230' title='bbox 1573 2424 1748 2485; x_wconf 87' lang='grc' dir='ltr'><em>πίστιν,</em></span> <span class='ocrx_word' id='word_1_231' title='bbox 1788 2419 1908 2474; x_wconf 81' lang='grc' dir='ltr'><em>ἀλλά</em></span> <span class='ocrx_word' id='word_1_232' title='bbox 1935 2420 2082 2487; x_wconf 90' lang='grc' dir='ltr'><em>φύσει</em></span> <span class='ocrx_word' id='word_1_233' title='bbox 2110 2419 2236 2475; x_wconf 81' lang='grc' dir='ltr'><em>κατά</em></span> <span class='ocrx_word' id='word_1_234' title='bbox 2263 2424 2392 2490; x_wconf 71' lang='grc' dir='ltr'><em>εἴδη·</em></span> 
     </span>
     <span class='ocr_line' id='line_1_26' title="bbox 460 2503 2393 2575; baseline -0.001 -14"><span class='ocrx_word' id='word_1_235' title='bbox 460 2526 552 2563; x_wconf 88' lang='grc' dir='ltr'><em>σιν.</em></span> <span class='ocrx_word' id='word_1_236' title='bbox 622 2506 709 2571; x_wconf 80' lang='grc' dir='ltr'><em>Ὡς</em></span> <span class='ocrx_word' id='word_1_237' title='bbox 735 2509 820 2562; x_wconf 86' lang='grc' dir='ltr'><em>καὶ</em></span> <span class='ocrx_word' id='word_1_238' title='bbox 858 2507 959 2561; x_wconf 75' lang='grc' dir='ltr'><em>ἅνω</em></span> <span class='ocrx_word' id='word_1_239' title='bbox 990 2529 1089 2560; x_wconf 92' lang='grc' dir='ltr'><em>που</em></span> <span class='ocrx_word' id='word_1_240' title='bbox 1118 2504 1377 2574; x_wconf 71' lang='grc' dir='ltr'><em>ὑπέμνησα</em></span> <span class='ocrx_word' id='word_1_241' title='bbox 1403 2505 1694 2571; x_wconf 86' lang='grc' dir='ltr'><em>φασκόντων</em></span> <span class='ocrx_word' id='word_1_242' title='bbox 1723 2503 1909 2570; x_wconf 77' lang='grc' dir='ltr'><em>αὐτῶν,</em></span> <span class='ocrx_word' id='word_1_243' title='bbox 1958 2505 2049 2575; x_wconf 75' lang='grc' dir='ltr'><em>οὐχ</em></span> <span class='ocrx_word' id='word_1_244' title='bbox 2079 2504 2247 2569; x_wconf 77' lang='grc' dir='ltr'><em>ἁπλῶς</em></span> <span class='ocrx_word' id='word_1_245' title='bbox 2271 2508 2393 2560; x_wconf 79' lang='grc' dir='ltr'><em>εἰδέ-</em></span> 
     </span>
     <span class='ocr_line' id='line_1_27' title="bbox 460 2588 2393 2666; baseline -0.001 -19"><span class='ocrx_word' id='word_1_246' title='bbox 460 2617 544 2647; x_wconf 90' lang='grc' dir='ltr'><em>ναι</em></span> <span class='ocrx_word' id='word_1_247' title='bbox 567 2593 653 2647; x_wconf 84' lang='grc' dir='ltr'><em>τόν</em></span> <span class='ocrx_word' id='word_1_248' title='bbox 674 2592 800 2646; x_wconf 78' lang='grc' dir='ltr'><em>θεὸν</em></span> <span class='ocrx_word' id='word_1_249' title='bbox 829 2595 880 2646; x_wconf 83' lang='grc' dir='ltr'><em>ἒν</em></span> <span class='ocrx_word' id='word_1_250' title='bbox 906 2591 1080 2663; x_wconf 80' lang='grc' dir='ltr'><em>γνώσει</em></span> <span class='ocrx_word' id='word_1_251' title='bbox 1103 2596 1339 2656; x_wconf 88' lang='grc' dir='ltr'><em>πίστεως,</em></span> <span class='ocrx_word' id='word_1_252' title='bbox 1389 2588 1488 2643; x_wconf 82' lang='grc' dir='ltr'><em>ἀλλ’</em></span> <span class='ocrx_word' id='word_1_253' title='bbox 1516 2588 1582 2652; x_wconf 77' lang='grc' dir='ltr'><em>ῶς</em></span> <span class='ocrx_word' id='word_1_254' title='bbox 1610 2588 1695 2644; x_wconf 79' lang='grc' dir='ltr'><em>ἐάν</em></span> <span class='ocrx_word' id='word_1_255' title='bbox 1729 2591 2019 2666; x_wconf 74' lang='grc' dir='ltr'><em>1Τγινώσκῃ</em></span> <span class='ocrx_word' id='word_1_256' title='bbox 2046 2614 2120 2655; x_wconf 92' lang='grc' dir='ltr'><em>τις</em></span> <span class='ocrx_word' id='word_1_257' title='bbox 2149 2598 2251 2646; x_wconf 80' lang='grc' dir='ltr'><em>πᾶν</em></span> <span class='ocrx_word' id='word_1_258' title='bbox 2279 2589 2393 2663; x_wconf 79' lang='grc' dir='ltr'><em>ἆρα-</em></span> 
     </span>
     <span class='ocr_line' id='line_1_28' title="bbox 461 2674 2394 2749; baseline -0.001 -16"><span class='ocrx_word' id='word_1_259' title='bbox 461 2678 548 2733; x_wconf 84' lang='grc' dir='ltr'><em>τὸν</em></span> <span class='ocrx_word' id='word_1_260' title='bbox 581 2681 666 2732; x_wconf 83' lang='grc' dir='ltr'><em>καὶ</em></span> <span class='ocrx_word' id='word_1_261' title='bbox 704 2680 865 2749; x_wconf 88' lang='grc' dir='ltr'><em>χερσὶν</em></span> <span class='ocrx_word' id='word_1_262' title='bbox 901 2678 1058 2731; x_wconf 83' lang='grc' dir='ltr'><em>αὐτοῦ</em></span> <span class='ocrx_word' id='word_1_263' title='bbox 1089 2675 1485 2745; x_wconf 86' lang='grc' dir='ltr'><em>ψηλαφώμενον,</em></span> <span class='ocrx_word' id='word_1_264' title='bbox 1539 2674 1607 2739; x_wconf 76' lang='grc' dir='ltr'><em>ῶς</em></span> <span class='ocrx_word' id='word_1_265' title='bbox 1635 2679 1777 2739; x_wconf 75' lang='grc' dir='ltr'><em>εἴτις</em></span> <span class='ocrx_word' id='word_1_266' title='bbox 1805 2676 1948 2746; x_wconf 88' lang='grc' dir='ltr'><em>λάβοι</em></span> <span class='ocrx_word' id='word_1_267' title='bbox 1983 2676 2102 2746; x_wconf 77' lang='grc' dir='ltr'><em>μετά</em></span> <span class='ocrx_word' id='word_1_268' title='bbox 2133 2685 2295 2748; x_wconf 82' lang='grc' dir='ltr'><em>χεῖρας</em></span> <span class='ocrx_word' id='word_1_269' title='bbox 2326 2682 2394 2731; x_wconf 88' lang='grc' dir='ltr'><em>λί-</em></span> 
     </span>
     <span class='ocr_line' id='line_1_29' title="bbox 460 2757 2393 2833; baseline 0 -16"><span class='ocrx_word' id='word_1_270' title='bbox 460 2772 585 2830; x_wconf 91' lang='grc' dir='ltr'><em>θον,</em></span> <span class='ocrx_word' id='word_1_271' title='bbox 623 2762 658 2832; x_wconf 82' lang='grc' dir='ltr'><em>ἢ</em></span> <span class='ocrx_word' id='word_1_272' title='bbox 688 2762 856 2829; x_wconf 81' lang='grc' dir='ltr'><em>ξύλον,</em></span> <span class='ocrx_word' id='word_1_273' title='bbox 909 2762 942 2831; x_wconf 77' lang='grc' dir='ltr'><em>ἢ</em></span> <span class='ocrx_word' id='word_1_274' title='bbox 967 2761 1112 2831; x_wconf 68' lang='grc' dir='ltr'><em>ἄλλης</em></span> <span class='ocrx_word' id='word_1_275' title='bbox 1137 2761 1269 2825; x_wconf 80' lang='grc' dir='ltr'><em>τινός</em></span> <span class='ocrx_word' id='word_1_276' title='bbox 1292 2761 1412 2830; x_wconf 72' lang='grc' dir='ltr'><em>ὕλης</em></span> <span class='ocrx_word' id='word_1_277' title='bbox 1443 2764 1713 2833; x_wconf 80' lang='grc' dir='ltr'><em>ἐργαλεῖον·</em></span> <span class='ocrx_word' id='word_1_278' title='bbox 1767 2761 1925 2826; x_wconf 71' lang='grc' dir='ltr'><em>οὕτως</em></span> <span class='ocrx_word' id='word_1_279' title='bbox 1952 2765 2048 2831; x_wconf 73' lang='grc' dir='ltr'><em>ἔφη</em></span> <span class='ocrx_word' id='word_1_280' title='bbox 2077 2765 2162 2816; x_wconf 87' lang='grc' dir='ltr'><em>καὶ</em></span> <span class='ocrx_word' id='word_1_281' title='bbox 2191 2757 2337 2826; x_wconf 79' lang='grc' dir='ltr'><em>οὗτος</em></span> <span class='ocrx_word' id='word_1_282' title='bbox 2362 2761 2393 2817; x_wconf 83' lang='lat' dir='ltr'><em>o‘</em></span> 
     </span>
     <span class='ocr_line' id='line_1_30' title="bbox 461 2845 2390 2920; baseline 0 -17"><span class='ocrx_word' id='word_1_283' title='bbox 461 2849 702 2920; x_wconf 86' lang='grc' dir='ltr'><em>γεννάδας</em></span> <span class='ocrx_word' id='word_1_284' title='bbox 728 2848 829 2914; x_wconf 73' lang='grc' dir='ltr'><em>ὅτι,</em></span> <span class='ocrx_word' id='word_1_285' title='bbox 886 2848 1058 2911; x_wconf 72' lang='grc' dir='ltr'><em>Οὕτως</em></span> <span class='ocrx_word' id='word_1_286' title='bbox 1086 2846 1199 2901; x_wconf 80' lang='grc' dir='ltr'><em>οἶδα</em></span> <span class='ocrx_word' id='word_1_287' title='bbox 1226 2846 1313 2902; x_wconf 65' lang='grc' dir='ltr'><em>τοῚι</em></span> <span class='ocrx_word' id='word_1_288' title='bbox 1338 2846 1486 2913; x_wconf 76' lang='grc' dir='ltr'><em>θεὸν,</em></span> <span class='ocrx_word' id='word_1_289' title='bbox 1543 2847 1702 2918; x_wconf 81' lang='grc' dir='ltr'><em>ῶςπερ</em></span> <span class='ocrx_word' id='word_1_290' title='bbox 1734 2847 1972 2916; x_wconf 75' lang='grc' dir='ltr'><em>ἐμαυτόν,</em></span> <span class='ocrx_word' id='word_1_291' title='bbox 2019 2849 2103 2901; x_wconf 83' lang='grc' dir='ltr'><em>καὶ</em></span> <span class='ocrx_word' id='word_1_292' title='bbox 2131 2845 2192 2901; x_wconf 82' lang='grc' dir='ltr'><em>ού</em></span> <span class='ocrx_word' id='word_1_293' title='bbox 2218 2854 2390 2903; x_wconf 78' lang='grc' dir='ltr'><em>τοσοῦ·</em></span> 
     </span>
     <span class='ocr_line' id='line_1_31' title="bbox 461 2931 2392 3005; baseline 0 -17"><span class='ocrx_word' id='word_1_294' title='bbox 461 2957 547 2989; x_wconf 91' lang='grc' dir='ltr'><em>τον</em></span> <span class='ocrx_word' id='word_1_295' title='bbox 573 2932 687 2989; x_wconf 84' lang='grc' dir='ltr'><em>οἶδα</em></span> <span class='ocrx_word' id='word_1_296' title='bbox 713 2932 925 3002; x_wconf 84' lang='grc' dir='ltr'><em>ε’μαυτὸν</em></span> <span class='ocrx_word' id='word_1_297' title='bbox 952 2932 1019 2997; x_wconf 78' lang='grc' dir='ltr'><em>ώς</em></span> <span class='ocrx_word' id='word_1_298' title='bbox 1046 2933 1131 2987; x_wconf 81' lang='grc' dir='ltr'><em>τὸν</em></span> <span class='ocrx_word' id='word_1_299' title='bbox 1153 2932 1291 2987; x_wconf 87' lang='grc' dir='ltr'><em>θεόν.</em></span> <span class='ocrx_word' id='word_1_300' title='bbox 1346 2932 1546 2987; x_wconf 84' lang='grc' dir='ltr'><em>Λοιπὸν</em></span> <span class='ocrx_word' id='word_1_301' title='bbox 1575 2935 1629 2987; x_wconf 85' lang='grc' dir='ltr'><em>δὲ</em></span> <span class='ocrx_word' id='word_1_302' title='bbox 1655 2932 1713 2987; x_wconf 72' lang='grc' dir='ltr'><em>τά</em></span> <span class='ocrx_word' id='word_1_303' title='bbox 1743 2932 1883 3005; x_wconf 82' lang='grc' dir='ltr'><em>μωροὶ</em></span> <span class='ocrx_word' id='word_1_304' title='bbox 1907 2934 2059 3004; x_wconf 88' lang='grc' dir='ltr'><em>λέγειν</em></span> <span class='ocrx_word' id='word_1_305' title='bbox 2078 2935 2160 2986; x_wconf 88' lang='grc' dir='ltr'><em>καὶ</em></span> <span class='ocrx_word' id='word_1_306' title='bbox 2186 2931 2392 2988; x_wconf 82' lang='grc' dir='ltr'><em>ἀκούειν</em></span> 
     </span>
     <span class='ocr_line' id='line_1_32' title="bbox 463 3017 2389 3091; baseline -0.001 -16"><span class='ocrx_word' id='word_1_307' title='bbox 463 3027 659 3083; x_wconf 87' lang='grc' dir='ltr'><em>πολλοῖς</em></span> <span class='ocrx_word' id='word_1_308' title='bbox 681 3021 770 3089; x_wconf 82' lang='grc' dir='ltr'><em>μὲν</em></span> <span class='ocrx_word' id='word_1_309' title='bbox 797 3023 926 3073; x_wconf 76' lang='grc' dir='ltr'><em>ἔστιν</em></span> <span class='ocrx_word' id='word_1_310' title='bbox 957 3022 1024 3081; x_wconf 89' lang='grc' dir='ltr'><em>εἰς</em></span> <span class='ocrx_word' id='word_1_311' title='bbox 1054 3018 1276 3087; x_wconf 79' lang='grc' dir='ltr'><em>ἀπάτην,</em></span> <span class='ocrx_word' id='word_1_312' title='bbox 1324 3027 1430 3082; x_wconf 91' lang='grc' dir='ltr'><em>τοῖς</em></span> <span class='ocrx_word' id='word_1_313' title='bbox 1472 3020 1524 3073; x_wconf 84' lang='grc' dir='ltr'><em>δὲ</em></span> <span class='ocrx_word' id='word_1_314' title='bbox 1556 3026 1777 3081; x_wconf 85' lang='grc' dir='ltr'><em>συνετοῖς</em></span> <span class='ocrx_word' id='word_1_315' title='bbox 1814 3021 1883 3081; x_wconf 87' lang='grc' dir='ltr'><em>εἰς</em></span> <span class='ocrx_word' id='word_1_316' title='bbox 1917 3017 2103 3086; x_wconf 80' lang='grc' dir='ltr'><em>χλεύην.</em></span> <span class='ocrx_word' id='word_1_317' title='bbox 2185 3023 2268 3082; x_wconf 85' lang='grc' dir='ltr'><em>Τίς</em></span> <span class='ocrx_word' id='word_1_318' title='bbox 2297 3018 2389 3091; x_wconf 70' lang='grc' dir='ltr'><em>γὰρ</em></span> 
     </span>
     <span class='ocr_line' id='line_1_33' title="bbox 463 3102 2391 3178; baseline 0.001 -19"><span class='ocrx_word' id='word_1_319' title='bbox 463 3113 561 3160; x_wconf 90' lang='grc' dir='ltr'><em>τῶν</em></span> <span class='ocrx_word' id='word_1_320' title='bbox 586 3104 975 3178; x_wconf 88' lang='grc' dir='ltr'><em>φρενοβλάβειαν</em></span> <span class='ocrx_word' id='word_1_321' title='bbox 1002 3107 1192 3168; x_wconf 75' lang='grc' dir='ltr'><em>ἑαυτοῖς</em></span> <span class='ocrx_word' id='word_1_322' title='bbox 1222 3106 1530 3173; x_wconf 86' lang='grc' dir='ltr'><em>κεκτημένων</em></span> <span class='ocrx_word' id='word_1_323' title='bbox 1558 3107 1643 3158; x_wconf 89' lang='grc' dir='ltr'><em>καὶ</em></span> <span class='ocrx_word' id='word_1_324' title='bbox 1668 3103 1951 3173; x_wconf 88' lang='grc' dir='ltr'><em>μεμηνότων</em></span> <span class='ocrx_word' id='word_1_325' title='bbox 1981 3102 2043 3157; x_wconf 79' lang='grc' dir='ltr'><em>οὐ</em></span> <span class='ocrx_word' id='word_1_326' title='bbox 2071 3103 2277 3159; x_wconf 91' lang='grc' dir='ltr'><em>δύναται</em></span> <span class='ocrx_word' id='word_1_327' title='bbox 2305 3107 2391 3159; x_wconf 83' lang='grc' dir='ltr'><em>καὶ</em></span> 
     </span>
     <span class='ocr_line' id='line_1_34' title="bbox 466 3186 2388 3260; baseline 0 -16"><span class='ocrx_word' id='word_1_328' title='bbox 466 3189 641 3255; x_wconf 69' lang='grc' dir='ltr'><em>ἄλλους</em></span> <span class='ocrx_word' id='word_1_329' title='bbox 669 3194 939 3260; x_wconf 76' lang='grc' dir='ltr'><em>ἐκμαίνειν,</em></span> <span class='ocrx_word' id='word_1_330' title='bbox 988 3192 1072 3244; x_wconf 85' lang='grc' dir='ltr'><em>καὶ</em></span> <span class='ocrx_word' id='word_1_331' title='bbox 1115 3189 1317 3258; x_wconf 84' lang='grc' dir='ltr'><em>μάλιστα</em></span> <span class='ocrx_word' id='word_1_332' title='bbox 1348 3188 1466 3252; x_wconf 77' lang='grc' dir='ltr'><em>τούς</em></span> <span class='ocrx_word' id='word_1_333' title='bbox 1502 3191 1868 3258; x_wconf 89' lang='grc' dir='ltr'><em>συνεπομένους</em></span> <span class='ocrx_word' id='word_1_334' title='bbox 1899 3190 1983 3242; x_wconf 89' lang='grc' dir='ltr'><em>καὶ</em></span> <span class='ocrx_word' id='word_1_335' title='bbox 2012 3186 2388 3256; x_wconf 69' lang='grc' dir='ltr'><em>ὑπακούοντας,-</em></span> 
     </span>
     <span class='ocr_line' id='line_1_35' title="bbox 473 3272 2391 3347; baseline 0 -17"><span class='ocrx_word' id='word_1_336' title='bbox 473 3280 544 3330; x_wconf 83' lang='grc' dir='ltr'><em>Εί</em></span> <span class='ocrx_word' id='word_1_337' title='bbox 579 3276 673 3347; x_wconf 88' lang='grc' dir='ltr'><em>γάρ</em></span> <span class='ocrx_word' id='word_1_338' title='bbox 710 3300 783 3340; x_wconf 94' lang='grc' dir='ltr'><em>τις</em></span> <span class='ocrx_word' id='word_1_339' title='bbox 823 3275 1076 3347; x_wconf 80' lang='grc' dir='ltr'><em>ἠρώτησεν</em></span> <span class='ocrx_word' id='word_1_340' title='bbox 1104 3274 1255 3330; x_wconf 75' lang='grc' dir='ltr'><em>αὐτόν</em></span> <span class='ocrx_word' id='word_1_341' title='bbox 1293 3278 1378 3329; x_wconf 89' lang='grc' dir='ltr'><em>καὶ</em></span> <span class='ocrx_word' id='word_1_342' title='bbox 1415 3274 1531 3338; x_wconf 80' lang='grc' dir='ltr'><em>τούς</em></span> <span class='ocrx_word' id='word_1_343' title='bbox 1567 3273 1652 3329; x_wconf 82' lang='grc' dir='ltr'><em>ἀπ’</em></span> <span class='ocrx_word' id='word_1_344' title='bbox 1690 3273 1868 3339; x_wconf 75' lang='grc' dir='ltr'><em>αὐτοῦ,</em></span> <span class='ocrx_word' id='word_1_345' title='bbox 1926 3272 2022 3342; x_wconf 81' lang='grc' dir='ltr'><em>Μή</em></span> <span class='ocrx_word' id='word_1_346' title='bbox 2048 3297 2133 3342; x_wconf 91' lang='grc' dir='ltr'><em>μοι</em></span> <span class='ocrx_word' id='word_1_347' title='bbox 2162 3275 2391 3347; x_wconf 87' lang='grc' dir='ltr'><em>διήγησαι</em></span> 
     </span>
     <span class='ocr_line' id='line_1_36' title="bbox 465 3357 2390 3432; baseline 0 -16"><span class='ocrx_word' id='word_1_348' title='bbox 465 3361 589 3416; x_wconf 77' lang='grc' dir='ltr'><em>θεὸν</em></span> <span class='ocrx_word' id='word_1_349' title='bbox 614 3364 793 3416; x_wconf 85' lang='grc' dir='ltr'><em>εἰδέναι</em></span> <span class='ocrx_word' id='word_1_350' title='bbox 822 3361 907 3415; x_wconf 79' lang='grc' dir='ltr'><em>τόν</em></span> <span class='ocrx_word' id='word_1_351' title='bbox 940 3361 1236 3432; x_wconf 85' lang='grc' dir='ltr'><em>ἀσύγκριτον</em></span> <span class='ocrx_word' id='word_1_352' title='bbox 1264 3363 1344 3414; x_wconf 82' lang='grc' dir='ltr'><em>καὶ</em></span> <span class='ocrx_word' id='word_1_353' title='bbox 1373 3360 1741 3429; x_wconf 84' lang='grc' dir='ltr'><em>ἀκατάληπτον,</em></span> <span class='ocrx_word' id='word_1_354' title='bbox 1789 3357 1876 3412; x_wconf 79' lang='grc' dir='ltr'><em>τόν</em></span> <span class='ocrx_word' id='word_1_355' title='bbox 1906 3357 2031 3412; x_wconf 77' lang='grc' dir='ltr'><em>κατά</em></span> <span class='ocrx_word' id='word_1_356' title='bbox 2060 3359 2114 3414; x_wconf 79' lang='grc' dir='ltr'><em>τό</em></span> <span class='ocrx_word' id='word_1_357' title='bbox 2147 3358 2276 3424; x_wconf 82' lang='grc' dir='ltr'><em>εἶδος</em></span> <span class='ocrx_word' id='word_1_358' title='bbox 2301 3361 2390 3430; x_wconf 78' lang='grc' dir='ltr'><em>μὲν</em></span> 
     </span>
     <span class='ocr_line' id='line_1_37' title="bbox 467 3445 2386 3518; baseline -0.001 -16"><span class='ocrx_word' id='word_1_359' title='bbox 467 3447 533 3516; x_wconf 83' lang='grc' dir='ltr'><em>μὴ</em></span> <span class='ocrx_word' id='word_1_360' title='bbox 570 3447 1095 3516; x_wconf 87' lang='grc' dir='ltr'><em>καταλαμβανόμενον,</em></span> <span class='ocrx_word' id='word_1_361' title='bbox 1148 3451 1303 3500; x_wconf 87' lang='grc' dir='ltr'><em>πίστει</em></span> <span class='ocrx_word' id='word_1_362' title='bbox 1344 3447 1394 3499; x_wconf 83' lang='grc' dir='ltr'><em>δὲ</em></span> <span class='ocrx_word' id='word_1_363' title='bbox 1434 3445 1794 3518; x_wconf 88' lang='grc' dir='ltr'><em>γινωσκόμενον</em></span> <span class='ocrx_word' id='word_1_364' title='bbox 1832 3452 1936 3506; x_wconf 89' lang='grc' dir='ltr'><em>τοῖς</em></span> <span class='ocrx_word' id='word_1_365' title='bbox 1980 3445 2136 3499; x_wconf 81' lang='grc' dir='ltr'><em>αὐτοῦ</em></span> <span class='ocrx_word' id='word_1_366' title='bbox 2174 3445 2386 3514; x_wconf 92' lang='grc' dir='ltr'><em>δούλοις,</em></span> 
     </span>
     <span class='ocr_line' id='line_1_38' title="bbox 468 3526 2387 3604; baseline 0.001 -19"><span class='ocrx_word' id='word_1_367' title='bbox 468 3531 585 3586; x_wconf 75' lang='grc' dir='ltr'><em>ἀλλὰ</em></span> <span class='ocrx_word' id='word_1_368' title='bbox 614 3526 846 3604; x_wconf 88' lang='grc' dir='ltr'><em>διήγησαί</em></span> <span class='ocrx_word' id='word_1_369' title='bbox 885 3556 970 3602; x_wconf 87' lang='grc' dir='ltr'><em>μοι</em></span> <span class='ocrx_word' id='word_1_370' title='bbox 992 3531 1108 3595; x_wconf 77' lang='grc' dir='ltr'><em>τούς</em></span> <span class='ocrx_word' id='word_1_371' title='bbox 1133 3534 1394 3600; x_wconf 85' lang='grc' dir='ltr'><em>πυθμένας</em></span> <span class='ocrx_word' id='word_1_372' title='bbox 1432 3538 1518 3599; x_wconf 86' lang='grc' dir='ltr'><em>τῆς</em></span> <span class='ocrx_word' id='word_1_373' title='bbox 1552 3536 1666 3602; x_wconf 85' lang='grc' dir='ltr'><em>γῆς,</em></span> <span class='ocrx_word' id='word_1_374' title='bbox 1717 3527 1778 3583; x_wconf 75' lang='grc' dir='ltr'><em>τά</em></span> <span class='ocrx_word' id='word_1_375' title='bbox 1802 3538 1995 3597; x_wconf 88' lang='grc' dir='ltr'><em>ταμιεῖα</em></span> <span class='ocrx_word' id='word_1_376' title='bbox 2022 3537 2110 3599; x_wconf 83' lang='grc' dir='ltr'><em>τῆς</em></span> <span class='ocrx_word' id='word_1_377' title='bbox 2145 3529 2387 3601; x_wconf 82' lang='grc' dir='ltr'><em>ἀβύσσου,</em></span> 
     </span>
     <span class='ocr_line' id='line_1_39' title="bbox 467 3614 2389 3690; baseline 0.002 -22"><span class='ocrx_word' id='word_1_378' title='bbox 467 3617 555 3679; x_wconf 73' lang='grc' dir='ltr'><em>τοὶς</em></span> <span class='ocrx_word' id='word_1_379' title='bbox 581 3620 765 3687; x_wconf 88' lang='grc' dir='ltr'><em>φλέβας</em></span> <span class='ocrx_word' id='word_1_380' title='bbox 793 3625 879 3686; x_wconf 83' lang='grc' dir='ltr'><em>τῆς</em></span> <span class='ocrx_word' id='word_1_381' title='bbox 906 3618 1186 3686; x_wconf 85' lang='grc' dir='ltr'><em>θαλάσσης,</em></span> <span class='ocrx_word' id='word_1_382' title='bbox 1224 3616 1352 3690; x_wconf 73' lang='grc' dir='ltr'><em>ᾅδου</em></span> <span class='ocrx_word' id='word_1_383' title='bbox 1376 3615 1462 3671; x_wconf 77' lang='grc' dir='ltr'><em>τόν</em></span> <span class='ocrx_word' id='word_1_384' title='bbox 1486 3616 1664 3681; x_wconf 86' lang='grc' dir='ltr'><em>τόπον,</em></span> <span class='ocrx_word' id='word_1_385' title='bbox 1702 3615 1847 3686; x_wconf 83' lang='grc' dir='ltr'><em>ἀέρος</em></span> <span class='ocrx_word' id='word_1_386' title='bbox 1870 3614 1931 3668; x_wconf 81' lang='grc' dir='ltr'><em>τά</em></span> <span class='ocrx_word' id='word_1_387' title='bbox 1958 3618 2124 3689; x_wconf 87' lang='grc' dir='ltr'><em>μέτρα,</em></span> <span class='ocrx_word' id='word_1_388' title='bbox 2162 3616 2389 3690; x_wconf 84' lang='grc' dir='ltr'><em>ούρανῶν</em></span> 
     </span>
    </p>

    <p class='ocr_par' dir='ltr' id='par_1_6' title="bbox 529 3743 2384 3801">
     <span class='ocr_line' id='line_1_40' title="bbox 529 3743 2384 3801; baseline 0.002 -16"><span class='ocrx_word' id='word_1_389' title='bbox 529 3747 590 3787; x_wconf 83' lang='lat'><em>15.</em></span> <span class='ocrx_word' id='word_1_390' title='bbox 623 3748 826 3801; x_wconf 83' lang='grc' dir='ltr'><em>μαρτυρία</em></span> <span class='ocrx_word' id='word_1_391' title='bbox 855 3752 937 3790; x_wconf 84' lang='lat' dir='ltr'><strong><em>cod.</em></strong></span> <span class='ocrx_word' id='word_1_392' title='bbox 969 3751 1131 3800; x_wconf 72' lang='lat' dir='ltr'><strong><em>Rhedig.</em></strong></span> <span class='ocrx_word' id='word_1_393' title='bbox 1515 3747 1578 3791; x_wconf 88' lang='lat'><em>17.</em></span> <span class='ocrx_word' id='word_1_394' title='bbox 1603 3743 1802 3800; x_wconf 82' lang='grc' dir='ltr'><em>γινώσκει</em></span> <span class='ocrx_word' id='word_1_395' title='bbox 1822 3747 2082 3799; x_wconf 82' lang='lat' dir='ltr'><em>cod.Rhedi9.</em></span> <span class='ocrx_word' id='word_1_396' title='bbox 2140 3750 2384 3790; x_wconf 82' lang='lat' dir='ltr'><strong><em>Etcod.len.</em></strong></span> 
     </span>
    </p>
   </div>
   <div class='ocr_carea' id='block_1_6' title="bbox 466 3802 2387 3910">
    <p class='ocr_par' dir='ltr' id='par_1_7' title="bbox 466 3802 2387 3910">
     <span class='ocr_line' id='line_1_41' title="bbox 524 3802 2387 3869; baseline 0.002 -27"><span class='ocrx_word' id='word_1_397' title='bbox 524 3802 593 3869; x_wconf 47' lang='lat'><em>26.</em></span> <span class='ocrx_word' id='word_1_398' title='bbox 624 3804 926 3860; x_wconf 61' lang='grc' dir='ltr'><em>διελέγχξτημεν</em></span> <span class='ocrx_word' id='word_1_399' title='bbox 968 3808 1080 3846; x_wconf 83' lang='lat' dir='ltr'><strong>codd.</strong></span> <span class='ocrx_word' id='word_1_400' title='bbox 1108 3818 1198 3846; x_wconf 86' lang='lat' dir='ltr'><strong><em>mss.</em></strong></span> <span class='ocrx_word' id='word_1_401' title='bbox 1238 3809 1272 3845; x_wconf 84' lang='lat' dir='ltr'><em>et</em></span> <span class='ocrx_word' id='word_1_402' title='bbox 1309 3806 1397 3844; x_wconf 82' lang='lat' dir='ltr'><strong><em>edit.</em></strong></span> <span class='ocrx_word' id='word_1_403' title='bbox 1454 3808 1496 3845; x_wconf 79' lang='lat' dir='ltr'><em>in</em></span> <span class='ocrx_word' id='word_1_404' title='bbox 1521 3805 1671 3854; x_wconf 79' lang='lat' dir='ltr'><em>syllaba</em></span> <span class='ocrx_word' id='word_1_405' title='bbox 1695 3805 1807 3854; x_wconf 78' lang='lat' dir='ltr'><em>finali</em></span> <span class='ocrx_word' id='word_1_406' title='bbox 1834 3805 1866 3858; x_wconf 74' lang='grc' dir='ltr'><strong>ἦ</strong></span> <span class='ocrx_word' id='word_1_407' title='bbox 1891 3816 2075 3845; x_wconf 82' lang='lat' dir='ltr'><em>rasuram</em></span> <span class='ocrx_word' id='word_1_408' title='bbox 2100 3806 2212 3846; x_wconf 72' lang='lat' dir='ltr'><em>habet</em></span> <span class='ocrx_word' id='word_1_409' title='bbox 2236 3808 2387 3857; x_wconf 79' lang='lat' dir='ltr'><strong><em>conspi-</em></strong></span> 
     </span>
     <span class='ocr_line' id='line_1_42' title="bbox 466 3871 1582 3910; baseline -0.001 -10"><span class='ocrx_word' id='word_1_410' title='bbox 466 3871 591 3910; x_wconf 83' lang='lat' dir='ltr'><strong><em>prmc.</em></strong></span> <span class='ocrx_word' id='word_1_411' title='bbox 1456 3872 1582 3901; x_wconf 85' lang='lat' dir='ltr'><strong><em>cuam.</em></strong></span> 
     </span>
    </p>
   </div>
  </div>
 </body>
</html>
