2508 4134
571 268 795 308 PANARII
826 268 930 308 Lm.
948 268 1017 307 ιιι.
1052 270 1184 310 ΤοΜ.
1207 270 1256 310 11.
1284 269 1446 311 HAER.
1466 270 1678 311 Lxxvn.
1957 258 2058 309 379

170 367 307 418 nobis
336 365 657 433 anteponendi
684 374 823 416 erunt
849 363 1126 416 Manichaei
1153 383 1208 416 ac
1229 365 1596 432 Marcionistae,
1638 377 1924 436 ceteraeque
1948 366 2062 418 hae-

168 466 332 514 reseS,
391 464 540 517 quae,
598 466 656 498 ne
696 449 904 500 divinam
946 449 1245 500 maiestatem
1287 451 1569 503 imminuere
1618 453 1900 515 videantur,
1957 468 2063 502 car-

169 551 274 585 nem
312 534 354 584 ei
386 532 682 583 tribuendam
723 549 832 583 esse
867 550 961 582 non
1004 533 1301 584 existimant.
1378 533 1560 585 Verum
1591 555 1685 587 non
1716 554 1780 587 ex
1820 535 2060 587 hominum

167 618 414 670 voluntate
460 616 680 667 veritatis
715 633 948 684 suspensa
990 617 1063 667 vis
1095 626 1197 680 est,
1253 617 1336 667 sed
1377 635 1442 668 ex
1475 619 1686 669 eiusdem
1722 619 2062 688 gubernatrice

167 701 402 770 sapientia
431 700 887 767 administrandique
927 700 1180 764 facultate,
1231 717 1352 768 quae
1383 702 1511 751 nullo
1547 704 1685 753 modo
1723 702 2063 772 comprehendi

168 794 352 854 potest,
406 785 720 837 aestimanda.
800 782 1040 850 Quocirca
1083 803 1189 835 cum
1223 784 1455 834 eiusmodi
1490 787 1553 835 sit
1584 787 1688 837 fidei
1721 797 1914 837 nostrae
1952 805 2062 856 pro-

166 870 340 933 fessio,
399 885 554 936 neque
596 887 700 919 cum
730 867 1019 919 Manichaeo
1061 869 1325 920 sentiamus
1372 871 1491 934 (non
1531 869 1655 919 enim
1697 872 1956 938 gratificari
1984 871 2062 922 ille

165 954 399 1021 putandus
431 961 534 1016 est,
587 971 692 1003 cum
729 953 784 1003 ad
815 953 1041 1004 maiorem
1072 949 1254 1004 Christi
1295 954 1757 1003 commendationem
1799 972 1990 1005 carnem
2019 955 2063 1005 ei

166 1037 402 1100 detrahit,
457 1037 541 1087 sed
581 1054 606 1087 a
634 1036 839 1088 veritate
873 1036 1029 1104 potius
1070 1036 1324 1099 abhorret,
1380 1037 1486 1086 dnm
1526 1037 1653 1087 illius
1684 1038 2062 1090 incarnationem

166 1121 327 1189 specie
358 1121 462 1171 sola
503 1130 725 1170 constare
763 1121 955 1188 docet),
1007 1121 1173 1171 eodem
1206 1121 1345 1188 plane
1387 1122 1525 1172 modo
1563 1122 1825 1172 vanissima
1868 1125 2064 1173 fratrum

167 1213 439 1255 nostrorum
469 1206 560 1256 erit
584 1206 660 1256 illa
690 1205 973 1272 disputatio,
1039 1204 1466 1272 inanissimumque
1499 1206 1620 1255 bene
1654 1207 1711 1254 (lc
1742 1203 1938 1256 Christo
1968 1223 2066 1256 me-

165 1288 299 1338 rendi
327 1289 555 1340 studium.
632 1288 823 1339 Etenim
857 1298 950 1340 tam
991 1289 1056 1339 illi
1085 1307 1223 1356 quam
1260 1306 1346 1338 nos
1376 1289 1464 1357 ipsi
1503 1291 1559 1340 de
1592 1307 1738 1340 carne
1771 1286 1953 1341 Christi
1982 1307 2067 1340 ve-

165 1372 308 1422 ritate
338 1382 469 1423 recte
509 1373 775 1435 sentimum
826 1373 916 1423 nisi
950 1375 1072 1423 forte
1101 1373 1241 1423 aliter
1271 1382 1484 1423 statuere
1515 1374 1783 1438 voluerint3
1840 1374 2066 1441 quemad·

167 1458 355 1506 modum
400 1458 613 1508 nonnulli
652 1474 796 1526 saepe
838 1475 901 1507 ex
941 1458 1127 1507 illorum
1169 1474 1370 1507 numero
1409 1466 1799 1525 argumentorum
1838 1458 1884 1509 vi
1913 1457 2066 1508 coacti

167 1540 469 1609 convictique
498 1551 608 1592 sunt
639 1550 687 1591 nt
717 1559 878 1592 veram
910 1559 934 1591 a
966 1538 1162 1592 Christo
1193 1558 1387 1591 carnem
1429 1551 1722 1611 assumptam
1751 1542 1952 1592 inficiari
1982 1559 2065 1591 au·

166 1625 364 1687 derant,
420 1633 469 1674 ut
499 1634 640 1676 antea
670 1625 906 1688 diximus,
960 1643 1016 1675 eo
1048 1625 1232 1676 scilicet
1271 1627 1502 1676 adductos
1533 1628 1762 1694 quosdam
1797 1634 1846 1675 ut
1873 1643 2065 1676 carnem

166 1708 400 1759 divinitati
443 1710 900 1760 consubstantialem
951 1712 1182 1760 facerent.
1261 1707 1357 1760 Sed
1405 1709 1817 1779 praetermittendi
1859 1728 1885 1761 a
1928 1709 2064 1760 nobis

164 1792 229 1843 illi
260 1801 397 1856 sunt,
453 1803 614 1861 utpote
655 1795 731 1861 qui
763 1794 1051 1844 sententiam
1088 1793 1406 1856 mutaverint,
1463 1803 1509 1844 et
1542 1812 1570 1846 a
1599 1795 1774 1845 ceteris
1805 1811 1867 1844 ex
1898 1794 2064 1843 eodem

164 1895 311 1944 grege
344 1877 400 1927 de
438 1874 619 1928 Christi
660 1895 804 1928 carne
837 1896 929 1928 non
971 1879 1091 1928 male
1128 1878 1446 1930 sentientibus
1489 1888 1580 1928 tam
1613 1879 1867 1929 absurdum
1904 1878 1962 1927 ob
1990 1895 2066 1927 er·

165 1978 322 2011 rorem
357 1963 588 2012 confutati
617 1963 730 2012 sint.
809 1959 906 2013 Sed
949 1963 1169 2029 quicquid
1209 1962 1272 2012 sit
1304 1964 1359 2012 de
1393 1963 1528 2023 aliis,
1583 1973 1713 2013 certe
1757 1961 2067 2029 religiosissi-

167 2063 272 2096 mus
309 2046 420 2096 illud
462 2064 556 2096 non
596 2046 791 2114 negabit
830 2047 1145 2114 Apollinaris.

306 2128 472 2196 Quare
501 2149 606 2182 cum
642 2131 842 2180 verbum
884 2131 957 2180 dei
992 2131 1195 2181 coelitus
1237 2131 1479 2200 delapsum
1523 2148 1639 2181 vere
1682 2148 1745 2181 ex
1773 2129 1933 2182 Maria
1967 2131 2066 2180 vir·
2153 2137 2251 2187 Cap.

164 2214 301 2282 gine,
355 2232 449 2264 non
480 2231 546 2265 ex
577 2215 702 2265 virili
744 2216 958 2277 semine,
1012 2217 1094 2264 sed
1127 2217 1184 2265 de
1214 2215 1379 2284 spiritu
1420 2225 1586 2266 sancto
1615 2233 1808 2266 carnem
1839 2233 2066 2281 suscepe-
2109 2194 2288 2236 XXVH'

165 2298 257 2360 rit,
301 2306 349 2347 et
378 2298 425 2348 in
461 2298 587 2349 illius
621 2308 758 2350 utero
787 2317 839 2349 re
870 2300 972 2367 ipsa
1002 2308 1218 2365 gestatus
1247 2301 1336 2363 sit,
1389 2317 1446 2350 ac
1479 2300 1567 2350 sibi
1601 2318 1774 2368 corpus
1804 2300 2065 2363 effinxerit,

166 2393 330 2453 utpote
362 2386 507 2447 deus,
563 2400 618 2433 ac
648 2392 740 2432 tam
773 2384 907 2451 primi
939 2383 1091 2434 nostri
1122 2385 1332 2452 parentis
1363 2403 1501 2452 qnam
1538 2385 1825 2451 reliquarum
1856 2385 2067 2434 omnium

167 2486 328 2519 rerum
359 2469 497 2518 fictor
524 2484 579 2516 ac
608 2467 856 2530 conditor,
899 2486 992 2517 non
1024 2469 1186 2536 utique
1213 2469 1346 2519 verbi
1377 2469 1504 2519 illius
1532 2477 1606 2518 est
1637 2469 1884 2519 imminuta
1915 2468 2068 2534 digni-

169 2560 271 2614 tas,
329 2553 411 2602 sed
443 2552 489 2602 iu
523 2551 716 2619 propria
747 2560 794 2600 et
822 2551 1101 2602 immutabili
1141 2562 1311 2604 natura
1353 2553 1579 2622 perstitit.
1656 2552 1783 2603 Nam
1826 2571 1930 2604 cum
1963 2570 2069 2602 car-

167 2652 273 2686 nem
302 2635 484 2697 induit,
529 2635 704 2685 nullam
736 2634 1114 2687 vicissitudinem
1148 2646 1223 2687 est
1255 2655 1453 2706 passus,
1496 2646 1546 2687 ut
1572 2637 1648 2704 qui
1680 2638 1768 2687 deo
1802 2637 1923 2706 patri
1953 2654 2068 2687 con-

168 2719 502 2771 substantialis
539 2719 750 2780 existat,
804 2736 893 2769 nec
927 2737 954 2769 a
985 2721 1102 2783 deo,
1156 2722 1234 2772 vel
1266 2722 1323 2772 ab
1358 2722 1485 2772 illins
1515 2722 1683 2790 spiritu
1713 2730 1880 2772 sancto
1909 2722 2067 2772 ‹liver-

166 2820 247 2853 sns
280 2812 361 2853 aut
391 2802 595 2853 alienus.
675 2800 815 2868 Quod
852 2803 893 2853 si
934 2804 1058 2854 istud
1099 2805 1144 2855 in
1185 2807 1409 2856 confesso
1438 2815 1541 2868 est,
1597 2824 1789 2856 carnem
1832 2806 1961 2856 illum
1995 2806 2069 2855 in-

166 2888 327 2937 (luisse
369 2896 510 2955 atque
553 2888 851 2937 incrementa
892 2889 1107 2954 cepisse,
1166 2890 1351 2940 animae
1398 2908 1575 2958 expers
1610 2908 1718 2941 esse
1756 2908 1849 2940 non
1883 2898 2062 2957 potest.

168 2969 407 3038 Quicquid
438 2970 562 3022 enim
593 2971 852 3033 adolescit,
908 2971 946 3021 si
977 2972 1245 3023 immobiles
1279 2990 1358 3023 res
1390 2974 1636 3042 excipias,
1695 2975 1850 3024 anima
1879 2981 2068 3024 constat

168 3065 213 3106 et
243 3073 464 3123 corpore.
541 3053 616 3104 Eo
657 3072 799 3123 porro
839 3055 1104 3122 scripturae
1142 3058 1291 3107 verba
1336 3058 1412 3108 illa
1450 3059 1702 3108 referenda
1744 3067 1880 3109 sunt:
1934 3062 2064 3106 Iesus
2086 3072 2175 3108 Luc.
2197 3073 2231 3117 ²,
2250 3073 2303 3108 52.

165 3151 315 3190 autem
346 3142 582 3189 crescebat
607 3143 834 3204 sapiencia
864 3149 912 3187 et
937 3150 1101 3188 aetate.
1181 3140 1274 3192 Ubi
1315 3151 1510 3210 propter
1542 3160 1735 3192 carnem
1771 3151 1975 3191 aetatem
2004 3142 2068 3192 si-

165 3224 438 3292 gnificavit3
492 3232 627 3274 aetas
670 3241 786 3274 vero
826 3240 888 3273 ex
926 3223 1113 3285 anima,
1173 3225 1238 3274 uti
1282 3226 1411 3289 dixi,
1470 3235 1518 3276 et
1557 3243 1759 3292 corpore
1804 3226 2063 3293 perficitur.

166 3309 242 3358 Ac
284 3317 592 3376 posteaquam
625 3318 774 3357 aetate
809 3311 937 3356 illam
969 3312 1251 3371 processisse
1288 3309 1435 3372 dixit,
1487 3319 1844 3372 consentanee,
1898 3313 1963 3358 Et
1993 3328 2070 3358 sa·

158 3396 367 3457 pientia,
425 3392 650 3441 subdidit.
728 3391 825 3441 lam
857 3409 974 3441 vero
1015 3392 1092 3458 qui
1129 3392 1360 3459 sapientia
1391 3394 1538 3460 patris
1568 3402 1724 3456 esset,
1782 3394 1971 3460 quinam
1999 3395 2069 3445 ul-

167 3477 237 3526 las
266 3475 529 3544 sapientiae
563 3476 930 3544 progressiones
962 3475 1135 3525 habere
1176 3477 1353 3542 potuit,
1410 3477 1448 3526 si
1479 3477 1536 3526 ab
1568 3477 1771 3527 hnmana
1807 3486 1966 3527 mente
1999 3478 2068 3527 di-

167 3577 359 3611 versum
392 3577 478 3610 vas
509 3561 652 3624 illud,
705 3570 756 3611 ut
780 3561 842 3611 ita
881 3560 1030 3609 dicam
1052 3599 1064 3622 ,
1121 3559 1242 3609 suit?
1315 3561 1389 3610 Ac
1416 3560 1455 3610 si
1486 3562 1657 3611 mentis
1688 3579 1866 3629 expers
1892 3563 2067 3612 extite-

165 3645 257 3706 rit,
318 3642 398 3711 qui
437 3644 537 3693 lieri
569 3646 721 3712 potuit
757 3653 802 3694 ut
835 3643 1068 3712 sapientia
1098 3661 1298 3709 corpore
1337 3645 1588 3711 animaque
1619 3663 1903 3713 progressus
1936 3648 2063 3696 sace-

166 3729 274 3778 ret?
348 3725 497 3778 Vides
527 3746 664 3796 quam
698 3730 885 3779 detorta
910 3728 1213 3796 violentaque
1240 3727 1302 3780 sit
1335 3728 1522 3781 illorum
1548 3730 1820 3795 sententia,
1863 3749 2062 3798 quorum
