<?xml version="1.0" encoding="UTF-8"?>
<!DOCTYPE html PUBLIC "-//W3C//DTD XHTML 1.0 Transitional//EN"
    "http://www.w3.org/TR/xhtml1/DTD/xhtml1-transitional.dtd">
<html xmlns="http://www.w3.org/1999/xhtml" xml:lang="en" lang="en">
 <head>
  <title>
</title>
<meta http-equiv="Content-Type" content="text/html;charset=utf-8" />
  <meta name='ocr-system' content='tesseract 3.04.00' />
  <meta name='ocr-capabilities' content='ocr_page ocr_carea ocr_par ocr_line ocrx_word'/>
</head>
<body>
  <div class='ocr_page' id='page_1' title='image "./pt3corporishaere02epipuoft/pt3corporishaere02epipuoft_0106.png"; bbox 0 0 2508 4134; ppageno 0'>
   <div class='ocr_carea' id='block_1_1' title="bbox 194 751 379 796">
    <p class='ocr_par' dir='ltr' id='par_1_1' title="bbox 194 751 379 796">
     <span class='ocr_line' id='line_1_1' title="bbox 194 751 379 796; baseline 0.016 -11"><span class='ocrx_word' id='word_1_1' title='bbox 194 760 280 796; x_wconf 80' lang='lat' dir='ltr'>pag.</span> <span class='ocrx_word' id='word_1_2' title='bbox 303 751 379 788; x_wconf 84' lang='grc'><strong>860.</strong></span> 
     </span>
    </p>
   </div>
   <div class='ocr_carea' id='block_1_2' title="bbox 177 2048 372 2107">
    <p class='ocr_par' dir='ltr' id='par_1_2' title="bbox 177 2048 372 2107">
     <span class='ocr_line' id='line_1_2' title="bbox 177 2048 372 2107; baseline 0 -13"><span class='ocrx_word' id='word_1_3' title='bbox 177 2051 287 2107; x_wconf 82' lang='grc' dir='ltr'><strong><em>Κεφ.</em></strong></span> <span class='ocrx_word' id='word_1_4' title='bbox 306 2048 372 2106; x_wconf 83' lang='grc' dir='ltr'><strong><em>ιγ’.</em></strong></span> 
     </span>
    </p>
   </div>
   <div class='ocr_carea' id='block_1_3' title="bbox 187 3494 390 3554">
    <p class='ocr_par' dir='ltr' id='par_1_3' title="bbox 187 3494 390 3554">
     <span class='ocr_line' id='line_1_3' title="bbox 187 3494 390 3554; baseline -0.005 -11"><span class='ocrx_word' id='word_1_5' title='bbox 187 3499 298 3554; x_wconf 83' lang='grc' dir='ltr'><strong><em>Κεφ.</em></strong></span> <span class='ocrx_word' id='word_1_6' title='bbox 324 3494 390 3543; x_wconf 84' lang='grc' dir='ltr'><strong><em>ιδ’.</em></strong></span> 
     </span>
    </p>
   </div>
   <div class='ocr_carea' id='block_1_4' title="bbox 213 3596 396 3645">
    <p class='ocr_par' dir='ltr' id='par_1_4' title="bbox 213 3596 396 3645">
     <span class='ocr_line' id='line_1_4' title="bbox 213 3596 396 3645; baseline -0.011 -12"><span class='ocrx_word' id='word_1_7' title='bbox 213 3607 298 3645; x_wconf 75' lang='lat' dir='ltr'><strong>pag.</strong></span> <span class='ocrx_word' id='word_1_8' title='bbox 321 3596 396 3632; x_wconf 80' lang='lat'><strong>851.</strong></span> 
     </span>
    </p>
   </div>
   <div class='ocr_carea' id='block_1_5' title="bbox 397 273 1629 337">
    <p class='ocr_par' dir='ltr' id='par_1_5' title="bbox 397 273 1629 337">
     <span class='ocr_line' id='line_1_5' title="bbox 397 273 1629 337; baseline -0.002 0"><span class='ocrx_word' id='word_1_9' title='bbox 397 283 465 337; x_wconf 87' lang='grc'><strong><em>96</em></strong></span> <span class='ocrx_word' id='word_1_10' title='bbox 777 273 781 276; x_wconf 76' lang='grc'><strong>’</strong></span> <span class='ocrx_word' id='word_1_11' title='bbox 1114 292 1320 335; x_wconf 79' lang='lat' dir='ltr'>SANCTI</span> <span class='ocrx_word' id='word_1_12' title='bbox 1348 293 1629 335; x_wconf 70' lang='grc' dir='ltr'><strong>ΕΡῙΡΗΑΝΠ</strong></span> 
     </span>
    </p>
   </div>
   <div class='ocr_carea' id='block_1_6' title="bbox 398 386 2343 1838">
    <p class='ocr_par' dir='ltr' id='par_1_6' title="bbox 398 386 2343 1838">
     <span class='ocr_line' id='line_1_6' title="bbox 399 386 2342 461; baseline -0.002 -15"><span class='ocrx_word' id='word_1_13' title='bbox 399 410 492 446; x_wconf 87' lang='grc' dir='ltr'><strong><em>σαν</em></strong></span> <span class='ocrx_word' id='word_1_14' title='bbox 520 397 803 461; x_wconf 80' lang='grc' dir='ltr'><strong><em>φωστῆρες,</em></strong></span> <span class='ocrx_word' id='word_1_15' title='bbox 846 391 1154 461; x_wconf 82' lang='grc' dir='ltr'><strong><em>Ἐξαγαγέτω</em></strong></span> <span class='ocrx_word' id='word_1_16' title='bbox 1192 387 1227 458; x_wconf 80' lang='grc' dir='ltr'><em>ἦ</em></span> <span class='ocrx_word' id='word_1_17' title='bbox 1260 396 1353 461; x_wconf 87' lang='grc' dir='ltr'><strong><em>γῆ,</em></strong></span> <span class='ocrx_word' id='word_1_18' title='bbox 1404 393 1513 456; x_wconf 89' lang='grc' dir='ltr'><strong><em>καὶ,</em></strong></span> <span class='ocrx_word' id='word_1_19' title='bbox 1570 387 1870 458; x_wconf 83' lang='grc' dir='ltr'><em>Ποιήσωμεν</em></span> <span class='ocrx_word' id='word_1_20' title='bbox 1898 386 2182 456; x_wconf 76' lang='grc' dir='ltr'><strong><em>ὅὲνθρωπον.</em></strong></span> <span class='ocrx_word' id='word_1_21' title='bbox 2243 388 2342 452; x_wconf 65' lang='lat'><strong><em>‘¹523</em></strong></span> 
     </span>
     <span class='ocr_line' id='line_1_7' title="bbox 400 473 2340 550; baseline -0.002 -19"><span class='ocrx_word' id='word_1_22' title='bbox 400 500 449 531; x_wconf 92' lang='grc' dir='ltr'><strong><em>τε</em></strong></span> <span class='ocrx_word' id='word_1_23' title='bbox 476 476 505 532; x_wconf 91' lang='lat'>6</span> <span class='ocrx_word' id='word_1_24' title='bbox 534 477 696 548; x_wconf 72' lang='grc' dir='ltr'><strong><em>πατὴρ</em></strong></span> <span class='ocrx_word' id='word_1_25' title='bbox 726 483 793 550; x_wconf 81' lang='grc' dir='ltr'><strong><em>τῷ</em></strong></span> <span class='ocrx_word' id='word_1_26' title='bbox 820 479 915 550; x_wconf 80' lang='grc' dir='ltr'><strong><em>υἱῷ</em></strong></span> <span class='ocrx_word' id='word_1_27' title='bbox 938 483 1094 541; x_wconf 88' lang='grc' dir='ltr'><strong><em>λαλεῖ,</em></strong></span> <span class='ocrx_word' id='word_1_28' title='bbox 1132 477 1216 529; x_wconf 86' lang='grc' dir='ltr'><strong><em>καὶ</em></strong></span> <span class='ocrx_word' id='word_1_29' title='bbox 1242 479 1295 530; x_wconf 84' lang='grc' dir='ltr'><strong><em>οἱ</em></strong></span> <span class='ocrx_word' id='word_1_30' title='bbox 1317 477 1407 545; x_wconf 80' lang='grc' dir='ltr'><strong><em>μὲν</em></strong></span> <span class='ocrx_word' id='word_1_31' title='bbox 1437 476 1575 547; x_wconf 83' lang='grc' dir='ltr'><em>λόγοι</em></span> <span class='ocrx_word' id='word_1_32' title='bbox 1600 481 1690 529; x_wconf 89' lang='grc' dir='ltr'><strong><em>τοῦ</em></strong></span> <span class='ocrx_word' id='word_1_33' title='bbox 1721 480 1852 528; x_wconf 89' lang='grc' dir='ltr'><strong><em>θεοῦ</em></strong></span> <span class='ocrx_word' id='word_1_34' title='bbox 1881 473 1972 538; x_wconf 77' lang='grc' dir='ltr'><strong><em>οὓς</em></strong></span> <span class='ocrx_word' id='word_1_35' title='bbox 1995 482 2129 528; x_wconf 86' lang='grc' dir='ltr'><strong><em>λαλεῖ</em></strong></span> <span class='ocrx_word' id='word_1_36' title='bbox 2149 480 2219 548; x_wconf 78' lang='grc' dir='ltr'><strong><em>τῷ</em></strong></span> <span class='ocrx_word' id='word_1_37' title='bbox 2245 477 2340 549; x_wconf 78' lang='grc' dir='ltr'><strong><em>υἱῷ</em></strong></span> 
     </span>
     <span class='ocr_line' id='line_1_8' title="bbox 400 559 2342 631; baseline -0.002 -14"><span class='ocrx_word' id='word_1_38' title='bbox 400 562 493 617; x_wconf 78' lang='grc' dir='ltr'><strong><em>οῦκ</em></strong></span> <span class='ocrx_word' id='word_1_39' title='bbox 519 566 638 617; x_wconf 83' lang='grc' dir='ltr'><strong><em>εἰσιν</em></strong></span> <span class='ocrx_word' id='word_1_40' title='bbox 671 565 784 616; x_wconf 81' lang='grc' dir='ltr'><strong><em>υἱοί.</em></strong></span> <span class='ocrx_word' id='word_1_41' title='bbox 857 560 921 615; x_wconf 86' lang='grc' dir='ltr'>Ὃ</span> <span class='ocrx_word' id='word_1_42' title='bbox 945 563 998 616; x_wconf 83' lang='grc' dir='ltr'><strong><em>δὲ</em></strong></span> <span class='ocrx_word' id='word_1_43' title='bbox 1023 560 1160 626; x_wconf 79' lang='grc' dir='ltr'><strong><em>υἱός,</em></strong></span> <span class='ocrx_word' id='word_1_44' title='bbox 1212 560 1339 631; x_wconf 79' lang='grc' dir='ltr'><strong><em>πρός</em></strong></span> <span class='ocrx_word' id='word_1_45' title='bbox 1370 561 1428 616; x_wconf 75' lang='grc' dir='ltr'><strong><em>ὃν</em></strong></span> <span class='ocrx_word' id='word_1_46' title='bbox 1453 569 1587 615; x_wconf 89' lang='grc' dir='ltr'><strong><em>λαλεῖ</em></strong></span> <span class='ocrx_word' id='word_1_47' title='bbox 1611 559 1639 615; x_wconf 85' lang='lat'>6</span> <span class='ocrx_word' id='word_1_48' title='bbox 1668 560 1858 631; x_wconf 76' lang='grc' dir='ltr'><strong><em>πατὴρ,</em></strong></span> <span class='ocrx_word' id='word_1_49' title='bbox 1911 559 2031 630; x_wconf 77' lang='grc' dir='ltr'><strong><em>μετά</em></strong></span> <span class='ocrx_word' id='word_1_50' title='bbox 2058 567 2158 615; x_wconf 86' lang='grc' dir='ltr'><strong><em>τῶν</em></strong></span> <span class='ocrx_word' id='word_1_51' title='bbox 2183 560 2342 615; x_wconf 68' lang='grc' dir='ltr'><strong><em>ἄλλων</em></strong></span> 
     </span>
     <span class='ocr_line' id='line_1_9' title="bbox 401 644 2341 719; baseline -0.001 -17"><span class='ocrx_word' id='word_1_52' title='bbox 401 649 617 717; x_wconf 79' lang='grc' dir='ltr'><strong><em>εὐσεβῶς</em></strong></span> <span class='ocrx_word' id='word_1_53' title='bbox 645 655 861 703; x_wconf 86' lang='grc' dir='ltr'><strong><em>καλεῖται</em></strong></span> <span class='ocrx_word' id='word_1_54' title='bbox 892 646 1067 719; x_wconf 70' lang='grc' dir='ltr'><strong><em>ι’ἱρτος,</em></strong></span> <span class='ocrx_word' id='word_1_55' title='bbox 1121 649 1204 701; x_wconf 80' lang='grc' dir='ltr'><strong><em>καὶ</em></strong></span> <span class='ocrx_word' id='word_1_56' title='bbox 1233 646 1359 716; x_wconf 83' lang='grc' dir='ltr'><strong><em>ζωὴ,</em></strong></span> <span class='ocrx_word' id='word_1_57' title='bbox 1396 650 1482 701; x_wconf 84' lang='grc' dir='ltr'><strong><em>καὶ</em></strong></span> <span class='ocrx_word' id='word_1_58' title='bbox 1516 646 1801 710; x_wconf 79' lang='grc' dir='ltr'><strong><em>ἀνάστασις,</em></strong></span> <span class='ocrx_word' id='word_1_59' title='bbox 1841 649 1910 700; x_wconf 71' lang='grc' dir='ltr'><strong><em>ἔτι</em></strong></span> <span class='ocrx_word' id='word_1_60' title='bbox 1936 649 2021 701; x_wconf 82' lang='grc' dir='ltr'><strong><em>καὶ</em></strong></span> <span class='ocrx_word' id='word_1_61' title='bbox 2056 646 2201 718; x_wconf 82' lang='grc' dir='ltr'><strong><em>λόγος</em></strong></span> <span class='ocrx_word' id='word_1_62' title='bbox 2230 644 2341 700; x_wconf 82' lang='grc' dir='ltr'><strong><em>ὄνο-</em></strong></span> 
     </span>
     <span class='ocr_line' id='line_1_10' title="bbox 404 730 2342 805; baseline -0.002 -17"><span class='ocrx_word' id='word_1_63' title='bbox 404 735 630 803; x_wconf 85' lang='grc' dir='ltr'><strong><em>μάζεται,</em></strong></span> <span class='ocrx_word' id='word_1_64' title='bbox 683 734 851 803; x_wconf 84' lang='grc' dir='ltr'><strong><em>ἐπειδὴ</em></strong></span> <span class='ocrx_word' id='word_1_65' title='bbox 890 734 1128 805; x_wconf 77' lang='grc' dir='ltr'><strong><em>ἑρμηνεύς</em></strong></span> <span class='ocrx_word' id='word_1_66' title='bbox 1166 736 1264 788; x_wconf 83' lang='grc' dir='ltr'><strong><em>ἐστι</em></strong></span> <span class='ocrx_word' id='word_1_67' title='bbox 1307 738 1403 787; x_wconf 88' lang='grc' dir='ltr'><strong><em>τῶν</em></strong></span> <span class='ocrx_word' id='word_1_68' title='bbox 1436 741 1527 787; x_wconf 89' lang='grc' dir='ltr'><strong><em>τοῦ</em></strong></span> <span class='ocrx_word' id='word_1_69' title='bbox 1567 740 1697 787; x_wconf 87' lang='grc' dir='ltr'><strong><em>θεοῦ</em></strong></span> <span class='ocrx_word' id='word_1_70' title='bbox 1731 731 2069 801; x_wconf 86' lang='grc' dir='ltr'><strong><em>βουλημάτων.</em></strong></span> <span class='ocrx_word' id='word_1_71' title='bbox 2126 731 2242 786; x_wconf 85' lang='grc' dir='ltr'><strong><em>Ἵνα</em></strong></span> <span class='ocrx_word' id='word_1_72' title='bbox 2273 730 2342 801; x_wconf 78' lang='grc' dir='ltr'><strong><em>μὴ</em></strong></span> 
     </span>
     <span class='ocr_line' id='line_1_11' title="bbox 399 815 2342 890; baseline -0.002 -15"><span class='ocrx_word' id='word_1_73' title='bbox 399 815 491 876; x_wconf 77' lang='grc' dir='ltr'><strong><em>οὗν</em></strong></span> <span class='ocrx_word' id='word_1_74' title='bbox 536 821 820 884; x_wconf 78' lang='grc' dir='ltr'><strong><em>ἀπατῶντες</em></strong></span> <span class='ocrx_word' id='word_1_75' title='bbox 855 820 972 883; x_wconf 76' lang='grc' dir='ltr'><strong><em>τούς</em></strong></span> <span class='ocrx_word' id='word_1_76' title='bbox 999 818 1365 886; x_wconf 70' lang='grc' dir='ltr'><strong><em>ἁπλουστέρους</em></strong></span> <span class='ocrx_word' id='word_1_77' title='bbox 1397 818 1481 873; x_wconf 88' lang='grc' dir='ltr'><strong><em>τὸν</em></strong></span> <span class='ocrx_word' id='word_1_78' title='bbox 1508 818 1622 873; x_wconf 85' lang='grc' dir='ltr'><strong><em>υἷὸν</em></strong></span> <span class='ocrx_word' id='word_1_79' title='bbox 1650 817 1830 873; x_wconf 78' lang='grc' dir='ltr'><strong><em>ταύτόν</em></strong></span> <span class='ocrx_word' id='word_1_80' title='bbox 1856 821 2060 889; x_wconf 79' lang='grc' dir='ltr'><strong><em>λέγωσιν</em></strong></span> <span class='ocrx_word' id='word_1_81' title='bbox 2086 821 2140 872; x_wconf 83' lang='grc' dir='ltr'><strong><em>οἱ</em></strong></span> <span class='ocrx_word' id='word_1_82' title='bbox 2165 821 2342 890; x_wconf 65' lang='grc' dir='ltr'><strong><em>αἰρετω-</em></strong></span> 
     </span>
     <span class='ocr_line' id='line_1_12' title="bbox 398 903 2343 978; baseline -0.002 -17"><span class='ocrx_word' id='word_1_83' title='bbox 398 909 481 961; x_wconf 86' lang='grc' dir='ltr'><strong><em>κοὶ</em></strong></span> <span class='ocrx_word' id='word_1_84' title='bbox 507 915 610 969; x_wconf 85' lang='grc' dir='ltr'><strong><em>τοῖς</em></strong></span> <span class='ocrx_word' id='word_1_85' title='bbox 635 906 801 978; x_wconf 79' lang='grc' dir='ltr'><strong><em>λόγοις</em></strong></span> <span class='ocrx_word' id='word_1_86' title='bbox 823 915 928 969; x_wconf 89' lang='grc' dir='ltr'><strong><em>τοῖς</em></strong></span> <span class='ocrx_word' id='word_1_87' title='bbox 954 905 1089 975; x_wconf 70' lang='grc' dir='ltr'><strong><em>παρὰ</em></strong></span> <span class='ocrx_word' id='word_1_88' title='bbox 1113 912 1358 960; x_wconf 78' lang='grc' dir='ltr'><strong><em>τοῦ’θεοῦ</em></strong></span> <span class='ocrx_word' id='word_1_89' title='bbox 1385 906 1723 973; x_wconf 82' lang='grc' dir='ltr'><strong><em>λαλουμένοις,</em></strong></span> <span class='ocrx_word' id='word_1_90' title='bbox 1761 903 1816 959; x_wconf 83' lang='grc' dir='ltr'>τὸ</span> <span class='ocrx_word' id='word_1_91' title='bbox 1842 904 2086 975; x_wconf 84' lang='grc' dir='ltr'><strong><em>διάφορον</em></strong></span> <span class='ocrx_word' id='word_1_92' title='bbox 2110 910 2198 958; x_wconf 90' lang='grc' dir='ltr'><strong><em>τοῦ</em></strong></span> <span class='ocrx_word' id='word_1_93' title='bbox 2224 907 2343 958; x_wconf 80' lang='grc' dir='ltr'><strong><em>υἱοῦ</em></strong></span> 
     </span>
     <span class='ocr_line' id='line_1_13' title="bbox 400 987 2343 1063; baseline -0.002 -16"><span class='ocrx_word' id='word_1_94' title='bbox 400 999 490 1047; x_wconf 88' lang='grc' dir='ltr'><strong><em>τοῦ</em></strong></span> <span class='ocrx_word' id='word_1_95' title='bbox 528 999 653 1047; x_wconf 86' lang='grc' dir='ltr'><strong><em>θεοῦ</em></strong></span> <span class='ocrx_word' id='word_1_96' title='bbox 683 991 752 1056; x_wconf 77' lang='grc' dir='ltr'><strong><em>ῶς</em></strong></span> <span class='ocrx_word' id='word_1_97' title='bbox 777 991 904 1063; x_wconf 76' lang='grc' dir='ltr'><strong><em>πρὸς</em></strong></span> <span class='ocrx_word' id='word_1_98' title='bbox 931 991 992 1046; x_wconf 74' lang='grc' dir='ltr'><strong><em>τά</em></strong></span> <span class='ocrx_word' id='word_1_99' title='bbox 1023 994 1219 1062; x_wconf 76' lang='grc' dir='ltr'><strong><em>ῥήματα</em></strong></span> <span class='ocrx_word' id='word_1_100' title='bbox 1248 997 1339 1045; x_wconf 92' lang='grc' dir='ltr'><strong><em>τοῦ</em></strong></span> <span class='ocrx_word' id='word_1_101' title='bbox 1368 997 1495 1045; x_wconf 85' lang='grc' dir='ltr'><strong><em>θεοῦ</em></strong></span> <span class='ocrx_word' id='word_1_102' title='bbox 1534 989 1921 1053; x_wconf 78' lang='grc' dir='ltr'><strong><em>ὖποδεικνύντες</em></strong></span> <span class='ocrx_word' id='word_1_103' title='bbox 1949 993 2002 1045; x_wconf 75' lang='grc' dir='ltr'><strong><em>οἱ</em></strong></span> <span class='ocrx_word' id='word_1_104' title='bbox 2023 992 2228 1059; x_wconf 82' lang='grc' dir='ltr'><strong><em>πατέρες</em></strong></span> <span class='ocrx_word' id='word_1_105' title='bbox 2256 987 2343 1044; x_wconf 79' lang='grc' dir='ltr'><strong><em>τόν</em></strong></span> 
     </span>
     <span class='ocr_line' id='line_1_14' title="bbox 400 1074 2340 1148; baseline -0.001 -16"><span class='ocrx_word' id='word_1_106' title='bbox 400 1078 541 1145; x_wconf 83' lang='grc' dir='ltr'><strong><em>υἴὸν,</em></strong></span> <span class='ocrx_word' id='word_1_107' title='bbox 580 1080 738 1148; x_wconf 85' lang='grc' dir='ltr'><strong><em>φημὶ,</em></strong></span> <span class='ocrx_word' id='word_1_108' title='bbox 777 1079 952 1133; x_wconf 81' lang='grc' dir='ltr'><strong><em>οὐσίαν</em></strong></span> <span class='ocrx_word' id='word_1_109' title='bbox 979 1078 1236 1142; x_wconf 76' lang='grc' dir='ltr'><strong><em>ἐκάλεσαν,</em></strong></span> <span class='ocrx_word' id='word_1_110' title='bbox 1285 1076 1444 1139; x_wconf 69' lang='grc' dir='ltr'><strong><em>οὕτως</em></strong></span> <span class='ocrx_word' id='word_1_111' title='bbox 1473 1074 1564 1144; x_wconf 77' lang='grc' dir='ltr'><strong><em>τὴν</em></strong></span> <span class='ocrx_word' id='word_1_112' title='bbox 1591 1075 1841 1148; x_wconf 75' lang='grc' dir='ltr'><strong><em>διαφοράν</em></strong></span> <span class='ocrx_word' id='word_1_113' title='bbox 1866 1082 2224 1147; x_wconf 84' lang='grc' dir='ltr'><strong><em>παριστῶντες,</em></strong></span> <span class='ocrx_word' id='word_1_114' title='bbox 2264 1074 2340 1130; x_wconf 76' lang='grc' dir='ltr'><strong><em>ὅτι</em></strong></span> 
     </span>
     <span class='ocr_line' id='line_1_15' title="bbox 401 1159 2342 1234; baseline -0.003 -14"><span class='ocrx_word' id='word_1_115' title='bbox 401 1162 431 1220; x_wconf 88' lang='lat'>6</span> <span class='ocrx_word' id='word_1_116' title='bbox 466 1164 591 1229; x_wconf 84' lang='grc' dir='ltr'><strong><em>θεός</em></strong></span> <span class='ocrx_word' id='word_1_117' title='bbox 631 1163 702 1219; x_wconf 83' lang='grc' dir='ltr'><strong><em>ῶν</em></strong></span> <span class='ocrx_word' id='word_1_118' title='bbox 746 1167 899 1231; x_wconf 90' lang='grc' dir='ltr'><strong><em>ἐστιν,</em></strong></span> <span class='ocrx_word' id='word_1_119' title='bbox 948 1166 1033 1218; x_wconf 87' lang='grc' dir='ltr'><strong><em>καὶ</em></strong></span> <span class='ocrx_word' id='word_1_120' title='bbox 1063 1167 1116 1218; x_wconf 82' lang='grc' dir='ltr'><strong><em>οἷ</em></strong></span> <span class='ocrx_word' id='word_1_121' title='bbox 1138 1162 1275 1234; x_wconf 86' lang='grc' dir='ltr'><strong><em>λόγοι</em></strong></span> <span class='ocrx_word' id='word_1_122' title='bbox 1303 1161 1392 1225; x_wconf 76' lang='grc' dir='ltr'><strong><em>οὓς</em></strong></span> <span class='ocrx_word' id='word_1_123' title='bbox 1419 1170 1553 1215; x_wconf 91' lang='grc' dir='ltr'><strong><em>λαλεῖ</em></strong></span> <span class='ocrx_word' id='word_1_124' title='bbox 1575 1161 1741 1227; x_wconf 82' lang='grc' dir='ltr'><strong><em>ὅντες,</em></strong></span> <span class='ocrx_word' id='word_1_125' title='bbox 1798 1161 1888 1215; x_wconf 76' lang='grc' dir='ltr'><strong><em>ἄλλ’</em></strong></span> <span class='ocrx_word' id='word_1_126' title='bbox 1931 1160 2024 1216; x_wconf 73' lang='grc' dir='ltr'><strong><em>οὐκ</em></strong></span> <span class='ocrx_word' id='word_1_127' title='bbox 2061 1159 2224 1216; x_wconf 75' lang='grc' dir='ltr'><strong><em>οὐσίαι</em></strong></span> <span class='ocrx_word' id='word_1_128' title='bbox 2252 1166 2342 1216; x_wconf 87' lang='grc' dir='ltr'><strong><em>τοῦ</em></strong></span> 
     </span>
     <span class='ocr_line' id='line_1_16' title="bbox 400 1246 2343 1321; baseline -0.002 -16"><span class='ocrx_word' id='word_1_129' title='bbox 400 1258 546 1320; x_wconf 91' lang='grc' dir='ltr'><strong><em>θεοῦ,</em></strong></span> <span class='ocrx_word' id='word_1_130' title='bbox 568 1253 783 1305; x_wconf 87' lang='grc' dir='ltr'><strong><em>λεκτικαὶ</em></strong></span> <span class='ocrx_word' id='word_1_131' title='bbox 811 1251 863 1304; x_wconf 81' lang='grc' dir='ltr'><strong><em>δὲ</em></strong></span> <span class='ocrx_word' id='word_1_132' title='bbox 890 1252 1137 1321; x_wconf 84' lang='grc' dir='ltr'><strong><em>ἐνέργειαι.</em></strong></span> <span class='ocrx_word' id='word_1_133' title='bbox 1210 1247 1266 1301; x_wconf 86' lang='grc' dir='ltr'>Ὅ</span> <span class='ocrx_word' id='word_1_134' title='bbox 1297 1250 1350 1302; x_wconf 82' lang='grc' dir='ltr'><strong><em>δὲ</em></strong></span> <span class='ocrx_word' id='word_1_135' title='bbox 1372 1247 1484 1310; x_wconf 84' lang='grc' dir='ltr'><strong><em>υίὸς</em></strong></span> <span class='ocrx_word' id='word_1_136' title='bbox 1504 1247 1652 1319; x_wconf 87' lang='grc' dir='ltr'><strong><em>λόγος</em></strong></span> <span class='ocrx_word' id='word_1_137' title='bbox 1677 1246 1747 1301; x_wconf 77' lang='grc' dir='ltr'><strong><em>ῶν</em></strong></span> <span class='ocrx_word' id='word_1_138' title='bbox 1768 1246 1878 1317; x_wconf 78' lang='grc' dir='ltr'><strong><em>οὐχὶ</em></strong></span> <span class='ocrx_word' id='word_1_139' title='bbox 1907 1249 2121 1318; x_wconf 89' lang='grc' dir='ltr'><strong><em>ἐνέργεια</em></strong></span> <span class='ocrx_word' id='word_1_140' title='bbox 2144 1249 2343 1316; x_wconf 82' lang='grc' dir='ltr'><strong><em>λεκτική</em></strong></span> 
     </span>
     <span class='ocr_line' id='line_1_17' title="bbox 402 1331 2342 1403; baseline -0.003 -12"><span class='ocrx_word' id='word_1_141' title='bbox 402 1340 502 1392; x_wconf 88' lang='grc' dir='ltr'><strong><em>ἐστι</em></strong></span> <span class='ocrx_word' id='word_1_142' title='bbox 527 1344 618 1391; x_wconf 91' lang='grc' dir='ltr'><strong><em>τοῦ</em></strong></span> <span class='ocrx_word' id='word_1_143' title='bbox 644 1343 798 1402; x_wconf 90' lang='grc' dir='ltr'><strong><em>θεοῦ,</em></strong></span> <span class='ocrx_word' id='word_1_144' title='bbox 838 1334 934 1389; x_wconf 69' lang='grc' dir='ltr'><strong><em>ἄλλ’</em></strong></span> <span class='ocrx_word' id='word_1_145' title='bbox 959 1335 1071 1399; x_wconf 76' lang='grc' dir='ltr'><strong><em>υίδς</em></strong></span> <span class='ocrx_word' id='word_1_146' title='bbox 1103 1335 1173 1389; x_wconf 77' lang='grc' dir='ltr'><strong><em>ῶν</em></strong></span> <span class='ocrx_word' id='word_1_147' title='bbox 1202 1335 1348 1389; x_wconf 84' lang='grc' dir='ltr'><strong><em>οὐσία</em></strong></span> <span class='ocrx_word' id='word_1_148' title='bbox 1387 1336 1529 1387; x_wconf 83' lang='grc' dir='ltr'><strong><em>ἐστίν.</em></strong></span> <span class='ocrx_word' id='word_1_149' title='bbox 1605 1336 1675 1386; x_wconf 84' lang='grc' dir='ltr'><strong><em>Εἰ</em></strong></span> <span class='ocrx_word' id='word_1_150' title='bbox 1708 1332 1800 1403; x_wconf 74' lang='grc' dir='ltr'><strong><em>γάρ</em></strong></span> <span class='ocrx_word' id='word_1_151' title='bbox 1838 1331 1868 1387; x_wconf 84' lang='lat' dir='ltr'><strong><em>o‘</em></strong></span> <span class='ocrx_word' id='word_1_152' title='bbox 1905 1333 2067 1402; x_wconf 84' lang='grc' dir='ltr'><strong><em>πατὴρ</em></strong></span> <span class='ocrx_word' id='word_1_153' title='bbox 2109 1331 2205 1398; x_wconf 78' lang='grc' dir='ltr'><strong><em>ῶν,</em></strong></span> <span class='ocrx_word' id='word_1_154' title='bbox 2257 1333 2342 1387; x_wconf 71' lang='grc' dir='ltr'><strong><em>καὶ</em></strong></span> 
     </span>
     <span class='ocr_line' id='line_1_18' title="bbox 403 1416 2342 1490; baseline -0.003 -13"><span class='ocrx_word' id='word_1_155' title='bbox 403 1422 513 1487; x_wconf 84' lang='grc' dir='ltr'><strong><em>υἷὸς</em></strong></span> <span class='ocrx_word' id='word_1_156' title='bbox 538 1422 635 1489; x_wconf 78' lang='grc' dir='ltr'><strong><em>ῶν,</em></strong></span> <span class='ocrx_word' id='word_1_157' title='bbox 692 1421 761 1476; x_wconf 77' lang='grc' dir='ltr'><strong><em>ῶν</em></strong></span> <span class='ocrx_word' id='word_1_158' title='bbox 802 1423 855 1475; x_wconf 84' lang='grc' dir='ltr'><strong><em>δὲ</em></strong></span> <span class='ocrx_word' id='word_1_159' title='bbox 885 1422 1044 1485; x_wconf 73' lang='grc' dir='ltr'><strong><em>οὕτως</em></strong></span> <span class='ocrx_word' id='word_1_160' title='bbox 1086 1420 1115 1476; x_wconf 89' lang='lat'>6</span> <span class='ocrx_word' id='word_1_161' title='bbox 1139 1420 1250 1483; x_wconf 84' lang='grc' dir='ltr'><strong><em>υἷός</em></strong></span> <span class='ocrx_word' id='word_1_162' title='bbox 1279 1418 1346 1483; x_wconf 77' lang='grc' dir='ltr'><strong><em>ῶς</em></strong></span> <span class='ocrx_word' id='word_1_163' title='bbox 1378 1422 1433 1473; x_wconf 88' lang='grc' dir='ltr'><strong><em>ἐκ</em></strong></span> <span class='ocrx_word' id='word_1_164' title='bbox 1461 1425 1551 1473; x_wconf 91' lang='grc' dir='ltr'><strong><em>τοῦ</em></strong></span> <span class='ocrx_word' id='word_1_165' title='bbox 1586 1425 1714 1473; x_wconf 89' lang='grc' dir='ltr'><strong><em>θεοῦ</em></strong></span> <span class='ocrx_word' id='word_1_166' title='bbox 1742 1421 1865 1487; x_wconf 76' lang='grc' dir='ltr'><strong><em>ἔχων</em></strong></span> <span class='ocrx_word' id='word_1_167' title='bbox 1892 1422 2106 1490; x_wconf 85' lang='grc' dir='ltr'><strong><em>γνησίως</em></strong></span> <span class='ocrx_word' id='word_1_168' title='bbox 2132 1419 2187 1472; x_wconf 90' lang='grc' dir='ltr'>τὸ</span> <span class='ocrx_word' id='word_1_169' title='bbox 2218 1416 2342 1473; x_wconf 81' lang='grc' dir='ltr'><strong><em>εἶναι</em></strong></span> 
     </span>
     <span class='ocr_line' id='line_1_19' title="bbox 401 1503 2341 1580; baseline -0.003 -16"><span class='ocrx_word' id='word_1_170' title='bbox 401 1510 545 1580; x_wconf 85' lang='grc' dir='ltr'><strong><em>λόγος</em></strong></span> <span class='ocrx_word' id='word_1_171' title='bbox 573 1508 874 1578; x_wconf 82' lang='grc' dir='ltr'><strong><em>νοηθήσεται</em></strong></span> <span class='ocrx_word' id='word_1_172' title='bbox 902 1507 930 1563; x_wconf 86' lang='lat'>6</span> <span class='ocrx_word' id='word_1_173' title='bbox 957 1507 1092 1572; x_wconf 76' lang='grc' dir='ltr'><strong><em>υίὸς,</em></strong></span> <span class='ocrx_word' id='word_1_174' title='bbox 1133 1505 1221 1575; x_wconf 76' lang='grc' dir='ltr'><strong><em>οὐχ</em></strong></span> <span class='ocrx_word' id='word_1_175' title='bbox 1253 1504 1320 1569; x_wconf 71' lang='grc' dir='ltr'><strong><em>(ὃς</em></strong></span> <span class='ocrx_word' id='word_1_176' title='bbox 1349 1508 1401 1559; x_wconf 82' lang='grc' dir='ltr'><strong><em>οἷ</em></strong></span> <span class='ocrx_word' id='word_1_177' title='bbox 1421 1504 1560 1575; x_wconf 90' lang='grc' dir='ltr'><strong><em>λόγοι</em></strong></span> <span class='ocrx_word' id='word_1_178' title='bbox 1590 1507 1641 1558; x_wconf 84' lang='grc' dir='ltr'><strong><em>οἱ</em></strong></span> <span class='ocrx_word' id='word_1_179' title='bbox 1676 1511 1698 1543; x_wconf 79' lang='lat'><strong>³</strong></span> <span class='ocrx_word' id='word_1_180' title='bbox 1716 1503 1853 1574; x_wconf 72' lang='grc' dir='ltr'><strong><em>παρὰ</em></strong></span> <span class='ocrx_word' id='word_1_181' title='bbox 1883 1511 2011 1559; x_wconf 89' lang='grc' dir='ltr'><strong><em>θεοῦ</em></strong></span> <span class='ocrx_word' id='word_1_182' title='bbox 2039 1503 2341 1574; x_wconf 81' lang='grc' dir='ltr'><strong><em>λαλούμενοι.</em></strong></span> 
     </span>
     <span class='ocr_line' id='line_1_20' title="bbox 399 1588 2342 1666; baseline -0.002 -18"><span class='ocrx_word' id='word_1_183' title='bbox 399 1594 608 1650; x_wconf 85' lang='grc' dir='ltr'><strong><em>Ἐκεῖνοι</em></strong></span> <span class='ocrx_word' id='word_1_184' title='bbox 645 1594 736 1666; x_wconf 76' lang='grc' dir='ltr'><strong><em>γοὶρ</em></strong></span> <span class='ocrx_word' id='word_1_185' title='bbox 766 1593 820 1649; x_wconf 83' lang='grc' dir='ltr'>τὸ</span> <span class='ocrx_word' id='word_1_186' title='bbox 853 1592 978 1647; x_wconf 83' lang='grc' dir='ltr'><strong><em>εἶναι</em></strong></span> <span class='ocrx_word' id='word_1_187' title='bbox 1010 1597 1062 1648; x_wconf 91' lang='grc' dir='ltr'><strong><em>ἐν</em></strong></span> <span class='ocrx_word' id='word_1_188' title='bbox 1087 1599 1154 1666; x_wconf 80' lang='grc' dir='ltr'><strong><em>τῷ</em></strong></span> <span class='ocrx_word' id='word_1_189' title='bbox 1177 1598 1401 1646; x_wconf 86' lang='grc' dir='ltr'><strong><em>λαλοῦντι</em></strong></span> <span class='ocrx_word' id='word_1_190' title='bbox 1429 1593 1653 1659; x_wconf 72' lang='grc' dir='ltr'><strong><em>ἔχουσιν,</em></strong></span> <span class='ocrx_word' id='word_1_191' title='bbox 1702 1588 1732 1644; x_wconf 87' lang='lat'>6</span> <span class='ocrx_word' id='word_1_192' title='bbox 1759 1591 1813 1644; x_wconf 81' lang='grc' dir='ltr'><strong><em>δὲ</em></strong></span> <span class='ocrx_word' id='word_1_193' title='bbox 1836 1590 1890 1645; x_wconf 75' lang='grc' dir='ltr'><strong><em>τό</em></strong></span> <span class='ocrx_word' id='word_1_194' title='bbox 1924 1588 2050 1645; x_wconf 82' lang='grc' dir='ltr'><strong><em>εἶναι</em></strong></span> <span class='ocrx_word' id='word_1_195' title='bbox 2081 1597 2149 1665; x_wconf 78' lang='grc' dir='ltr'><strong><em>τῷ</em></strong></span> <span class='ocrx_word' id='word_1_196' title='bbox 2173 1593 2227 1645; x_wconf 85' lang='grc' dir='ltr'><strong><em>ἐκ</em></strong></span> <span class='ocrx_word' id='word_1_197' title='bbox 2253 1595 2342 1644; x_wconf 90' lang='grc' dir='ltr'><strong><em>τοῦ</em></strong></span> 
     </span>
     <span class='ocr_line' id='line_1_21' title="bbox 403 1675 2343 1753; baseline -0.003 -18"><span class='ocrx_word' id='word_1_198' title='bbox 403 1680 590 1753; x_wconf 79' lang='grc' dir='ltr'><strong><em>πατρός</em></strong></span> <span class='ocrx_word' id='word_1_199' title='bbox 614 1687 963 1752; x_wconf 81' lang='grc' dir='ltr'><strong><em>γεγεννῆσθαι,</em></strong></span> <span class='ocrx_word' id='word_1_200' title='bbox 1001 1682 1086 1733; x_wconf 86' lang='grc' dir='ltr'><strong><em>καὶ</em></strong></span> <span class='ocrx_word' id='word_1_201' title='bbox 1109 1678 1312 1733; x_wconf 83' lang='grc' dir='ltr'><strong><em>άκούειν</em></strong></span> <span class='ocrx_word' id='word_1_202' title='bbox 1339 1683 1427 1731; x_wconf 89' lang='grc' dir='ltr'><strong><em>τοῦ</em></strong></span> <span class='ocrx_word' id='word_1_203' title='bbox 1455 1675 1660 1747; x_wconf 79' lang='grc' dir='ltr'><strong><em>πατρὸς,</em></strong></span> <span class='ocrx_word' id='word_1_204' title='bbox 1698 1678 1783 1730; x_wconf 85' lang='grc' dir='ltr'><strong><em>καὶ</em></strong></span> <span class='ocrx_word' id='word_1_205' title='bbox 1812 1675 2081 1748; x_wconf 71' lang='grc' dir='ltr'><strong><em>’ὑπουργεῖν</em></strong></span> <span class='ocrx_word' id='word_1_206' title='bbox 2102 1682 2171 1750; x_wconf 73' lang='grc' dir='ltr'><strong><em>τῷ</em></strong></span> <span class='ocrx_word' id='word_1_207' title='bbox 2192 1678 2343 1748; x_wconf 84' lang='grc' dir='ltr'><strong><em>πατρὶ</em></strong></span> 
     </span>
     <span class='ocr_line' id='line_1_22' title="bbox 404 1760 2175 1838; baseline -0.004 -16"><span class='ocrx_word' id='word_1_208' title='bbox 404 1770 511 1838; x_wconf 71' lang='grc' dir='ltr'><strong><em>ἔχει.</em></strong></span> <span class='ocrx_word' id='word_1_209' title='bbox 596 1767 789 1836; x_wconf 84' lang='grc' dir='ltr'><strong><em>Ταύτην</em></strong></span> <span class='ocrx_word' id='word_1_210' title='bbox 826 1760 918 1821; x_wconf 77' lang='grc' dir='ltr'><strong><em>οὖν</em></strong></span> <span class='ocrx_word' id='word_1_211' title='bbox 954 1764 1044 1835; x_wconf 76' lang='grc' dir='ltr'><strong><em>τὴν</em></strong></span> <span class='ocrx_word' id='word_1_212' title='bbox 1081 1763 1354 1819; x_wconf 71' lang='grc' dir='ltr'><strong><em>ὑπόστασιν</em></strong></span> <span class='ocrx_word' id='word_1_213' title='bbox 1387 1760 1560 1818; x_wconf 74' lang='grc' dir='ltr'><strong><em>οὐσίαν</em></strong></span> <span class='ocrx_word' id='word_1_214' title='bbox 1597 1760 1835 1817; x_wconf 75' lang='grc' dir='ltr'><strong><em>ἐκάλεσαν</em></strong></span> <span class='ocrx_word' id='word_1_215' title='bbox 1873 1765 1925 1817; x_wconf 83' lang='grc' dir='ltr'><strong><em>οἷ</em></strong></span> <span class='ocrx_word' id='word_1_216' title='bbox 1957 1763 2175 1834; x_wconf 82' lang='grc' dir='ltr'><strong><em>πατέρες.</em></strong></span> 
     </span>
    </p>
   </div>
   <div class='ocr_carea' id='block_1_7' title="bbox 404 2019 2430 3642">
    <p class='ocr_par' dir='ltr' id='par_1_7' title="bbox 404 2019 2430 3470">
     <span class='ocr_line' id='line_1_23' title="bbox 529 2019 2345 2096; baseline -0.003 -15"><span class='ocrx_word' id='word_1_217' title='bbox 529 2025 748 2096; x_wconf 66' lang='grc' dir='ltr'><strong><em>’Όμοιον</em></strong></span> <span class='ocrx_word' id='word_1_218' title='bbox 775 2019 869 2080; x_wconf 73' lang='grc' dir='ltr'><strong><em>οὖν</em></strong></span> <span class='ocrx_word' id='word_1_219' title='bbox 903 2031 1118 2093; x_wconf 89' lang='grc' dir='ltr'><strong><em>νοοῦμεν</em></strong></span> <span class='ocrx_word' id='word_1_220' title='bbox 1151 2022 1238 2077; x_wconf 78' lang='grc' dir='ltr'><strong><em>τόν</em></strong></span> <span class='ocrx_word' id='word_1_221' title='bbox 1262 2021 1374 2076; x_wconf 83' lang='grc' dir='ltr'><strong><em>υἴὸν</em></strong></span> <span class='ocrx_word' id='word_1_222' title='bbox 1406 2028 1474 2096; x_wconf 80' lang='grc' dir='ltr'><strong><em>τῷ</em></strong></span> <span class='ocrx_word' id='word_1_223' title='bbox 1498 2023 1646 2093; x_wconf 89' lang='grc' dir='ltr'><strong><em>πατρὶ</em></strong></span> <span class='ocrx_word' id='word_1_224' title='bbox 1673 2019 1798 2074; x_wconf 75' lang='grc' dir='ltr'><strong><em>κατά</em></strong></span> <span class='ocrx_word' id='word_1_225' title='bbox 1827 2020 2016 2087; x_wconf 87' lang='grc' dir='ltr'><strong><em>πάντα,</em></strong></span> <span class='ocrx_word' id='word_1_226' title='bbox 2069 2020 2345 2090; x_wconf 85' lang='grc' dir='ltr'><strong><em>μαχόμενοι</em></strong></span> 
     </span>
     <span class='ocr_line' id='line_1_24' title="bbox 405 2104 2348 2186; baseline -0.004 -18"><span class='ocrx_word' id='word_1_227' title='bbox 405 2114 485 2168; x_wconf 78' lang='grc' dir='ltr'><strong><em>καὶ</em></strong></span> <span class='ocrx_word' id='word_1_228' title='bbox 535 2111 664 2186; x_wconf 78' lang='grc' dir='ltr'><strong><em>πρός</em></strong></span> <span class='ocrx_word' id='word_1_229' title='bbox 704 2111 795 2181; x_wconf 79' lang='grc' dir='ltr'><strong><em>τήν</em></strong></span> <span class='ocrx_word' id='word_1_230' title='bbox 836 2117 931 2165; x_wconf 87' lang='grc' dir='ltr'><strong><em>νῦν</em></strong></span> <span class='ocrx_word' id='word_1_231' title='bbox 971 2111 1310 2178; x_wconf 85' lang='grc' dir='ltr'><strong><em>ἐπιφυομένην</em></strong></span> <span class='ocrx_word' id='word_1_232' title='bbox 1354 2111 1540 2178; x_wconf 77' lang='grc' dir='ltr'><strong><em>αἵρεσιν</em></strong></span> <span class='ocrx_word' id='word_1_233' title='bbox 1589 2113 1684 2182; x_wconf 79' lang='grc' dir='ltr'><strong><em>Ῑτῇ</em></strong></span> <span class='ocrx_word' id='word_1_234' title='bbox 1724 2109 1966 2181; x_wconf 76' lang='grc' dir='ltr'><strong><em>ἐκκλησίᾳ.</em></strong></span> <span class='ocrx_word' id='word_1_235' title='bbox 2038 2104 2101 2159; x_wconf 87' lang='grc' dir='ltr'><strong>Ἡ</strong></span> <span class='ocrx_word' id='word_1_236' title='bbox 2127 2104 2219 2178; x_wconf 75' lang='grc' dir='ltr'><strong><em>γάρ</em></strong></span> <span class='ocrx_word' id='word_1_237' title='bbox 2253 2112 2348 2161; x_wconf 91' lang='grc' dir='ltr'><strong><em>νῦν</em></strong></span> 
     </span>
     <span class='ocr_line' id='line_1_25' title="bbox 407 2190 2348 2272; baseline -0.005 -17"><span class='ocrx_word' id='word_1_238' title='bbox 407 2204 610 2272; x_wconf 76' lang='grc' dir='ltr'><strong><em>αἵρεσις,</em></strong></span> <span class='ocrx_word' id='word_1_239' title='bbox 648 2197 771 2253; x_wconf 71' lang='grc' dir='ltr'><strong><em>κατα</em></strong></span> <span class='ocrx_word' id='word_1_240' title='bbox 800 2198 888 2266; x_wconf 82' lang='grc' dir='ltr'><strong><em>μὲν</em></strong></span> <span class='ocrx_word' id='word_1_241' title='bbox 913 2195 1150 2265; x_wconf 81' lang='grc' dir='ltr'><strong><em>βούλησιν</em></strong></span> <span class='ocrx_word' id='word_1_242' title='bbox 1174 2196 1260 2248; x_wconf 86' lang='grc' dir='ltr'><strong><em>καὶ</em></strong></span> <span class='ocrx_word' id='word_1_243' title='bbox 1287 2192 1379 2262; x_wconf 79' lang='grc' dir='ltr'><strong><em>τήν</em></strong></span> <span class='ocrx_word' id='word_1_244' title='bbox 1400 2196 1645 2265; x_wconf 84' lang='grc' dir='ltr'><strong><em>ἐνέργειαν</em></strong></span> <span class='ocrx_word' id='word_1_245' title='bbox 1669 2191 1996 2259; x_wconf 75' lang='grc' dir='ltr'><strong><em>ἀποφαίνεται</em></strong></span> <span class='ocrx_word' id='word_1_246' title='bbox 2021 2190 2146 2246; x_wconf 81' lang='grc' dir='ltr'><strong><em>εἶναι</em></strong></span> <span class='ocrx_word' id='word_1_247' title='bbox 2169 2191 2348 2260; x_wconf 72' lang='grc' dir='ltr'><strong><em>ὅμοιον</em></strong></span> 
     </span>
     <span class='ocr_line' id='line_1_26' title="bbox 404 2276 2349 2357; baseline -0.005 -17"><span class='ocrx_word' id='word_1_248' title='bbox 404 2286 490 2340; x_wconf 84' lang='grc' dir='ltr'><strong><em>τὸν</em></strong></span> <span class='ocrx_word' id='word_1_249' title='bbox 521 2284 632 2340; x_wconf 83' lang='grc' dir='ltr'><strong><em>υἷὸν</em></strong></span> <span class='ocrx_word' id='word_1_250' title='bbox 670 2289 739 2357; x_wconf 80' lang='grc' dir='ltr'><strong><em>τῷ</em></strong></span> <span class='ocrx_word' id='word_1_251' title='bbox 777 2284 951 2353; x_wconf 85' lang='grc' dir='ltr'><strong><em>πατρὶ,</em></strong></span> <span class='ocrx_word' id='word_1_252' title='bbox 1003 2279 1127 2335; x_wconf 76' lang='grc' dir='ltr'><strong><em>κατά</em></strong></span> <span class='ocrx_word' id='word_1_253' title='bbox 1166 2281 1219 2333; x_wconf 78' lang='grc' dir='ltr'><strong><em>δὲ</em></strong></span> <span class='ocrx_word' id='word_1_254' title='bbox 1263 2278 1362 2333; x_wconf 66' lang='lat'><strong><em>216</em></strong></span> <span class='ocrx_word' id='word_1_255' title='bbox 1404 2277 1641 2348; x_wconf 79' lang='grc' dir='ltr'><strong><em>άνόμοιον</em></strong></span> <span class='ocrx_word' id='word_1_256' title='bbox 1670 2276 1794 2332; x_wconf 83' lang='grc' dir='ltr'><strong><em>εἶναι</em></strong></span> <span class='ocrx_word' id='word_1_257' title='bbox 1826 2277 1912 2332; x_wconf 78' lang='grc' dir='ltr'><strong><em>τόν</em></strong></span> <span class='ocrx_word' id='word_1_258' title='bbox 1945 2276 2056 2332; x_wconf 80' lang='grc' dir='ltr'><strong><em>υἱόν</em></strong></span> <span class='ocrx_word' id='word_1_259' title='bbox 2086 2284 2155 2350; x_wconf 78' lang='grc' dir='ltr'><strong><em>τῷ</em></strong></span> <span class='ocrx_word' id='word_1_260' title='bbox 2182 2278 2349 2348; x_wconf 76' lang='grc' dir='ltr'><strong><em>πατρὶ,</em></strong></span> 
     </span>
     <span class='ocr_line' id='line_1_27' title="bbox 407 2362 2351 2437; baseline -0.005 -11"><span class='ocrx_word' id='word_1_261' title='bbox 407 2370 474 2435; x_wconf 66' lang='grc' dir='ltr'><strong><em>οἷς</em></strong></span> <span class='ocrx_word' id='word_1_262' title='bbox 501 2369 953 2434; x_wconf 80' lang='grc' dir='ltr'><strong><em>κατασκευάζεσθαι</em></strong></span> <span class='ocrx_word' id='word_1_263' title='bbox 983 2366 1120 2437; x_wconf 75' lang='grc' dir='ltr'><strong><em>παρά</em></strong></span> <span class='ocrx_word' id='word_1_264' title='bbox 1149 2372 1248 2419; x_wconf 89' lang='grc' dir='ltr'><strong><em>τῶν</em></strong></span> <span class='ocrx_word' id='word_1_265' title='bbox 1272 2371 1362 2418; x_wconf 87' lang='grc' dir='ltr'><strong><em>νῦν</em></strong></span> <span class='ocrx_word' id='word_1_266' title='bbox 1393 2372 1577 2419; x_wconf 88' lang='grc' dir='ltr'><strong><em>καινῶν</em></strong></span> <span class='ocrx_word' id='word_1_267' title='bbox 1609 2367 1895 2435; x_wconf 83' lang='grc' dir='ltr'><strong><em>αἷρετικῶν,</em></strong></span> <span class='ocrx_word' id='word_1_268' title='bbox 1946 2363 2021 2417; x_wconf 75' lang='grc' dir='ltr'><strong><em>ὅτι</em></strong></span> <span class='ocrx_word' id='word_1_269' title='bbox 2052 2362 2085 2432; x_wconf 79' lang='grc' dir='ltr'><em>ἦ</em></span> <span class='ocrx_word' id='word_1_270' title='bbox 2113 2364 2200 2432; x_wconf 80' lang='grc' dir='ltr'><strong><em>μὲν</em></strong></span> <span class='ocrx_word' id='word_1_271' title='bbox 2230 2363 2351 2432; x_wconf 82' lang='grc' dir='ltr'><strong><em>βού-</em></strong></span> 
     </span>
     <span class='ocr_line' id='line_1_28' title="bbox 406 2448 2351 2527; baseline -0.005 -15"><span class='ocrx_word' id='word_1_272' title='bbox 406 2466 543 2527; x_wconf 89' lang='grc' dir='ltr'><strong><em>λησις</em></strong></span> <span class='ocrx_word' id='word_1_273' title='bbox 568 2463 659 2511; x_wconf 87' lang='grc' dir='ltr'><strong><em>τοῦ</em></strong></span> <span class='ocrx_word' id='word_1_274' title='bbox 687 2458 803 2509; x_wconf 85' lang='grc' dir='ltr'><strong><em>υἷοῦ</em></strong></span> <span class='ocrx_word' id='word_1_275' title='bbox 834 2456 917 2508; x_wconf 83' lang='grc' dir='ltr'><strong><em>καὶ</em></strong></span> <span class='ocrx_word' id='word_1_276' title='bbox 946 2451 979 2522; x_wconf 76' lang='grc' dir='ltr'><strong><em>ἦ</em></strong></span> <span class='ocrx_word' id='word_1_277' title='bbox 1008 2455 1223 2523; x_wconf 78' lang='grc' dir='ltr'><strong><em>ἐνέργεια</em></strong></span> <span class='ocrx_word' id='word_1_278' title='bbox 1259 2457 1349 2505; x_wconf 90' lang='grc' dir='ltr'><strong><em>τοῦ</em></strong></span> <span class='ocrx_word' id='word_1_279' title='bbox 1378 2454 1493 2504; x_wconf 85' lang='grc' dir='ltr'><strong><em>υἷοῦ</em></strong></span> <span class='ocrx_word' id='word_1_280' title='bbox 1524 2449 1671 2519; x_wconf 79' lang='grc' dir='ltr'><strong><em>ὁμοία</em></strong></span> <span class='ocrx_word' id='word_1_281' title='bbox 1701 2457 1759 2524; x_wconf 74' lang='grc' dir='ltr'><strong><em>τῇ</em></strong></span> <span class='ocrx_word' id='word_1_282' title='bbox 1790 2450 2021 2519; x_wconf 86' lang='grc' dir='ltr'><strong><em>βουλήσει</em></strong></span> <span class='ocrx_word' id='word_1_283' title='bbox 2047 2456 2138 2503; x_wconf 88' lang='grc' dir='ltr'><strong><em>τοῦ</em></strong></span> <span class='ocrx_word' id='word_1_284' title='bbox 2165 2448 2351 2517; x_wconf 74' lang='grc' dir='ltr'><strong><em>πατρὸς</em></strong></span> 
     </span>
     <span class='ocr_line' id='line_1_29' title="bbox 408 2533 2350 2617; baseline -0.004 -20"><span class='ocrx_word' id='word_1_285' title='bbox 408 2545 491 2597; x_wconf 83' lang='grc' dir='ltr'><strong><em>καὶ</em></strong></span> <span class='ocrx_word' id='word_1_286' title='bbox 520 2549 579 2617; x_wconf 77' lang='grc' dir='ltr'><strong><em>τῇ</em></strong></span> <span class='ocrx_word' id='word_1_287' title='bbox 602 2545 823 2614; x_wconf 57' lang='grc' dir='ltr'><strong><em>Υἐνεργείᾳ</em></strong></span> <span class='ocrx_word' id='word_1_288' title='bbox 852 2546 941 2594; x_wconf 90' lang='grc' dir='ltr'><strong><em>τοῦ</em></strong></span> <span class='ocrx_word' id='word_1_289' title='bbox 971 2537 1184 2610; x_wconf 78' lang='grc' dir='ltr'><strong><em>πατρὸς,</em></strong></span> <span class='ocrx_word' id='word_1_290' title='bbox 1225 2535 1374 2599; x_wconf 74' lang='grc' dir='ltr'><strong><em>αὐτός</em></strong></span> <span class='ocrx_word' id='word_1_291' title='bbox 1405 2538 1458 2590; x_wconf 81' lang='grc' dir='ltr'><strong><em>δὲ</em></strong></span> <span class='ocrx_word' id='word_1_292' title='bbox 1488 2535 1517 2590; x_wconf 89' lang='lat'>6</span> <span class='ocrx_word' id='word_1_293' title='bbox 1547 2535 1656 2599; x_wconf 84' lang='grc' dir='ltr'><strong><em>υίὸς</em></strong></span> <span class='ocrx_word' id='word_1_294' title='bbox 1685 2533 1924 2604; x_wconf 85' lang='grc' dir='ltr'><strong><em>οἷνόμοιος</em></strong></span> <span class='ocrx_word' id='word_1_295' title='bbox 1949 2542 2018 2609; x_wconf 79' lang='grc' dir='ltr'><strong><em>τῷ</em></strong></span> <span class='ocrx_word' id='word_1_296' title='bbox 2046 2540 2207 2604; x_wconf 84' lang='grc' dir='ltr'><strong><em>πατρί.</em></strong></span> <span class='ocrx_word' id='word_1_297' title='bbox 2248 2537 2350 2589; x_wconf 79' lang='grc' dir='ltr'><strong><em>Καὶ</em></strong></span> 
     </span>
     <span class='ocr_line' id='line_1_30' title="bbox 412 2619 2350 2698; baseline -0.004 -15"><span class='ocrx_word' id='word_1_298' title='bbox 412 2628 496 2683; x_wconf 73' lang='grc' dir='ltr'><strong><em>διά</em></strong></span> <span class='ocrx_word' id='word_1_299' title='bbox 521 2635 666 2682; x_wconf 88' lang='grc' dir='ltr'><strong><em>τοῦτο</em></strong></span> <span class='ocrx_word' id='word_1_300' title='bbox 689 2626 778 2696; x_wconf 76' lang='grc' dir='ltr'><strong><em>τήν</em></strong></span> <span class='ocrx_word' id='word_1_301' title='bbox 805 2627 893 2695; x_wconf 77' lang='grc' dir='ltr'><strong><em>μὲν</em></strong></span> <span class='ocrx_word' id='word_1_302' title='bbox 916 2626 1149 2698; x_wconf 84' lang='grc' dir='ltr'><strong><em>βούλησιν</em></strong></span> <span class='ocrx_word' id='word_1_303' title='bbox 1175 2630 1266 2677; x_wconf 88' lang='grc' dir='ltr'><strong><em>τοῦ</em></strong></span> <span class='ocrx_word' id='word_1_304' title='bbox 1295 2626 1411 2676; x_wconf 76' lang='grc' dir='ltr'><strong><em>υἱοῦ</em></strong></span> <span class='ocrx_word' id='word_1_305' title='bbox 1435 2625 1520 2676; x_wconf 85' lang='grc' dir='ltr'><strong><em>καὶ</em></strong></span> <span class='ocrx_word' id='word_1_306' title='bbox 1547 2621 1640 2691; x_wconf 79' lang='grc' dir='ltr'><strong><em>τὴν</em></strong></span> <span class='ocrx_word' id='word_1_307' title='bbox 1666 2624 1910 2694; x_wconf 87' lang='grc' dir='ltr'><strong><em>ἐνέργειαν</em></strong></span> <span class='ocrx_word' id='word_1_308' title='bbox 1935 2622 2198 2691; x_wconf 86' lang='grc' dir='ltr'><strong><em>βούλονται</em></strong></span> <span class='ocrx_word' id='word_1_309' title='bbox 2226 2619 2350 2675; x_wconf 85' lang='grc' dir='ltr'><strong><em>εἶναι</em></strong></span> 
     </span>
     <span class='ocr_line' id='line_1_31' title="bbox 412 2705 2351 2789; baseline -0.005 -20"><span class='ocrx_word' id='word_1_310' title='bbox 412 2713 590 2784; x_wconf 75' lang='grc' dir='ltr'><strong><em>ὁμοίαν</em></strong></span> <span class='ocrx_word' id='word_1_311' title='bbox 628 2721 689 2789; x_wconf 82' lang='grc' dir='ltr'><strong><em>τῇ</em></strong></span> <span class='ocrx_word' id='word_1_312' title='bbox 718 2711 947 2783; x_wconf 84' lang='grc' dir='ltr'><strong><em>βουλήσει</em></strong></span> <span class='ocrx_word' id='word_1_313' title='bbox 987 2717 1077 2765; x_wconf 90' lang='grc' dir='ltr'><strong><em>τοῦ</em></strong></span> <span class='ocrx_word' id='word_1_314' title='bbox 1105 2707 1293 2781; x_wconf 76' lang='grc' dir='ltr'><strong><em>πατρὸς</em></strong></span> <span class='ocrx_word' id='word_1_315' title='bbox 1315 2711 1400 2762; x_wconf 84' lang='grc' dir='ltr'><strong><em>καὶ</em></strong></span> <span class='ocrx_word' id='word_1_316' title='bbox 1430 2715 1489 2783; x_wconf 79' lang='grc' dir='ltr'><strong><em>τῇ</em></strong></span> <span class='ocrx_word' id='word_1_317' title='bbox 1522 2711 1737 2782; x_wconf 73' lang='grc' dir='ltr'><strong><em>ἐνεργείᾳ</em></strong></span> <span class='ocrx_word' id='word_1_318' title='bbox 1754 2752 1767 2774; x_wconf 90' lang='grc'><strong><em>,</em></strong></span> <span class='ocrx_word' id='word_1_319' title='bbox 1820 2706 1908 2762; x_wconf 77' lang='grc' dir='ltr'><strong><em>τόν</em></strong></span> <span class='ocrx_word' id='word_1_320' title='bbox 1933 2708 1987 2762; x_wconf 77' lang='grc' dir='ltr'><strong><em>δὲ</em></strong></span> <span class='ocrx_word' id='word_1_321' title='bbox 2011 2706 2122 2762; x_wconf 79' lang='grc' dir='ltr'><strong><em>υἴὸν</em></strong></span> <span class='ocrx_word' id='word_1_322' title='bbox 2147 2705 2208 2762; x_wconf 79' lang='grc' dir='ltr'><strong><em>οὗ</em></strong></span> <span class='ocrx_word' id='word_1_323' title='bbox 2233 2705 2351 2776; x_wconf 81' lang='grc' dir='ltr'><strong><em>βού-</em></strong></span> 
     </span>
     <span class='ocr_line' id='line_1_32' title="bbox 410 2791 2350 2872; baseline -0.005 -16"><span class='ocrx_word' id='word_1_324' title='bbox 410 2809 578 2856; x_wconf 87' lang='grc' dir='ltr'><strong><em>λονται</em></strong></span> <span class='ocrx_word' id='word_1_325' title='bbox 612 2800 789 2870; x_wconf 78' lang='grc' dir='ltr'><strong><em>ὅμοιον</em></strong></span> <span class='ocrx_word' id='word_1_326' title='bbox 824 2796 949 2852; x_wconf 80' lang='grc' dir='ltr'><strong><em>εἶναι</em></strong></span> <span class='ocrx_word' id='word_1_327' title='bbox 978 2803 1047 2872; x_wconf 76' lang='grc' dir='ltr'><strong><em>τῷ</em></strong></span> <span class='ocrx_word' id='word_1_328' title='bbox 1076 2797 1251 2867; x_wconf 84' lang='grc' dir='ltr'><strong><em>πατρὶ,</em></strong></span> <span class='ocrx_word' id='word_1_329' title='bbox 1303 2794 1474 2863; x_wconf 78' lang='grc' dir='ltr'><strong><em>ἐπειδὴ</em></strong></span> <span class='ocrx_word' id='word_1_330' title='bbox 1501 2798 1903 2864; x_wconf 86' lang='grc' dir='ltr'><strong><em>διαβεβαιοῦνται</em></strong></span> <span class='ocrx_word' id='word_1_331' title='bbox 1933 2792 2001 2862; x_wconf 78' lang='grc' dir='ltr'><strong><em>μὴ</em></strong></span> <span class='ocrx_word' id='word_1_332' title='bbox 2027 2791 2151 2847; x_wconf 84' lang='grc' dir='ltr'><strong><em>εἶναι</em></strong></span> <span class='ocrx_word' id='word_1_333' title='bbox 2178 2795 2231 2847; x_wconf 87' lang='grc' dir='ltr'><strong><em>ἐκ</em></strong></span> <span class='ocrx_word' id='word_1_334' title='bbox 2261 2798 2350 2848; x_wconf 94' lang='grc' dir='ltr'><strong><em>τοῦ</em></strong></span> 
     </span>
     <span class='ocr_line' id='line_1_33' title="bbox 416 2877 2350 2959; baseline -0.006 -17"><span class='ocrx_word' id='word_1_335' title='bbox 416 2894 544 2942; x_wconf 87' lang='grc' dir='ltr'><strong><em>θεοῦ</em></strong></span> <span class='ocrx_word' id='word_1_336' title='bbox 571 2887 926 2959; x_wconf 88' lang='grc' dir='ltr'><strong><em>γεγεννημένον</em></strong></span> <span class='ocrx_word' id='word_1_337' title='bbox 950 2882 1038 2938; x_wconf 81' lang='grc' dir='ltr'><strong><em>τόν</em></strong></span> <span class='ocrx_word' id='word_1_338' title='bbox 1065 2880 1192 2949; x_wconf 82' lang='grc' dir='ltr'><strong><em>υἷόν,</em></strong></span> <span class='ocrx_word' id='word_1_339' title='bbox 1231 2879 1348 2934; x_wconf 67' lang='grc' dir='ltr'><strong><em>’ἄλλά</em></strong></span> <span class='ocrx_word' id='word_1_340' title='bbox 1374 2880 1529 2949; x_wconf 89' lang='grc' dir='ltr'><strong><em>μόνον</em></strong></span> <span class='ocrx_word' id='word_1_341' title='bbox 1558 2882 1741 2949; x_wconf 83' lang='grc' dir='ltr'><strong><em>κτίσμα</em></strong></span> <span class='ocrx_word' id='word_1_342' title='bbox 1760 2878 1886 2934; x_wconf 85' lang='grc' dir='ltr'><strong><em>εἶναι</em></strong></span> <span class='ocrx_word' id='word_1_343' title='bbox 1913 2877 2084 2943; x_wconf 78' lang='grc' dir='ltr'><strong><em>αὐτόν,</em></strong></span> <span class='ocrx_word' id='word_1_344' title='bbox 2120 2880 2203 2932; x_wconf 76' lang='grc' dir='ltr'><strong><em>καὶ</em></strong></span> <span class='ocrx_word' id='word_1_345' title='bbox 2236 2884 2350 2932; x_wconf 85' lang='grc' dir='ltr'><strong><em>τοῦ·</em></strong></span> 
     </span>
     <span class='ocr_line' id='line_1_34' title="bbox 413 2964 2349 3043; baseline -0.006 -15"><span class='ocrx_word' id='word_1_346' title='bbox 413 2964 498 3028; x_wconf 87' lang='grc' dir='ltr'><strong><em>τον</em></strong></span> <span class='ocrx_word' id='word_1_347' title='bbox 534 2974 786 3043; x_wconf 84' lang='grc' dir='ltr'><strong><em>διαφέρειν</em></strong></span> <span class='ocrx_word' id='word_1_348' title='bbox 818 2977 916 3024; x_wconf 87' lang='grc' dir='ltr'><strong><em>τῶν</em></strong></span> <span class='ocrx_word' id='word_1_349' title='bbox 950 2975 1140 3024; x_wconf 80' lang='grc' dir='ltr'><strong><em>λοιπῶν</em></strong></span> <span class='ocrx_word' id='word_1_350' title='bbox 1179 2965 1483 3036; x_wconf 74' lang='grc' dir='ltr'><strong><em>κτισμάτων,</em></strong></span> <span class='ocrx_word' id='word_1_351' title='bbox 1533 2966 1609 3021; x_wconf 76' lang='grc' dir='ltr'><strong><em>ὅτι</em></strong></span> <span class='ocrx_word' id='word_1_352' title='bbox 1644 2988 1694 3020; x_wconf 91' lang='grc' dir='ltr'><strong><em>τε</em></strong></span> <span class='ocrx_word' id='word_1_353' title='bbox 1728 2964 1949 3037; x_wconf 68' lang='grc' dir='ltr'><strong><em>’ὑπερέχει</em></strong></span> <span class='ocrx_word' id='word_1_354' title='bbox 1990 2966 2215 3035; x_wconf 87' lang='grc' dir='ltr'><strong><em>μεγέθει,</em></strong></span> <span class='ocrx_word' id='word_1_355' title='bbox 2265 2965 2349 3018; x_wconf 74' lang='grc' dir='ltr'><strong><em>καὶ</em></strong></span> 
     </span>
     <span class='ocr_line' id='line_1_35' title="bbox 414 3049 2351 3130; baseline -0.006 -16"><span class='ocrx_word' id='word_1_356' title='bbox 414 3059 489 3114; x_wconf 77' lang='grc' dir='ltr'><strong><em>ὅτι</em></strong></span> <span class='ocrx_word' id='word_1_357' title='bbox 520 3066 714 3130; x_wconf 87' lang='grc' dir='ltr'><strong><em>πρῶτος</em></strong></span> <span class='ocrx_word' id='word_1_358' title='bbox 741 3064 838 3111; x_wconf 91' lang='grc' dir='ltr'><strong><em>τῶν</em></strong></span> <span class='ocrx_word' id='word_1_359' title='bbox 866 3053 1102 3111; x_wconf 69' lang='grc' dir='ltr'><strong><em>ἁπάντων</em></strong></span> <span class='ocrx_word' id='word_1_360' title='bbox 1136 3051 1336 3121; x_wconf 74' lang='grc' dir='ltr'><strong><em>ὑπέστη,</em></strong></span> <span class='ocrx_word' id='word_1_361' title='bbox 1373 3055 1457 3106; x_wconf 90' lang='grc' dir='ltr'><strong><em>καὶ</em></strong></span> <span class='ocrx_word' id='word_1_362' title='bbox 1487 3053 1564 3107; x_wconf 75' lang='grc' dir='ltr'><strong><em>ὅτι</em></strong></span> <span class='ocrx_word' id='word_1_363' title='bbox 1594 3050 1833 3125; x_wconf 74' lang='grc' dir='ltr'><strong><em>ὑπουργῷ</em></strong></span> <span class='ocrx_word' id='word_1_364' title='bbox 1861 3049 1993 3123; x_wconf 74' lang='grc' dir='ltr'><strong><em>αὐτῷ</em></strong></span> <span class='ocrx_word' id='word_1_365' title='bbox 2021 3050 2254 3119; x_wconf 84' lang='grc' dir='ltr'><strong><em>ἐχρήσατο</em></strong></span> <span class='ocrx_word' id='word_1_366' title='bbox 2281 3051 2351 3112; x_wconf 79' lang='grc' dir='ltr'><strong><em>εἰς</em></strong></span> 
     </span>
     <span class='ocr_line' id='line_1_36' title="bbox 414 3132 2349 3214; baseline -0.006 -15"><span class='ocrx_word' id='word_1_367' title='bbox 414 3144 502 3214; x_wconf 81' lang='grc' dir='ltr'><strong><em>τὴν</em></strong></span> <span class='ocrx_word' id='word_1_368' title='bbox 536 3151 637 3199; x_wconf 89' lang='grc' dir='ltr'><strong><em>τῶν</em></strong></span> <span class='ocrx_word' id='word_1_369' title='bbox 678 3149 864 3198; x_wconf 81' lang='grc' dir='ltr'><strong><em>λοιπῶν</em></strong></span> <span class='ocrx_word' id='word_1_370' title='bbox 905 3143 1229 3211; x_wconf 87' lang='grc' dir='ltr'><strong><em>δημιουργίαν</em></strong></span> <span class='ocrx_word' id='word_1_371' title='bbox 1254 3137 1283 3193; x_wconf 87' lang='lat'>6</span> <span class='ocrx_word' id='word_1_372' title='bbox 1307 3138 1455 3205; x_wconf 76' lang='grc' dir='ltr'><strong><em>θεὸς,</em></strong></span> <span class='ocrx_word' id='word_1_373' title='bbox 1496 3138 1694 3207; x_wconf 79' lang='grc' dir='ltr'><strong><em>ἐπειδὴ,</em></strong></span> <span class='ocrx_word' id='word_1_374' title='bbox 1732 3139 1886 3204; x_wconf 82' lang='grc' dir='ltr'><strong><em>φασὶν</em></strong></span> <span class='ocrx_word' id='word_1_375' title='bbox 1914 3139 1967 3190; x_wconf 88' lang='grc' dir='ltr'><strong><em>οί</em></strong></span> <span class='ocrx_word' id='word_1_376' title='bbox 1999 3136 2250 3206; x_wconf 87' lang='grc' dir='ltr'><strong><em>αἷρετικοὶ,</em></strong></span> <span class='ocrx_word' id='word_1_377' title='bbox 2288 3132 2349 3188; x_wconf 73' lang='grc' dir='ltr'><strong><em>τά</em></strong></span> 
     </span>
     <span class='ocr_line' id='line_1_37' title="bbox 418 3217 2350 3300; baseline -0.006 -15"><span class='ocrx_word' id='word_1_378' title='bbox 418 3233 505 3300; x_wconf 80' lang='grc' dir='ltr'><strong><em>μὲν</em></strong></span> <span class='ocrx_word' id='word_1_379' title='bbox 552 3230 666 3284; x_wconf 69' lang='grc' dir='ltr'><strong><em>ἄλλα</em></strong></span> <span class='ocrx_word' id='word_1_380' title='bbox 709 3228 770 3284; x_wconf 90' lang='grc' dir='ltr'><strong><em>δι’</em></strong></span> <span class='ocrx_word' id='word_1_381' title='bbox 796 3232 911 3283; x_wconf 83' lang='grc' dir='ltr'><strong><em>υἷοῦ</em></strong></span> <span class='ocrx_word' id='word_1_382' title='bbox 951 3224 982 3281; x_wconf 84' lang='lat'>6</span> <span class='ocrx_word' id='word_1_383' title='bbox 1015 3224 1137 3287; x_wconf 79' lang='grc' dir='ltr'><strong><em>θεὸς</em></strong></span> <span class='ocrx_word' id='word_1_384' title='bbox 1170 3227 1348 3292; x_wconf 82' lang='grc' dir='ltr'><strong><em>ἐποίει,</em></strong></span> <span class='ocrx_word' id='word_1_385' title='bbox 1398 3223 1549 3279; x_wconf 77' lang='grc' dir='ltr'><strong><em>αὐτόν</em></strong></span> <span class='ocrx_word' id='word_1_386' title='bbox 1589 3225 1643 3277; x_wconf 81' lang='grc' dir='ltr'><strong><em>δὲ</em></strong></span> <span class='ocrx_word' id='word_1_387' title='bbox 1679 3221 1741 3277; x_wconf 78' lang='grc' dir='ltr'><strong><em>οὐ</em></strong></span> <span class='ocrx_word' id='word_1_388' title='bbox 1768 3221 1851 3276; x_wconf 89' lang='grc' dir='ltr'><strong><em>διά</em></strong></span> <span class='ocrx_word' id='word_1_389' title='bbox 1879 3244 2038 3286; x_wconf 86' lang='grc' dir='ltr'><strong><em>τινος,</em></strong></span> <span class='ocrx_word' id='word_1_390' title='bbox 2077 3219 2175 3275; x_wconf 65' lang='grc' dir='ltr'><strong><em>ἀλλ’</em></strong></span> <span class='ocrx_word' id='word_1_391' title='bbox 2200 3217 2350 3284; x_wconf 76' lang='grc' dir='ltr'><strong><em>αὐτός</em></strong></span> 
     </span>
     <span class='ocr_line' id='line_1_38' title="bbox 417 3303 2430 3386; baseline -0.004 -18"><span class='ocrx_word' id='word_1_392' title='bbox 417 3315 568 3370; x_wconf 74' lang='grc' dir='ltr'><strong><em>αὐτόν</em></strong></span> <span class='ocrx_word' id='word_1_393' title='bbox 618 3314 947 3386; x_wconf 82' lang='grc' dir='ltr'><strong><em>αὖτούργησε,</em></strong></span> <span class='ocrx_word' id='word_1_394' title='bbox 1000 3313 1085 3365; x_wconf 86' lang='grc' dir='ltr'><strong><em>καὶ</em></strong></span> <span class='ocrx_word' id='word_1_395' title='bbox 1126 3308 1424 3380; x_wconf 73' lang='grc' dir='ltr'><strong><em>ὑπερέχοντα</em></strong></span> <span class='ocrx_word' id='word_1_396' title='bbox 1474 3311 1671 3381; x_wconf 87' lang='grc' dir='ltr'><strong><em>μεγέθει</em></strong></span> <span class='ocrx_word' id='word_1_397' title='bbox 1719 3309 1802 3361; x_wconf 83' lang='grc' dir='ltr'><strong><em>καὶ</em></strong></span> <span class='ocrx_word' id='word_1_398' title='bbox 1854 3305 2062 3375; x_wconf 88' lang='grc' dir='ltr'><strong><em>δυνάμει</em></strong></span> <span class='ocrx_word' id='word_1_399' title='bbox 2113 3303 2349 3360; x_wconf 80' lang='grc' dir='ltr'><strong><em>άπάντων</em></strong></span> <span class='ocrx_word' id='word_1_400' title='bbox 2418 3352 2430 3369; x_wconf 84' lang='grc'><strong><em>,</em></strong></span> 
     </span>
     <span class='ocr_line' id='line_1_39' title="bbox 416 3391 1833 3470; baseline -0.006 -15"><span class='ocrx_word' id='word_1_401' title='bbox 416 3403 627 3470; x_wconf 86' lang='grc' dir='ltr'><strong><em>ἐποίησε.</em></strong></span> <span class='ocrx_word' id='word_1_402' title='bbox 702 3400 800 3454; x_wconf 80' lang='grc' dir='ltr'><strong><em>Διοὶ</em></strong></span> <span class='ocrx_word' id='word_1_403' title='bbox 836 3406 979 3453; x_wconf 89' lang='grc' dir='ltr'><strong><em>τοῦτο</em></strong></span> <span class='ocrx_word' id='word_1_404' title='bbox 1019 3395 1173 3450; x_wconf 78' lang='grc' dir='ltr'><strong><em>αὐτόν</em></strong></span> <span class='ocrx_word' id='word_1_405' title='bbox 1207 3396 1399 3450; x_wconf 86' lang='grc' dir='ltr'><strong><em>ἐκάλεσε</em></strong></span> <span class='ocrx_word' id='word_1_406' title='bbox 1436 3398 1676 3466; x_wconf 84' lang='grc' dir='ltr'><strong><em>μονογενῆ</em></strong></span> <span class='ocrx_word' id='word_1_407' title='bbox 1710 3391 1833 3446; x_wconf 86' lang='grc' dir='ltr'><strong><em>υἷόν.</em></strong></span> 
     </span>
    </p>

    <p class='ocr_par' dir='ltr' id='par_1_8' title="bbox 421 3474 2348 3642">
     <span class='ocr_line' id='line_1_40' title="bbox 559 3474 2348 3555; baseline -0.006 -15"><span class='ocrx_word' id='word_1_408' title='bbox 559 3485 722 3555; x_wconf 86' lang='grc' dir='ltr'><strong><em>Ἡμεῖς</em></strong></span> <span class='ocrx_word' id='word_1_409' title='bbox 750 3486 803 3539; x_wconf 79' lang='grc' dir='ltr'><strong><em>δὲ</em></strong></span> <span class='ocrx_word' id='word_1_410' title='bbox 833 3488 885 3538; x_wconf 79' lang='grc' dir='ltr'><strong><em>οἱ</em></strong></span> <span class='ocrx_word' id='word_1_411' title='bbox 919 3490 1006 3552; x_wconf 86' lang='grc' dir='ltr'><strong><em>τῆς</em></strong></span> <span class='ocrx_word' id='word_1_412' title='bbox 1047 3488 1323 3550; x_wconf 84' lang='grc' dir='ltr'><strong><em>καθολικῆς</em></strong></span> <span class='ocrx_word' id='word_1_413' title='bbox 1351 3484 1605 3549; x_wconf 87' lang='grc' dir='ltr'><strong><em>ἐκκλησίας</em></strong></span> <span class='ocrx_word' id='word_1_414' title='bbox 1631 3482 1684 3533; x_wconf 85' lang='grc' dir='ltr'><strong><em>ἐκ</em></strong></span> <span class='ocrx_word' id='word_1_415' title='bbox 1715 3484 1813 3532; x_wconf 88' lang='grc' dir='ltr'><strong><em>τῶν</em></strong></span> <span class='ocrx_word' id='word_1_416' title='bbox 1839 3481 1994 3532; x_wconf 90' lang='grc' dir='ltr'><strong><em>θείων</em></strong></span> <span class='ocrx_word' id='word_1_417' title='bbox 2019 3483 2228 3548; x_wconf 87' lang='grc' dir='ltr'><strong><em>γραφῶν</em></strong></span> <span class='ocrx_word' id='word_1_418' title='bbox 2257 3474 2348 3545; x_wconf 78' lang='grc' dir='ltr'><strong><em>τὴν</em></strong></span> 
     </span>
     <span class='ocr_line' id='line_1_41' title="bbox 421 3559 2346 3642; baseline -0.006 -16"><span class='ocrx_word' id='word_1_419' title='bbox 421 3569 686 3642; x_wconf 73' lang='grc' dir='ltr'><strong><em>ὁμολογίαν</em></strong></span> <span class='ocrx_word' id='word_1_420' title='bbox 708 3578 796 3640; x_wconf 86' lang='grc' dir='ltr'><strong><em>τῆς</em></strong></span> <span class='ocrx_word' id='word_1_421' title='bbox 817 3574 1024 3632; x_wconf 88' lang='grc' dir='ltr'><strong><em>πίστεως</em></strong></span> <span class='ocrx_word' id='word_1_422' title='bbox 1049 3567 1406 3639; x_wconf 85' lang='grc' dir='ltr'><strong><em>παρειληφότες</em></strong></span> <span class='ocrx_word' id='word_1_423' title='bbox 1427 3565 1585 3628; x_wconf 71' lang='grc' dir='ltr'><strong><em>οὕτως</em></strong></span> <span class='ocrx_word' id='word_1_424' title='bbox 1610 3567 1795 3633; x_wconf 74' lang='grc' dir='ltr'><strong><em>ἔχομεν,</em></strong></span> <span class='ocrx_word' id='word_1_425' title='bbox 1834 3562 1909 3617; x_wconf 79' lang='grc' dir='ltr'><strong><em>ὅτι</em></strong></span> <span class='ocrx_word' id='word_1_426' title='bbox 1934 3560 1963 3616; x_wconf 85' lang='lat'>6</span> <span class='ocrx_word' id='word_1_427' title='bbox 1985 3561 2145 3634; x_wconf 78' lang='grc' dir='ltr'><strong><em>πατὴρ</em></strong></span> <span class='ocrx_word' id='word_1_428' title='bbox 2169 3559 2346 3631; x_wconf 81' lang='grc' dir='ltr'><strong><em>ὁμοίου</em></strong></span> 
     </span>
    </p>
   </div>
   <div class='ocr_carea' id='block_1_8' title="bbox 474 3730 2346 3797">
    <p class='ocr_par' dir='ltr' id='par_1_9' title="bbox 474 3730 2346 3797">
     <span class='ocr_line' id='line_1_42' title="bbox 474 3730 2346 3797; baseline -0.006 -10"><span class='ocrx_word' id='word_1_429' title='bbox 474 3745 515 3787; x_wconf 85' lang='grc'><strong><em>3.</em></strong></span> <span class='ocrx_word' id='word_1_430' title='bbox 544 3741 657 3797; x_wconf 81' lang='grc' dir='ltr'><strong><em>παρὰ</em></strong></span> <span class='ocrx_word' id='word_1_431' title='bbox 686 3747 796 3784; x_wconf 81' lang='lat' dir='ltr'><em>codd.</em></span> <span class='ocrx_word' id='word_1_432' title='bbox 835 3757 925 3785; x_wconf 83' lang='lat' dir='ltr'><strong><em>mss.</em></strong></span> <span class='ocrx_word' id='word_1_433' title='bbox 967 3748 1150 3796; x_wconf 80' lang='lat' dir='ltr'><strong><em>uterque,</em></strong></span> <span class='ocrx_word' id='word_1_434' title='bbox 1192 3747 1227 3784; x_wconf 80' lang='lat' dir='ltr'><strong><em>et</em></strong></span> <span class='ocrx_word' id='word_1_435' title='bbox 1263 3743 1354 3784; x_wconf 80' lang='lat' dir='ltr'><strong><em>edit.</em></strong></span> <span class='ocrx_word' id='word_1_436' title='bbox 1472 3740 1568 3781; x_wconf 55' lang='lat' dir='ltr'><strong><em>cst.</em></strong></span> <span class='ocrx_word' id='word_1_437' title='bbox 1598 3739 1715 3778; x_wconf 81' lang='lat' dir='ltr'><strong>Xln.</strong></span> <span class='ocrx_word' id='word_1_438' title='bbox 1747 3761 1802 3769; x_wconf 88' lang='lat'>—</span> <span class='ocrx_word' id='word_1_439' title='bbox 1874 3737 1909 3778; x_wconf 93' lang='lat'><strong><em>1.</em></strong></span> <span class='ocrx_word' id='word_1_440' title='bbox 1937 3730 1991 3793; x_wconf 63' lang='grc' dir='ltr'><strong><em>τῇ</em></strong></span> <span class='ocrx_word' id='word_1_441' title='bbox 2019 3739 2202 3779; x_wconf 82' lang='lat' dir='ltr'><strong><em>omissum</em></strong></span> <span class='ocrx_word' id='word_1_442' title='bbox 2229 3739 2281 3777; x_wconf 77' lang='lat' dir='ltr'><strong><em>est</em></strong></span> <span class='ocrx_word' id='word_1_443' title='bbox 2304 3735 2346 3776; x_wconf 73' lang='lat' dir='ltr'><strong><em>in</em></strong></span> 
     </span>
    </p>
   </div>
   <div class='ocr_carea' id='block_1_9' title="bbox 415 3797 2346 3906">
    <p class='ocr_par' dir='ltr' id='par_1_10' title="bbox 415 3797 2346 3906">
     <span class='ocr_line' id='line_1_43' title="bbox 415 3797 1641 3855; baseline -0.007 -11"><span class='ocrx_word' id='word_1_444' title='bbox 415 3805 541 3855; x_wconf 81' lang='lat' dir='ltr'><strong><em>princ.</em></strong></span> <span class='ocrx_word' id='word_1_445' title='bbox 600 3797 671 3845; x_wconf 82' lang='grc' dir='ltr'><strong><em>διὰ</em></strong></span> <span class='ocrx_word' id='word_1_446' title='bbox 701 3803 761 3842; x_wconf 80' lang='lat' dir='ltr'><strong><em>ed.</em></strong></span> <span class='ocrx_word' id='word_1_447' title='bbox 788 3802 926 3843; x_wconf 74' lang='lat' dir='ltr'><strong><em>Petav,</em></strong></span> <span class='ocrx_word' id='word_1_448' title='bbox 1414 3799 1473 3839; x_wconf 85' lang='lat' dir='ltr'><strong><em>ed.</em></strong></span> <span class='ocrx_word' id='word_1_449' title='bbox 1506 3800 1641 3838; x_wconf 81' lang='grc' dir='ltr'><strong><em>ΡεΙαυ.</em></strong></span> 
     </span>
     <span class='ocr_line' id='line_1_44' title="bbox 1461 3850 2346 3906; baseline -0.008 -11"><span class='ocrx_word' id='word_1_450' title='bbox 1461 3855 1500 3895; x_wconf 79' lang='lat'><strong><em>2.</em></strong></span> <span class='ocrx_word' id='word_1_451' title='bbox 1535 3855 1748 3895; x_wconf 74' lang='lat' dir='ltr'><strong><em>Carnarius</em></strong></span> <span class='ocrx_word' id='word_1_452' title='bbox 1789 3852 1875 3906; x_wconf 83' lang='lat' dir='ltr'>(qui</span> <span class='ocrx_word' id='word_1_453' title='bbox 1902 3853 2013 3892; x_wconf 75' lang='lat' dir='ltr'><strong><em>vertit</em></strong></span> <span class='ocrx_word' id='word_1_454' title='bbox 2048 3850 2163 3891; x_wconf 82' lang='lat' dir='ltr'>iuxta</span> <span class='ocrx_word' id='word_1_455' title='bbox 2203 3861 2346 3889; x_wconf 84' lang='lat' dir='ltr'>essen-</span> 
     </span>
    </p>
   </div>
  </div>
 </body>
</html>
