2508 4134
542 308 771 350 PANARn
798 307 902 349 Lm.
924 308 996 348 111.
1025 308 1160 350 ToM.
1183 310 1216 349 1.
1244 308 1408 349 HAER.
1433 308 1631 348 Lxxm.
1974 297 2040 347 97

134 413 358 470 minaria,
411 410 652 458 Producat
691 416 848 467 tem-a,
891 413 986 457 etc.
1062 405 1211 471 Item,
1269 410 1515 457 Faciamus
1550 409 1791 457 hominem.
1869 402 2039 473 ltaque
2062 402 2249 481 {¹3⁰2}ss

134 493 283 545 filium
325 501 461 562 pater
500 491 778 560 alloquitur.
858 487 1017 541 Porro
1047 489 1115 540 illi
1147 489 1240 559 ipsi
1278 507 1530 542 sermones
1579 491 1748 560 quibus
1785 490 1846 542 ad
1886 490 2036 541 filium
2106 472 2260 567 fgafggj'

132 587 271 647 pater
299 576 448 629 utitur
481 575 567 627 filii
599 593 695 627 non
736 583 868 627 sunt.
947 574 1015 625 At
1042 573 1198 639 filius,
1252 591 1390 642 quem
1418 583 1553 643 pater
1579 575 1864 644 alloquitur,
1914 575 2042 626 inter
2146 559 2157 577 ’

135 671 323 714 ceteras
350 660 726 731 appellationes,
765 663 933 720 Panis,
977 663 1109 719 Vita,
1151 662 1473 719 Betim-rectia,
1516 677 1573 710 ac
1606 661 1812 729 denique
1845 661 2041 710 Verbum

135 746 279 798 etiam
324 746 524 810 dicitur,
579 762 638 796 eo
677 744 803 813 quod
845 745 922 795 dei
962 742 1026 794 sit
1068 742 1331 794 voluntatis
1362 743 1623 814 interpres.
1702 741 1944 811 Quocirca
1984 762 2045 797 ne

135 830 366 882 haeretici
391 829 665 881 rudioribus
693 829 996 898 imponentes
1029 827 1177 879 filium
1206 827 1331 879 idem
1357 844 1466 878 esse
1493 845 1599 878 cum
1629 826 1702 879 his
1733 828 1895 880 verbis
1924 846 2047 898 quae

137 924 273 986 pater
311 914 500 966 locutus
535 922 612 965 est
652 921 943 977 censerent,
984 913 1043 963 ad
1072 912 1148 964 dei
1177 912 1260 963 filii
1291 912 1630 963 declarandum
1656 912 1714 963 ab
1744 913 1877 965 hisce
1902 931 2047 966 voca-

135 1000 261 1052 bulis
298 1016 420 1068 quae
458 998 646 1049 locutus
683 1007 758 1049 est
795 1006 934 1067 pater
975 998 1233 1048 discrimen
1278 996 1424 1047 filium
1463 996 1779 1048 substantiam
1817 997 2050 1067 appellari

138 1092 363 1153 oportere
392 1083 742 1148 decreverunt,
784 1091 925 1151 atque
954 1082 1022 1133 ita
1056 1081 1314 1133 discrimen
1343 1081 1458 1132 illud
1489 1081 1873 1146 constituerunt,
1927 1091 1978 1133 ut
2002 1091 2051 1133 et

139 1169 258 1220 deus
284 1168 348 1219 sit
375 1167 625 1231 existenS,
685 1176 735 1217 et
774 1166 922 1218 verba
949 1166 1030 1218 illa
1064 1183 1184 1235 quae
1216 1165 1545 1236 pronuntiavit
1575 1166 1693 1217 deus
1723 1164 1950 1216 extitisse
1980 1166 2050 1217 di-

140 1261 336 1316 cantur,
386 1252 472 1303 sed
510 1268 810 1320 nequaquam
853 1250 1180 1315 substantiae,
1239 1268 1407 1302 verum
1449 1250 1791 1319 pronuntiandi
1834 1250 2051 1301 actiones

141 1355 251 1391 esse
293 1345 613 1389 censeantur:
669 1344 719 1387 at
759 1336 888 1387 filius
931 1354 1038 1387 cum
1077 1335 1276 1387 verbum
1310 1335 1402 1400 sit,
1444 1353 1539 1386 non
1567 1335 1693 1387 actio
1719 1335 1951 1404 quaedam
1984 1335 2055 1386 lo-

141 1422 348 1492 quendi,
389 1420 505 1484 sed,
545 1428 710 1490 utpote
756 1419 913 1485 filius,
968 1420 1237 1471 substantia
1275 1419 1355 1472 sit.
1431 1417 1558 1471 Nam
1605 1419 1645 1471 si
1682 1429 1820 1489 pater
1847 1437 1957 1472 esse
1985 1420 2055 1471 di-

142 1517 306 1572 catur,
359 1513 409 1557 et
450 1522 560 1557 esse
599 1505 798 1574 perinde
835 1505 990 1570 filius3
1042 1522 1152 1556 esse
1190 1522 1311 1556 vero
1348 1513 1570 1573 tanquam
1601 1522 1629 1556 a
1662 1505 1751 1555 deo
1779 1504 1973 1574 proprie
1999 1522 2055 1556 ac

142 1607 371 1661 germane
397 1598 451 1641 ut
480 1589 544 1640 sit
575 1589 847 1659 accipiens,
900 1589 1105 1641 verbum
1140 1588 1270 1641 filius
1299 1606 1440 1652 esse,
1497 1607 1591 1641 non
1636 1598 1688 1641 ut
1724 1598 1887 1640 cetera
1933 1606 2055 1659 quae

145 1693 171 1727 a
201 1675 292 1727 deo
318 1674 628 1744 pronuntiata
655 1683 796 1739 sunt,
849 1673 1151 1743 intelligitur.
1228 1673 1366 1725 Haec
1405 1673 1533 1724 enim
1561 1674 1618 1725 in'
1643 1690 1703 1726 eo
1735 1674 1813 1743 qui
1845 1674 2058 1743 loquitur

143 1777 255 1812 esse
291 1760 407 1811 illud
446 1777 584 1811 suum
624 1758 831 1810 habent:
885 1759 999 1810 illud
1034 1777 1152 1811 vero
1193 1759 1242 1810 in
1281 1776 1340 1810 eo
1366 1775 1475 1809 esse
1509 1776 1647 1810 suum
1675 1758 1883 1829 positum
1916 1758 2061 1810 babet

144 1844 268 1914 quod
295 1862 323 1896 a
349 1853 484 1914 patre
510 1842 701 1913 genitus
730 1844 812 1909 sit,
853 1853 902 1894 et
929 1844 1086 1894 eidem
1117 1844 1358 1895 auscultet
1381 1861 1437 1895 ac
1465 1842 1725 1894 ministret.
1803 1842 1944 1895 Hanc
1970 1843 2061 1913 igi-

144 1937 224 1980 tur
261 1928 540 1999 hypostasin
580 1937 741 1997 patres
781 1928 1099 1980 substantiam
1138 1936 1395 1980 vocarunt.

291 2012 601 2084 Quapropter
621 2012 772 2064 filium
795 2013 918 2082 patri
942 2012 1146 2064 similem
1175 2012 1225 2063 in
1250 2012 1470 2064 omnibus
1497 2011 1829 2080 intelligimuS,
1871 2021 1919 2063 et
1943 2011 2057 2063 hae·
2077 2022 2176 2077 Cap.
2198 2021 2314 2064 XIII.

149 2099 248 2151 resi
284 2099 382 2163 illi,
435 2115 558 2168 quae
598 2099 835 2150 adversus
877 2098 1135 2149 ecclesiam
1179 2115 1333 2167 nuper
1360 2105 1435 2149 est
1469 2097 1712 2161 excitata,
1764 2095 2057 2148 resistimus·

149 2182 293 2253 Quae
329 2183 520 2252 quidem
565 2182 782 2234 haeresis
809 2182 1056 2235 voluntate
1089 2191 1137 2234 et
1166 2184 1357 2235 actione
1396 2182 1501 2235 sola
1543 2181 1693 2250 patris
1734 2181 1884 2232 filium
1930 2180 2063 2232 simi-

149 2267 241 2319 lem
274 2285 384 2319 esse
411 2267 719 2337 pronuntiat3
772 2268 984 2319 essentia
1019 2285 1138 2320 vero
1170 2269 1366 2320 eosdem
1395 2268 1524 2318 inter
1552 2283 1606 2318 se
1636 2282 1747 2317 esse
1781 2265 2059 2317 dissimiles.

150 2351 291 2404 Adeo
325 2361 377 2404 ut
419 2370 486 2404 ex
514 2352 781 2404 recentium
818 2351 987 2403 horum
1016 2351 1371 2404 baereticorum
1408 2353 1603 2403 decreto
1645 2348 1733 2400 filii
1759 2350 1983 2402 voluntas
2016 2358 2062 2401 et

151 2437 277 2488 actio
304 2437 541 2488 voluntati
585 2436 648 2487 sit
689 2435 838 2505 patris
870 2435 1146 2505 actionique
1184 2438 1385 2501 similis,
1436 2436 1565 2488 filius
1595 2443 1758 2486 tamen
1785 2435 1887 2505 ipse
1917 2434 2066 2504 patris

153 2520 217 2572 sit
245 2520 509 2572 dissimilis.
585 2519 852 2589 Propterea
890 2538 1009 2574 vero
1044 2521 1131 2572 filii
1156 2523 1454 2574 voluntatem
1486 2530 1535 2573 et
1563 2519 1803 2571 actionem
1835 2528 2066 2588 paternae

152 2605 414 2658 voluntatis
443 2613 492 2655 et
523 2604 730 2656 actionis
757 2604 959 2657 similem
990 2623 1100 2657 esse
1127 2607 1324 2671 volunt,
1378 2605 1529 2658 filium
1564 2604 1720 2674 ipsum
1759 2605 1911 2674 patris
1956 2620 2066 2655 esse

153 2689 356 2741 similem
402 2699 608 2759 negant3
663 2690 787 2758 quod
818 2690 967 2741 filium
997 2708 1024 2741 a
1052 2700 1189 2760 patre
1222 2691 1417 2743 minime
1458 2688 1701 2760 genitum,
1755 2689 1841 2739 sed
1875 2697 2066 2740 creatu-

154 2791 258 2825 ram
299 2773 534 2825 duntaxat
574 2791 687 2826 esse
727 2773 818 2825 sibi
848 2775 1207 2843 persuaserint,
1266 2785 1411 2845 atque
1449 2776 1496 2826 in
1539 2793 1598 2828 eo
1637 2794 1666 2828 a
1705 2775 1882 2828 creatis
1921 2772 2067 2824 rebus

157 2858 335 2910 distare
366 2857 543 2911 ceteris
573 2859 697 2928 quod
727 2867 775 2909 et
801 2859 1129 2927 magnitudine
1159 2860 1441 2926 antecellit,
1483 2869 1532 2911 et
1554 2868 1666 2912 ante
1694 2858 1856 2911 omnia
1884 2857 2067 2920 extitit,

157 2951 207 2994 et
228 2942 397 2993 eodem
421 2943 553 2994 velut
579 2943 863 2994 administro
892 2943 1184 3011 reliquorum
1209 2946 1268 2996 ad
1293 2944 1655 3014 productionem
1682 2962 1799 2996 usus
1825 2951 1900 2994 est
1928 2941 2066 2992 deus.

160 3024 590 3095 Quandoquidem,
630 3027 764 3079 aiunt
793 3027 1054 3091 haeretici,
1109 3038 1274 3081 cetera
1317 3031 1434 3081 deus
1473 3048 1559 3099 per
1590 3028 1742 3080 filium
1775 3025 2069 3098 procreavit,

158 3110 414 3180 ipsummet
444 3128 564 3163 vero
598 3112 748 3163 filium
788 3129 885 3163 non
928 3111 1126 3163 alterius
1163 3112 1474 3178 interventu,
1532 3114 1617 3165 sed
1644 3130 1731 3182 per
1762 3111 2073 3178 semetipsum

162 3194 403 3259 condidit,
453 3196 782 3263 magnitudine
835 3204 884 3247 et
920 3196 1100 3247 virtute
1151 3198 1328 3250 ceteris
1367 3205 1711 3268 praestantem.
1789 3194 1917 3245 Hinc
1957 3209 2075 3243 eun-

164 3279 271 3330 dem
310 3279 610 3348 unigenitum
649 3280 796 3332 filium
835 3279 1110 3350 appellavit.

304 3460 414 3514 Nos
435 3471 622 3527 autem,
661 3465 739 3532 qui
771 3464 820 3515 in
849 3462 1086 3515 ecclesiae
1117 3462 1382 3515 catholicae
1412 3471 1546 3533 parte
1577 3477 1917 3524 numeramur,
1972 3478 2077 3512 cum
2100 3470 2333 3527 Cap.X1V.

169 3562 196 3598 e
225 3545 476 3616 scripturis
504 3548 657 3600 sacris
690 3549 803 3600 fidei
833 3546 1182 3618 professionem
1213 3546 1542 3611 hauserimus,
1584 3546 1655 3598 sic
1687 3545 1954 3597 habemus:
1997 3561 2082 3614 pa·-

170 3714 272 3756 tiam
300 3728 399 3756 vero
432 3714 667 3757 dissimilem
696 3729 785 3757 esse
811 3715 938 3757 filium
994 3715 1092 3767 atri)
1146 3719 1249 3765 petes
1285 3716 1514 3756 vocabulum
1554 3708 1653 3757 ἄλλο
1691 3727 1739 3756 ex
1764 3716 1951 3757 vocabulo
1991 3709 2084 3756 οἶνό-

173 3774 207 3811 et
237 3773 420 3813 Petamus
457 3775 641 3823 suspicati
677 3778 765 3813 sunt
803 3769 909 3815 κατὰ
945 3729 993 3815 ὃς
1021 3769 1095 3825 τὴν
1154 3784 1293 3824 μοιον,
1323 3773 1379 3810 ita
1406 3775 1447 3810 ut
1472 3772 1665 3811 scribatur
1694 3768 1802 3814 κατὰ
1830 3768 1879 3814 δὲ
1907 3767 1953 3812 τὸ
1986 3763 2085 3811 ἄλλο

174 3822 316 3869 ου’σίαν
339 3823 540 3880 ἀνόμοιον.
586 3830 834 3870 Probabilius
857 3830 1017 3879 fortasse
1036 3839 1095 3868 re·
1153 3823 1341 3879 ἀνόμοιον
1370 3831 1452 3867 cett.

261 3894 405 3939 Corpus
426 3894 648 3932 Haereseol.
673 3894 717 3931 11.
740 3898 773 3932 3.
1721 3902 1752 3950 7
