2508 4134
524 289 747 331 PANARII
778 289 881 329 Lm.
909 289 981 328 111.
1008 290 1142 330 ToM.
1167 291 1197 330 1.
1224 290 1389 330 HAER.
1417 289 1613 330 mcxlv,
1914 279 2011 328 175

127 388 275 439 tentia
304 387 549 438 reddatur.
624 387 700 437 Ad
729 386 930 437 eundem
963 386 1122 452 itaque
1153 387 1338 436 modum
1370 386 1428 437 de
1453 385 1623 453 spiritu
1654 395 1703 437 et
1737 385 1829 436 filio
1857 395 1906 436 et
1933 404 2014 454 pa-

126 480 200 522 tre
225 471 535 539 pronuntiare
560 470 817 532 convenit,
873 476 923 518 et
950 485 1090 518 unam
1121 469 1180 518 iis
1211 468 1533 535 cognitionem
1563 486 1619 519 ac
1649 469 2010 536 praescientiam

125 555 368 617 tribuere,
419 571 478 605 eo
515 553 638 622 quod
675 561 985 603 sacrosancta
1024 550 1211 602 trinitas
1249 569 1334 601 sua
1379 552 1497 602 haud
1539 552 1678 603 dubie
1719 554 2012 622 perfectione

126 646 175 688 et
209 637 459 689 identitate
496 645 702 688 constet.

263 719 363 773 Sed
396 722 453 773 de
482 721 555 772 bis
581 719 799 771 omuibus
823 718 1013 770 infinita
1042 719 1271 786 quaedam
1311 716 1541 786 disputari
1582 728 1808 786 possunt,
1859 729 1908 771 et
1934 720 2006 771 in·
2022 723 2249 779 Cap.X1V.

125 823 355 856 uumerae
381 805 533 855 sacris
575 821 600 854 c
628 803 780 854 literis
809 803 1121 853 auctoritates
1151 803 1358 864 adferri,
1412 810 1460 852 ut
1490 803 1535 851 in
1566 802 1756 869 longum
1788 806 2013 872 producta

124 888 384 939 lectoribus
427 888 627 938 molesta
665 887 727 938 sit
771 887 945 937 oratio.
1025 884 1122 937 Sed
1171 903 1258 936 nos
1301 886 1348 935 iu
1398 902 1678 952 unaquaque
1729 889 2013 939 confutanda

126 972 313 1023 haeresi
341 972 459 1023 satis
491 971 635 1021 multa
663 971 757 1021 iam
786 969 1023 1034 diximu8‚
1064 978 1113 1019 et
1135 986 1302 1020 omnes
1333 970 1495 1019 divino
1526 969 1763 1035 praesidio
1794 972 1901 1021 freti
1927 989 2015 1023 nos

124 1055 237 1106 licet
266 1055 529 1107 imbecilles
555 1054 844 1118 evertimus,
885 1062 1026 1121 atque
1052 1071 1079 1104 a
1105 1053 1308 1103 veritate
1343 1069 1451 1103 esse
1482 1053 1666 1103 alienas
1698 1055 2011 1118 ostendimuS,

126 1156 214 1190 nec
256 1157 351 1190 non
394 1148 443 1189 et
472 1138 685 1206 singulas
725 1138 828 1189 sive
872 1137 918 1187 in
959 1137 1138 1204 exigua
1167 1135 1323 1204 aliqua
1351 1154 1432 1200 re,
1486 1137 1589 1187 sive
1620 1137 1664 1187 in
1697 1138 1863 1188 maiori
1889 1141 2016 1189 veri-

126 1223 210 1273 tati
251 1221 595 1285 contumeliose
636 1221 890 1272 detrahere
920 1230 1061 1288 atque
1089 1221 1314 1287 ablegare
1355 1222 1584 1272 funditus.
1661 1219 1801 1288 Quod
1829 1222 2014 1289 quidem

125 1314 174 1357 et
207 1306 288 1357 isti
333 1307 495 1357 facere
533 1306 785 1357 instituunt
825 1305 903 1372 qui
947 1305 1188 1355 domiuum
1222 1322 1279 1356 ac
1319 1306 1535 1373 spiritum
1578 1314 1795 1356 sanctu-m
1839 1308 2015 1357 frustra

124 1389 426 1441 contumeliis
457 1399 691 1452 onerant,
733 1406 888 1457 neque
918 1398 999 1439 aut
1026 1392 1102 1438 lzz‘e
1126 1399 1208 1438 aut
1233 1393 1280 1438 in
1300 1391 1464 1456 ficturo
1488 1392 1700 1452 saeculo,
1756 1398 1807 1440 ut
1832 1390 2007 1440 domini
2068 1396 2204 1474 {¹2³2}

124 1473 287 1526 verbis
315 1483 448 1537 utar,
499 1482 803 1542 peccatorum
841 1473 1219 1537 relaxationem,
1272 1474 1331 1524 ob
1368 1491 1502 1524 suam
1534 1474 1660 1524 illam
1705 1474 1753 1523 iu
1799 1474 2015 1542 spiritum
2124 1465 2134 1481 '
2195 1466 2203 1474 ⁸

123 1566 339 1608 sanctum
368 1557 738 1626 blasphemiam,
793 1556 1011 1607 obtinere
1043 1565 1269 1625 possunt:
1322 1557 1402 1625 qui
1441 1557 1499 1607 ab
1538 1558 1639 1626 ipsa
1667 1559 1873 1609 veritate
1910 1576 2017 1627 pro·

124 1640 295 1692 culcati
320 1650 459 1705 suut,
515 1638 750 1692 Cerastae
778 1641 1020 1692 cuiusdam
1049 1640 1203 1692 instar
1230 1642 1408 1692 atrocis
1438 1650 1486 1691 et
1509 1642 1650 1692 unico
1676 1658 1827 1692 cornu
1866 1651 2016 1693 metu·

124 1725 253 1776 endi.
330 1723 468 1775 Talis
509 1725 636 1775 enim
680 1733 754 1774 est
795 1724 1115 1793 blasphemiae
1155 1742 1356 1788 sensuS‚
1411 1724 1490 1792 qui
1527 1743 1700 1794 corpus
1739 1726 2016 1777 universum

124 1826 431 1875 corrumpere
481 1817 654 1875 potest.
730 1806 798 1858 Et
839 1826 924 1860 nos
971 1809 1158 1876 quidem
1205 1810 1382 1859 domini
1425 1826 1650 1860 sermone
1696 1818 1744 1860 et
1785 1810 2017 1877 unigeniti

126 1909 241 1944 vera
275 1892 575 1960 professione
616 1892 836 1960 persuasi
869 1894 1135 1957 credimus,
1189 1894 1234 1944 ei
1265 1894 1343 1961 qui
1375 1896 1703 1958 blasphemarz‘t
1729 1898 1776 1943 z'n
1804 1899 2016 1960 spiritum

123 1986 332 2026 sanctum
356 1995 501 2043 neque
536 1980 584 2027 in
613 1979 698 2026 hoc
733 1979 917 2026 saeculo
953 1995 1035 2026 nec
1063 1981 1110 2026 in
1142 1979 1308 2043 futuro
1345 1982 1688 2028 condonandum
1728 1997 1826 2028 esse
1853 1998 2017 2044 pecca-

127 2070 248 2121 tum,
293 2069 341 2123 ut
379 2061 606 2112 diximus.
683 2058 850 2127 Quare
896 2060 1158 2128 proculcati
1196 2061 1261 2112 illi
1302 2071 1350 2113 et
1381 2062 1540 2112 obtriti
1570 2071 1712 2125 sunt3
1764 2080 1851 2114 nec
1891 2064 2018 2114 veri-

128 2145 212 2196 tati
248 2145 478 2196 resistcre
515 2153 789 2214 potuerunt.
863 2143 990 2195 Nam
1019 2145 1244 2196 haereses
1274 2163 1440 2197 omnes
1479 2164 1532 2196 re
1571 2163 1685 2197 vera
1710 2157 1878 2211 portae
1906 2158 2017 2198 sunt
2070 2156 2207 2236 {2²³5}

128 2231 413 2295 inferorum,
472 2246 593 2297 quae
621 2230 853 2280 adversus
886 2238 1067 2297 petram
1099 2229 1214 2280 nihil
1253 2231 1448 2280 omnino
1484 2231 1654 2281 virium
1687 2232 1864 2282 habere
1907 2250 2014 2300 pos·
2119 2225 2129 2244 '
2195 2227 2204 2236 ”

127 2321 261 2363 sunt.
332 2311 526 2364 Etenim
556 2313 598 2364 si
627 2330 688 2364 ex
717 2314 809 2364 illis
837 2313 1049 2363 nonnulli
1076 2314 1201 2364 istud
1231 2314 1442 2365 obiicere
1467 2315 1735 2366 voluerint:
1775 2314 1884 2367 Nos
1912 2333 2015 2367 eam

125 2395 235 2447 fidei
277 2397 527 2448 formulam
567 2415 687 2465 quae
725 2398 772 2448 in
811 2395 1031 2448 Nicaena
1059 2399 1243 2466 synodo
1273 2399 1498 2467 exposita
1526 2408 1601 2449 est
1634 2408 1680 2449 et
1705 2400 1795 2468 ipsi
1826 2402 2016 2468 profite-

125 2497 261 2544 mur,
315 2481 433 2531 doce
464 2481 611 2547 igitur
649 2499 714 2532 ex
754 2481 830 2531 illa
871 2482 1089 2549 spiritum
1129 2493 1346 2533 sanctum
1385 2483 1432 2532 in
1467 2482 1713 2534 divinitate
1747 2485 2015 2549 numerari,

127 2564 270 2615 etiam
313 2564 394 2615 illa
438 2565 539 2632 ipsa
580 2565 884 2617 confessione
926 2566 1228 2617 refellentur.
1317 2565 1616 2634 Quamquam
1651 2569 1777 2619 nulla
1818 2578 1915 2620 tum
1959 2570 2017 2621 de

127 2647 296 2718 spiritu
329 2656 497 2699 sancto
544 2649 700 2700 fuerat
733 2649 947 2700 instituta
994 2650 1231 2717 quaestio.
1309 2648 1497 2719 Quippe
1529 2652 1586 2702 de
1626 2651 1727 2715 bis,
1767 2670 1888 2720 quae
1919 2653 2018 2705 sin-

126 2732 251 2799 gulis
295 2731 587 2801 temporibus
632 2741 915 2797 occurrunt,
982 2751 1155 2785 cavere
1201 2735 1371 2803 synodi
1420 2753 1477 2785 ac
1527 2737 1790 2787 decernere
1839 2738 2014 2788 solent.

129 2814 295 2884 Quare
323 2834 427 2868 cum
461 2815 609 2866 Arius
647 2816 694 2866 in
725 2816 868 2866 filium
897 2817 1145 2868 maledicta
1179 2819 1468 2881 coniiceret,
1521 2828 1775 2888 propterea
1808 2821 2018 2872 uberiori

129 2901 330 2968 quadam
371 2900 689 2968 disputatione
727 2909 1057 2966 argumentum
1100 2901 1212 2952 illud
1244 2911 1319 2953 est
1348 2903 1709 2955 accuratissime
1739 2913 2011 2956 tractatum.

127 2983 311 3036 Verum
351 3002 416 3036 ex
459 2985 623 3035 eadem
660 2985 765 3034 fidei
802 2985 1104 3052 professione
1148 2985 1532 3039 animadvertere
1570 2989 1710 3051 licet,
1765 3006 1826 3039 ne
1854 2988 2016 3040 bacin

129 3077 265 3137 parte
301 3068 487 3136 quidem
524 3069 899 3119 contumeliosos
936 3068 1043 3118 illos
1078 3068 1124 3118 in
1166 3069 1380 3137 spiritum
1424 3071 1693 3122 haereticos
1739 3089 1794 3122 ac
1820 3072 2016 3140 spiritus

129 3162 502 3222 oppugnatores,
535 3162 582 3204 et
604 3153 662 3203 ab
687 3154 790 3204 eius
816 3153 1068 3203 sanctitate
1097 3169 1152 3201 ac
1180 3154 1316 3203 donis
1338 3155 1520 3205 alienos
1547 3155 1792 3222 quicquam
1822 3157 2016 3208 omnino

129 3237 310 3288 dicere.
387 3235 630 3305 Siquidem
673 3237 914 3305 expositio
954 3236 1053 3303 ipsa
1091 3237 1344 3286 veritatem
1375 3238 1576 3288 subinde
1601 3240 1875 3306 profitetur,
1926 3258 2015 3291 nee

129 3330 292 3389 negat.
369 3325 631 3381 Credimus,
674 3322 856 3389 inquit,
897 3324 943 3368 in
972 3337 1108 3368 unum
1136 3323 1265 3369 deum
1292 3331 1471 3385 patrem
1496 3326 1858 3386 ommpotenlem.
1921 3322 2013 3376 Ubi

129 3423 231 3456 vox
259 3405 374 3468 ista,
417 3409 667 3465 Credimus,
712 3423 804 3455 non
835 3403 1114 3471 simpliciter
1142 3404 1436 3471 accipienda,
1478 3407 1560 3456 sed
1595 3407 1651 3456 de
1679 3406 1767 3458 fide
1794 3407 1840 3457 iu
1874 3408 2011 3459 deum

129 3489 437 3557 intelligenda
466 3490 614 3540 venit.
689 3493 756 3538 Et
780 3493 826 3538 z'n
855 3506 990 3537 unum
1021 3490 1248 3535 dominum
1268 3492 1417 3537 Iesum
1447 3492 1696 3550 Christum,
1739 3508 1892 3559 neque
1923 3492 2013 3543 hoc

129 3581 383 3640 utcumque
412 3573 604 3636 dictum,
646 3574 728 3624 sed
753 3574 809 3622 ad
838 3573 972 3622 fidem
1003 3571 1050 3620 iu
1086 3571 1222 3620 deum
1254 3573 1579 3623 referendum.
1642 3578 1707 3624 Et
1729 3579 1776 3625 in
1799 3580 2011 3641 spiritum

127 3666 363 3715 sanctum,
419 3657 540 3724 quod
573 3674 726 3724 neque
752 3655 1028 3724 simpliciter
1051 3663 1326 3722 usurpatum
1358 3663 1459 3718 cst,
1515 3658 1599 3708 sed
1628 3658 1675 3708 in
1705 3676 1845 3710 unam
1874 3677 2013 3729 prae-

130 3740 415 3791 dicationem
444 3758 500 3791 ac
527 3740 756 3808 gloriam,
796 3740 843 3790 in
870 3757 1012 3791 unam
1039 3738 1300 3790 divinitatis
1327 3739 1741 3808 coniunctionem,
1792 3743 1841 3795 in
1867 3762 2011 3796 unam
