2508 4134
553 306 777 347 PANARII
807 305 912 345 me.
930 306 1004 345 111.
1033 306 1167 345 ToM.
1187 307 1238 346 11.
1270 305 1435 346 HAER.
1456 306 1670 345 Lxxvu.
1951 292 2051 343 349

156 404 413 456 transtulit.
490 403 815 471 Quamobrem
857 421 962 454 cum
1007 403 1096 452 hoc
1138 420 1162 452 a
1202 404 1408 453 satellite
1446 404 1721 470 vapularet,
1776 401 1909 470 quasi
1949 401 2052 469 ipse

152 498 425 559 pateretur,
468 492 589 553 Quid
613 506 708 548 me,
749 487 928 554 inquit,
982 490 1176 539 caede'sss
1226 504 1425 554 cumque
1455 489 1585 554 tami
1616 497 1784 538 natura
1817 504 1909 537 non
1938 503 2048 554 pos·
2114 497 2246 583 {3⁰3}

153 581 252 636 set,
312 573 619 624 nihilominus
664 570 812 633 dixit,
869 575 1068 620 Dorsum
1114 588 1256 619 meum
1299 574 1408 619 dedz
1443 590 1489 620 m
1514 575 1743 638 flagella,
1800 582 1847 620 et
1880 573 2047 637 faeiem

151 674 293 706 meam
316 676 407 707 non
428 661 628 707 avertia
653 661 816 721 speetzk.
896 652 1036 721 Quae
1067 654 1192 704 enim
1229 654 1433 704 humana
1464 656 1599 705 verbi
1631 665 1801 707 natura
1834 654 2044 724 patieba-
2068 666 2158 702 Esai
2182 667 2282 711 5o‚e.

152 749 258 804 tur,
313 740 430 792 haec
459 743 716 810 ipsummet
745 738 944 790 verbum
977 739 1024 788 in
1057 755 1167 789 sese
1197 739 1463 788 transferre
1501 739 1682 802 voluit,
1740 748 1791 789 ut
1818 757 1905 789 nos
1932 738 2051 789 divi-

153 824 316 875 nitatis
362 825 496 875 verbi
541 823 797 894 participes
843 839 951 873 esse
994 840 1263 890 possemus·
1344 819 1450 888 Qua
1491 822 1537 871 in
1571 840 1625 872 re
1655 823 1899 891 singulare
1939 823 2051 872 illud

151 909 354 972 accidit,
413 909 537 960 idem
569 918 622 960 ut
663 908 849 978 patiens
877 915 1034 971 esset,
1094 915 1144 956 et
1174 905 1290 956 nihil
1332 906 1549 974 patienS,
1607 907 1792 974 patiens
1839 907 2048 974 quidem,

153 994 278 1061 quod
305 993 547 1063 proprium
587 993 692 1044 eius
726 1000 973 1061 pateretur
1015 1008 1217 1058 corpuS‚
1276 998 1323 1039 et
1352 990 1399 1039 in
1426 991 1636 1058 patiente
1662 990 1766 1059 ipso
1795 991 2050 1055 resideret,

152 1077 269 1128 nihil
299 1077 486 1146 patiens
519 1094 666 1142 vero,
718 1077 842 1145 quod
870 1094 975 1126 cum
1009 1074 1210 1126 verbum
1241 1083 1410 1125 natura
1439 1076 1556 1125 deus
1583 1075 1675 1137 sit,
1731 1074 1789 1125 ab
1815 1075 1942 1125 omui
1972 1092 2054 1143 pa-

152 1161 301 1212 tiendi
338 1162 613 1213 conditione
652 1161 715 1212 sit
753 1161 980 1210 immune.
1060 1156 1303 1225 Quocirca
1346 1159 1546 1209 verbum
1591 1159 1779 1226 quidem
1820 1158 1973 1227 ipsum
2005 1160 2051 1208 in

151 1246 332 1314 patibili
373 1264 576 1315 corpore
609 1242 945 1314 incorporeum
981 1242 1096 1306 fuit,
1150 1260 1323 1311 corpus
1366 1252 1522 1293 autem
1563 1243 1820 1311 impatibile
1854 1243 2053 1294 verbum

153 1330 316 1380 habuit
345 1329 394 1381 in
417 1347 560 1394 sese,
602 1329 726 1398 quod
752 1328 826 1379 sui
857 1328 1075 1397 corporis
1104 1326 1456 1378 imbecillitates
1489 1328 1816 1396 extingueret.
1893 1327 2052 1395 Atque

152 1415 243 1466 hoc
274 1432 332 1466 eo
361 1414 562 1466 consilio
595 1414 824 1477 faciebat,
865 1413 1025 1480 itaque
1050 1429 1104 1462 se
1133 1411 1312 1462 habere
1338 1412 1592 1477 voluerat,
1634 1421 1687 1463 ut
1712 1421 1874 1463 nostra
1904 1412 2055 1462 susci-

153 1499 318 1567 pienS,
377 1499 505 1550 etin
539 1497 824 1550 sacrificium
871 1497 1083 1547 offerens
1126 1495 1335 1546 funditus
1377 1497 1589 1560 deleret,
1649 1515 1705 1547 ac
1736 1498 1923 1547 demum
1955 1496 2055 1547 suis

152 1601 242 1634 nos
273 1584 621 1651 quodammodo
664 1583 878 1633 vestiens
908 1581 1214 1632 occasionem
1247 1581 1464 1649 apostolo
1493 1581 1629 1631 daret
1656 1581 1748 1632 ista
1780 1581 2051 1631 scribendi:

155 1671 347 1732 Oportet
364 1668 665 1732 corruptibile
686 1667 772 1715 hoe
799 1670 990 1716 induere
1016 1670 1422 1731 incorruptionem,
1463 1676 1510 1715 et
1534 1669 1728 1716 mortale
1753 1669 1838 1714 hoe
1866 1668 2056 1715 induere

155 1754 559 1801 immortalitatem.

292 1832 430 1902 Quae
461 1835 619 1885 omnia
663 1853 756 1885 uon
798 1835 905 1884 ficte
935 1852 990 1885 ac
1024 1834 1245 1886 simulate
1273 1843 1407 1902 gesta
1434 1844 1573 1899 sunt3
1629 1835 1822 1886 minime
1867 1835 2052 1903 quidem
2088 1836 2184 1894 Cap.
2201 1840 2279 1880 IX.

152 1927 204 1970 ut
234 1919 450 1970 nonnulli
481 1936 731 1988 perperam
766 1918 1087 1970 arbitrantur:
1146 1920 1229 1970 sed
1259 1937 1364 1970 cum
1397 1919 1611 1970 salvator
1638 1938 1802 1970 verum
1834 1937 1885 1970 se
1913 1921 2056 1971 fecis-

153 2013 228 2054 set
253 2003 520 2067 hominem,
574 2004 718 2054 totius
762 2012 835 2054 est
867 2003 1072 2054 hominis
1106 2005 1235 2055 salus
1274 2013 1553 2054 consecuta.
1629 2003 1755 2055 Nam
1788 2006 1827 2056 si
1862 2005 2056 2056 simula-

154 2087 283 2138 tione
312 2088 413 2138 sola
436 2087 655 2149 ,verbum
676 2126 689 2152 ,
747 2096 797 2137 ut
830 2087 897 2138 illi
930 2090 1172 2151 sentiunt,
1229 2096 1360 2139 esset
1392 2088 1440 2138 in
1475 2106 1705 2155 corpore,
1748 2090 1870 2158 quod
1898 2099 2054 2140 autem

154 2172 460 2223 simulatione
492 2189 601 2222 esse
641 2171 745 2222 sola
772 2172 944 2223 dicitur
983 2173 1317 2240 imaginarium
1353 2181 1451 2236 est,
1512 2190 1814 2241 consequens
1846 2183 1978 2225 esset
2005 2184 2055 2224 ut

152 2265 202 2306 et
231 2255 361 2307 salus
394 2256 636 2306 hominum
671 2273 726 2306 ac
761 2256 1058 2308 resurrectio
1100 2257 1308 2325 imagine
1339 2259 1443 2308 sola
1475 2265 1521 2308 et
1551 2258 1910 2309 adumbratione
1952 2258 2055 2308 lieri

152 2340 420 2404 diceretur,
462 2357 584 2409 quae
613 2349 689 2391 est
714 2340 844 2409 impii
877 2338 1152 2392 Manichaei
1178 2341 1439 2392 sententia.
1517 2341 1663 2410 Atqui
1693 2360 1786 2394 uon
1818 2343 1919 2394 sola
1948 2359 2055 2411 spe·

154 2424 227 2474 oie
256 2435 527 2493 comparata
557 2425 694 2476 uobis
722 2425 853 2476 salus
885 2434 989 2488 est,
1046 2435 1126 2476 aut
1156 2426 1247 2476 soli
1279 2425 1454 2477 tributa
1487 2428 1709 2496 corpori,
1762 2429 1844 2478 sed
1875 2428 1961 2477 toti
1987 2427 2059 2478 vi-

155 2507 327 2558 delicet
367 2508 576 2572 homini,
631 2508 851 2573 animae,
906 2509 1127 2577 inquam,
1184 2511 1375 2579 corpori
1417 2512 1547 2563 salus
1588 2521 1661 2562 est
1695 2512 1853 2579 reipsa
1895 2514 2057 2564 conci-

153 2592 285 2643 liata.
363 2590 532 2660 ltaque
575 2610 747 2661 corpus
790 2593 903 2643 illud
949 2594 1232 2658 salvatoriS,
1287 2597 1440 2663 quod,
1500 2606 1550 2647 ut
1582 2614 1749 2648 sacrae
1785 2598 1951 2649 literae
1986 2607 2057 2648 te-

154 2684 369 2740 stantur,
411 2694 437 2727 e
468 2675 627 2727 Maria
657 2677 954 2743 desumptum
981 2687 1085 2741 est,
1128 2679 1384 2730 humanum
1414 2698 1470 2731 ac
1498 2699 1663 2732 verum
1697 2682 1877 2732 extitit.
1955 2681 2057 2732 Ve-

153 2778 286 2824 rum,
339 2761 563 2828 inquam,
617 2769 872 2829 propterea
903 2762 1025 2829 quod
1053 2763 1175 2813 idem
1207 2765 1401 2815 omnino
1428 2783 1533 2815 cum
1566 2775 1733 2817 nostro
1766 2767 1872 2816 fuit.
1947 2765 2056 2817 Ma-

152 2845 226 2896 ria
255 2845 425 2914 quippe
455 2862 597 2896 soror
625 2854 792 2895 nostra
826 2845 942 2908 fuit,
997 2864 1101 2897 cum
1138 2848 1194 2897 ab
1228 2848 1418 2899 Adamo
1456 2850 1691 2918 originem
1722 2868 1889 2902 omnes
1917 2867 2053 2901 acce-

153 2929 383 2999 perimus.
459 2927 633 2997 Neque
663 2946 779 2980 vero
821 2930 1126 2981 dubitandum
1160 2949 1213 2983 ea
1245 2935 1301 2983 de
1327 2951 1380 2983 re
1414 2935 1625 3002 putabit,
1680 2936 1828 3002 siquis
1865 2951 1919 2985 ca
1955 2952 2054 2985 me-

152 3013 345 3065 minerit
387 3031 508 3081 quae
552 3022 664 3064 sunt
695 3032 721 3064 a
756 3012 890 3064 Luca
923 3014 1121 3082 scripta.
1200 3013 1321 3067 Cum
1356 3019 1481 3068 enim
1524 3028 1632 3087 post
1672 3019 1798 3069 illius
1834 3036 2051 3070 resurre-

154 3098 360 3150 ctionem
398 3098 615 3149 nonnulli
656 3099 1018 3167 suspicareutur
1056 3117 1149 3149 non
1183 3100 1231 3150 in
1267 3103 1434 3153 eodem
1463 3102 1546 3153 illo
1577 3120 1777 3170 corpore
1810 3103 1932 3170 quod
1968 3117 2054 3153 ex·-

152 3200 371 3252 pressum
403 3200 428 3233 e
458 3181 617 3234 Maria
646 3184 799 3233 fuerat
830 3181 1069 3233 dominum
1101 3201 1209 3234 sese
1239 3186 1488 3251 contueri,
1530 3188 1614 3237 sed
1645 3184 1750 3237 eius*
1778 3187 1884 3236 loeo
1914 3187 2054 3254 spiri-

153 3274 251 3317 tum
286 3268 482 3331 offerri,
538 3266 606 3318 sic
635 3284 718 3317 eos
755 3268 991 3318 allocutus
1037 3276 1136 3318 est:
1195 3272 1352 3318 Videte
1379 3289 1542 3320 manus
1572 3281 1620 3319 et
1635 3275 1773 3335 pedes
1806 3290 1950 3331 meoS,
2008 3281 2055 3320 et
2073 3286 2303 3335 Luc.24‚39.

152 3355 348 3416 vestigia
377 3355 638 3413 clavorum,
680 3356 892 3418 quoniam
920 3371 1005 3416 ego
1034 3370 1134 3401 sum
1163 3356 1284 3417 epse,
1333 3358 1521 3420 palpate
1549 3365 1593 3404 et
1618 3359 1787 3415 videte,
1841 3360 2052 3420 quoniam

152 3438 347 3501 spzrz'tus
392 3454 574 3486 earnem
613 3446 659 3486 et
691 3454 794 3486 ossa
826 3455 916 3486 non
946 3438 1110 3496 habet,
1163 3442 1289 3486 sieut
1324 3457 1393 3487 me
1433 3443 1595 3488 velletis
1636 3441 1833 3488 habere.-
1889 3442 2053 3505 quibus

154 3522 290 3568 dietis
318 3524 517 3570 ostendit
542 3524 638 3570 illis
665 3539 827 3570 manus
850 3532 897 3570 et
913 3524 1070 3586 pedes.
1151 3519 1231 3571 Ex
1262 3540 1354 3589 quo
1380 3522 1446 3573 illi
1478 3523 1834 3591 redarguuntur
1860 3524 1937 3591 qui
1969 3525 2053 3574 do-

208 3630 246 3670 4.
277 3629 442 3700 γέγονεν
470 3633 574 3673 abest
602 3643 626 3673 α
655 3635 699 3673 Β.
1133 3647 1185 3684 ην
1211 3630 1251 3674 ἐν
1274 3634 1333 3687 τῷ
1362 3635 1421 3674 ed.
1445 3637 1569 3684 princ.
1609 3637 1935 3686 praepositionem
1960 3641 2056 3677 certe

209 3688 247 3726 ὃ.
280 3685 311 3728 τξ
343 3700 440 3729 σωτ.
472 3701 559 3742 γεγ.
593 3688 633 3731 ἐν
659 3684 776 3745 αὖτῳ
804 3690 864 3744 τῷ
893 3686 1003 3742 λόγω
1032 3690 1079 3729 Β.
1133 3691 1312 3729 cancellis
1338 3694 1485 3730 notavit
1514 3692 1708 3732 Petavius

210 3741 250 3783 6.
279 3758 332 3810 ην
361 3740 409 3785 τὸ
445 3744 569 3813 σῶμα
597 3745 669 3787 τοῦ
699 3732 849 3798 κυρίου
868 3747 910 3785 Β.
1190 3745 1231 3786 8.
1265 3758 1341 3798 με,
1370 3744 1442 3787 καὶ
1466 3749 1510 3786 Β.

209 3799 250 3842 7.
295 3813 348 3853 ην
376 3798 438 3854 τῷ
479 3797 544 3852 (τὸ
588 3802 670 3842 cod.
707 3802 804 3856 Ien)
843 3802 953 3841 codd.
989 3812 1078 3841 mss.
1192 3799 1230 3841 9.
1263 3799 1465 3851 ἐπέδειξεν
1496 3804 1538 3843 Β.
