2508 4134
192 3058 278 3096 pag.
294 3047 370 3085 152.

418 284 520 337 580
1127 289 1331 334 εΑΝοΤι
1359 290 1643 336 ΕΡῙΡΗΑΝΠ

417 392 627 459 εύματος
657 386 800 458 χάριν
830 385 1127 455 ἐτόλμησαν·
1167 390 1320 460 ἕτεροι
1347 392 1400 444 δὲ
1426 395 1690 455 δοκοῦντες
1714 393 2053 448 νεανιεύεσθαι
2088 400 2108 432 ¹
2130 390 2347 464 τολμῶν-

415 498 492 538 τες
517 472 654 545 παρά
679 472 794 536 τούς
822 471 1034 537 2ὄντας,
1086 471 1153 537 ὥς
1181 473 1280 529 &md
1311 474 1604 546 ὄρθοδόξων
1635 476 1939 548 ὁρμώμενοι,
1978 478 2209 550 σύλλογον
2236 481 2348 533 ἐαυ-

413 568 518 622 τοῖς
546 561 941 623 ἐπισπάσασθαι,
994 556 1111 611 άλλοὶ
1147 562 1232 613 καὶ
1258 559 1375 614 ἄνευ
1407 559 1694 632 ἐπικρίσεως
1721 561 1937 616 συνόδου
1966 566 2348 634 οἰκουμενοικῆς

417 646 762 714 ἆναβαπτίζειν
787 643 904 707 τούς
931 645 1222 714 ἐρχομένους
1248 645 1374 717 πρὸς
1400 646 1583 709 αὐτούς
1611 651 1770 715 δῆθεν
1801 647 1902 701 ἀπὸ
1930 647 2219 720 Ἀρειανῶν,
2257 669 2347 716 μη-

417 733 552 785 δέπω
579 737 669 784 τοῦ
698 730 984 802 πράγματος
1016 731 1065 793 ἐξ
1091 732 1399 803 ἐπικρίσεως,
1439 730 1506 795 ὥς
1543 739 1849 802 3προεῖπον,
1888 733 2105 789 συνόδου
2130 736 2347 804 τμηθέν-

412 839 521 882 τος,
577 815 660 869 διοὶ
686 815 739 870 vo*
775 816 954 883 ἀναμὶξ
992 813 1106 878 τούς
1132 815 1281 879 λαοῦς
1313 815 1549 888 ὖπάρχειν
1575 819 1646 870 ἔτι
1677 821 1849 889 δεῦρο,
1901 821 1987 873 καὶ
2017 818 2226 883 πολλοῦς
2259 820 2348 888 μὲν

411 901 537 956 εἶναι
578 900 915 973 ὄρθοδόξους,
965 900 1090 954 κατὰ
1133 903 1186 955 δὲ
1225 900 1491 972 ὑπόκρισιν
1534 902 1661 973 πρὸς
1699 902 1818 966 τούς
1866 904 2202 974 ἱερατεύοντας
2232 923 2347 959 συν-

411 989 687 1057 ημμένους,
740 988 832 1049 ἕως
868 985 929 1040 ἂν
965 986 1248 1057 ἆφορισμὸς
1280 989 1474 1057 γένηται
1505 994 1593 1056 τῆς
1627 987 1862 1057 τοιαύτης
1889 990 2185 1059 βλασφήμου
2217 990 2345 1059 αἶρέ·

411 1091 560 1138 σεως,
614 1074 698 1126 καὶ
740 1071 848 1125 τότε
888 1070 993 1125 κατ’
1034 1071 1188 1140 αὐτῆς
1231 1070 1565 1143 ὁρισθήσεται.
1628 1073 1720 1126 Ἐκ
1749 1074 1938 1129 τούτων
1974 1077 2028 1130 δὲ
2055 1081 2155 1130 τῶν
2187 1074 2346 1137 οὕτως

411 1158 842 1227 ἆναβαπτιζόντων
874 1155 960 1211 ἀπ’
990 1160 1119 1211 ι’δίου
1153 1157 1476 1226 κελεύσματος
1518 1161 1588 1221 εἰς
1616 1156 1852 1232 ἡμετέρας
1892 1158 2046 1224 άκοάς
2083 1166 2112 1198 4
2137 1159 2347 1228 ἀφῖκται

411 1242 481 1306 εἷς
505 1242 742 1316 ὑπάρχειν
769 1246 821 1297 ἐν
847 1249 909 1317 τῇ
932 1250 1029 1296 τῶν
1051 1247 1256 1296 Λυκίων
1275 1242 1411 1317 χώρα
1434 1245 1778 1315 πρεσβύτερος.
1852 1248 1971 1300 Εἰσὶ
2000 1246 2054 1299 δὲ
2078 1247 2162 1300 καὶ
2192 1244 2344 1309 ἄλλοι,

411 1324 480 1384 ὧν
507 1331 710 1392 ἕκαστος
734 1329 848 1383 καθ’
884 1327 1057 1382 ἕαυτὸν
1083 1327 1294 1397 εὔχεται,
1334 1331 1420 1382 καὶ
1450 1328 1511 1383 οὐ
1539 1329 1659 1398 μετά
1695 1353 1827 1394 τινος
1859 1330 1913 1385 τὸ
1945 1329 2213 1402 παράπαν,
2251 1331 2346 1384 ἕτε-

411 1438 492 1486 ροι
530 1415 583 1468 δὲ
626 1417 678 1469 ἐν
707 1422 890 1477 κλοιοῖς
916 1413 1051 1484 παρά
1091 1413 1176 1467 τόν
1201 1414 1392 1483 θεσμόν
1420 1420 1508 1483 τῆς
1537 1418 1807 1484 ἐκκλησίας.
1885 1415 2073 1487 Διόπερ
2109 1418 2188 1470 ἐπὶ
2223 1417 2347 1469 τέλει

390 1496 592 1562 ’παντός
619 1507 709 1554 τοῦ
731 1499 879 1571 λόγου
910 1502 1137 1562 νεανίδας
1171 1502 1194 1533 ⁵
1215 1502 1372 1568 ἔφην,
1413 1499 1479 1568 μὴ
1511 1500 1718 1569 ἐχούσας
1749 1499 1990 1573 ἀριθμόν,
2028 1501 2115 1564 τάς
2142 1523 2192 1555 τε
2219 1498 2345 1555 κατά

408 1584 499 1655 τὴν
525 1589 657 1639 ἰδίαν
688 1588 881 1639 ἔννοιαν
913 1591 934 1622 ⁶
953 1586 1151 1648 ἑαυταῖς
1182 1584 1519 1652 νεανιζούσας,
1576 1585 1678 1641 7οὕ
1711 1586 1808 1655 μὴν
1843 1589 1912 1650 εἰς
1939 1585 1994 1641 τό
2020 1585 2219 1659 ἆγαθὸν
2250 1583 2343 1638 θτδ

406 1678 618 1725 τελειοῦν
648 1677 733 1740 τῆς
765 1675 946 1738 σοφίας
974 1669 1032 1723 τά
1062 1674 1193 1739 εἴδη,
1250 1671 1538 1742 φρονήσεως
1576 1693 1626 1725 τε
1657 1674 1742 1726 καὶ
1781 1670 2008 1743 άνδρείας
2036 1674 2121 1726 καὶ
2147 1690 2344 1742 σωφρο-

407 1756 561 1826 σύνης
600 1759 684 1811 καὶ
720 1758 1060 1824 δικαιοσύνης·
1116 1759 1206 1820 9ἐξ
1235 1751 1305 1810 ὧν
1332 1756 1470 1811 ἄλλαι
1502 1761 1807 1823 νεανίζουσαι
1839 1760 1921 1812 ἐπὶ
1957 1756 2012 1812 τδ
2047 1754 2345 1829 τυραννικώ-

405 1865 546 1914 τερον
570 1844 655 1896 καὶ
681 1840 780 1896 άπὸ
807 1849 894 1911 τῆς
922 1840 1158 1910 άληθείας
1181 1841 1360 1906 ἑαυτάς
1387 1845 1694 1914 ἐκτρέπουσι,
1735 1843 1856 1898 ὥστε
1880 1842 1948 1913 μὴ
1975 1840 2099 1898 εἶναι
2123 1839 2345 1914 ἀριθμὸν

482 1928 494 1945 1

405 1951 607 1983 τουτων.

548 2100 694 2168 Αὕτη
725 2100 778 2154 δὲ
803 2098 838 2169 ’ἦ
864 2103 952 2168 μία
978 2098 1236 2171 περιστερά
1264 2101 1347 2154 καὶ
1375 2098 1489 2171 άγία
1517 2102 1772 2171 παρθένος
1798 2099 1923 2154 θεόν
1953 2097 2201 2170 ὁμολογεῖ,
2249 2119 2342 2150 πα-

404 2187 519 2256 τέρα
547 2187 630 2239 καὶ
660 2184 772 2239 υἱὸν
795 2188 879 2239 καὶ
911 2185 1054 2256 ἅγιον
1083 2192 1294 2254 πνεῦμα,
1333 2187 1519 2256 πατέρα
1542 2187 1739 2252 τέλειον,
1776 2184 1887 2239 υἱὸν
1913 2187 2111 2251 τέλειον,
2147 2189 2342 2251 πνεῦμα

405 2269 547 2342 ἅγιον
573 2273 766 2339 τέλειον,
808 2269 1077 2340 ὅμοούσιον
1098 2269 1188 2339 τὴν
1211 2271 1410 2340 τριάδα·
1449 2268 1569 2324 άλλοὶ
1595 2270 1680 2325 τὸν
1702 2270 1815 2325 υἷὸν
1851 2277 1909 2309 ¹⁰
1925 2273 1979 2325 ἐκ
2008 2267 2196 2341 πατρός
2223 2267 2341 2335 ἄλη-

403 2362 562 2419 θινῶς
584 2359 958 2428 γεγεννημένον,
1010 2358 1093 2409 καὶ
1133 2354 1188 2409 τὸ
1235 2355 1377 2426 ἅγιον
1408 2363 1600 2425 πνεῦμα
1631 2355 1724 2410 οὐκ
1756 2355 2011 2427 ἀλλότριον
2048 2353 2233 2425 πατρὸς
2258 2354 2342 2407 καὶ

404 2445 549 2507 υἱοῦ,
600 2436 755 2495 οὖσαν
792 2443 845 2494 δὲ
888 2440 963 2494 άεὶ
991 2440 1081 2509 τὴν
1105 2440 1307 2512 τριάδα,
1346 2443 1428 2494 καὶ
1466 2444 1709 2509 μηδέποτε
1738 2441 2034 2513 προςθήκην
2067 2439 2343 2508 ἐπιδεχομέ-

402 2549 520 2595 νην,
573 2525 641 2595 μὴ
669 2529 878 2595 ἔχουσαν
907 2528 961 2579 δέ
998 2549 1044 2579 τι
1074 2528 1125 2579 ἐν
1162 2533 1178 2562 ¹
1201 2532 1216 2562 ¹
1241 2528 1391 2601 ἑαυτῇ
1418 2525 1760 2596 ὖποβεβηκός,
1814 2530 1884 2591 εἷς
1912 2532 2028 2596 μίαν
2057 2527 2109 2579 δὲ
2137 2523 2341 2592 ἑνότητα

401 2614 486 2665 καὶ
514 2615 630 2679 μίαν
661 2610 812 2682 άρχὴν
840 2618 925 2665 τοῦ
956 2617 1084 2664 θεοῦ
1116 2613 1199 2664 καὶ
1236 2611 1421 2682 πατρὸς
1448 2612 1783 2683 ἀναγομένην,
1834 2615 1921 2666 καὶ
1958 2615 2012 2667 ἐκ
2040 2609 2221 2678 ταύτης
2252 2614 2342 2676 τῆς

399 2697 601 2767 τριάδος
641 2696 828 2767 πατρὸς
856 2699 940 2751 καὶ
970 2700 1084 2750 υἱοῦ
1125 2699 1211 2750 καὶ
1252 2695 1397 2768 άγίου
1433 2698 1710 2766 πνεύματος
1739 2698 1798 2752 τά
1829 2698 1991 2752 πάντα
2025 2699 2338 2760 12ἐκτίσθαι,

403 2781 496 2836 οὐκ
525 2780 644 2837 ὄντα
680 2783 823 2848 ποτὲ,
877 2781 988 2837 οὔτε
1026 2782 1233 2836 συνόντα
1266 2789 1334 2857 τῷ
1362 2790 1484 2857 θεῷ,
1525 2783 1638 2838 οὔτε
1681 2782 2160 2855 13σιεροῦτιτάρχοντα,
2197 2778 2333 2851 γενό-

403 2890 523 2937 μενα
562 2869 615 2922 δὲ
648 2871 702 2922 ἐκ
739 2874 828 2922 τοῦ
866 2866 932 2937 μὴ
971 2867 1112 2930 ὄντος
1152 2871 1222 2931 εἰς
1257 2867 1311 2922 τὸ
1367 2867 1568 2923 14εἶναι
1611 2870 1711 2924 άπὸ
1751 2869 1937 2941 πατρὸς
1974 2870 2058 2921 καὶ
2100 2869 2215 2920 υἱοῦ
2253 2865 2338 2918 καὶ

404 2952 548 3024 ἆγίου
578 2953 874 3023 πνεύματος·
931 2956 1015 3007 καὶ
1042 2960 1217 3008 τοῦτον
1259 2953 1345 3009 τᾶν
1373 2957 1558 3027 πατέρα
1597 2958 1680 3009 καὶ
1713 2955 1825 3010 υἱὸν
1860 2956 1944 3009 καὶ
1976 2951 2119 3024 ἅγιον
2147 2956 2339 3018 πνεῦμα

404 3047 509 3103 τοῖς
530 3038 684 3093 αὐτοῦ
709 3037 868 3111 άγίοις
890 3039 1255 3103 καταξιώσαντα
1278 3042 1330 3093 ἐν
1354 3039 1613 3105 ὀπτασίαις
1635 3049 1869 3110 φανῆναι,
1902 3038 2132 3107 καθάπερ
2160 3035 2333 3089 1ὅέδύ·

402 3147 520 3180 νατο
549 3127 750 3188 ἕκαστος
781 3133 954 3196 χωρεῖν
983 3124 1108 3179 κατά
1140 3124 1193 3179 τὸ
1222 3126 1434 3197 χάρισμα
1475 3134 1632 3196 ὶὸτῆς
1662 3129 1819 3181 αὐτοῦ
1848 3130 2058 3192 δυνατῆς
2081 3120 2336 3189 θεότητος,

403 3210 525 3283 ὅπερ
556 3213 791 3283 ἐχαρίζετο
820 3210 1009 3285 ἑκάστῳ
1036 3217 1134 3264 τῶν
1163 3213 1571 3280 καταξιουμένων,
1611 3211 1680 3282 πη
1710 3213 1796 3281 μὲν
1821 3211 2005 3282 πατέρα
2030 3207 2334 3271 θεάσασθαι,

411 3410 414 3412 v
466 3386 500 3428 1.
529 3385 831 3439 τολμῶσι,εάἱί.
861 3389 998 3428 Petav.
1393 3389 1520 3438 princ.
1557 3391 1663 3428 extat
1696 3384 1780 3441 μὲν.
1842 3383 2054 3425 Carnarius
2087 3383 2200 3422 vertit
2230 3392 2335 3434 quae

459 3443 500 3485 2.
522 3439 698 3491 κάνονας
721 3447 871 3484 volebat
893 3446 1086 3484 Petamus,
1133 3446 1218 3484 Non
1244 3456 1341 3494 opus
1399 3458 1448 3483 ex
1474 3443 1642 3498 propria
1673 3440 1877 3482 sententia
1904 3438 1982 3478 sibi
2010 3437 2109 3491 ipsis
2141 3436 2336 3477 iuvenili-

405 3503 459 3539 est
1397 3508 1464 3540 ter
1493 3499 1770 3554 praestituunt
1797 3496 1851 3537 ad
1874 3495 2029 3535 bonum
2056 3492 2246 3548 quidem,
2290 3499 2336 3533 ut

461 3556 499 3597 3.
532 3554 637 3610 ἔφην
667 3560 756 3598 edit.
787 3559 922 3597 Petav.
1399 3555 1627 3611 sapientiae
1665 3554 1822 3609 species
1858 3550 2097 3606 perficiant,
2145 3549 2332 3605 pruden-

462 3609 501 3652 4.
532 3611 702 3665 ἐφῖκται
727 3615 811 3654 cod.
843 3615 1001 3664 Rhediy.
1397 3613 1561 3667 tiaeque
1586 3627 1635 3653 ac
1663 3607 1934 3657 fortitudinis,
1965 3615 2007 3648 et
2031 3606 2261 3648 modestiae
2286 3620 2335 3647 ac

463 3669 502 3706 ὃ.
535 3665 727 3723 εὐφημεῖ
750 3668 927 3726 ἔχουσας
950 3672 1060 3712 codd.
1084 3682 1176 3711 mss.
1197 3674 1231 3711 et
1251 3671 1341 3711 edit.
1399 3669 1604 3718 iustitiae,
1653 3680 1794 3707 verum
1818 3664 2054 3706 iuveniliter
2081 3672 2250 3718 agentes
2280 3661 2334 3704 ad

403 3725 530 3774 Princ·
1397 3724 1662 3781 tyrannidem
1688 3721 1893 3763 excedunt
1922 3725 2003 3763 cett.

463 3779 502 3820 6.
535 3776 682 3828 αὐταῖς
712 3785 800 3822 edit.
828 3787 960 3824 Petav.
1459 3782 1497 3825 8.
1530 3780 1590 3829 εἰς
1609 3777 1656 3822 τδ
1683 3781 1775 3820 edit.
1801 3781 1937 3820 Pelav.

464 3835 502 3878 7.
534 3838 611 3876 Pro
650 3835 696 3878 οὗ
730 3836 812 3891 μΰν
847 3843 890 3880 in
917 3842 1029 3881 codd.
1055 3853 1145 3881 mss.
1187 3844 1221 3880 et
1252 3840 1341 3881 edic.
