2508 4134
448 252 550 303 344
1162 257 1368 300 SANCTI
1395 258 1680 300 EPIPHANH

450 365 607 412 σασθε
627 354 717 423 τὴν
748 357 801 409 έν
829 357 1019 428 Νικαίᾳ
1043 352 1282 421 σύνοδον,
1325 356 1446 409 3καὶ
1476 353 1544 418 οἷς
1572 357 1807 424 αἷρετικοὶ
1834 356 2179 426 παρειςφέρετε
2206 362 2377 423 ταῦτα,

448 442 483 511 ἢ
509 444 554 495 εἰ
576 439 818 510 βούλεσθε
840 441 984 493 τέκνα
1010 445 1109 493 τῶν
1138 442 1364 510 πατέρων
1391 438 1538 506 εἶναι,
1577 440 1644 509 μὴ
1669 448 1896 512 φρονεῖτε
1918 438 2034 511 παρ’
2061 442 2222 494 ἐκεῖνα
2252 440 2378 512 ὅπερ

447 531 672 599 ἔγραψαν
714 526 868 579 αὐτοί.
945 526 1047 578 Καὶ
1088 524 1181 596 γάρ
1226 531 1253 562 4
1274 528 1328 579 ἐκ
1369 524 1547 580 τούτου
1588 532 1612 563 5
1632 525 1685 580 τό
1727 525 1912 580 ἄτοπον
1953 533 2165 596 θεωρεῖν
2207 524 2380 595 6ἡμᾶς

448 616 643 678 ἔξεστιν.
717 614 790 663 Εἰ
827 608 1095 678 όμοούσιος
1133 609 1163 664 ὅ
1186 609 1331 682 λόγος
1361 618 1429 685 τῷ
1458 611 1646 680 στόματι
1685 613 1739 666 ἐκ
1771 618 1862 682 γῆς
1895 613 2053 680 ἔχοντι
2088 611 2178 680 τήν
2214 611 2379 680 φύσιν,

450 696 717 766 ὅμοούσιος
752 697 806 750 δὲ
841 694 870 749 ὁ
899 694 1046 766 λόγος
1079 702 1147 769 τῷ
1186 698 1361 768 πατρὶ,
1413 696 1538 750 κατά
1575 695 1662 765 τὴν
1694 703 1794 750 τῶν
1835 698 2060 767 πατέρων
2101 695 2379 768 ὁμολογίαν,

451 782 721 851 όμοούσιος
760 779 893 835 ἔσται
936 783 1022 834 καὶ
1050 780 1202 844 αὐτὸς
1238 779 1267 835 ό
1295 780 1457 853 πατὴρ
1491 789 1559 855 τῷ
1588 781 1775 850 σώματι
1814 789 1883 854 τῷ
1922 785 1975 836 ἐκ
2002 789 2093 853 γῆς
2123 784 2379 856 γενομένῳ.

455 870 557 922 Καὶ
583 871 629 921 τί
661 868 731 920 ἔτι
762 869 1016 935 μέμφεσθε
1041 875 1145 929 τοῖς
1167 865 1435 935 Ἀρειανοῖς
1459 869 1652 938 λέγουσι
1676 866 1762 920 τόν
1787 866 1900 921 υἷὸν
1925 872 2127 936 κτίσμα,
2165 870 2384 939 λέγοντες

451 961 476 993 7
494 955 577 1007 καὶ
609 950 752 1006 αὐτοὶ
776 951 861 1006 τὸν
898 954 1085 1024 πατέρα
1117 950 1384 1021 ὅμοούσιον
1411 961 1516 1014 τοῖς
1554 956 1807 1020 κτίσμασι,
1859 954 1944 1006 καὶ
1973 956 2043 1015 εἰς
2071 955 2239 1025 ἑτέραν
2268 952 2381 1007 ἆσέ·

448 1043 587 1109 βειαν
623 1036 984 1107 μετερχόμενοι,
1037 1037 1310 1103 φάσκοντες
1351 1040 1420 1100 εἰς
1456 1037 1615 1109 σάρκα
1654 1040 1738 1091 καὶ
1779 1038 1924 1091 ὀστέα
1967 1040 2050 1092 καὶ
2090 1043 2252 1109 τρίχας
2293 1039 2380 1092 καὶ

449 1132 627 1194 νεῦρα,
676 1125 761 1177 καὶ
791 1122 907 1177 ὅλον
935 1129 958 1160 ⁸
977 1129 1118 1192 σῶμα
1145 1127 1536 1192 μεταβεβλῆσθαι
1568 1121 1655 1177 τόν
1683 1121 1859 1193 λόγον,
1909 1125 1994 1177 καὶ
2024 1123 2270 1193 ἠλλάχθαι
2292 1129 2384 1191 τῆς-

452 1214 581 1274 ἰδίας
614 1208 836 1277 φύσεως,-
893 1209 997 1279 όόρα
1025 1208 1117 1280 γάρ
1149 1212 1343 1262 θείπεῖν
1370 1207 1502 1277 ’ἡμᾶς
1530 1215 1759 1280 φανερῶς
1787 1211 1842 1263 ἐκ
1867 1215 1957 1280 γῆς
1996 1207 2148 1263 αὐτόν
2188 1214 2383 1280 γεγενῆ-

451 1305 587 1350 σθαι.
658 1293 742 1349 Ἐκ
772 1302 863 1365 γῆς
887 1295 980 1366 γάρ
1018 1293 1052 1363 ἡ
1078 1300 1178 1348 τῶν
1206 1295 1390 1348 ὀστέων
1417 1296 1502 1348 καὶ
1529 1293 1646 1348 ὅλου
1682 1300 1771 1349 τοῦ
1797 1294 2024 1364 σώματος
2051 1296 2216 1361 φύσις.
2298 1297 2384 1357 Τίς

454 1375 547 1436 οὖν
590 1378 624 1449 ἦ
665 1381 877 1448 τοσαύτη
917 1380 1311 1451 παραφροσύνη,
1365 1383 1450 1434 ἵνα
1495 1382 1579 1434 καὶ
1623 1379 1750 1451 πρός
1795 1379 2005 1444 ἕαυτούς
2046 1379 2383 1450 διαμάχησθε;

453 1465 722 1535 ὅμοούσιον
781 1467 940 1534 ιομὲν
981 1468 1202 1537 λέγοντες
1240 1464 1326 1520 τόν
1361 1465 1508 1537 λόγον
1544 1472 1613 1539 τῷ
1651 1465 1837 1534 σώματι
1867 1469 2033 1537 ἕτερον
2069 1465 2196 1537 πρός
2221 1468 2386 1537 ἕτερον

452 1555 721 1620 σημαίνετε,
767 1559 784 1589 ¹
803 1559 821 1589 1
840 1550 893 1605 τὸ
923 1553 975 1605 δὲ
999 1554 1067 1614 εἰς
1091 1551 1251 1622 σάρκα
1274 1555 1686 1621 μεταβεβλῆσθαι,
1723 1553 1878 1606 αὐτοῦ
1912 1558 2072 1607 12τοῦ
2099 1551 2250 1623 λόγου
2276 1574 2388 1624 τρο·-

453 1637 556 1707 πὴν
582 1636 901 1704 φαντάζεσθε.
977 1639 1078 1690 Καὶ
1109 1641 1182 1699 τίς
1209 1640 1278 1691 ἔτι
1307 1636 1481 1691 λοιπὸν
1515 1645 1571 1677 ¹³
1592 1636 1731 1707 ’ὑμῶν
1759 1636 1974 1702 ἀνέξεται
2011 1645 2165 1692 ταῦτα
2190 1639 2273 1693 καὶ
2302 1636 2390 1707 μό-

453 1745 542 1778 νον
573 1724 930 1794 φθεγγομένων
942 1746 957 1787 ,·
1035 1721 1212 1791 Πάσης
1252 1721 1345 1794 γάρ
1390 1724 1620 1795 αἱρέσεως
1655 1725 1803 1777 πλέον
1840 1727 1910 1787 εἰς
1945 1723 2176 1793 ἀσέβειαν
2217 1726 2388 1788 ἐξεκλί-

220 1828 423 1876 pag.1o01.
454 1830 583 1863 νατε.
658 1812 730 1861 Εἰ
757 1807 850 1879 γάρ
891 1807 1157 1877 ὁμοούσιος
1205 1806 1234 1862 o‘
1263 1807 1409 1880 λόγος
1445 1813 1514 1883 τῷ
1559 1808 1776 1877 σώματι,
1827 1810 2027 1882 περιττὴ
2062 1817 2150 1880 τῆς
2188 1813 2393 1880 Μαρίας

451 1893 486 1964 ἡ
512 1893 677 1963 μνήμη
704 1897 791 1948 καὶ
818 1892 851 1962 ἦ
876 1898 1041 1965 χρεία,
1080 1896 1361 1963 δυναμένου
1389 1901 1479 1949 τοῦ
1501 1894 1726 1964 σώματος
1760 1902 1816 1932 ¹4
1834 1898 1919 1950 καὶ
1945 1895 2042 1967 πρό
2070 1902 2159 1964 τῆς
2183 1898 2389 1965 Μαρίας

453 1979 579 2035 εἶναι
605 1980 806 2046 ἄϊδίως,
847 1980 1006 2050 ὥςπερ
1033 1974 1124 2034 οὖν
1151 1983 1252 2035 ἔστι
1278 1983 1364 2034 καὶ
1392 1979 1542 2044 αὐτός
1573 1979 1603 2035 ό
1629 1980 1796 2052 λόγος,
1836 1985 1933 2052 εἴγε
1958 1980 2079 2036 καθ’
2108 1979 2240 2050 ύμᾶς
2271 1978 2392 2048 ὅμο-

456 2066 628 2129 ούσιός
658 2069 756 2120 ἐστι
780 2072 847 2140 τῷ
877 2066 1079 2133 σώματι.
1161 2071 1246 2130 Τίς
1271 2068 1324 2120 δὲ
1353 2069 1437 2120 καὶ
1475 2065 1504 2135 ἦ
1533 2070 1669 2137 χρεία
1699 2073 1787 2135 τῆς
1820 2069 2084 2135 ἐπιδημίας
2110 2071 2198 2121 τοῦ
2218 2065 2389 2138 λόγου,

453 2155 538 2207 ’ἵνα
563 2151 596 2221 ἢ
624 2151 678 2205 τὸ
713 2154 894 2206 ἑαυτοῦ
935 2150 1202 2221 ὅμοούσιον
1236 2152 1521 2221 ἐνδύσηται,
1570 2151 1606 2219 ἢ
1633 2154 1833 2223 τραπεὶς
1873 2150 1975 2207 α’πὸ
2009 2159 2098 2221 τῆς
2136 2155 2264 2216 ἰδίας
2295 2151 2392 2219 φύ-

456 2257 578 2301 σεως
608 2245 748 2307 σῶμα
782 2244 837 2275 ¹⁵
857 2240 1053 2308 γένηται
1064 2262 1079 2302 ,-
1130 2236 1191 2291 οὖ
1219 2239 1311 2309 γάρ
1346 2244 1403 2276 1⁶
1421 2237 1548 2306 αὐτὴ
1584 2240 1760 2306 ἑαυτῆς
1788 2236 1822 2307 ἦ
1848 2240 2033 2306 θεότης
2070 2235 2394 2307 ἐπιλαμβάνε-

455 2347 557 2389 ται,
608 2327 692 2378 ἵνα
729 2326 814 2377 καὶ
849 2324 904 2377 τὸ
951 2322 1220 2391 ὅμοούσιον
1270 2322 1497 2392 17αὐτῆς
1537 2323 1809 2392 ἐνδύσηται.
1887 2323 2015 2377 Ἀλλ’
2061 2324 2180 2378 οὐδὲ
2226 2322 2391 2394 18γάρ

455 2409 672 2480 ἥμαρτεν
713 2407 742 2463 ὁ
779 2407 865 2471 τοὶς
902 2407 1059 2462 ἄλλων
1098 2407 1336 2477 ἁμαρτίας
1370 2408 1698 2480 λυτρούμενος
1737 2409 1904 2480 λόγος,
1954 2413 2038 2463 ἵνα
2074 2410 2275 2481 τραπεὶς
2323 2411 2392 2471 εἰς

459 2501 602 2563 σῶμα
629 2493 802 2549 ἑαυτὸν
829 2491 953 2565 ὑπὲρ
983 2496 1162 2548 ἑαυτοῦ
1189 2499 1373 2549 θυσίαν
1400 2497 1719 2571 προςενέγκῃ,
1757 2497 1840 2550 καὶ
1871 2494 2049 2550 ἑαυτὸν
2071 2495 2388 2567 λυτρώσηται.

232 2858 344 2913 Κεφ,
369 2855 419 2910 ζ’,
600 2833 721 2888 Ἀλλ’
766 2836 860 2889 οὐκ
899 2838 1029 2890 ἔστιν
1068 2836 1251 2903 οὕτως,
1302 2836 1370 2906 μὴ
1415 2839 1622 2908 γένοιτο.
1698 2840 1993 2909 Σπέρματος
2035 2837 2127 2908 γάρ
2168 2835 2393 2908 ’Ἁβραάμ

460 2920 868 2991 ἐπιλαμβάνεται,
920 2920 986 2984 ὥς
1019 2921 1152 2977 εἶπεν
1179 2922 1208 2977 ὁ
1239 2923 1538 2986 ἀπόστολος·
1590 2923 1714 2978 ὅθεν
1746 2923 1921 2991 ὤφειλε
1947 2921 2072 2977 κατά
2101 2921 2259 2976 πάντα
2289 2932 2392 2987 τοῖς

457 3009 691 3075 ἀδελφοῖς
715 3006 1058 3076 ὁμοιωθῆναι,
1098 3011 1183 3062 καὶ
1206 3013 1374 3078 λαβεῖν
1399 3009 1574 3078 ὅμοιον
1597 3008 1717 3078 ’ἡμῖν
1743 3016 1898 3078 σῶμα.
1973 3006 2074 3062 Διά
2097 3015 2241 3062 τοῦτο
2267 3015 2392 3079 γοῦν

457 3096 541 3148 καὶ
584 3092 840 3147 ὑπόκειται
880 3093 1083 3161 άληθῶς
1113 3093 1146 3162 ἦ
1176 3099 1380 3165 Μαρία,
1433 3099 1516 3149 ’ἵνα
1545 3098 1594 3159 ἐξ
1626 3095 1782 3163 αὐτῆς
1822 3100 1968 3148 τοῦτο
2007 3092 2162 3167 λάβῃ,
2213 3097 2298 3147 καὶ
2325 3092 2392 3158 ὥς

459 3182 589 3232 ἴδιον
620 3177 745 3248 ’ὑπὲρ
786 3177 926 3247 ἡμῶν
963 3178 1084 3233 αὐτὸ
1116 3183 1427 3255 προςενέγκῃ.
1503 3182 1604 3234 Καὶ
1635 3180 1816 3248 ταύτην
1849 3177 1878 3233 ό
1905 3180 1994 3247 μὲν
2026 3176 2228 3241 Ἡσαΐας
2271 3201 2393 3250 προ-

461 3264 690 3333 φητεύων
714 3267 930 3318 ε’δείκνυε
956 3266 1134 3335 λέγων,
1170 3264 1299 3319 Ἰδού
1329 3265 1367 3334 ἦ
1393 3268 1649 3337 παρθένος
1690 3268 1782 3320 1έν
1807 3267 1976 3336 γαστρὶ
2010 3266 2126 3330 ἕξει,
2164 3267 2246 3318 καὶ
2271 3267 2395 3329 τέξε-

459 3373 551 3403 ται.
621 3347 676 3402 Ὁ
706 3351 758 3403 δὲ
795 3349 1013 3421 Γαβριὴλ
1041 3350 1377 3405 ἀποστέλλεται
1406 3351 1532 3424 πρός
1560 3349 1742 3418 αὐτὴν,
1796 3348 1884 3417 οὐχ
1920 3347 2086 3412 άπλῶς
2112 3348 2239 3420 πρός
2269 3372 2391 3420 παρ-

513 3465 551 3507 3.
602 3468 848 3509 Particulam
889 3465 987 3520 καὶ,
1045 3480 1144 3518 quae
1195 3471 1302 3509 abest
1347 3472 1396 3509 ab
1511 3469 1549 3510 5.
1582 3468 1754 3521 θεωρεῖν
1782 3463 1902 3520 ἡμᾶς
1927 3463 1974 3509 τό
2005 3460 2153 3510 ἄτοπον
2180 3468 2266 3509 cod.
2291 3469 2392 3509 Rhe-

455 3528 616 3574 utroque
640 3526 754 3564 codd.
783 3536 873 3564 mss.
897 3529 932 3564 et
959 3526 1008 3563 ab
1032 3526 1092 3564 ed.
1119 3528 1245 3575 princ.
1260 3556 1273 3576 ,
1304 3538 1399 3576 sup·
1455 3528 1538 3577 diy.

454 3583 654 3630 pleverunt
690 3582 903 3620 Carnarius
946 3582 1114 3634 (vertens
1153 3586 1236 3621 Aut
1273 3582 1399 3636 igitur
1511 3581 1550 3623 6.
1581 3578 1694 3634 ιῖμᾶς
1723 3582 1796 3629 Β.,
1824 3581 1973 3620 melius.

460 3644 607 3688 negate
649 3636 852 3691 synodum
898 3637 1147 3685 Nicaenam‚
1199 3646 1242 3677 et
1284 3639 1398 3679 velut
1510 3638 1547 3682 7.
1581 3633 1702 3678 αὗτοὶ
1732 3635 1805 3678 καὶ
1832 3638 1879 3676 Β.

457 3691 655 3732 haeretici
692 3693 796 3733 haec
833 3693 941 3734 falso
980 3693 1182 3748 inducite)
1214 3700 1248 3736 et
1272 3699 1397 3737 Peta-
1510 3694 1549 3736 8.
1579 3691 1626 3735 τὸ
1660 3693 1788 3746 σῶμα
1814 3695 1858 3733 Β.

460 3751 558 3788 vius.
1511 3749 1538 3792 9
1580 3746 1693 3803 ὑμᾶς
1721 3763 1816 3803 φαν.
1851 3748 1978 3794 εἰπεῖν
2007 3753 2053 3795 Β.

516 3801 555 3844 4.
586 3803 659 3846 καὶ
687 3803 736 3847 ἐκ
763 3808 807 3846 Β.
1515 3781 1576 3847 lb.
1610 3803 1683 3860 μὲν
1713 3804 1792 3862 γὰρ
1823 3808 1870 3851 Β.
