2508 4134
198 692 284 729 pag.
308 682 405 718 1009.

210 2240 320 2294 Κεφ.
345 2236 411 2288 ις’.

425 224 527 276 360
1132 231 1334 274 εΑΝοΤι
1361 232 1645 274 EPIPHANJI

424 329 543 393 τούς
574 331 732 392 ἰδίους
770 335 856 397 τῆς
896 331 1220 395 φιλονεικίας,
1269 330 1488 400 λέγοντες
1532 328 1712 398 ὄνυχας
1755 329 1906 385 αὐτὸν
1943 332 2220 399 ἐσχηκέναι,
2246 333 2354 386 «καὶ

427 416 614 485 σάρκα,
664 416 748 467 καὶ
774 418 961 483 τρίχας,
1011 416 1095 468 καὶ
1123 417 1171 468 εἷ’
1191 436 1235 468 τι
1263 416 1457 486 ἕτερον,
1507 413 1567 469 οὕ
1591 415 1846 480 τοιούτους
1884 417 1937 471 δὲ
1974 414 2183 480 ὁποίους
2213 414 2356 486 ἡμεῖς

426 502 596 569 ἔχομεν
605 542 619 565 ,
657 497 776 553 άλλοὶ
808 498 983 562 ἄλλους
1010 497 1189 569 ὄνυχας
1217 502 1483 569 ἐσχηκέναι,
1520 502 1607 554 καὶ
1632 500 1818 573 σάρκας
1842 500 2002 568 ἄλλας,
2039 503 2123 556 καὶ
2149 500 2211 555 τοὶ
2238 500 2357 556 ἄλλα

427 584 588 639 πάντα
619 585 709 654 οὐχ
755 583 905 639 ὁποῖα
948 584 1090 654 ἡμεῖς
1118 587 1314 654 ἔχομεν,
1366 584 1482 639 ἄλλά
1523 586 1693 640 ἀλλοῖα
1722 586 1856 659 παρά
1896 586 1956 640 τά
1986 585 2218 659 ἡμέτερα·
2267 591 2357 656 4(ἳῆ-

427 681 520 725 θεν
561 670 710 741 πάλιν
739 670 1034 740 βουλόμενοι
1074 678 1371 739 σοφιστικῶς
1403 677 1471 744 τῷ
1507 677 1706 745 Χριστῷ
1743 676 2064 743 χαρίσασθαι,
2118 671 2243 727 κατὰ
2272 669 2359 728 τὸν

436 764 456 795 1
478 756 808 810 Οὗαλεντῖνον
833 758 916 810 καὶ
941 755 1029 820 τοὶς
1048 758 1304 826 εἰρημένας
1334 757 1559 827 αἷρέσεις,
1597 756 1715 820 τούς
1737 762 1973 826 ματαίους
1998 757 2189 829 λόγους.
2261 765 2359 812 Λε-

429 860 570 914 γουσι
600 840 718 912 γάρ,
758 841 878 896 ὅταν
909 848 1128 912 Χριστοῦ
1156 841 1535 914 ὁμολογήσωμεν
1562 846 1749 905 τελείως
1771 842 1831 896 τά
1850 844 2035 909 πάντα,
2077 844 2360 915 Περιέργως

428 930 695 1001 γέγραπται
725 934 751 965 2
769 929 880 997 περὶ
907 934 1006 982 τῶν
1029 928 1268 982 τοιούτων
1295 934 1395 981 τῶν
1424 930 1892 998 περιεργαζομένων,
1929 931 2015 983 καὶ
2042 930 2192 998 μηδὲν
2220 931 2360 1000 ἐργα-

429 1015 658 1082 ζομένων.
736 1012 1017 1083 Πτύροντες
1060 1013 1152 1085 γάρ
1192 1012 1280 1082 τὴν
1319 1011 1541 1067 διάνοιαν
1569 1019 1668 1067 τῶν
1709 1014 2066 1086 ἆκεραιοτὲρων
2097 1013 2257 1078 εὐθύς
2286 1015 2359 1068 λέ-

429 1117 626 1171 γουσιν,
684 1097 883 1152 Οὐκοῦν
921 1103 1084 1169 χρείαν
1129 1101 1232 1167 ἔσχε
1264 1104 1364 1152 τῶν
1406 1097 1530 1152 κατά
1566 1106 1653 1167 τῆς
1683 1098 1866 1169 σαρκὸς
1896 1100 2194 1169 συνήθειαν,
2242 1099 2275 1167 ἢ
2299 1097 2361 1154 τά

431 1184 559 1254 πρὸς
587 1183 897 1252 ἐκτοπισμόν,
936 1183 971 1252 ἢ
993 1185 1053 1237 τά
1081 1183 1206 1255 πρὸς
1234 1181 1518 1255 οἷφεδρῶνα,
1554 1183 1589 1254 ἢ
1613 1183 1673 1238 τά
1699 1183 1833 1252 ἅλλα,
1871 1185 2219 1256 ὅσαπερ-δοκεῖ
2236 1183 2363 1239 εἶναι

432 1269 594 1338 σοφοὶ,
646 1268 782 1323 δεινά
813 1270 865 1323 δὲ
894 1269 1218 1340 τυγχάνοντα,
1265 1271 1352 1322 καὶ
1377 1269 1575 1340 ληρώδη
1606 1277 1812 1338 μᾶλλον,
1864 1271 1933 1334 ῶς
1956 1289 2081 1340 φησι
2113 1269 2144 1324 ὅ
2169 1269 2362 1342 προφή-

431 1380 542 1425 της,
599 1360 683 1418 Τίς
716 1354 808 1426 γάρ
841 1354 1034 1423 ἐζήτησε
1072 1362 1225 1408 ταῦτα
1269 1357 1323 1409 ἐκ
1351 1361 1448 1409 τῶν
1479 1362 1653 1427 χειρῶν
1687 1354 1854 1424 ύμῶν,
1932 1358 2059 1428 Περὶ
2103 1359 2235 1418 τίνος
2271 1354 2363 1428 γάρ

431 1449 530 1496 τῶν
558 1440 727 1512 άγίων,
768 1445 852 1494 καί
879 1445 955 1494 τοί
979 1463 1034 1513 γε
1055 1439 1346 1510 ἀνθρώπων
1373 1439 1535 1496 ὅντων
1562 1448 1657 1495 τῶν
1683 1449 1972 1513 προφητῶν,
2010 1445 2105 1496 καὶμ
2123 1440 2185 1496 ού
2208 1447 2364 1507 θεῶν,

432 1530 517 1582 καὶ
548 1528 920 1597 εὖαγγελιστῶν,
969 1530 1051 1581 καὶ
1085 1533 1272 1581 λοιπῶν
1300 1533 1397 1580 τῶν
1424 1529 1480 1581 ἐκ
1505 1534 1670 1597 ψυχῆς
1695 1529 1780 1580 καὶ
1811 1527 1993 1598 σαρκὸς
2017 1526 2199 1593 ὅντων,
2247 1524 2366 1581 καθ’

432 1613 564 1683 ἡμᾶς
590 1615 642 1667 δὲ
665 1612 849 1677 ὄντων,
889 1615 973 1666 καὶ
1007 1612 1074 1682 μὴ
1112 1611 1580 1682 ἆμφιβαλλομένων,
1638 1613 1830 1684 ἐγράφη
1863 1616 1974 1684 περὶ
2000 1620 2100 1668 τῶν
2127 1612 2367 1668 τοιούτων

434 1698 760 1770 πραγμάτων,
837 1704 952 1753 Ποῦ
995 1700 1047 1752 δὲ
1085 1699 1194 1767 οὐχὶ
1238 1705 1419 1767 μᾶλλον
1460 1698 1521 1752 τά
1554 1698 1822 1771 σεμνότερα
1861 1699 2227 1772 ἐπεμαρτύρησε
2262 1705 2368 1762 τοῖς

436 1783 594 1857 άγίοις
629 1783 662 1854 ἦ
697 1784 897 1857 γραφὴ,
937 1784 1006 1854 μή
1044 1807 1090 1839 τι
1126 1807 1179 1856 γε
1214 1790 1370 1860 κυρίῳ
1413 1791 1610 1860 Χριστῷ
1623 1809 1638 1851 ,·

585 2216 878 2285 Λεγέτωσαν
914 2215 965 2268 δὲ
992 2212 1113 2282 ἡμῖν
1141 2216 1194 2268 οἷ
1231 2214 1541 2282 ἐκθαμβηταὶ
1580 2217 1679 2265 τῶν
1707 2211 1995 2282 προβάτων,
2046 2214 2131 2266 καὶ
2162 2211 2372 2283 πτύρται

437 2306 535 2354 τῶν
563 2307 886 2372 περιστερῶν,
929 2302 1012 2354 καὶ
1045 2301 1250 2366 σοβηταὶ
1282 2305 1379 2352 τῶν
1407 2305 1495 2352 τοῦ
1528 2304 1746 2367 Χριστοῦ
1776 2295 1962 2367 οἷρνίων
1991 2319 2040 2351 τε
2075 2304 2090 2335 ¹
2110 2301 2193 2352 καὶ
2217 2307 2372 2370 θρεμ-

438 2385 631 2454 μάτων,
690 2392 804 2439 Ποῦ
847 2384 1231 2455 παρεσκευάσθη
1275 2391 1505 2452 Μωϋσῆς
1543 2383 1634 2453 τὴν
1669 2383 2217 2455 τεσσαρακονθήμερονς
2271 2390 2372 2439 ποῦ’

438 2470 497 2524 τά
528 2470 655 2540 πρὸς
682 2475 843 2541 χρείαν
869 2474 1078 2524 ἐποιεῖτο
1107 2468 1270 2532 Ἠλίας
1301 2472 1353 2523 ἐν
1384 2476 1452 2542 τῷ
1486 2475 1664 2544 Χορρᾷ
1686 2471 1951 2542 χειμάρρῳ,
1984 2468 2199 2538 ὁπηνίκα
2224 2468 2374 2540 ἄρτον

441 2558 530 2626 μὲν
560 2555 614 2610 vo*
655 2555 876 2626 πρωϊνὸν
904 2555 1077 2622 ἤσθιε,
1127 2558 1247 2626 κρέα
1291 2556 1344 2608 δὲ
1390 2554 1445 2608 τό
1492 2554 1702 2609 δειλινόν
1742 2553 1841 2609 «ind
1879 2562 1966 2623 τῆς
2001 2562 2099 2609 τῶν
2141 2556 2373 2625 κοράκων

440 2646 811 2711 παρακομιδῆς,
852 2640 934 2695 διά
968 2647 1094 2694 θεοῦ
1121 2640 1515 2712 προςτάγματος;
1587 2639 1813 2694 Ἠλίθιον
1849 2640 1941 2711 γάρ
1969 2635 2032 2709 ἧν
2061 2640 2114 2695 τό
2143 2640 2230 2710 τὴν
2258 2663 2372 2712 γρα·

445 2726 547 2795 φήν
586 2730 700 2795 περὶ
739 2726 928 2781 τούτων
966 2729 1143 2798 λέγειν,
1195 2725 1261 2790 ὥς
1303 2734 1394 2780 νῦν
1424 2726 1618 2790 τούτοις
1646 2725 1845 2795 ἠλίθιον
1875 2725 1930 2780 τὸ
1964 2726 2207 2791 ἐξετάζειν.
2289 2730 2375 2789 Τίς

443 2813 535 2885 γάρ
567 2812 775 2879 ῶφέλεια
811 2816 863 2867 ἐν
890 2822 994 2875 τοῖς
1026 2812 1296 2876 τοιούτοις,
1350 2811 1384 2881 ἢ
1428 2817 1474 2866 τί
1514 2813 1567 2867 τὸ
1608 2813 1874 2883 χρήσιμον,
1924 2810 2019 2864 ἄλλ’
2049 2811 2083 2880 ἢ
2118 2810 2271 2880 μόνον
2305 2814 2375 2875 είς

445 2898 673 2952 ἀπιστίαν
713 2906 800 2967 τῆς
837 2898 1134 2968 προλήψεως
1178 2898 1451 2969 προφάσεις
1488 2897 1570 2952 διά
1607 2901 1935 2969 ψυχρολογίας
1971 2899 2055 2950 καὶ
2090 2894 2375 2966 οἷνατροπῆς

444 2989 652 3054 ματαίας
691 2987 814 3053 ἕχον.
889 2987 1179 3055 Λεγέτωσαν
1223 2986 1275 3038 δὲ
1303 2984 1449 3037 πάλιν
1476 2982 1618 3052 ἡμῖν,
1669 2988 1762 3037 τίνι
1788 2989 1854 3056 τῷ
1885 2981 2035 3056 λόγῳ,
2086 2982 2164 3036 ὅτε
2193 2983 2375 3051 ἠθέλη·

444 3090 525 3124 σεν
569 3069 597 3124 ὁ
634 3071 757 3133 θεός
786 3073 984 3139 ἐποίησε
1022 3077 1120 3123 τῶν
1160 3074 1284 3124 πυῖῶν
1308 3069 1497 3138 Ἰσραὴλ
1526 3072 1578 3123 ἐν
1597 3068 1958 3138 τεσσαράκοντα
1984 3070 2108 3121 ἔτεσι
2139 3067 2258 3136 μήτε
2286 3067 2376 3132 τοὶς

445 3161 608 3226 τρίχας
644 3163 922 3224 2κομὸἶσαι,
975 3155 1095 3224 μήτε
1125 3155 1184 3208 τά
1209 3153 1506 3223 ’ὑποδήματα
1541 3160 1918 3222 παλαιωθῆναι,
1969 3152 2086 3220 μήτε
2114 3152 2173 3207 τά
2207 3154 2375 3222 ἱμάτια

442 3246 797 3312 κατατριβῆναι
823 3241 856 3310 ἢ
881 3245 1215 3311 ῥὐπανθῆναι.
1289 3240 1386 3309 Μὴ
1419 3249 1440 3279 3
1458 3240 1553 3311 ἆρα
1575 3242 1659 3294 καὶ
1686 3234 1823 3294 οῦτοι
1853 3237 1938 3291 ἀπ’
1965 3238 2182 3308 οὐρανοῦ
2211 3239 2375 3308 ἐληλύ-

444 3337 649 3392 θεισανς
702 3326 769 3395 μὴ
809 3329 920 3380 θεοὶ
965 3330 1016 3380 οἵ
1054 3334 1268 3380 τοιοῦτοι
1301 3326 1544 3397 ὑπῆρχον,
1621 3329 1722 3378 Καί
1751 3328 1827 3377 τοί
1863 3344 1916 3393 γε
1951 3324 2044 3378 οὐκ
2076 3327 2127 3377 ἐν
2157 3327 2376 3388 ἐπαίνοις

448 3411 765 3484 ὑπάρχοντες,
787 3412 888 3468 ἄλλ’
910 3415 961 3467 ἐν
984 3420 1182 3475 πολλοῖς
1201 3411 1321 3466 θεὸν
1338 3410 1794 3482 παραζηλῶσαντες,·
1834 3408 1928 3477 Μή
1949 3409 2042 3462 οὐκ
2065 3404 2191 3478 ἦσαν
2210 3409 2374 3479 ὅμοιο·

507 3558 604 3599 CAP.
624 3559 722 3599 XV.
759 3582 805 3589 --
879 3559 912 3599 1.
957 3554 1276 3601 οὖαλεντινιοὶνον
1300 3559 1384 3599 cod.
1440 3555 1535 3610 περὶ
1559 3558 1645 3599 κτλ.
1707 3557 1918 3595 Carnarius
1938 3557 2050 3595 vertit
2084 3554 2226 3596 d³cunt
2252 3554 2374 3603 enim,

446 3616 608 3665 Rhediy.
1442 3628 1533 3653 cum
1579 3611 1729 3652 Christi
1769 3610 1906 3651 omnia
1956 3612 2144 3665 perfecte
2197 3611 2376 3652 confessi

504 3674 541 3710 ζ).
574 3674 855 3721 Corriqendum
883 3675 977 3723 pulo
1005 3669 1119 3726 παρὰ
1156 3671 1251 3714 τῶν.
1313 3673 1388 3713 Pe·
1447 3669 1671 3717 fuerimus,
1722 3676 1764 3708 et
1798 3667 2018 3708 dixerimus
2059 3668 2172 3723 quod
2215 3667 2376 3708 curiose

448 3730 577 3766 invius
602 3732 820 3778 suspicatae
847 3735 900 3768 est
927 3723 1023 3771 ὅταν
1051 3728 1146 3782 περὶ
1171 3727 1251 3779 Χρ.
1269 3724 1386 3781 ὁμολ.
1445 3726 1645 3779 scriptum
1685 3733 1747 3764 est
1778 3724 1831 3764 de
1864 3724 2014 3764 talibus
2048 3725 2099 3765 ab
2141 3723 2375 3765 huiusmodi

449 3783 645 3832 τελείως,
678 3782 731 3826 τὰ
758 3781 892 3828 πάντα
921 3785 1144 3841 περίεργα,
1178 3782 1237 3833 ῶς
1266 3784 1377 3840 γέγρ.
1438 3781 1812 3840 perscrutantibus,
1861 3789 1903 3823 et
1940 3781 2040 3825 nihil
2082 3780 2371 3824 efficientibus.
