2508 4134
544 297 770 338 PANARu
800 297 904 339 Lm.
926 298 998 337 lu.
1027 297 1162 339 ToM.
1186 300 1216 339 1.
1248 299 1408 339 naen.
1434 298 1634 339 Lxxm.
1977 287 2043 336 77

133 407 183 450 et
220 406 442 448 creatura
487 397 757 466 segregatis
799 395 997 463 reliquis
1042 395 1229 446 unicam
1276 398 1403 448 illam
1459 398 1704 448 notionem
1756 396 2042 463 deligamus,

133 500 223 551 qua
258 501 282 532 a
317 481 556 551 passionis
587 490 789 550 experte
819 482 1131 550 perlectoque
1167 498 1223 530 ac
1253 482 1409 531 stabili
1443 493 1693 543 creatore,
1735 490 1782 532 et
1810 479 2043 531 eiusmodi

133 567 368 635 denique,
422 566 685 617 cuiusmodi
714 574 984 616 creaturam
1012 581 1122 614 esse
1149 564 1330 628 voluit,
1386 566 1651 617 derivatam
1676 566 1802 617 illam
1834 564 2045 633 concipi-

132 669 268 715 mus,
309 659 687 702 conseutaueum
714 660 790 700 est
816 658 867 701 ut
893 667 954 700 ex
985 647 1135 717 patris
1167 649 1346 716 filiique
1378 650 1607 713 vocibus,
1662 650 2045 718 quandoquidem

131 735 180 787 in
213 744 396 805 patrem
435 753 490 786 ac
532 735 678 787 fitium
711 736 912 785 credere
943 734 1196 802 praecipue
1236 733 1527 796 dedicimus,
1583 736 1813 799 eandem,
1868 746 1916 786 ut
1943 734 2046 803 pios

132 837 189 871 ac
227 819 484 888 religiosos
523 821 691 883 decet,
734 819 948 869 notitiam
990 818 1284 868 hauriamus,

273 902 600 972 Quamobrem
630 903 670 954 si
704 904 750 954 iu
783 920 837 954 re
864 905 1106 972 proposita
1132 904 1178 953 in
1212 912 1346 971 patre
1377 901 1708 953 discernamus
1737 903 1780 953 id
1810 904 1932 971 quod
1965 904 2047 954 ad-

133 988 335 1040 haerere
374 990 528 1052 solet,
583 997 635 1039 ut
664 1007 769 1039 cum
811 989 1011 1056 quadam
1040 986 1295 1038 affectione
1329 987 1660 1055 profluvioque
1691 988 1773 1038 l'ilii
1809 997 1947 1056 pater
1976 987 2046 1038 iu-

133 1074 405 1143 telligatur,
460 1083 509 1125 et
549 1074 697 1124 l'ilium
737 1073 868 1123 nullo
908 1073 1092 1124 semiue
1137 1080 1449 1141 propagatum
1496 1072 1823 1140 concipiamus
1864 1071 2042 1136 animo,

134 1177 290 1229 neque
332 1159 595 1223 eiusmodi,
648 1167 697 1209 ut
742 1157 991 1226 corporeis
1034 1166 1234 1208 naturae
1278 1156 1462 1207 viribus
1488 1157 1762 1219 adolescat,
1817 1166 1865 1207 et
1890 1158 1944 1207 ad
1975 1157 2047 1207 in-

133 1253 429 1295 crementum
475 1243 930 1312 corruptionemque
970 1242 1181 1293 vicissim
1225 1250 1472 1303 trauseat,
1528 1259 1651 1310 quae
1683 1250 1792 1292 suut
1826 1240 2047 1309 propriae

133 1346 294 1379 rerum
343 1346 684 1397 corporearum
734 1337 906 1378 notae:
962 1327 1063 1390 liis,
1122 1327 1343 1394 iuquam,
1404 1326 1781 1395 circumscriptis
1826 1325 2046 1377 omnibus

132 1413 250 1464 nihil
291 1423 484 1483 praeter
522 1413 690 1464 similis
726 1411 973 1463 notionem
1017 1411 1285 1462 habebitur.
1364 1409 1429 1463 Ut
1460 1413 1586 1461 enim
1629 1430 1734 1462 cum
1765 1430 1792 1463 a
1824 1419 2047 1462 creatura

134 1500 271 1563 (uam
322 1498 366 1548 id
419 1499 577 1548 denuo
628 1499 939 1567 repetendum
992 1500 1092 1563 est)
1144 1497 1441 1547 exclusimus
1487 1497 1677 1559 omnia,
1739 1515 1882 1546 uuum
1933 1495 2047 1546 illud

134 1582 455 1652 sumpsimus,
510 1582 558 1632 iu
592 1592 814 1633 creatore
856 1583 1043 1650 quidem
1092 1590 1267 1633 statum
1311 1582 1547 1649 quendam
1592 1581 1831 1650 passionis
1869 1598 2047 1650 exper-

135 1677 258 1730 tem,
300 1668 346 1718 in
379 1675 604 1718 creatura
630 1684 749 1717 vero
781 1670 1038 1735 perfectam
1071 1676 1119 1716 et
1146 1667 1332 1734 qualem
1371 1667 1593 1717 conditor
1625 1665 1805 1731 voluit,
1847 1684 1903 1717 ac
1935 1666 2049 1716 soli—

134 1753 239 1802 dam
286 1761 485 1803 naturae
527 1752 836 1821 qualitatem,
899 1752 969 1802 sic
1008 1750 1054 1801 in
1103 1761 1285 1820 patrem
1333 1760 1380 1802 et
1425 1751 1573 1801 lilium
1611 1751 1860 1821 corporeis
1895 1751 2049 1802 omui-

134 1836 223 1888 bus
264 1837 520 1906 amputatis
562 1837 704 1888 unica
742 1836 912 1888 similis
952 1837 1077 1904 quod
1107 1839 1162 1886 ad
1205 1836 1464 1887 essentiam
1499 1836 1671 1887 attinet
1698 1837 1919 1888 animalis
1965 1854 2049 1906 ge-

134 1921 322 1972 neratio
372 1923 683 1972 transfertur.
773 1919 923 1972 Pater
968 1920 1094 1971 enim
1141 1921 1215 1972 sui
1271 1921 1440 1971 similis
1492 1921 1791 1972 substantiae
1840 1931 1974 1990 pater
2022 1940 2048 1972 a

134 2006 274 2058 nobis
319 2005 623 2074 intelligitur.
718 2003 858 2072 Quod
902 2006 941 2056 si
982 2024 1075 2057 uua
1114 2025 1218 2057 cum
1265 2007 1442 2056 ceteris
1476 2006 1699 2057 omnibus
1750 2006 2045 2069 notionibus,

135 2108 257 2159 quae
285 2108 349 2142 ex
388 2090 536 2159 patris
566 2099 615 2140 et
645 2090 729 2141 sitii
757 2092 1029 2142 nominibus
1058 2108 1398 2158 corporearum
1435 2108 1593 2141 rerum
1626 2091 1832 2160 propriis
1867 2091 2050 2157 cogita-

134 2176 267 2226 tione
305 2176 674 2245 praeciduntur,
734 2184 935 2227 naturae
975 2193 1163 2244 quoque
1203 2174 1423 2226 animalis
1463 2194 1571 2226 cum
1614 2184 1749 2244 patre
1786 2176 2049 2226 similitudo

132 2260 356 2324 tollatur,
410 2278 436 2311 e
464 2278 554 2328 qua
595 2260 893 2328 intelligendi
938 2262 1172 2311 rationem
1205 2278 1394 2311 omnem
1429 2262 1679 2324 ducimus,
1734 2270 1916 2329 patrem
1949 2279 2049 2311 am-

134 2344 257 2414 plius
286 2345 495 2408 nullum,
552 2353 635 2395 aut
667 2344 813 2396 tilium
845 2363 955 2396 esse
986 2347 1270 2410 credemuS,
1311 2346 1396 2396 sed
1431 2355 1726 2406 creatorem,
1771 2364 1827 2396 ac
1861 2354 2050 2396 creatu-

134 2447 262 2493 ram,
316 2439 364 2480 et
386 2446 747 2498 supervacanea
775 2432 1004 2498 quaedam
1036 2431 1258 2494 uomina,
1314 2448 1436 2498 quae
1476 2430 1593 2481 uiliil
1631 2449 1715 2500 per
1741 2431 1899 2500 seipsa
1932 2448 2047 2480 cou-

136 2514 311 2565 feraut.
390 2511 459 2565 lta
504 2514 589 2564 liet
619 2523 668 2564 ut
708 2516 824 2566 deus
855 2525 1048 2566 creator
1073 2516 1164 2578 sit,
1220 2533 1309 2566 nec
1340 2516 1430 2566 ulla
1467 2525 1624 2567 tamen
1657 2515 1845 2566 ratione
1877 2514 1938 2566 sit
1969 2534 2050 2585 pa-

136 2606 229 2649 ter.
308 2595 449 2665 Quod
494 2599 619 2649 enim
654 2608 789 2667 pater
828 2618 922 2650 nou
955 2600 1104 2668 ipsius
1139 2600 1374 2664 actionis,
1429 2601 1512 2651 sed
1558 2609 1757 2651 naturae
1801 2600 2047 2651 cuiusdam

135 2683 333 2747 similis,
375 2700 497 2751 quae
535 2701 621 2752 per
650 2683 776 2734 illam
809 2685 1047 2735 actionem
1077 2686 1273 2749 existit,
1313 2693 1447 2752 pater
1476 2685 1758 2753 appelletur,
1802 2685 2048 2736 naturales

136 2767 268 2837 ipsae
307 2767 521 2819 rationes
567 2767 821 2819 evidenter
859 2771 1159 2821 ostendunt.'
1212 2768 1338 2821 Nam
1384 2788 1489 2820 cum
1538 2771 1684 2820 multa
1727 2787 1876 2838 penes
1916 2773 2047 2819 deum

137 2852 378 2903 actionum
419 2869 601 2920 genera
645 2853 769 2915 siut,
822 2853 914 2904 alia
953 2864 1027 2906 est
1060 2855 1214 2918 actio,
1270 2872 1361 2923 qua
1402 2862 1672 2906 creatorem
1712 2853 2043 2921 intelligimus,

138 2946 374 3006 quatenus
403 2937 524 2988 coeli
555 2947 836 3005 terraeque,
880 2947 926 2988 et
953 2956 1072 3006 quae
1103 2939 1175 2991 liis
1206 2940 1516 2990 continentur
1546 2939 1788 3002 omnium,
1831 2956 1919 2989 nec
1951 2956 2046 2989 uon

138 3030 377 3073 eteorum
420 3039 542 3090 quae
582 3022 735 3073 videri
787 3031 1031 3090 nequeunt
1074 3033 1267 3075 creator
1306 3034 1399 3075 est.
1495 3022 1711 3074 Eundem
1758 3041 1875 3074 vero
1922 3022 2049 3073 uuici

139 3105 226 3156 filii
271 3115 514 3174 parentem
552 3126 645 3159 non
684 3117 907 3175 tauquam
952 3117 1250 3172 creatorem,
1317 3109 1400 3159 sed
1439 3117 1663 3176 tauquam
1700 3116 1910 3176 patrem,
1968 3106 2047 3174 qui

139 3191 336 3258 genuit,
389 3209 499 3243 esse
543 3193 900 3261 cognoscimus.
979 3190 1160 3242 Verum
1193 3191 1233 3242 si
1265 3202 1460 3261 propter
1489 3193 1645 3254 illam,
1701 3209 1839 3258 quam
1887 3201 2046 3241 mente

141 3275 467 3343 concipimuS‚
520 3277 769 3346 corporeis
811 3278 855 3326 iu
886 3275 1100 3344 patribus
1140 3293 1196 3326 ac
1228 3277 1341 3327 filiis
1385 3276 1706 3326 conditionem
1742 3274 2046 3342 passionibus

142 3358 432 3423 obnoxiam,
489 3370 716 3412 vereatur
756 3360 955 3428 aliquis,
1009 3377 1069 3410 ue
1109 3361 1148 3410 si
1189 3361 1407 3429 corporis
1449 3377 1627 3428 expers
1660 3360 1776 3409 deus
1806 3376 2045 3426 generare

143 3442 357 3506 dicatur,
411 3445 640 3512 quaedam
688 3446 731 3496 ei
760 3446 997 3495 tribuatur
1030 3444 1252 3507 affectio,
1295 3453 1376 3495 aut
1410 3444 1455 3494 id
1493 3444 1646 3511 ipsum
1681 3443 1803 3510 quod
1832 3443 2047 3512 gignitur

141 3526 471 3595 imperfectum
515 3538 800 3592 censeatur,
875 3547 930 3580 ac
974 3536 1133 3578 cetera
1174 3528 1218 3578 id
1265 3545 1418 3596 genus
1467 3544 1586 3594 quae
1641 3545 1876 3596 corporeo
1924 3529 2046 3597 patri

144 3610 339 3679 filioque
381 3614 703 3676 conveniunt,
757 3614 798 3664 si
838 3614 882 3664 id
922 3612 1110 3680 inquam
1145 3621 1365 3662 metuens
1393 3628 1671 3678 germanam
1705 3611 1854 3680 patris
1878 3629 1933 3662 ac
1963 3612 2047 3663 filii

145 3694 389 3746 notionem
435 3698 650 3760 auferat,
708 3714 766 3747 eo
806 3698 992 3748 demum
1032 3695 1301 3767 relabetur,
1359 3695 1500 3744 talem
1542 3704 1592 3745 ut
1640 3695 1787 3746 filium
1836 3705 2042 3759 asserat,

146 3780 302 3848 qualia
331 3789 443 3831 sunt
470 3780 661 3850 opificia
687 3781 898 3849 reliqua,
951 3797 1040 3831 uec
1066 3780 1196 3830 illum
1224 3778 1418 3830 omniuo
1447 3778 1597 3830 filium
1628 3780 1852 3850 appellet.
1926 3778 2046 3831 Ete-

2073 911 2169 967 Cap.
2199 912 2268 953 tv.
