2508 4134
542 284 769 347 rANAan
798 285 902 326 me.
925 286 999 326 111.
1027 287 1163 329 ΤοΜ.
1186 289 1216 329 ι.
1246 288 1631 329 HAER.LXX111.
1937 279 2035 328 115

135 401 279 449 vero,
328 383 614 452 sapientiam
654 381 800 433 filium
841 400 868 434 e
899 383 1105 452 sapienti
1144 385 1234 436 deo
1276 404 1332 437 ac
1374 396 1536 456 patre,
1592 395 1641 438 et
1675 394 1725 438 ut
1759 403 1853 436 uno
1887 385 2037 437 verbo

134 468 317 532 dicam,
359 467 503 518 filium
534 468 683 536 patris
713 467 1044 535 undecumque
1079 467 1312 533 similem,
1368 470 1435 521 uti
1468 470 1611 522 filium
1650 470 1819 540 patris.
1894 469 1970 520 Ac
1997 468 2040 520 si

134 553 241 620 quis
269 552 430 620 aliqua
454 551 607 603 solum
637 569 703 602 ex
731 559 868 619 parte
897 549 1101 602 similem
1131 568 1241 603 esse
1271 552 1424 616 dicat,
1467 563 1517 605 ut
1546 564 1657 606 ante
1683 554 1912 623 scriptum
1941 561 2037 617 est,

133 636 192 687 ab
220 636 428 687 ecclesia
457 635 692 687 catholica
723 634 930 686 alienum
965 651 1076 686 esse
1106 652 1312 699 censeo,
1354 654 1413 686 eo
1444 639 1567 704 quod
1600 656 1626 689 e
1651 655 1899 689 sacrarum
1934 637 2041 688 lite-

134 738 295 771 rarum
340 720 637 790 praescripto
678 719 800 788 patri
842 717 1046 769 similem
1084 736 1194 770 esse
1239 720 1383 771 filium
1425 738 1523 771 non
1562 731 1811 790 agnoscat.
1886 720 2043 773 Lecta

135 813 209 856 est
247 805 365 856 haec
408 803 725 873 subscriptio,
784 812 832 854 et
862 801 1057 854 Valenti
1089 803 1278 854 tradita.
1355 804 1574 855 Adfuere
1600 804 1829 870 MarcuS,
1883 804 2042 857 Geor-

131 888 267 957 giuS,
308 886 566 961 UrsatiuS,
608 886 884 939 Germanus
910 895 960 938 et
984 885 1317 957 HypatianuS,
1359 889 1600 958 episcopi,
1655 907 1760 941 cum
1791 890 2044 961 presbyte-

133 974 202 1024 ris
238 989 295 1024 ac
333 971 550 1024 diaconis
587 971 821 1041 pluribus.

275 1055 381 1108 Hae
411 1074 555 1126 porro
585 1055 817 1125 epistolae
849 1074 878 1108 a
906 1056 1045 1108 nobis
1073 1055 1149 1107 hic
1179 1064 1397 1107 attextae
1428 1064 1568 1120 sunt,
1612 1065 1661 1107 ut
1688 1056 1803 1108 illud
1828 1058 2040 1110 eruditus

134 1142 336 1211 quisque
365 1159 421 1192 ac
445 1159 592 1192 verae
621 1141 727 1192 fidei
759 1141 1005 1192 studiosus
1031 1140 1267 1209 intelligat
1295 1158 1391 1192 non
1414 1139 1626 1192 inaniter
1653 1158 1710 1192 ac
1738 1142 1843 1193 sine
1868 1160 2043 1194 caussa

135 1245 223 1278 nos
268 1227 316 1277 in
357 1226 563 1295 aliquem
618 1225 811 1289 invehi,
875 1226 960 1276 sed
1013 1225 1299 1276 certissimis
1352 1224 1716 1294 probationibus
1763 1226 1849 1277 niti
1897 1227 2040 1278 velle.

137 1308 365 1364 Ceterum
403 1311 527 1361 idem
571 1309 638 1360 illi
673 1327 841 1361 rursus
870 1327 898 1360 a
926 1309 1028 1361 suis
1058 1310 1415 1375 discesserunt,
1476 1328 1582 1361 cuin
1621 1310 1680 1361 ob
1717 1311 1905 1379 privata
1937 1312 2047 1361 odia

134 1395 459 1463 humanasque
494 1394 763 1445 simultates
800 1403 848 1445 et
873 1395 1220 1446 aemulationes
1260 1412 1371 1446 sese
1401 1395 1608 1448 invicem
1638 1395 1808 1463 iurgiis
1839 1395 2049 1446 lacesse-

135 1488 271 1544 rent,
329 1487 379 1530 et
410 1479 468 1529 de
498 1478 765 1547 principatu
806 1479 1176 1530 contenderent.
1252 1479 1329 1529 Ac
1360 1488 1457 1530 tum
1489 1476 1905 1531 Semiarianorum
1931 1479 2050 1530 isto-

136 1582 240 1615 rum
281 1561 496 1632 partibus
536 1562 684 1614 robur
721 1563 959 1626 accessit,
1019 1563 1068 1613 in
1106 1562 1275 1631 quibus
1313 1564 1447 1615 fuere
1485 1561 1727 1629 Basilius,
1783 1562 2047 1632 Georgius,

137 1646 367 1700 Silvanus
397 1664 452 1698 ac
481 1648 631 1698 ceteri
665 1648 834 1715 quibus
864 1648 1024 1698 carnis
1053 1647 1296 1698 brachium
1328 1648 1603 1700 adiumento
1630 1657 1763 1713 erat,
1806 1645 2050 1700 Constan-

136 1733 250 1783 tium
282 1732 620 1800 imperatorem
650 1731 884 1798 intelligo,
963 1729 1233 1783 Obtinuere
1261 1741 1420 1784 tamen
1448 1734 1746 1800 postmodum
1772 1731 2047 1797 EudoxiuS,

136 1826 185 1867 et
214 1815 458 1884 Georgius
490 1815 881 1879 AlexandrinuS,
923 1825 971 1867 et
1001 1814 1220 1867 Euzoius
1251 1817 1607 1869 AntiochenuS.
1688 1815 1897 1869 Basilius
1930 1834 2049 1869 vero

137 1919 193 1952 ac
223 1899 467 1968 Georgius
489 1897 801 1952 Laodicenus
844 1917 952 1951 cum
994 1901 1095 1951 suis
1126 1901 1313 1952 minore
1340 1903 1389 1952 in
1418 1903 1572 1971 pretio
1615 1919 1725 1953 esse
1764 1910 2048 1970 coeperunt,

138 2003 244 2037 cum
289 1985 520 2036 hactenus
557 1985 811 2053 plurimum
846 1985 1133 2036 auctoritate
1171 1985 1456 2038 valuissent.
1530 1985 1612 2036 Ex
1649 1985 1709 2037 iis
1741 2003 1933 2036 rursum
1971 1984 2051 2035 alii

138 2069 197 2120 ab
230 2069 396 2120 eadem
438 2069 628 2120 haeresi
662 2087 718 2121 ac
748 2069 934 2138 synodo
967 2069 1141 2122 divulsi
1168 2079 1307 2134 sunt,
1358 2071 1479 2121 adeo
1514 2079 1565 2121 ut
1592 2070 1889 2121 Arianorum
1919 2077 2052 2120 secta

139 2154 228 2205 tria
274 2153 323 2204 in
366 2154 625 2205 factionum
670 2154 874 2206 divortia
925 2153 1223 2205 discesserit.
1313 2153 1442 2206 Nam
1484 2154 1698 2206 Aeacius
1743 2152 2051 2205 Palaestinus

144 2235 418 2290 Caesareae
445 2238 726 2308 episcopuS,
783 2256 888 2289 cum
918 2236 1155 2303 Meletio,
1209 2247 1258 2289 et
1283 2237 1467 2291 Uranio
1498 2239 1686 2309 Tyrio,
1739 2247 1788 2289 et
1812 2237 2053 2308 Eutychio

143 2320 625 2391 Eleutheropolitano
660 2341 745 2391 pro
775 2340 834 2373 eo
862 2341 955 2391 quo
984 2324 1032 2374 in
1061 2320 1299 2393 Cyrillum
1327 2322 1829 2395 Hierosolymitanum
1868 2323 1976 2374 odio
2007 2331 2056 2373 et

142 2406 325 2459 invidia
347 2407 612 2474 flagrabat,
653 2405 868 2470 Basilio,
910 2426 966 2458 ac
994 2406 1212 2477 Georgio
1241 2406 1554 2471 Laodiceno,
1597 2405 1798 2459 Silvano
1835 2406 2055 2458 Tarsen-

143 2490 215 2555 si,
271 2489 472 2542 Eleusio
507 2488 788 2560 Cyziceno,
840 2490 1132 2544 Macedonio
1167 2490 1738 2562 ConstantinopolitanO,
1795 2490 2053 2543 Eustathio

143 2573 450 2640 SebastenO,
506 2584 554 2626 et
583 2575 776 2626 Aniano
809 2576 1118 2628 Antiocheno
1148 2577 1361 2646 seipsum
1399 2578 1650 2646 opposuit,
1703 2578 1781 2646 qui
1814 2585 1912 2627 tum
1940 2593 2055 2626 con-

143 2660 296 2711 stituti
327 2678 431 2710 cum
470 2668 662 2724 essent,
718 2678 830 2711 suas
856 2661 904 2711 in
930 2679 1015 2712 eos
1045 2662 1177 2714 vires
1206 2662 1401 2730 collegit
1426 2662 1672 2726 AcaciuS,
1724 2679 1779 2712 ae
1808 2660 2055 2712 turbarum

145 2744 399 2813 plurimum
440 2744 669 2795 concivit.
746 2741 819 2794 lta
861 2746 1036 2796 factum
1077 2755 1152 2797 est
1179 2755 1230 2797 ut
1257 2764 1362 2797 cum
1396 2746 1443 2797 in
1481 2747 1646 2798 eadem
1680 2746 1858 2813 alioqui
1888 2761 2055 2795 omnes

146 2829 371 2898 opinione
415 2830 600 2892 forent,
655 2846 750 2878 non
790 2829 959 2879 eodem
1002 2839 1160 2881 tamen
1202 2831 1343 2882 modo
1381 2830 1559 2899 singuli
1589 2829 1906 2899 professionis
1938 2843 2056 2879 suae

147 2914 399 2964 formulam
441 2913 779 2981 conciperent,
833 2921 880 2963 et
912 2930 939 2963 a
971 2930 1025 2964 se
1059 2914 1266 2965 invicem
1306 2914 1616 2966 dissiderent.
1694 2912 1776 2965 Ex
1814 2930 1906 2980 qua
1935 2912 2056 2963 divi-

146 2998 283 3049 sione
322 2998 370 3048 in
415 3005 513 3048 tres
560 2997 695 3061 illas,
750 3014 870 3065 quas
913 2998 1054 3048 modo
1097 2998 1337 3062 diximus,
1394 2998 1629 3049 factiones
1665 2997 1882 3048 distracti
1924 3004 2053 3046 sunt.

148 3079 340 3133 Etenim
372 3081 583 3133 Aeacius
627 3100 732 3132 cum
774 3081 875 3133 suis
918 3099 1072 3148 neque
1107 3083 1565 3134 consubstantialem
1598 3082 1838 3134 fatebatur
1867 3097 1976 3130 esse
2006 3079 2059 3128 fi-

146 3164 291 3230 lium,
332 3183 488 3234 neque
522 3175 794 3218 creaturam
824 3183 889 3216 ex
920 3175 1188 3217 ceterarum
1219 3167 1387 3218 ordine
1418 3185 1474 3218 ac
1500 3183 1719 3217 numero.
1795 3162 1861 3214 Et
1895 3181 2059 3231 quam-

147 3249 221 3301 vis
253 3251 418 3301 eadem
446 3268 551 3301 cum
581 3251 686 3302 aliis
717 3250 983 3313 sentirent,
1025 3267 1159 3300 suam
1187 3259 1345 3302 tamen
1374 3251 1646 3318 opinionem
1672 3247 2055 3311 dissimulabant,

148 3351 203 3384 ac
244 3335 447 3403 tempori
486 3336 759 3387 servientes
798 3342 1047 3386 creaturae
1092 3351 1266 3385 nomen
1308 3334 1501 3385 silentio
1539 3331 1897 3402 praeteribant,
1951 3349 2059 3382 cum

147 3416 338 3469 interim
370 3419 485 3470 nihil
512 3420 569 3471 ab
598 3419 798 3471 Arianis
834 3418 1142 3470 dissiderent.
1221 3416 1402 3470 Verum
1434 3435 1519 3487 per
1548 3417 1661 3468 illud
1704 3425 1891 3485 tempus
1936 3416 2061 3485 quod

149 3583 227 3625 τα,
276 3569 384 3615 κατά
427 3586 473 3615 τε
513 3573 595 3616 τῶν
647 3570 783 3616 αὐτῶν
828 3568 1084 3625 στρατεύσας
1132 3584 1250 3626 psum
1276 3569 1471 3620 armavit,
1503 3577 1546 3610 et
1573 3574 1654 3611 cett.

150 3632 232 3668 cett.
312 3631 522 3670 Carnarius
571 3641 617 3670 ea
658 3632 776 3671 verba
817 3630 986 3670 reddidit
1027 3630 1084 3666 ita
1187 3624 1226 3667 4.
1263 3626 1301 3668 οἱ
1327 3623 1509 3680 οἷρειανοὶ
1538 3628 1621 3666 cod.
1653 3627 1813 3677 Rhediy.

149 3683 308 3724 Aniano
345 3685 617 3726 Antiocheno.
673 3687 793 3726 Tunc
832 3684 894 3724 his
934 3682 1080 3723 confir·
1191 3684 1230 3723 ὃ.
1255 3681 1295 3724 ἐν
1327 3695 1398 3722 om.
1430 3685 1470 3722 in
1498 3684 1557 3723 ed.
1586 3684 1717 3724 Petav.
1753 3685 1881 3724 Colon.
1909 3688 2023 3733 repet.

148 3740 267 3780 matis
297 3748 440 3781 contra
468 3741 624 3795 ipsum,
655 3740 766 3780 idem
799 3739 966 3780 Aeacius
995 3738 1077 3778 sei-

1650 3808 1732 3863 8,.

2123 1068 2206 1121 Cap

2079 1125 2206 1166 XXII

2210 1099 2241 1165 i.
