<?xml version="1.0" encoding="UTF-8"?>
<!DOCTYPE html PUBLIC "-//W3C//DTD XHTML 1.0 Transitional//EN"
    "http://www.w3.org/TR/xhtml1/DTD/xhtml1-transitional.dtd">
<html xmlns="http://www.w3.org/1999/xhtml" xml:lang="en" lang="en">
 <head>
  <title>
</title>
<meta http-equiv="Content-Type" content="text/html;charset=utf-8" />
  <meta name='ocr-system' content='tesseract 3.04.00' />
  <meta name='ocr-capabilities' content='ocr_page ocr_carea ocr_par ocr_line ocrx_word'/>
</head>
<body>
  <div class='ocr_page' id='page_1' title='image "./pt3corporishaere02epipuoft_0083.png"; bbox 0 0 2508 4134; ppageno 0'>
   <div class='ocr_carea' id='block_1_1' title="bbox 559 289 2047 341">
    <p class='ocr_par' dir='ltr' id='par_1_1' title="bbox 559 289 2047 341">
     <span class='ocr_line' id='line_1_1' title="bbox 559 289 2047 341; baseline 0.001 -4"><span class='ocrx_word' id='word_1_1' title='bbox 559 296 782 338; x_wconf 81' lang='lat' dir='ltr'><strong>PANARtt</strong></span> <span class='ocrx_word' id='word_1_2' title='bbox 813 296 915 337; x_wconf 76' lang='lat' dir='ltr'><strong>me.</strong></span> <span class='ocrx_word' id='word_1_3' title='bbox 938 298 1009 338; x_wconf 80' lang='lat' dir='ltr'><strong>nt.</strong></span> <span class='ocrx_word' id='word_1_4' title='bbox 1038 298 1171 339; x_wconf 80' lang='grc' dir='ltr'><strong>ΤοΜ.</strong></span> <span class='ocrx_word' id='word_1_5' title='bbox 1196 301 1226 341; x_wconf 86' lang='lat'><strong>1.</strong></span> <span class='ocrx_word' id='word_1_6' title='bbox 1258 300 1419 340; x_wconf 65' lang='lat' dir='ltr'><strong>namt.</strong></span> <span class='ocrx_word' id='word_1_7' title='bbox 1440 300 1638 341; x_wconf 80' lang='lat' dir='ltr'><strong>Lxxut.</strong></span> <span class='ocrx_word' id='word_1_8' title='bbox 1983 289 2047 339; x_wconf 84' lang='lat'><strong>73</strong></span> 
     </span>
    </p>
   </div>
   <div class='ocr_carea' id='block_1_2' title="bbox 140 394 2054 3650">
    <p class='ocr_par' dir='ltr' id='par_1_2' title="bbox 140 394 2054 3486">
     <span class='ocr_line' id='line_1_2' title="bbox 149 394 2049 464; baseline 0.001 -18"><span class='ocrx_word' id='word_1_9' title='bbox 149 412 235 464; x_wconf 89' lang='lat' dir='ltr'><strong>per</strong></span> <span class='ocrx_word' id='word_1_10' title='bbox 265 394 371 446; x_wconf 91' lang='lat' dir='ltr'><strong>illos</strong></span> <span class='ocrx_word' id='word_1_11' title='bbox 402 394 673 462; x_wconf 70' lang='lat' dir='ltr'>excogitet,</span> <span class='ocrx_word' id='word_1_12' title='bbox 730 412 834 444; x_wconf 89' lang='lat' dir='ltr'><strong>cnm</strong></span> <span class='ocrx_word' id='word_1_13' title='bbox 870 404 917 445; x_wconf 89' lang='lat' dir='ltr'><strong>et</strong></span> <span class='ocrx_word' id='word_1_14' title='bbox 956 404 1095 446; x_wconf 87' lang='lat' dir='ltr'><strong>antea</strong></span> <span class='ocrx_word' id='word_1_15' title='bbox 1124 399 1379 450; x_wconf 88' lang='lat' dir='ltr'><strong>nonnullos</strong></span> <span class='ocrx_word' id='word_1_16' title='bbox 1410 397 1715 449; x_wconf 70' lang='lat' dir='ltr'><strong>Antiochiam</strong></span> <span class='ocrx_word' id='word_1_17' title='bbox 1752 396 1919 461; x_wconf 90' lang='lat' dir='ltr'><strong>obire,</strong></span> <span class='ocrx_word' id='word_1_18' title='bbox 1959 414 2049 448; x_wconf 91' lang='lat' dir='ltr'><strong>uec</strong></span> 
     </span>
     <span class='ocr_line' id='line_1_3' title="bbox 149 476 2050 551; baseline 0.001 -21"><span class='ocrx_word' id='word_1_19' title='bbox 149 497 242 530; x_wconf 89' lang='lat' dir='ltr'><strong>non</strong></span> <span class='ocrx_word' id='word_1_20' title='bbox 268 487 316 528; x_wconf 86' lang='lat' dir='ltr'><strong>et</strong></span> <span class='ocrx_word' id='word_1_21' title='bbox 341 479 690 529; x_wconf 69' lang='lat' dir='ltr'><strong>Alexandriam</strong></span> <span class='ocrx_word' id='word_1_22' title='bbox 719 495 775 528; x_wconf 91' lang='lat' dir='ltr'><strong>ac</strong></span> <span class='ocrx_word' id='word_1_23' title='bbox 806 476 1030 547; x_wconf 82' lang='lat' dir='ltr'><strong>Lydiam,</strong></span> <span class='ocrx_word' id='word_1_24' title='bbox 1073 487 1120 529; x_wconf 88' lang='lat' dir='ltr'><strong>et</strong></span> <span class='ocrx_word' id='word_1_25' title='bbox 1147 481 1313 530; x_wconf 87' lang='lat' dir='ltr'><strong>Asiam</strong></span> <span class='ocrx_word' id='word_1_26' title='bbox 1341 482 1662 544; x_wconf 89' lang='lat' dir='ltr'><strong>audissemus,</strong></span> <span class='ocrx_word' id='word_1_27' title='bbox 1703 482 1860 550; x_wconf 88' lang='lat' dir='ltr'><strong>ibique</strong></span> <span class='ocrx_word' id='word_1_28' title='bbox 1885 482 2050 551; x_wconf 88' lang='lat' dir='ltr'><strong>impie-</strong></span> 
     </span>
     <span class='ocr_line' id='line_1_4' title="bbox 150 561 2050 635; baseline 0.001 -21"><span class='ocrx_word' id='word_1_29' title='bbox 150 562 257 614; x_wconf 89' lang='lat' dir='ltr'><strong>tatis</strong></span> <span class='ocrx_word' id='word_1_30' title='bbox 284 579 398 612; x_wconf 84' lang='lat' dir='ltr'><strong>suae</strong></span> <span class='ocrx_word' id='word_1_31' title='bbox 430 561 664 612; x_wconf 88' lang='lat' dir='ltr'><strong>scintillas</strong></span> <span class='ocrx_word' id='word_1_32' title='bbox 703 562 944 613; x_wconf 81' lang='lat' dir='ltr'><strong>radiorum</strong></span> <span class='ocrx_word' id='word_1_33' title='bbox 978 562 1150 613; x_wconf 90' lang='lat' dir='ltr'><strong>animis</strong></span> <span class='ocrx_word' id='word_1_34' title='bbox 1186 564 1472 628; x_wconf 90' lang='lat' dir='ltr'><strong>immittere,</strong></span> <span class='ocrx_word' id='word_1_35' title='bbox 1524 584 1692 632; x_wconf 86' lang='lat' dir='ltr'><strong>magna</strong></span> <span class='ocrx_word' id='word_1_36' title='bbox 1724 584 1812 618; x_wconf 90' lang='lat' dir='ltr'><strong>uos</strong></span> <span class='ocrx_word' id='word_1_37' title='bbox 1840 583 1951 635; x_wconf 87' lang='lat' dir='ltr'><strong>spes</strong></span> <span class='ocrx_word' id='word_1_38' title='bbox 1981 574 2050 616; x_wconf 88' lang='lat' dir='ltr'><strong>te-</strong></span> 
     </span>
     <span class='ocr_line' id='line_1_5' title="bbox 148 646 2047 718; baseline 0.002 -20"><span class='ocrx_word' id='word_1_39' title='bbox 148 656 255 708; x_wconf 89' lang='lat' dir='ltr'><strong>net,</strong></span> <span class='ocrx_word' id='word_1_40' title='bbox 309 664 395 714; x_wconf 92' lang='lat' dir='ltr'><strong>pro</strong></span> <span class='ocrx_word' id='word_1_41' title='bbox 427 654 554 696; x_wconf 89' lang='lat' dir='ltr'><strong>tanta</strong></span> <span class='ocrx_word' id='word_1_42' title='bbox 597 646 795 697; x_wconf 91' lang='lat' dir='ltr'><strong>sceleris</strong></span> <span class='ocrx_word' id='word_1_43' title='bbox 827 647 1023 698; x_wconf 88' lang='lat' dir='ltr'><strong>audacia</strong></span> <span class='ocrx_word' id='word_1_44' title='bbox 1054 664 1110 698; x_wconf 88' lang='lat' dir='ltr'><strong>ac</strong></span> <span class='ocrx_word' id='word_1_45' title='bbox 1139 655 1232 697; x_wconf 89' lang='lat' dir='ltr'><strong>tam</strong></span> <span class='ocrx_word' id='word_1_46' title='bbox 1267 646 1478 715; x_wconf 82' lang='lat' dir='ltr'><strong>proiecta</strong></span> <span class='ocrx_word' id='word_1_47' title='bbox 1518 649 1703 700; x_wconf 87' lang='lat' dir='ltr'><strong>illorum</strong></span> <span class='ocrx_word' id='word_1_48' title='bbox 1738 651 2047 718; x_wconf 88' lang='lat' dir='ltr'><strong>impudentia,</strong></span> 
     </span>
     <span class='ocr_line' id='line_1_6' title="bbox 148 729 2052 800; baseline 0.003 -19"><span class='ocrx_word' id='word_1_49' title='bbox 148 731 187 782; x_wconf 92' lang='lat' dir='ltr'><strong>si</strong></span> <span class='ocrx_word' id='word_1_50' title='bbox 219 739 267 781; x_wconf 89' lang='lat' dir='ltr'><strong>et.</strong></span> <span class='ocrx_word' id='word_1_51' title='bbox 298 748 414 792; x_wconf 92' lang='lat' dir='ltr'><strong>nos,</strong></span> <span class='ocrx_word' id='word_1_52' title='bbox 468 732 617 797; x_wconf 90' lang='lat' dir='ltr'><strong>etqui</strong></span> <span class='ocrx_word' id='word_1_53' title='bbox 647 729 695 780; x_wconf 88' lang='lat' dir='ltr'><strong>in</strong></span> <span class='ocrx_word' id='word_1_54' title='bbox 722 730 815 781; x_wconf 91' lang='lat' dir='ltr'><strong>illis</strong></span> <span class='ocrx_word' id='word_1_55' title='bbox 845 730 964 781; x_wconf 88' lang='lat' dir='ltr'><strong>locis</strong></span> <span class='ocrx_word' id='word_1_56' title='bbox 996 730 1200 782; x_wconf 88' lang='lat' dir='ltr'><strong>ministri</strong></span> <span class='ocrx_word' id='word_1_57' title='bbox 1235 731 1411 781; x_wconf 90' lang='lat' dir='ltr'><strong>domini</strong></span> <span class='ocrx_word' id='word_1_58' title='bbox 1446 749 1500 782; x_wconf 85' lang='lat' dir='ltr'><strong>ac</strong></span> <span class='ocrx_word' id='word_1_59' title='bbox 1534 733 1746 800; x_wconf 85' lang='lat' dir='ltr'><strong>collegae</strong></span> <span class='ocrx_word' id='word_1_60' title='bbox 1782 744 1920 798; x_wconf 86' lang='lat' dir='ltr'><strong>sunt,</strong></span> <span class='ocrx_word' id='word_1_61' title='bbox 1972 753 2052 787; x_wconf 87' lang='lat' dir='ltr'><strong>ec-</strong></span> 
     </span>
     <span class='ocr_line' id='line_1_7' title="bbox 147 814 2052 887; baseline 0.003 -23"><span class='ocrx_word' id='word_1_62' title='bbox 147 814 325 865; x_wconf 86' lang='lat' dir='ltr'><strong>clesiae</strong></span> <span class='ocrx_word' id='word_1_63' title='bbox 360 814 787 882; x_wconf 72' lang='lat' dir='ltr'><strong>propugnationem</strong></span> <span class='ocrx_word' id='word_1_64' title='bbox 821 816 1206 884; x_wconf 80' lang='lat' dir='ltr'><strong>susciperemus,</strong></span> <span class='ocrx_word' id='word_1_65' title='bbox 1259 815 1504 865; x_wconf 80' lang='lat' dir='ltr'><strong>inventam</strong></span> <span class='ocrx_word' id='word_1_66' title='bbox 1540 816 1666 867; x_wconf 87' lang='lat' dir='ltr'><strong>illam</strong></span> <span class='ocrx_word' id='word_1_67' title='bbox 1700 836 1851 887; x_wconf 88' lang='lat' dir='ltr'><strong>nuper</strong></span> <span class='ocrx_word' id='word_1_68' title='bbox 1883 820 2052 870; x_wconf 82' lang='lat' dir='ltr'><strong>baere-</strong></span> 
     </span>
     <span class='ocr_line' id='line_1_8' title="bbox 147 897 2047 970; baseline 0.003 -22"><span class='ocrx_word' id='word_1_69' title='bbox 147 897 234 949; x_wconf 86' lang='lat' dir='ltr'><strong>sim</strong></span> <span class='ocrx_word' id='word_1_70' title='bbox 276 897 547 966; x_wconf 86' lang='lat' dir='ltr'><strong>profligari,</strong></span> <span class='ocrx_word' id='word_1_71' title='bbox 614 907 755 966; x_wconf 89' lang='lat' dir='ltr'><strong>atque</strong></span> <span class='ocrx_word' id='word_1_72' title='bbox 802 916 990 949; x_wconf 90' lang='lat' dir='ltr'><strong>omnem</strong></span> <span class='ocrx_word' id='word_1_73' title='bbox 1035 900 1163 950; x_wconf 88' lang='lat' dir='ltr'><strong>illam</strong></span> <span class='ocrx_word' id='word_1_74' title='bbox 1209 899 1560 968; x_wconf 69' lang='lat' dir='ltr'><strong>improbitatem</strong></span> <span class='ocrx_word' id='word_1_75' title='bbox 1606 918 1748 968; x_wconf 90' lang='lat' dir='ltr'><strong>posse</strong></span> <span class='ocrx_word' id='word_1_76' title='bbox 1795 904 2047 970; x_wconf 77' lang='lat' dir='ltr'><strong>restingui.</strong></span> 
     </span>
     <span class='ocr_line' id='line_1_9' title="bbox 148 981 2048 1053; baseline 0.004 -22"><span class='ocrx_word' id='word_1_77' title='bbox 148 981 385 1049; x_wconf 81' lang='lat' dir='ltr'><strong>Quoniam</strong></span> <span class='ocrx_word' id='word_1_78' title='bbox 415 999 531 1033; x_wconf 90' lang='lat' dir='ltr'><strong>vero</strong></span> <span class='ocrx_word' id='word_1_79' title='bbox 559 991 650 1032; x_wconf 91' lang='lat' dir='ltr'><strong>tam</strong></span> <span class='ocrx_word' id='word_1_80' title='bbox 678 983 736 1032; x_wconf 89' lang='lat' dir='ltr'><strong>ab</strong></span> <span class='ocrx_word' id='word_1_81' title='bbox 764 983 821 1034; x_wconf 91' lang='lat' dir='ltr'><strong>iis</strong></span> <span class='ocrx_word' id='word_1_82' title='bbox 854 992 1048 1052; x_wconf 82' lang='lat' dir='ltr'><strong>postea,</strong></span> <span class='ocrx_word' id='word_1_83' title='bbox 1090 984 1167 1052; x_wconf 91' lang='lat' dir='ltr'><strong>qui</strong></span> <span class='ocrx_word' id='word_1_84' title='bbox 1201 1001 1265 1034; x_wconf 85' lang='lat' dir='ltr'><strong>ex</strong></span> <span class='ocrx_word' id='word_1_85' title='bbox 1293 984 1384 1033; x_wconf 92' lang='lat' dir='ltr'><strong>illis</strong></span> <span class='ocrx_word' id='word_1_86' title='bbox 1411 984 1530 1034; x_wconf 86' lang='lat' dir='ltr'><strong>locis</strong></span> <span class='ocrx_word' id='word_1_87' title='bbox 1565 983 1654 1034; x_wconf 88' lang='lat' dir='ltr'><strong>hnc</strong></span> <span class='ocrx_word' id='word_1_88' title='bbox 1687 987 1885 1053; x_wconf 76' lang='lat' dir='ltr'><strong>profecti</strong></span> <span class='ocrx_word' id='word_1_89' title='bbox 1919 997 2048 1052; x_wconf 88' lang='lat' dir='ltr'><strong>sunt,</strong></span> 
     </span>
     <span class='ocr_line' id='line_1_10' title="bbox 147 1064 2048 1137; baseline 0.003 -21"><span class='ocrx_word' id='word_1_90' title='bbox 147 1085 286 1135; x_wconf 92' lang='lat' dir='ltr'><strong>quam</strong></span> <span class='ocrx_word' id='word_1_91' title='bbox 319 1085 383 1118; x_wconf 89' lang='lat' dir='ltr'><strong>ex</strong></span> <span class='ocrx_word' id='word_1_92' title='bbox 418 1064 718 1135; x_wconf 77' lang='lat' dir='ltr'><strong>Illyricorum</strong></span> <span class='ocrx_word' id='word_1_93' title='bbox 750 1068 930 1117; x_wconf 86' lang='lat' dir='ltr'><strong>nuntiis</strong></span> <span class='ocrx_word' id='word_1_94' title='bbox 963 1069 1236 1137; x_wconf 90' lang='lat' dir='ltr'><strong>accepimus</strong></span> <span class='ocrx_word' id='word_1_95' title='bbox 1275 1068 1383 1118; x_wconf 89' lang='lat' dir='ltr'><strong>mali</strong></span> <span class='ocrx_word' id='word_1_96' title='bbox 1421 1067 1559 1119; x_wconf 77' lang='lat' dir='ltr'><strong>liuius</strong></span> <span class='ocrx_word' id='word_1_97' title='bbox 1601 1077 1826 1120; x_wconf 88' lang='lat' dir='ltr'><strong>auctores</strong></span> <span class='ocrx_word' id='word_1_98' title='bbox 1861 1088 2048 1122; x_wconf 90' lang='lat' dir='ltr'><strong>omnem</strong></span> 
     </span>
     <span class='ocr_line' id='line_1_11' title="bbox 146 1151 2054 1221; baseline 0.002 -19"><span class='ocrx_word' id='word_1_99' title='bbox 146 1151 428 1202; x_wconf 88' lang='lat' dir='ltr'><strong>industriam</strong></span> <span class='ocrx_word' id='word_1_100' title='bbox 459 1151 704 1215; x_wconf 86' lang='lat' dir='ltr'><strong>adbibere,</strong></span> <span class='ocrx_word' id='word_1_101' title='bbox 746 1170 802 1202; x_wconf 89' lang='lat' dir='ltr'><strong>ac</strong></span> <span class='ocrx_word' id='word_1_102' title='bbox 834 1151 1073 1220; x_wconf 87' lang='lat' dir='ltr'><strong>plerisque</strong></span> <span class='ocrx_word' id='word_1_103' title='bbox 1103 1151 1361 1221; x_wconf 88' lang='lat' dir='ltr'><strong>perniciem</strong></span> <span class='ocrx_word' id='word_1_104' title='bbox 1391 1152 1672 1215; x_wconf 84' lang='lat' dir='ltr'><strong>machinari,</strong></span> <span class='ocrx_word' id='word_1_105' title='bbox 1714 1170 1893 1221; x_wconf 88' lang='lat' dir='ltr'><strong>eosque.</strong></span> <span class='ocrx_word' id='word_1_106' title='bbox 1922 1157 2054 1206; x_wconf 84' lang='lat' dir='ltr'><strong>velut</strong></span> 
     </span>
     <span class='ocr_line' id='line_1_12' title="bbox 147 1235 2050 1304; baseline 0.002 -18"><span class='ocrx_word' id='word_1_107' title='bbox 147 1236 432 1286; x_wconf 88' lang='lat' dir='ltr'><strong>fermentum</strong></span> <span class='ocrx_word' id='word_1_108' title='bbox 463 1235 696 1304; x_wconf 85' lang='lat' dir='ltr'><strong>quoddam</strong></span> <span class='ocrx_word' id='word_1_109' title='bbox 727 1237 783 1287; x_wconf 90' lang='lat' dir='ltr'><strong>ad</strong></span> <span class='ocrx_word' id='word_1_110' title='bbox 812 1236 1069 1303; x_wconf 84' lang='lat' dir='ltr'><strong>nequitiam</strong></span> <span class='ocrx_word' id='word_1_111' title='bbox 1104 1237 1406 1299; x_wconf 79' lang='lat' dir='ltr'><strong>distendere,</strong></span> <span class='ocrx_word' id='word_1_112' title='bbox 1458 1254 1559 1287; x_wconf 88' lang='lat' dir='ltr'><strong>rem</strong></span> <span class='ocrx_word' id='word_1_113' title='bbox 1589 1238 1710 1287; x_wconf 89' lang='lat' dir='ltr'><strong>ultra</strong></span> <span class='ocrx_word' id='word_1_114' title='bbox 1742 1238 2050 1289; x_wconf 81' lang='lat' dir='ltr'><strong>differendam</strong></span> 
     </span>
     <span class='ocr_line' id='line_1_13' title="bbox 146 1312 2053 1391; baseline 0.002 -21"><span class='ocrx_word' id='word_1_115' title='bbox 146 1337 256 1371; x_wconf 90' lang='lat' dir='ltr'><strong>esse</strong></span> <span class='ocrx_word' id='word_1_116' title='bbox 299 1338 393 1371; x_wconf 90' lang='lat' dir='ltr'><strong>uon</strong></span> <span class='ocrx_word' id='word_1_117' title='bbox 437 1312 733 1371; x_wconf 77' lang='lat' dir='ltr'><strong>censuimus,</strong></span> <span class='ocrx_word' id='word_1_118' title='bbox 810 1318 907 1371; x_wconf 90' lang='lat' dir='ltr'><strong>Sed</strong></span> <span class='ocrx_word' id='word_1_119' title='bbox 950 1339 1053 1371; x_wconf 87' lang='lat' dir='ltr'><strong>cum</strong></span> <span class='ocrx_word' id='word_1_120' title='bbox 1097 1321 1262 1372; x_wconf 88' lang='lat' dir='ltr'><strong>literas</strong></span> <span class='ocrx_word' id='word_1_121' title='bbox 1293 1321 1492 1390; x_wconf 83' lang='lat' dir='ltr'><strong>insuper</strong></span> <span class='ocrx_word' id='word_1_122' title='bbox 1522 1321 1580 1372; x_wconf 91' lang='lat' dir='ltr'><strong>ab</strong></span> <span class='ocrx_word' id='word_1_123' title='bbox 1615 1323 1827 1373; x_wconf 89' lang='lat' dir='ltr'><strong>unanimi</strong></span> <span class='ocrx_word' id='word_1_124' title='bbox 1869 1323 2053 1391; x_wconf 77' lang='lat' dir='ltr'><strong>collega</strong></span> 
     </span>
     <span class='ocr_line' id='line_1_14' title="bbox 147 1402 2052 1475; baseline 0.002 -20"><span class='ocrx_word' id='word_1_125' title='bbox 147 1413 314 1455; x_wconf 90' lang='lat' dir='ltr'><strong>nostro</strong></span> <span class='ocrx_word' id='word_1_126' title='bbox 358 1403 575 1471; x_wconf 84' lang='lat' dir='ltr'><strong>Georgio</strong></span> <span class='ocrx_word' id='word_1_127' title='bbox 622 1405 848 1474; x_wconf 85' lang='lat' dir='ltr'><strong>episcopo</strong></span> <span class='ocrx_word' id='word_1_128' title='bbox 890 1402 1197 1456; x_wconf 87' lang='lat' dir='ltr'><strong>Laodicenae</strong></span> <span class='ocrx_word' id='word_1_129' title='bbox 1238 1405 1370 1457; x_wconf 88' lang='lat' dir='ltr'><strong>urbis</strong></span> <span class='ocrx_word' id='word_1_130' title='bbox 1416 1405 1799 1474; x_wconf 78' lang='lat' dir='ltr'><strong>accepissemus,</strong></span> <span class='ocrx_word' id='word_1_131' title='bbox 1855 1425 2052 1475; x_wconf 87' lang='lat' dir='ltr'><strong>quarum</strong></span> 
     </span>
     <span class='ocr_line' id='line_1_15' title="bbox 146 1488 2052 1563; baseline 0.002 -24"><span class='ocrx_word' id='word_1_132' title='bbox 146 1488 418 1558; x_wconf 86' lang='lat' dir='ltr'><strong>exemplum</strong></span> <span class='ocrx_word' id='word_1_133' title='bbox 447 1489 522 1539; x_wconf 79' lang='lat' dir='ltr'><strong>liic</strong></span> <span class='ocrx_word' id='word_1_134' title='bbox 547 1489 908 1558; x_wconf 82' lang='lat' dir='ltr'><strong>adscripsimus,</strong></span> <span class='ocrx_word' id='word_1_135' title='bbox 950 1499 997 1540; x_wconf 90' lang='lat' dir='ltr'><strong>et</strong></span> <span class='ocrx_word' id='word_1_136' title='bbox 1026 1507 1191 1541; x_wconf 87' lang='lat' dir='ltr'><strong>eorum</strong></span> <span class='ocrx_word' id='word_1_137' title='bbox 1225 1490 1613 1540; x_wconf 86' lang='lat' dir='ltr'><strong>denuntiationes</strong></span> <span class='ocrx_word' id='word_1_138' title='bbox 1645 1492 1722 1559; x_wconf 88' lang='lat' dir='ltr'><strong>qui</strong></span> <span class='ocrx_word' id='word_1_139' title='bbox 1758 1510 1920 1563; x_wconf 87' lang='lat' dir='ltr'><strong>coram</strong></span> <span class='ocrx_word' id='word_1_140' title='bbox 1962 1493 2052 1543; x_wconf 88' lang='lat' dir='ltr'><strong>deo</strong></span> 
     </span>
     <span class='ocr_line' id='line_1_16' title="bbox 147 1573 2047 1644; baseline 0.001 -20"><span class='ocrx_word' id='word_1_141' title='bbox 147 1591 234 1624; x_wconf 91' lang='lat' dir='ltr'><strong>nos</strong></span> <span class='ocrx_word' id='word_1_142' title='bbox 274 1573 640 1623; x_wconf 89' lang='lat' dir='ltr'><strong>obtestabantur</strong></span> <span class='ocrx_word' id='word_1_143' title='bbox 678 1574 874 1624; x_wconf 85' lang='lat' dir='ltr'><strong>reveriti</strong></span> <span class='ocrx_word' id='word_1_144' title='bbox 917 1591 1163 1637; x_wconf 85' lang='lat' dir='ltr'><strong>essemus,</strong></span> <span class='ocrx_word' id='word_1_145' title='bbox 1216 1593 1301 1643; x_wconf 92' lang='lat' dir='ltr'><strong>pro</strong></span> <span class='ocrx_word' id='word_1_146' title='bbox 1330 1592 1388 1625; x_wconf 90' lang='lat' dir='ltr'><strong>eo</strong></span> <span class='ocrx_word' id='word_1_147' title='bbox 1418 1592 1473 1625; x_wconf 91' lang='lat' dir='ltr'><strong>ac</strong></span> <span class='ocrx_word' id='word_1_148' title='bbox 1508 1592 1592 1643; x_wconf 89' lang='lat' dir='ltr'><strong>per</strong></span> <span class='ocrx_word' id='word_1_149' title='bbox 1635 1584 1820 1644; x_wconf 91' lang='lat' dir='ltr'><strong>tempus</strong></span> <span class='ocrx_word' id='word_1_150' title='bbox 1854 1574 2047 1638; x_wconf 86' lang='lat' dir='ltr'><strong>licebat,</strong></span> 
     </span>
     <span class='ocr_line' id='line_1_17' title="bbox 144 1656 2054 1729; baseline 0.002 -22"><span class='ocrx_word' id='word_1_151' title='bbox 144 1657 423 1707; x_wconf 85' lang='lat' dir='ltr'><strong>imminente</strong></span> <span class='ocrx_word' id='word_1_152' title='bbox 463 1667 778 1708; x_wconf 87' lang='lat' dir='ltr'><strong>sacrosancto</strong></span> <span class='ocrx_word' id='word_1_153' title='bbox 814 1656 1068 1708; x_wconf 84' lang='lat' dir='ltr'><strong>Paschatis</strong></span> <span class='ocrx_word' id='word_1_154' title='bbox 1110 1659 1216 1721; x_wconf 90' lang='lat' dir='ltr'><strong>die,</strong></span> <span class='ocrx_word' id='word_1_155' title='bbox 1270 1659 1316 1709; x_wconf 90' lang='lat' dir='ltr'><strong>in</strong></span> <span class='ocrx_word' id='word_1_156' title='bbox 1362 1677 1506 1709; x_wconf 90' lang='lat' dir='ltr'><strong>unum</strong></span> <span class='ocrx_word' id='word_1_157' title='bbox 1551 1659 1766 1723; x_wconf 86' lang='lat' dir='ltr'><strong>collecti,</strong></span> <span class='ocrx_word' id='word_1_158' title='bbox 1822 1669 2054 1729; x_wconf 85' lang='lat' dir='ltr'><strong>quotquot</strong></span> 
     </span>
     <span class='ocr_line' id='line_1_18' title="bbox 146 1742 2053 1811; baseline 0.002 -19"><span class='ocrx_word' id='word_1_159' title='bbox 146 1743 317 1792; x_wconf 88' lang='lat' dir='ltr'><strong>adesse</strong></span> <span class='ocrx_word' id='word_1_160' title='bbox 345 1742 584 1810; x_wconf 88' lang='lat' dir='ltr'><strong>potuimus</strong></span> <span class='ocrx_word' id='word_1_161' title='bbox 620 1744 751 1809; x_wconf 89' lang='lat' dir='ltr'><strong>(nam</strong></span> <span class='ocrx_word' id='word_1_162' title='bbox 784 1743 1039 1811; x_wconf 89' lang='lat' dir='ltr'><strong>plerosque</strong></span> <span class='ocrx_word' id='word_1_163' title='bbox 1069 1742 1219 1793; x_wconf 84' lang='lat' dir='ltr'><strong>biems</strong></span> <span class='ocrx_word' id='word_1_164' title='bbox 1251 1743 1549 1805; x_wconf 85' lang='lat' dir='ltr'><strong>interclusit,</strong></span> <span class='ocrx_word' id='word_1_165' title='bbox 1605 1753 1655 1794; x_wconf 85' lang='lat' dir='ltr'><strong>ut</strong></span> <span class='ocrx_word' id='word_1_166' title='bbox 1695 1761 1758 1795; x_wconf 87' lang='lat' dir='ltr'><strong>ex</strong></span> <span class='ocrx_word' id='word_1_167' title='bbox 1789 1762 1952 1795; x_wconf 87' lang='lat' dir='ltr'><strong>eorum</strong></span> <span class='ocrx_word' id='word_1_168' title='bbox 1999 1745 2053 1795; x_wconf 87' lang='lat' dir='ltr'><strong>ti-</strong></span> 
     </span>
     <span class='ocr_line' id='line_1_19' title="bbox 147 1826 2052 1898; baseline 0.002 -22"><span class='ocrx_word' id='word_1_169' title='bbox 147 1826 262 1877; x_wconf 87' lang='lat' dir='ltr'><strong>teris</strong></span> <span class='ocrx_word' id='word_1_170' title='bbox 288 1826 583 1892; x_wconf 87' lang='lat' dir='ltr'><strong>didicimus),</strong></span> <span class='ocrx_word' id='word_1_171' title='bbox 627 1843 819 1895; x_wconf 85' lang='lat' dir='ltr'><strong>operam</strong></span> <span class='ocrx_word' id='word_1_172' title='bbox 851 1827 1066 1877; x_wconf 87' lang='lat' dir='ltr'><strong>dedimus</strong></span> <span class='ocrx_word' id='word_1_173' title='bbox 1095 1837 1144 1878; x_wconf 89' lang='lat' dir='ltr'><strong>ut</strong></span> <span class='ocrx_word' id='word_1_174' title='bbox 1167 1828 1222 1877; x_wconf 92' lang='lat' dir='ltr'><strong>ad</strong></span> <span class='ocrx_word' id='word_1_175' title='bbox 1255 1837 1495 1896; x_wconf 86' lang='lat' dir='ltr'><strong>receptam</strong></span> <span class='ocrx_word' id='word_1_176' title='bbox 1530 1829 1635 1878; x_wconf 78' lang='lat' dir='ltr'><strong>fidei</strong></span> <span class='ocrx_word' id='word_1_177' title='bbox 1666 1829 1913 1879; x_wconf 78' lang='lat' dir='ltr'><strong>formulam</strong></span> <span class='ocrx_word' id='word_1_178' title='bbox 1945 1847 2052 1898; x_wconf 91' lang='lat' dir='ltr'><strong>pro-</strong></span> 
     </span>
     <span class='ocr_line' id='line_1_20' title="bbox 144 1911 2053 1981; baseline 0.002 -21"><span class='ocrx_word' id='word_1_179' title='bbox 144 1912 297 1980; x_wconf 88' lang='lat' dir='ltr'><strong>prium</strong></span> <span class='ocrx_word' id='word_1_180' title='bbox 340 1911 558 1978; x_wconf 89' lang='lat' dir='ltr'><strong>quiddam</strong></span> <span class='ocrx_word' id='word_1_181' title='bbox 602 1920 744 1979; x_wconf 88' lang='lat' dir='ltr'><strong>atque</strong></span> <span class='ocrx_word' id='word_1_182' title='bbox 789 1911 1071 1979; x_wconf 82' lang='lat' dir='ltr'><strong>expressius</strong></span> <span class='ocrx_word' id='word_1_183' title='bbox 1114 1912 1400 1976; x_wconf 85' lang='lat' dir='ltr'><strong>adderetur,</strong></span> <span class='ocrx_word' id='word_1_184' title='bbox 1465 1922 1515 1963; x_wconf 89' lang='lat' dir='ltr'><strong>nt</strong></span> <span class='ocrx_word' id='word_1_185' title='bbox 1562 1921 1669 1981; x_wconf 82' lang='lat' dir='ltr'><strong>post</strong></span> <span class='ocrx_word' id='word_1_186' title='bbox 1717 1922 1906 1964; x_wconf 85' lang='lat' dir='ltr'><strong>ceteras</strong></span> <span class='ocrx_word' id='word_1_187' title='bbox 1946 1913 2053 1964; x_wconf 86' lang='lat' dir='ltr'><strong>lidei</strong></span> 
     </span>
     <span class='ocr_line' id='line_1_21' title="bbox 145 1994 2053 2064; baseline 0.001 -19"><span class='ocrx_word' id='word_1_188' title='bbox 145 1994 500 2064; x_wconf 77' lang='lat' dir='ltr'><strong>prol‘essioneS,</strong></span> <span class='ocrx_word' id='word_1_189' title='bbox 543 2012 647 2046; x_wconf 92' lang='lat' dir='ltr'><strong>eam</strong></span> <span class='ocrx_word' id='word_1_190' title='bbox 681 1996 901 2046; x_wconf 88' lang='lat' dir='ltr'><strong>nimirum</strong></span> <span class='ocrx_word' id='word_1_191' title='bbox 936 2013 1055 2063; x_wconf 89' lang='lat' dir='ltr'><strong>quae</strong></span> <span class='ocrx_word' id='word_1_192' title='bbox 1090 1996 1376 2046; x_wconf 82' lang='lat' dir='ltr'><strong>Antiochiae</strong></span> <span class='ocrx_word' id='word_1_193' title='bbox 1408 1998 1495 2048; x_wconf 92' lang='lat' dir='ltr'><strong>sub</strong></span> <span class='ocrx_word' id='word_1_194' title='bbox 1527 1998 1763 2049; x_wconf 85' lang='lat' dir='ltr'><strong>ecclesiae</strong></span> <span class='ocrx_word' id='word_1_195' title='bbox 1793 1998 2053 2048; x_wconf 80' lang='lat' dir='ltr'><strong>dedicatio-</strong></span> 
     </span>
     <span class='ocr_line' id='line_1_22' title="bbox 147 2077 2052 2151; baseline 0.002 -21"><span class='ocrx_word' id='word_1_196' title='bbox 147 2097 253 2130; x_wconf 86' lang='lat' dir='ltr'><strong>nem</strong></span> <span class='ocrx_word' id='word_1_197' title='bbox 289 2079 529 2148; x_wconf 90' lang='lat' dir='ltr'><strong>proposita</strong></span> <span class='ocrx_word' id='word_1_198' title='bbox 559 2089 653 2142; x_wconf 89' lang='lat' dir='ltr'><strong>est,</strong></span> <span class='ocrx_word' id='word_1_199' title='bbox 694 2097 783 2130; x_wconf 87' lang='lat' dir='ltr'><strong>nee</strong></span> <span class='ocrx_word' id='word_1_200' title='bbox 813 2098 907 2130; x_wconf 88' lang='lat' dir='ltr'><strong>non</strong></span> <span class='ocrx_word' id='word_1_201' title='bbox 937 2090 983 2129; x_wconf 88' lang='lat' dir='ltr'><strong>et</strong></span> <span class='ocrx_word' id='word_1_202' title='bbox 1012 2079 1058 2130; x_wconf 87' lang='lat' dir='ltr'><strong>in</strong></span> <span class='ocrx_word' id='word_1_203' title='bbox 1085 2077 1366 2132; x_wconf 83' lang='lat' dir='ltr'><strong>Sardiceusi</strong></span> <span class='ocrx_word' id='word_1_204' title='bbox 1398 2083 1605 2151; x_wconf 79' lang='lat' dir='ltr'><strong>synodo,</strong></span> <span class='ocrx_word' id='word_1_205' title='bbox 1647 2101 1785 2150; x_wconf 87' lang='lat' dir='ltr'><strong>quam</strong></span> <span class='ocrx_word' id='word_1_206' title='bbox 1816 2080 2052 2134; x_wconf 85' lang='lat' dir='ltr'><strong>Sirmien-</strong></span> 
     </span>
     <span class='ocr_line' id='line_1_23' title="bbox 145 2164 2053 2235; baseline 0.001 -20"><span class='ocrx_word' id='word_1_207' title='bbox 145 2166 213 2215; x_wconf 89' lang='lat' dir='ltr'><strong>sis</strong></span> <span class='ocrx_word' id='word_1_208' title='bbox 240 2165 462 2232; x_wconf 82' lang='lat' dir='ltr'><strong>amplexa</strong></span> <span class='ocrx_word' id='word_1_209' title='bbox 497 2173 599 2225; x_wconf 85' lang='lat' dir='ltr'><strong>est,</strong></span> <span class='ocrx_word' id='word_1_210' title='bbox 642 2173 690 2214; x_wconf 88' lang='lat' dir='ltr'><strong>et</strong></span> <span class='ocrx_word' id='word_1_211' title='bbox 718 2165 774 2215; x_wconf 90' lang='lat' dir='ltr'><strong>ad</strong></span> <span class='ocrx_word' id='word_1_212' title='bbox 807 2164 1021 2215; x_wconf 88' lang='lat' dir='ltr'><strong>rationes</strong></span> <span class='ocrx_word' id='word_1_213' title='bbox 1052 2165 1159 2214; x_wconf 91' lang='lat' dir='ltr'><strong>illas</strong></span> <span class='ocrx_word' id='word_1_214' title='bbox 1190 2183 1312 2232; x_wconf 91' lang='lat' dir='ltr'><strong>qnae</strong></span> <span class='ocrx_word' id='word_1_215' title='bbox 1343 2166 1388 2216; x_wconf 94' lang='lat' dir='ltr'><strong>iu</strong></span> <span class='ocrx_word' id='word_1_216' title='bbox 1425 2167 1554 2217; x_wconf 84' lang='lat' dir='ltr'><strong>hisce</strong></span> <span class='ocrx_word' id='word_1_217' title='bbox 1591 2167 1807 2217; x_wconf 87' lang='lat' dir='ltr'><strong>conciliis</strong></span> <span class='ocrx_word' id='word_1_218' title='bbox 1841 2168 2053 2235; x_wconf 86' lang='lat' dir='ltr'><strong>explica-</strong></span> 
     </span>
     <span class='ocr_line' id='line_1_24' title="bbox 145 2249 2053 2318; baseline 0.002 -20"><span class='ocrx_word' id='word_1_219' title='bbox 145 2256 223 2298; x_wconf 89' lang='lat' dir='ltr'><strong>tae</strong></span> <span class='ocrx_word' id='word_1_220' title='bbox 255 2258 394 2311; x_wconf 86' lang='lat' dir='ltr'><strong>sunt,</strong></span> <span class='ocrx_word' id='word_1_221' title='bbox 451 2249 714 2300; x_wconf 81' lang='lat' dir='ltr'><strong>catholicae</strong></span> <span class='ocrx_word' id='word_1_222' title='bbox 755 2249 991 2299; x_wconf 88' lang='lat' dir='ltr'><strong>ecclesiae</strong></span> <span class='ocrx_word' id='word_1_223' title='bbox 1037 2250 1094 2299; x_wconf 91' lang='lat' dir='ltr'><strong>de</strong></span> <span class='ocrx_word' id='word_1_224' title='bbox 1137 2260 1301 2301; x_wconf 88' lang='lat' dir='ltr'><strong>sancta</strong></span> <span class='ocrx_word' id='word_1_225' title='bbox 1342 2251 1552 2301; x_wconf 89' lang='lat' dir='ltr'><strong>trinitate</strong></span> <span class='ocrx_word' id='word_1_226' title='bbox 1584 2251 1752 2318; x_wconf 83' lang='lat' dir='ltr'><strong>dogma</strong></span> <span class='ocrx_word' id='word_1_227' title='bbox 1784 2251 2053 2302; x_wconf 88' lang='lat' dir='ltr'><strong>distinctius</strong></span> 
     </span>
     <span class='ocr_line' id='line_1_25' title="bbox 145 2330 2054 2403; baseline 0.003 -21"><span class='ocrx_word' id='word_1_228' title='bbox 145 2333 435 2401; x_wconf 87' lang='lat' dir='ltr'><strong>explicatum</strong></span> <span class='ocrx_word' id='word_1_229' title='bbox 461 2351 486 2383; x_wconf 94' lang='lat' dir='ltr'><strong>a</strong></span> <span class='ocrx_word' id='word_1_230' title='bbox 517 2334 655 2384; x_wconf 90' lang='lat' dir='ltr'><strong>nobis</strong></span> <span class='ocrx_word' id='word_1_231' title='bbox 680 2334 953 2384; x_wconf 85' lang='lat' dir='ltr'><strong>accederet.</strong></span> <span class='ocrx_word' id='word_1_232' title='bbox 1006 2330 1059 2383; x_wconf 88' lang='lat' dir='ltr'><strong>ln</strong></span> <span class='ocrx_word' id='word_1_233' title='bbox 1090 2351 1178 2401; x_wconf 89' lang='lat' dir='ltr'><strong>qua</strong></span> <span class='ocrx_word' id='word_1_234' title='bbox 1216 2335 1402 2403; x_wconf 89' lang='lat' dir='ltr'><strong>quidem</strong></span> <span class='ocrx_word' id='word_1_235' title='bbox 1434 2354 1558 2386; x_wconf 88' lang='lat' dir='ltr'><strong>nova</strong></span> <span class='ocrx_word' id='word_1_236' title='bbox 1592 2336 1696 2387; x_wconf 84' lang='lat' dir='ltr'><strong>fidei</strong></span> <span class='ocrx_word' id='word_1_237' title='bbox 1729 2336 2054 2387; x_wconf 86' lang='lat' dir='ltr'><strong>declaratione</strong></span> 
     </span>
     <span class='ocr_line' id='line_1_26' title="bbox 146 2411 2054 2488; baseline 0.002 -21"><span class='ocrx_word' id='word_1_238' title='bbox 146 2418 259 2468; x_wconf 88' lang='lat' dir='ltr'><strong>nibil</strong></span> <span class='ocrx_word' id='word_1_239' title='bbox 290 2417 413 2468; x_wconf 90' lang='lat' dir='ltr'><strong>aliud</strong></span> <span class='ocrx_word' id='word_1_240' title='bbox 462 2434 599 2485; x_wconf 92' lang='lat' dir='ltr'><strong>quam</strong></span> <span class='ocrx_word' id='word_1_241' title='bbox 645 2419 766 2485; x_wconf 92' lang='lat' dir='ltr'><strong>quod</strong></span> <span class='ocrx_word' id='word_1_242' title='bbox 803 2417 998 2486; x_wconf 89' lang='lat' dir='ltr'><strong>spiritus</strong></span> <span class='ocrx_word' id='word_1_243' title='bbox 1036 2411 1232 2469; x_wconf 84' lang='lat' dir='ltr'><strong>sanctus</strong></span> <span class='ocrx_word' id='word_1_244' title='bbox 1268 2420 1506 2470; x_wconf 83' lang='lat' dir='ltr'><strong>mentibus</strong></span> <span class='ocrx_word' id='word_1_245' title='bbox 1549 2421 1728 2471; x_wconf 87' lang='lat' dir='ltr'><strong>nostris</strong></span> <span class='ocrx_word' id='word_1_246' title='bbox 1762 2421 2054 2488; x_wconf 87' lang='lat' dir='ltr'><strong>suggerebat</strong></span> 
     </span>
     <span class='ocr_line' id='line_1_27' title="bbox 146 2500 2053 2573; baseline 0.003 -22"><span class='ocrx_word' id='word_1_247' title='bbox 146 2501 325 2551; x_wconf 89' lang='lat' dir='ltr'><strong>dictare</strong></span> <span class='ocrx_word' id='word_1_248' title='bbox 353 2501 639 2553; x_wconf 85' lang='lat' dir='ltr'><strong>studuimus.</strong></span> <span class='ocrx_word' id='word_1_249' title='bbox 717 2500 959 2569; x_wconf 85' lang='lat' dir='ltr'><strong>Quocirca</strong></span> <span class='ocrx_word' id='word_1_250' title='bbox 991 2503 1132 2553; x_wconf 85' lang='lat' dir='ltr'><strong>etiam</strong></span> <span class='ocrx_word' id='word_1_251' title='bbox 1168 2512 1309 2571; x_wconf 90' lang='lat' dir='ltr'><strong>atque</strong></span> <span class='ocrx_word' id='word_1_252' title='bbox 1340 2505 1480 2554; x_wconf 91' lang='lat' dir='ltr'><strong>etiam</strong></span> <span class='ocrx_word' id='word_1_253' title='bbox 1511 2523 1598 2555; x_wconf 91' lang='lat' dir='ltr'><strong>vos</strong></span> <span class='ocrx_word' id='word_1_254' title='bbox 1632 2522 1915 2573; x_wconf 85' lang='lat' dir='ltr'><strong>precamur,</strong></span> <span class='ocrx_word' id='word_1_255' title='bbox 1968 2523 2053 2556; x_wconf 91' lang='lat' dir='ltr'><strong>ve-</strong></span> 
     </span>
     <span class='ocr_line' id='line_1_28' title="bbox 145 2586 2050 2653; baseline 0.003 -18"><span class='ocrx_word' id='word_1_256' title='bbox 145 2587 385 2636; x_wconf 86' lang='lat' dir='ltr'><strong>nerabiles</strong></span> <span class='ocrx_word' id='word_1_257' title='bbox 416 2586 593 2636; x_wconf 89' lang='lat' dir='ltr'><strong>domini</strong></span> <span class='ocrx_word' id='word_1_258' title='bbox 626 2604 681 2636; x_wconf 90' lang='lat' dir='ltr'><strong>ac</strong></span> <span class='ocrx_word' id='word_1_259' title='bbox 713 2587 946 2653; x_wconf 87' lang='lat' dir='ltr'><strong>collegae,</strong></span> <span class='ocrx_word' id='word_1_260' title='bbox 989 2596 1040 2637; x_wconf 89' lang='lat' dir='ltr'><strong>ut</strong></span> <span class='ocrx_word' id='word_1_261' title='bbox 1069 2588 1206 2638; x_wconf 90' lang='lat' dir='ltr'><strong>lectis</strong></span> <span class='ocrx_word' id='word_1_262' title='bbox 1240 2589 1311 2638; x_wconf 86' lang='lat' dir='ltr'><strong>his</strong></span> <span class='ocrx_word' id='word_1_263' title='bbox 1339 2589 1493 2639; x_wconf 89' lang='lat' dir='ltr'><strong>literis</strong></span> <span class='ocrx_word' id='word_1_264' title='bbox 1525 2607 1629 2640; x_wconf 91' lang='lat' dir='ltr'><strong>cum</strong></span> <span class='ocrx_word' id='word_1_265' title='bbox 1663 2590 1801 2640; x_wconf 84' lang='lat' dir='ltr'><strong>vobis</strong></span> <span class='ocrx_word' id='word_1_266' title='bbox 1830 2590 2050 2641; x_wconf 86' lang='lat' dir='ltr'><strong>traditam</strong></span> 
     </span>
     <span class='ocr_line' id='line_1_29' title="bbox 144 2670 2051 2734; baseline 0.003 -13"><span class='ocrx_word' id='word_1_267' title='bbox 144 2688 171 2721; x_wconf 91' lang='lat' dir='ltr'><strong>a</strong></span> <span class='ocrx_word' id='word_1_268' title='bbox 201 2670 462 2721; x_wconf 85' lang='lat' dir='ltr'><strong>maioribus</strong></span> <span class='ocrx_word' id='word_1_269' title='bbox 504 2671 638 2720; x_wconf 77' lang='lat' dir='ltr'><strong>tidem</strong></span> <span class='ocrx_word' id='word_1_270' title='bbox 683 2671 814 2721; x_wconf 90' lang='lat' dir='ltr'><strong>cordi</strong></span> <span class='ocrx_word' id='word_1_271' title='bbox 848 2688 986 2734; x_wconf 88' lang='lat' dir='ltr'><strong>esse,</strong></span> <span class='ocrx_word' id='word_1_272' title='bbox 1045 2680 1142 2722; x_wconf 84' lang='lat' dir='ltr'><strong>tum</strong></span> <span class='ocrx_word' id='word_1_273' title='bbox 1173 2690 1261 2723; x_wconf 91' lang='lat' dir='ltr'><strong>nos</strong></span> <span class='ocrx_word' id='word_1_274' title='bbox 1293 2674 1459 2723; x_wconf 87' lang='lat' dir='ltr'><strong>eadem</strong></span> <span class='ocrx_word' id='word_1_275' title='bbox 1491 2675 1738 2725; x_wconf 85' lang='lat' dir='ltr'><strong>vobiscum</strong></span> <span class='ocrx_word' id='word_1_276' title='bbox 1780 2674 1961 2725; x_wconf 88' lang='lat' dir='ltr'><strong>sentire</strong></span> <span class='ocrx_word' id='word_1_277' title='bbox 1995 2692 2051 2726; x_wconf 88' lang='lat' dir='ltr'><strong>ac</strong></span> 
     </span>
     <span class='ocr_line' id='line_1_30' title="bbox 144 2745 2051 2824; baseline 0.003 -20"><span class='ocrx_word' id='word_1_278' title='bbox 144 2754 357 2823; x_wconf 81' lang='lat' dir='ltr'><strong>profiteri</strong></span> <span class='ocrx_word' id='word_1_279' title='bbox 398 2745 709 2821; x_wconf 81' lang='lat' dir='ltr'><strong>significetis3</strong></span> <span class='ocrx_word' id='word_1_280' title='bbox 767 2764 816 2805; x_wconf 91' lang='lat' dir='ltr'><strong>ut</strong></span> <span class='ocrx_word' id='word_1_281' title='bbox 856 2757 933 2822; x_wconf 92' lang='lat' dir='ltr'><strong>qni</strong></span> <span class='ocrx_word' id='word_1_282' title='bbox 975 2755 1265 2824; x_wconf 85' lang='lat' dir='ltr'><strong>impietatem</strong></span> <span class='ocrx_word' id='word_1_283' title='bbox 1308 2758 1434 2808; x_wconf 89' lang='lat' dir='ltr'><strong>illam</strong></span> <span class='ocrx_word' id='word_1_284' title='bbox 1474 2758 1790 2809; x_wconf 87' lang='lat' dir='ltr'><strong>disseminare</strong></span> <span class='ocrx_word' id='word_1_285' title='bbox 1835 2777 1928 2810; x_wconf 89' lang='lat' dir='ltr'><strong>nou</strong></span> <span class='ocrx_word' id='word_1_286' title='bbox 1968 2777 2051 2809; x_wconf 91' lang='lat' dir='ltr'><strong>ve-</strong></span> 
     </span>
     <span class='ocr_line' id='line_1_31' title="bbox 143 2840 2052 2912; baseline 0.002 -23"><span class='ocrx_word' id='word_1_287' title='bbox 143 2849 339 2901; x_wconf 89' lang='lat' dir='ltr'><strong>rentur,</strong></span> <span class='ocrx_word' id='word_1_288' title='bbox 382 2857 487 2889; x_wconf 87' lang='lat' dir='ltr'><strong>cum</strong></span> <span class='ocrx_word' id='word_1_289' title='bbox 518 2840 562 2890; x_wconf 88' lang='lat' dir='ltr'><strong>id</strong></span> <span class='ocrx_word' id='word_1_290' title='bbox 590 2849 724 2890; x_wconf 89' lang='lat' dir='ltr'><strong>certo</strong></span> <span class='ocrx_word' id='word_1_291' title='bbox 751 2841 1102 2908; x_wconf 84' lang='lat' dir='ltr'><strong>compererint,</strong></span> <span class='ocrx_word' id='word_1_292' title='bbox 1158 2842 1284 2891; x_wconf 90' lang='lat' dir='ltr'><strong>illam</strong></span> <span class='ocrx_word' id='word_1_293' title='bbox 1317 2861 1404 2893; x_wconf 91' lang='lat' dir='ltr'><strong>nos</strong></span> <span class='ocrx_word' id='word_1_294' title='bbox 1433 2845 1569 2894; x_wconf 80' lang='lat' dir='ltr'><strong>iidem</strong></span> <span class='ocrx_word' id='word_1_295' title='bbox 1600 2863 1738 2912; x_wconf 90' lang='lat' dir='ltr'><strong>quam</strong></span> <span class='ocrx_word' id='word_1_296' title='bbox 1771 2843 1828 2895; x_wconf 92' lang='lat' dir='ltr'><strong>ab</strong></span> <span class='ocrx_word' id='word_1_297' title='bbox 1859 2853 2052 2912; x_wconf 87' lang='lat' dir='ltr'><strong>aposto-</strong></span> 
     </span>
     <span class='ocr_line' id='line_1_32' title="bbox 143 2923 2052 2997; baseline 0.002 -23"><span class='ocrx_word' id='word_1_298' title='bbox 143 2923 248 2974; x_wconf 88' lang='lat' dir='ltr'><strong>licis</strong></span> <span class='ocrx_word' id='word_1_299' title='bbox 281 2924 388 2974; x_wconf 92' lang='lat' dir='ltr'><strong>inde</strong></span> <span class='ocrx_word' id='word_1_300' title='bbox 414 2925 708 2993; x_wconf 88' lang='lat' dir='ltr'><strong>temporibus</strong></span> <span class='ocrx_word' id='word_1_301' title='bbox 740 2925 1017 2974; x_wconf 89' lang='lat' dir='ltr'><strong>continuata</strong></span> <span class='ocrx_word' id='word_1_302' title='bbox 1051 2925 1106 2974; x_wconf 91' lang='lat' dir='ltr'><strong>ad</strong></span> <span class='ocrx_word' id='word_1_303' title='bbox 1142 2935 1301 2994; x_wconf 87' lang='lat' dir='ltr'><strong>patres</strong></span> <span class='ocrx_word' id='word_1_304' title='bbox 1336 2937 1529 2978; x_wconf 89' lang='lat' dir='ltr'><strong>nostros</strong></span> <span class='ocrx_word' id='word_1_305' title='bbox 1563 2946 1713 2997; x_wconf 85' lang='lat' dir='ltr'><strong>usquc</strong></span> <span class='ocrx_word' id='word_1_306' title='bbox 1742 2929 2052 2979; x_wconf 82' lang='lat' dir='ltr'><strong>successione</strong></span> 
     </span>
     <span class='ocr_line' id='line_1_33' title="bbox 144 3007 2049 3079; baseline 0.001 -19"><span class='ocrx_word' id='word_1_307' title='bbox 144 3007 434 3077; x_wconf 85' lang='lat' dir='ltr'><strong>accepimus,</strong></span> <span class='ocrx_word' id='word_1_308' title='bbox 478 3010 606 3059; x_wconf 88' lang='lat' dir='ltr'><strong>velut</strong></span> <span class='ocrx_word' id='word_1_309' title='bbox 638 3008 972 3077; x_wconf 86' lang='lat' dir='ltr'><strong>patrimonium</strong></span> <span class='ocrx_word' id='word_1_310' title='bbox 1004 3010 1123 3059; x_wconf 86' lang='lat' dir='ltr'><strong>tueri</strong></span> <span class='ocrx_word' id='word_1_311' title='bbox 1161 3028 1218 3060; x_wconf 88' lang='lat' dir='ltr'><strong>ac</strong></span> <span class='ocrx_word' id='word_1_312' title='bbox 1249 3012 1529 3075; x_wconf 77' lang='lat' dir='ltr'><strong>defendere,</strong></span> <span class='ocrx_word' id='word_1_313' title='bbox 1571 3014 1645 3063; x_wconf 87' lang='lat' dir='ltr'><strong>vel</strong></span> <span class='ocrx_word' id='word_1_314' title='bbox 1681 3014 1858 3079; x_wconf 90' lang='lat' dir='ltr'><strong>pudore</strong></span> <span class='ocrx_word' id='word_1_315' title='bbox 1889 3013 2049 3062; x_wconf 81' lang='lat' dir='ltr'><strong>all&#39;ecti</strong></span> 
     </span>
     <span class='ocr_line' id='line_1_34' title="bbox 143 3093 2046 3165; baseline 0.001 -23"><span class='ocrx_word' id='word_1_316' title='bbox 143 3094 199 3142; x_wconf 90' lang='lat' dir='ltr'><strong>ad</strong></span> <span class='ocrx_word' id='word_1_317' title='bbox 235 3093 479 3143; x_wconf 83' lang='lat' dir='ltr'><strong>meliorem</strong></span> <span class='ocrx_word' id='word_1_318' title='bbox 508 3103 714 3144; x_wconf 86' lang='lat' dir='ltr'><strong>mentem</strong></span> <span class='ocrx_word' id='word_1_319' title='bbox 745 3111 798 3143; x_wconf 86' lang='lat' dir='ltr'><strong>se</strong></span> <span class='ocrx_word' id='word_1_320' title='bbox 829 3095 1075 3144; x_wconf 76' lang='lat' dir='ltr'><strong>conterant</strong></span> <span class='ocrx_word' id='word_1_321' title='bbox 1096 3132 1109 3156; x_wconf 93' lang='lat'><strong>,</strong></span> <span class='ocrx_word' id='word_1_322' title='bbox 1162 3095 1238 3145; x_wconf 86' lang='lat' dir='ltr'><strong>vel</strong></span> <span class='ocrx_word' id='word_1_323' title='bbox 1279 3097 1317 3145; x_wconf 89' lang='lat' dir='ltr'><strong>si</strong></span> <span class='ocrx_word' id='word_1_324' title='bbox 1348 3096 1394 3146; x_wconf 88' lang='lat' dir='ltr'><strong>in</strong></span> <span class='ocrx_word' id='word_1_325' title='bbox 1436 3097 1740 3165; x_wconf 85' lang='lat' dir='ltr'><strong>improbitate</strong></span> <span class='ocrx_word' id='word_1_326' title='bbox 1769 3096 2046 3164; x_wconf 85' lang='lat' dir='ltr'><strong>persistant,</strong></span> 
     </span>
     <span class='ocr_line' id='line_1_35' title="bbox 144 3177 2051 3248; baseline 0.002 -21"><span class='ocrx_word' id='word_1_327' title='bbox 144 3177 201 3227; x_wconf 91' lang='lat' dir='ltr'><strong>ab</strong></span> <span class='ocrx_word' id='word_1_328' title='bbox 230 3177 436 3227; x_wconf 85' lang='lat' dir='ltr'><strong>ecclesia</strong></span> <span class='ocrx_word' id='word_1_329' title='bbox 466 3179 853 3245; x_wconf 88' lang='lat' dir='ltr'><strong>proscribantur,</strong></span> <span class='ocrx_word' id='word_1_330' title='bbox 898 3186 1060 3246; x_wconf 88' lang='lat' dir='ltr'><strong>utpote</strong></span> <span class='ocrx_word' id='word_1_331' title='bbox 1098 3179 1173 3246; x_wconf 93' lang='lat' dir='ltr'><strong>qui</strong></span> <span class='ocrx_word' id='word_1_332' title='bbox 1206 3179 1469 3247; x_wconf 88' lang='lat' dir='ltr'><strong>iniquitatis</strong></span> <span class='ocrx_word' id='word_1_333' title='bbox 1500 3182 1623 3243; x_wconf 86' lang='lat' dir='ltr'><strong>lilio,</strong></span> <span class='ocrx_word' id='word_1_334' title='bbox 1679 3181 1755 3248; x_wconf 93' lang='lat' dir='ltr'><strong>qui</strong></span> <span class='ocrx_word' id='word_1_335' title='bbox 1788 3181 1862 3229; x_wconf 90' lang='lat' dir='ltr'><strong>vel</strong></span> <span class='ocrx_word' id='word_1_336' title='bbox 1896 3180 1940 3229; x_wconf 89' lang='lat' dir='ltr'><strong>in</strong></span> <span class='ocrx_word' id='word_1_337' title='bbox 1975 3180 2051 3230; x_wconf 89' lang='lat' dir='ltr'><strong>dei</strong></span> 
     </span>
     <span class='ocr_line' id='line_1_36' title="bbox 140 3316 2050 3374; baseline 0.003 -18"><span class='ocrx_word' id='word_1_338' title='bbox 140 3316 208 3356; x_wconf 83' lang='lat' dir='ltr'><strong>hic</strong></span> <span class='ocrx_word' id='word_1_339' title='bbox 251 3317 410 3357; x_wconf 79' lang='lat' dir='ltr'><strong>loeus.“</strong></span> <span class='ocrx_word' id='word_1_340' title='bbox 487 3320 697 3359; x_wconf 78' lang='lat' dir='ltr'><strong>Cornarius</strong></span> <span class='ocrx_word' id='word_1_341' title='bbox 737 3322 846 3359; x_wconf 77' lang='lat' dir='ltr'><strong>vertit</strong></span> <span class='ocrx_word' id='word_1_342' title='bbox 892 3326 934 3358; x_wconf 84' lang='lat' dir='ltr'><strong>nt</strong></span> <span class='ocrx_word' id='word_1_343' title='bbox 978 3332 1066 3357; x_wconf 84' lang='lat' dir='ltr'><strong>eam</strong></span> <span class='ocrx_word' id='word_1_344' title='bbox 1125 3317 1455 3374; x_wconf 68' lang='grc' dir='ltr'>ἐντυγχάνοντες,</span> <span class='ocrx_word' id='word_1_345' title='bbox 1511 3322 1613 3372; x_wconf 75' lang='lat' dir='ltr'><strong>quod</strong></span> <span class='ocrx_word' id='word_1_346' title='bbox 1660 3322 1931 3360; x_wconf 75' lang='lat' dir='ltr'><strong>restituendum</strong></span> <span class='ocrx_word' id='word_1_347' title='bbox 1974 3334 2050 3362; x_wconf 81' lang='lat' dir='ltr'><strong>esse</strong></span> 
     </span>
     <span class='ocr_line' id='line_1_37' title="bbox 141 3372 2049 3427; baseline 0.003 -15"><span class='ocrx_word' id='word_1_348' title='bbox 141 3372 279 3426; x_wconf 86' lang='lat' dir='ltr'><strong>adepti</strong></span> <span class='ocrx_word' id='word_1_349' title='bbox 309 3373 580 3427; x_wconf 81' lang='lat' dir='ltr'><strong>ampleximini</strong></span> <span class='ocrx_word' id='word_1_350' title='bbox 622 3375 813 3414; x_wconf 79' lang='lat' dir='ltr'><strong>traditam</strong></span> <span class='ocrx_word' id='word_1_351' title='bbox 849 3389 897 3414; x_wconf 82' lang='lat' dir='ltr'><strong>ex</strong></span> <span class='ocrx_word' id='word_1_352' title='bbox 935 3374 1063 3427; x_wconf 80' lang='lat' dir='ltr'><strong>patri—</strong></span> <span class='ocrx_word' id='word_1_353' title='bbox 1122 3376 1282 3424; x_wconf 75' lang='lat' dir='ltr'><strong>fortasse</strong></span> <span class='ocrx_word' id='word_1_354' title='bbox 1319 3379 1455 3416; x_wconf 78' lang='lat' dir='ltr'><strong>suadet</strong></span> <span class='ocrx_word' id='word_1_355' title='bbox 1493 3381 1608 3416; x_wconf 80' lang='lat' dir='ltr'><strong>etiam</strong></span> <span class='ocrx_word' id='word_1_356' title='bbox 1636 3380 1827 3426; x_wconf 71' lang='lat' dir='ltr'><strong>scriptura</strong></span> <span class='ocrx_word' id='word_1_357' title='bbox 1858 3379 1938 3417; x_wconf 84' lang='lat' dir='ltr'><strong>cod.</strong></span> <span class='ocrx_word' id='word_1_358' title='bbox 1972 3380 2049 3418; x_wconf 78' lang='lat' dir='ltr'><strong>len.</strong></span> 
     </span>
     <span class='ocr_line' id='line_1_38' title="bbox 143 3428 1390 3486; baseline 0.006 -20"><span class='ocrx_word' id='word_1_359' title='bbox 143 3428 216 3467; x_wconf 86' lang='lat' dir='ltr'><strong>bus</strong></span> <span class='ocrx_word' id='word_1_360' title='bbox 247 3428 394 3477; x_wconf 63' lang='lat' dir='ltr'><strong>fidem,</strong></span> <span class='ocrx_word' id='word_1_361' title='bbox 440 3439 480 3469; x_wconf 82' lang='lat' dir='ltr'><strong>et</strong></span> <span class='ocrx_word' id='word_1_362' title='bbox 511 3431 618 3484; x_wconf 82' lang='lat' dir='ltr'><strong>quod</strong></span> <span class='ocrx_word' id='word_1_363' title='bbox 651 3445 832 3470; x_wconf 77' lang='lat' dir='ltr'><strong>consona</strong></span> <span class='ocrx_word' id='word_1_364' title='bbox 858 3431 1065 3469; x_wconf 76' lang='lat' dir='ltr'><strong>vobiscum</strong></span> <span class='ocrx_word' id='word_1_365' title='bbox 1124 3428 1390 3486; x_wconf 74' lang='grc' dir='ltr'>ἐντυγχόντες</span> 
     </span>
    </p>

    <p class='ocr_par' dir='ltr' id='par_1_3' title="bbox 141 3482 2047 3650">
     <span class='ocr_line' id='line_1_39' title="bbox 141 3482 2047 3539; baseline 0.003 -16"><span class='ocrx_word' id='word_1_366' title='bbox 141 3487 336 3524; x_wconf 84' lang='lat' dir='ltr'><strong>sentimus</strong></span> <span class='ocrx_word' id='word_1_367' title='bbox 366 3500 414 3525; x_wconf 87' lang='lat' dir='ltr'><strong>ac</strong></span> <span class='ocrx_word' id='word_1_368' title='bbox 459 3487 657 3525; x_wconf 62' lang='lat' dir='ltr'><strong>emtimus</strong></span> <span class='ocrx_word' id='word_1_369' title='bbox 688 3487 939 3539; x_wconf 70' lang='lat' dir='ltr'><strong>significare,</strong></span> <span class='ocrx_word' id='word_1_370' title='bbox 986 3501 1065 3539; x_wconf 86' lang='lat' dir='ltr'><strong>quo</strong></span> <span class='ocrx_word' id='word_1_371' title='bbox 1187 3489 1231 3527; x_wconf 82' lang='lat' dir='ltr'><strong>lt)</strong></span> <span class='ocrx_word' id='word_1_372' title='bbox 1276 3482 1306 3539; x_wconf 65' lang='grc' dir='ltr'>ἦ</span> <span class='ocrx_word' id='word_1_373' title='bbox 1337 3491 1455 3527; x_wconf 76' lang='lat' dir='ltr'><strong>edidit</strong></span> <span class='ocrx_word' id='word_1_374' title='bbox 1487 3491 1690 3537; x_wconf 76' lang='lat' dir='ltr'><strong>Petauius,</strong></span> <span class='ocrx_word' id='word_1_375' title='bbox 1719 3493 1872 3528; x_wconf 78' lang='lat' dir='ltr'><strong>auclore</strong></span> <span class='ocrx_word' id='word_1_376' title='bbox 1899 3491 2047 3529; x_wconf 82' lang='lat' dir='ltr'><strong>Corna-</strong></span> 
     </span>
     <span class='ocr_line' id='line_1_40' title="bbox 143 3540 2047 3597; baseline 0.002 -17"><span class='ocrx_word' id='word_1_377' title='bbox 143 3540 342 3580; x_wconf 78' lang='lat' dir='ltr'><strong>certiones</strong></span> <span class='ocrx_word' id='word_1_378' title='bbox 374 3542 470 3581; x_wconf 78' lang='lat' dir='ltr'><strong>sacti</strong></span> <span class='ocrx_word' id='word_1_379' title='bbox 497 3548 577 3583; x_wconf 71' lang='lat' dir='ltr'><strong>cell.</strong></span> <span class='ocrx_word' id='word_1_380' title='bbox 624 3545 785 3582; x_wconf 82' lang='lat' dir='ltr'><strong>Verbum</strong></span> <span class='ocrx_word' id='word_1_381' title='bbox 811 3541 1065 3597; x_wconf 70' lang='grc' dir='ltr'>ἐντυγχάνειν</span> <span class='ocrx_word' id='word_1_382' title='bbox 1122 3544 1203 3591; x_wconf 78' lang='lat' dir='ltr'><strong>rt&#39;o,</strong></span> <span class='ocrx_word' id='word_1_383' title='bbox 1245 3547 1311 3593; x_wconf 82' lang='lat' dir='ltr'><strong>qui</strong></span> <span class='ocrx_word' id='word_1_384' title='bbox 1343 3547 1453 3583; x_wconf 73' lang='lat' dir='ltr'><strong>vertit</strong></span> <span class='ocrx_word' id='word_1_385' title='bbox 1491 3553 1534 3582; x_wconf 85' lang='lat' dir='ltr'><strong>ut</strong></span> <span class='ocrx_word' id='word_1_386' title='bbox 1561 3554 1629 3583; x_wconf 81' lang='lat' dir='ltr'><strong>aut</strong></span> <span class='ocrx_word' id='word_1_387' title='bbox 1672 3544 1879 3595; x_wconf 66' lang='lat' dir='ltr'><strong>pade-faeti</strong></span> <span class='ocrx_word' id='word_1_388' title='bbox 1922 3546 2047 3584; x_wconf 75' lang='lat' dir='ltr'><strong>corri-</strong></span> 
     </span>
     <span class='ocr_line' id='line_1_41' title="bbox 141 3598 2045 3650; baseline 0.002 -14"><span class='ocrx_word' id='word_1_389' title='bbox 141 3598 307 3636; x_wconf 70' lang='lat' dir='ltr'><strong>b.l.non</strong></span> <span class='ocrx_word' id='word_1_390' title='bbox 334 3600 525 3648; x_wconf 72' lang='lat' dir='ltr'><strong>siynificot</strong></span> <span class='ocrx_word' id='word_1_391' title='bbox 548 3602 667 3650; x_wconf 69' lang='lat' dir='ltr'><strong>legere</strong></span> <span class='ocrx_word' id='word_1_392' title='bbox 691 3601 757 3638; x_wconf 85' lang='lat' dir='ltr'><strong>sed</strong></span> <span class='ocrx_word' id='word_1_393' title='bbox 782 3602 945 3649; x_wconf 76' lang='lat' dir='ltr'><strong>precari,</strong></span> <span class='ocrx_word' id='word_1_394' title='bbox 973 3611 1065 3648; x_wconf 86' lang='lat' dir='ltr'><strong>quo·</strong></span> <span class='ocrx_word' id='word_1_395' title='bbox 1123 3607 1295 3649; x_wconf 77' lang='lat' dir='ltr'><strong>gantur,</strong></span> <span class='ocrx_word' id='word_1_396' title='bbox 1340 3608 1405 3637; x_wconf 81' lang='lat' dir='ltr'><strong>aut</strong></span> <span class='ocrx_word' id='word_1_397' title='bbox 1443 3604 1524 3639; x_wconf 77' lang='lat' dir='ltr'><strong>cett.</strong></span> <span class='ocrx_word' id='word_1_398' title='bbox 1596 3602 1718 3642; x_wconf 85' lang='lat' dir='ltr'><strong>Codd.</strong></span> <span class='ocrx_word' id='word_1_399' title='bbox 1749 3614 1837 3642; x_wconf 84' lang='lat' dir='ltr'><strong>mss.</strong></span> <span class='ocrx_word' id='word_1_400' title='bbox 1882 3606 1915 3641; x_wconf 84' lang='lat' dir='ltr'><strong>et</strong></span> <span class='ocrx_word' id='word_1_401' title='bbox 1955 3604 2045 3642; x_wconf 81' lang='lat' dir='ltr'><strong>edit.</strong></span> 
     </span>
    </p>
   </div>
   <div class='ocr_carea' id='block_1_3' title="bbox 140 3649 1507 3759">
    <p class='ocr_par' dir='ltr' id='par_1_4' title="bbox 140 3649 1507 3759">
     <span class='ocr_line' id='line_1_42' title="bbox 140 3649 1507 3709; baseline 0.001 -18"><span class='ocrx_word' id='word_1_402' title='bbox 140 3653 254 3691; x_wconf 82' lang='lat' dir='ltr'><strong>modo</strong></span> <span class='ocrx_word' id='word_1_403' title='bbox 289 3665 331 3692; x_wconf 90' lang='lat' dir='ltr'><strong>eo</strong></span> <span class='ocrx_word' id='word_1_404' title='bbox 369 3657 483 3693; x_wconf 79' lang='lat' dir='ltr'><strong>etiam</strong></span> <span class='ocrx_word' id='word_1_405' title='bbox 523 3667 615 3694; x_wconf 83' lang='lat' dir='ltr'><strong>usus</strong></span> <span class='ocrx_word' id='word_1_406' title='bbox 655 3660 707 3695; x_wconf 80' lang='lat' dir='ltr'><strong>est</strong></span> <span class='ocrx_word' id='word_1_407' title='bbox 740 3657 847 3694; x_wconf 79' lang='lat' dir='ltr'><strong>haer.</strong></span> <span class='ocrx_word' id='word_1_408' title='bbox 870 3655 994 3704; x_wconf 36' lang='lat'><strong>5641.</strong></span> <span class='ocrx_word' id='word_1_409' title='bbox 1033 3658 1067 3692; x_wconf 83' lang='lat' dir='ltr'><strong>et</strong></span> <span class='ocrx_word' id='word_1_410' title='bbox 1121 3656 1241 3703; x_wconf 80' lang='lat' dir='ltr'><strong>princ.</strong></span> <span class='ocrx_word' id='word_1_411' title='bbox 1276 3657 1413 3695; x_wconf 76' lang='lat' dir='ltr'><strong>habent</strong></span> <span class='ocrx_word' id='word_1_412' title='bbox 1443 3649 1507 3709; x_wconf 70' lang='grc' dir='ltr'><strong>ἣν.</strong></span> 
     </span>
     <span class='ocr_line' id='line_1_43' title="bbox 141 3706 1066 3759; baseline 0 -11"><span class='ocrx_word' id='word_1_413' title='bbox 141 3709 245 3748; x_wconf 84' lang='lat' dir='ltr'><strong>haer.</strong></span> <span class='ocrx_word' id='word_1_414' title='bbox 264 3707 333 3759; x_wconf 65' lang='lat'><strong>66,</strong></span> <span class='ocrx_word' id='word_1_415' title='bbox 361 3706 426 3759; x_wconf 72' lang='grc'><strong>4.,</strong></span> <span class='ocrx_word' id='word_1_416' title='bbox 472 3714 506 3750; x_wconf 83' lang='lat' dir='ltr'><strong>et</strong></span> <span class='ocrx_word' id='word_1_417' title='bbox 539 3713 645 3752; x_wconf 81' lang='lat' dir='ltr'><strong>alibi.</strong></span> <span class='ocrx_word' id='word_1_418' title='bbox 718 3714 894 3754; x_wconf 84' lang='lat' dir='ltr'><strong>Celerum</strong></span> <span class='ocrx_word' id='word_1_419' title='bbox 931 3711 1066 3750; x_wconf 80' lang='lat' dir='ltr'><strong>malim</strong></span> 
     </span>
    </p>
   </div>
  </div>
 </body>
</html>
