2508 4134
182 2040 293 2098 Κεφ.
309 2040 374 2097 κη’
383 2072 393 2084 .

188 3004 273 3040 pag.
298 2993 393 3030 1021.

410 227 511 281 380
1116 230 1324 273 SANGTI
1352 230 1632 272 EPIPHANn

410 332 706 402 βεβιασμένη
735 330 931 384 διάνοια
955 333 1056 383 τῶν
1085 326 1173 382 τόν
1198 334 1319 382 νοῦν
1346 325 1808 398 παρεκβαλλόντωνς
1857 324 2028 392 Ἀλλά,
2081 329 2233 397 φησὶ,
2273 327 2337 383 οὗ

408 421 528 490 λέγω
556 418 632 472 ὅτι
658 422 780 470 νοῦν
809 419 1010 484 εἴληφεν
1035 413 1375 485 ἀνθρώπινον,
1415 415 1522 467 ἐπεὶ
1547 411 1830 480 ποιήσωμεν
1854 410 2006 466 αύτὸν
2029 414 2337 482 ἐπιθυμοῦν-

407 527 491 570 τα,
542 502 906 574 ἐρεθιζόμενον·
958 499 1128 569 ἐπειδὴ
1165 498 1259 571 γάρ
1298 501 1351 556 ἐν,
1378 496 1498 567 ἡμῖν
1539 496 1852 566 ἐπιθυμητής
1889 495 1918 551 ὅ
1947 504 2069 562 νοῦς
2095 497 2336 569 τυγχάνει.

410 591 513 643 Καὶ
544 587 710 651 ἀπλῶς
749 585 904 655 πολλή
944 592 1045 639 τῶν
1080 584 1367 656 ἀνθρώπων
1408 587 1668 655 ἕρεσχελία,
1720 581 1787 646 ὥς
1816 585 2034 655 εἴρηκεν,
2083 582 2338 653 Ἐποίησεν

410 673 439 730 ὅ
468 673 590 737 θεὸς
621 672 813 727 ἁπλοῦν
847 670 1046 726 συνετὸν
1084 668 1386 742 ἄνθρωπον,
1442 667 1586 722 αὐτοὶ
1616 670 1669 721 δὲ
1698 671 1934 736 ἐποίησαν
1976 671 2168 733 ἑαυτοῖς
2212 676 2336 741 λογι-
2419 679 2422 683 ’

409 759 566 830 σμούς
596 759 820 822 πολλούς.
896 761 968 811 Εἰ
998 757 1090 828 γάρ
1119 757 1242 820 ὅλως
1288 754 1701 824 3ὁμολογούντων
1739 752 1883 822 ἡμῶν
1923 761 2043 809 νοῦν
2087 756 2340 824 εἰληφέναι
2403 790 2405 793 f

409 845 496 900 τόν
524 843 877 915 ἀνθρώπινον,
930 843 1218 911 4νοήσομεν
1253 845 1320 904 εἷς
1351 839 1526 895 ἓαυτὸν
1564 846 1651 908 τῆς
1677 837 1911 910 ἡμετέρας
1947 839 2250 903 ἐλαττώσεως
2278 839 2340 894 τά

411 933 560 1003 μέρη,
614 936 776 1004 πολλῷ
809 935 993 998 μᾶλλον
1033 927 1405 999 ὁμολογούντων
1432 924 1572 994 ἡμῶν
1600 924 1760 995 σάρκα
1788 924 1940 980 αὐτόν
1969 927 2219 995 εἰληφέναι
2246 924 2340 980 δαί-

412 1036 560 1085 σομεν
601 1015 726 1071 κατά
763 1015 818 1070 τὸ
853 1017 1001 1085 μέρος
1029 1021 1172 1069 τοῦτο
1206 1012 1331 1066 κατά
1358 1010 1445 1065 τόν
1469 1009 1628 1064 »αὐτόν
1654 1009 1801 1082 λόγον
1831 1010 1905 1066 ὅτι
1935 1014 1988 1065 ἒν
2021 1014 2167 1082 σαρκὶ
2195 1011 2339 1081 ἠλάτ-

410 1126 582 1168 τωται,
632 1102 755 1173 ὅπερ
784 1100 852 1170 μὴ
877 1103 1081 1172 γένοιτο.
1152 1097 1238 1161 Ὡς
1263 1092 1355 1152 οῦν
1386 1097 1522 1151 δοῦκ
1553 1098 1606 1150 ἐν
1635 1103 1694 1171 τῇ
1723 1099 1866 1165 σαρκὶ
1904 1095 2185 1165 ἐλαττῶθη,
2234 1100 2339 1151 καί-

410 1210 500 1260 περ
531 1188 775 1257 ἀληθινὴν
802 1185 960 1258 σάρκα
986 1189 1133 1255 ἔχων,
1173 1182 1336 1239 ἐλθών
1367 1181 1396 1237 ό
1424 1181 1592 1253 λόγος,
1630 1180 1747 1235 οὐδὲ
1776 1183 1828 1236 ἐν
1854 1188 1923 1256 τῷ
1953 1189 2024 1256 νῷ
2051 1181 2112 1236 τοὶ
2139 1182 2206 1252 μὴ
2233 1183 2337 1254 τρέ-

409 1297 567 1330 ποντα
591 1281 652 1349 τῇ
681 1275 836 1328 αὐτοῦ
861 1271 1063 1341 θεότητι
1087 1268 1409 1337 διανενόηται.
1476 1266 1602 1321 Ἀλλ’
1631 1267 1722 1322 ὅσα
1745 1264 1809 1337 ἦν
1840 1266 2015 1340 εῦλογα
2041 1269 2216 1340 σαρκὶ,
2252 1270 2340 1322 καὶ

408 1368 577 1435 ψυχῇ,
628 1362 710 1414 καὶ
738 1365 810 1432 νῷ
838 1357 1170 1429 ἀνθρωπίνῳ,
1221 1361 1374 1408 ταῦτα
1405 1355 1649 1408 θέπετέλει
1678 1351 1838 1408 ἐλθών
1872 1351 1901 1408 ὅ
1926 1353 2124 1424 κύριος,
2161 1356 2245 1407 ἵνα
2271 1352 2338 1424 μὴ

406 1446 592 1520 ταράξῃ
620 1453 708 1514 τῆς
735 1443 980 1514 ἀληθινῆς
1008 1442 1250 1514 ἒνσάρκου
1281 1443 1558 1511 παρουσίας
1589 1439 1679 1508 τὴν
1719 1439 2037 1493 ἀκολουθίαν.
2111 1436 2340 1510 Εῦλογον

408 1531 500 1603 γάρ
532 1527 595 1601 ἦν
621 1535 791 1596 πείνα,
829 1532 913 1584 καὶ
939 1534 1092 1597 δίψα,
1130 1529 1216 1581 καὶ
1239 1527 1484 1595 κάματος,
1538 1527 1623 1579 καὶ
1651 1524 1834 1590 ὕπνος,
1886 1522 2150 1596 ὁδοιπορία
2173 1546 2224 1579 τε
2252 1526 2339 1580 καὶ

407 1619 565 1686 λύπη,
603 1615 888 1685 κλαυθμὸς,
925 1618 1009 1669 καὶ
1040 1617 1341 1684 ἐμβρίμησις.
1425 1618 1591 1664 Ταῦτα
1620 1611 1673 1664 δὲ
1702 1609 2000 1674 ἀκολούθως
2026 1613 2079 1665 ἐν
2107 1610 2242 1685 αὐτῷ
2266 1631 2338 1665 τε·

409 1705 643 1758 λεσθέντα
681 1701 857 1774 εὔλογα
893 1708 982 1770 τῆς
1018 1699 1262 1771 ἐνσάρκου
1302 1696 1544 1767 ἀληθινῆς
1580 1699 1856 1768 παρουσίας
1890 1694 2160 1766 ὖπέφηνεν.

560 2031 634 2087 Ού
669 2031 762 2103 γάρ
788 2034 1055 2103 γέγραπται
1081 2028 1158 2083 ὅτι
1183 2028 1496 2096 ἐπεθύμησεν
1526 2029 1798 2094 ἐπιθυμίαν
1838 2024 2047 2094 φαύλην.
2118 2024 2338 2097 Ἀγαθήν

409 2122 463 2174 δὲ
508 2122 780 2187 ἐπιθυμίαν
826 2115 1136 2184 ἐπεθύμησε,
1192 2114 1381 2182 φήσας,
1428 2113 1710 2185 Ἐπιθυμίᾳ
1757 2110 2050 2179 ἐπεθύμησα
2091 2118 2236 2167 τοῦτο
2279 2112 2335 2167 τὸ

413 2205 590 2275 Πάσχα
621 2212 797 2275 φαγεῖν
821 2201 932 2272 μεθ’
955 2200 1108 2270 ὑμῶν.
1174 2200 1456 2268 Ἐπιθυμία
1478 2199 1531 2251 δὲ
1560 2201 1614 2251 ἐκ
1638 2196 1877 2264 θεότητος
1899 2197 1959 2250 οὗ
1987 2201 2183 2268 γίνεται,
2221 2198 2340 2253 οὐδὲ

410 2294 464 2346 ἐκ
492 2290 676 2361 σαρκός
703 2289 1012 2359 μονωτάτης,
1066 2285 1180 2341 οὐδὲ
1209 2288 1263 2339 ἐκ
1292 2291 1459 2353 ψυχῆς
1488 2283 1729 2352 ἀνοήτου,
1768 2281 1889 2337 ἀλλά
1915 2285 1970 2337 ἐκ
1995 2287 2175 2347 τελείας
2202 2286 2340 2339 ἐναν-

409 2376 720 2448 θρωπήσεως
747 2373 973 2442 σώματος
1004 2375 1089 2426 καὶ
1120 2377 1209 2425 τοῦ
1238 2376 1356 2436 νοῦ,
1397 2371 1482 2423 καὶ
1506 2367 1691 2431 παντὸς
1719 2362 1914 2431 οὗτινος
1939 2375 2027 2422 τοῦ
2060 2371 2112 2423 ἐν
2138 2368 2337 2441 ἀνθρώ-

410 2485 489 2536 πῳ
528 2461 868 2532 τυγχάνοντος.
928 2458 1071 2526 Ἔσχε
1100 2455 1191 2528 γάρ
1231 2462 1387 2509 ταῦτα
1420 2453 1581 2509 ἐλθών
1613 2452 1641 2508 ό
1669 2453 1838 2525 λόγος,
1893 2460 2034 2523 σῶμα
2059 2457 2145 2509 καὶ
2169 2453 2342 2525 ψυχήν

411 2550 495 2602 καὶ
525 2554 672 2612 νοῦν,
720 2547 806 2599 καὶ
845 2543 1006 2598 πάντα
1043 2546 1090 2596 εἴ
1112 2546 1158 2595 τί
1183 2544 1308 2596 ἐστιν
1346 2539 1643 2610 ἅνθρωπος,
1693 2542 1841 2610 χωρὶς
1881 2538 2144 2611 ἁμαρτίας,
2192 2542 2342 2611 χωρὶς

412 2631 768 2700 ἐλαττώματος·
819 2628 943 2683 κατά
977 2627 1031 2682 τὸ
1060 2629 1342 2698 εἰρημένον,
1397 2627 1770 2695 Πεπειραμένος
1808 2624 1935 2679 κατά
1963 2625 2125 2679 πάντα
2162 2623 2230 2688 ὥς
2255 2624 2339 2679 ἅν-

410 2728 648 2790 θρωπος,
700 2717 846 2786 χωρὶς
886 2713 1136 2785 ἁμαρτίας.
1213 2716 1284 2766 Εἰ
1320 2713 1373 2766 δὲ
1413 2710 1473 2766 τοὶ
1516 2710 1677 2765 πάντα
1717 2715 2031 2782 πεπείραται,
2081 2709 2142 2764 τοὶ
2177 2711 2340 2765 πάντα

412 2807 546 2874 ἔσχεν
573 2802 734 2858 ἐλθών
769 2801 798 2856 ὁ
826 2801 984 2872 λόγος.
1062 2798 1238 2853 Πάντα
1267 2799 1320 2852 δὲ
1350 2800 1473 2867 ἔχων
1501 2796 1746 2865 ἀνήττητα
1777 2799 1830 2851 ἐν
1859 2797 1995 2870 αὐτῷ
2024 2789 2111 2865 ἧν,
2166 2794 2338 2867 ἄχραν-

413 2890 471 2944 τά
499 2912 549 2943 τε
579 2887 856 2957 διετήρησε,
907 2888 1085 2947 τέλειος
1127 2884 1196 2938 ὢν
1231 2883 1379 2949 θεός,
1436 2886 1491 2938 ἐκ
1516 2882 1698 2954 σαρκός
1733 2883 2103 2953 γεγεννημένος,
2153 2883 2238 2934 καὶ
2265 2903 2340 2936 τε-

415 2980 554 3038 λείως
589 2974 650 3028 τά
681 2972 842 3027 πάντα
880 2971 1166 3041 πληρώσας,
1220 2968 1287 3032 ὥς
1319 2967 1578 3039 πληρωτὴς
1619 2967 1688 3021 ὥν
1723 2967 1842 3022 ὅλου
1867 2973 1957 3021 τοῦ
1985 2967 2218 3033 σκεύους,
2271 2965 2340 3035 μή

414 3064 727 3131 μερισθείσης
754 3065 842 3125 τῆς
878 3057 1062 3127 σαρκός
1110 3055 1468 3126 1ἀναρμόστως
1499 3053 1828 3122 ἐπιτηδεύσει,
1887 3051 1955 3121 μὴ
1981 3053 2341 3122 παρελκυσθεὶς

412 3154 480 3219 τῷ
505 3153 593 3200 τοῦ
629 3152 720 3199 νοῦ
744 3145 920 3217 ἀλλοίῳ
968 3144 1019 3196 ἐν
1048 3140 1167 3210 ἡμῖν
1204 3140 1495 3208 φρονήματι.
1576 3140 1650 3192 Οὐ
1687 3136 1781 3209 γάρ
1810 3136 1839 3191 ὅ
1864 3144 1984 3200 νοῦς
2019 3135 2160 3205 ήμῶν
2188 3140 2256 3200 εἷς
2282 3136 2338 3192 τὸ

415 3230 710 3302 ἁμαρτάνειν
750 3227 870 3297 ἡμῖν
907 3229 1180 3299 γεγένηται,
1235 3224 1354 3280 ἀλλά
1395 3222 1477 3278 διά
1513 3223 1567 3278 τό
1606 3231 1808 3278 σκοπεῖν
1848 3229 1947 3276 τῶν
1986 3225 2038 3276 ἐν
2065 3221 2185 3291 ἡμῖν
2220 3225 2339 3277 ἀνα-

415 3318 777 3384 θεωρουμένων
817 3311 921 3367 κατ’
962 3313 1155 3382 ἀμφοῖν
1195 3310 1494 3382 πραγμάτων
1533 3309 1595 3362 τοὶ
1633 3312 1809 3373 τέλεια,
1863 3309 1948 3361 καὶ
1978 3296 2070 3376 ’τὴν
2113 3311 2340 3379 ἐργασίαν

415 3410 502 3470 τῆς
533 3400 850 3468 δικαιοσύνης
888 3401 1012 3452 2καὶ
1049 3397 1396 3466 ἐναντιότητος.
1477 3401 1658 3457 3Νοῦς
1693 3396 1780 3462 μὲν
1803 3391 1896 3464 γάρ
1926 3392 2120 3463 ῥήματα
2153 3397 2340 3466 διακρί-

470 3504 508 3546 3.
544 3501 770 3557 ὁμολόγουν
804 3502 887 3545 τῶν
924 3503 1009 3543 cod.
1050 3503 1125 3543 len.
1186 3497 1349 3554 ὦμολό-
1404 3497 1582 3542 ἐπιτέλει
1610 3498 1693 3538 cod.
1724 3498 1887 3548 Rhedi9.

415 3576 509 3614 γουν
534 3562 616 3603 τῶν
638 3563 695 3601 ed.
719 3563 846 3611 princ.
906 3555 1146 3613 ὡμολόγουν
1169 3555 1239 3600 τὸν
1264 3558 1347 3598 cod.
1466 3555 1562 3595 CAP.
1581 3554 1782 3593 XXVIII.
1814 3575 1867 3583 —
1929 3552 1963 3594 1.
1993 3549 2247 3607 ἀναρμόσως
2277 3556 2339 3593 υἰ-

414 3620 576 3669 ΒΙιεάὶρ.
1404 3616 1503 3652 tium
1543 3615 1597 3652 est
1642 3612 1702 3650 ed.
1747 3612 1879 3651 Petav.
1952 3612 2139 3653 Petavius
2182 3612 2340 3652 coniecit

471 3672 510 3713 4.
540 3672 758 3727 νοήσωμεν
788 3675 846 3713 ed.
875 3675 999 3722 princ.
1404 3664 1673 3723 ἀναρμόστῳ.

474 3731 512 3769 ὁ.
543 3727 618 3770 οὐκ
649 3734 753 3769 abest
782 3743 807 3769 α
837 3732 944 3770 libris
972 3731 1159 3769 omnibus.
1461 3727 1500 3765 2.
1548 3721 1620 3766 καὶ
1659 3726 1788 3764 omiss.
1819 3726 1862 3765 in
1900 3725 1990 3765 edit.
2026 3726 2161 3768 Petav.
2203 3726 2335 3764 Coton.

474 3784 514 3827 ὃ.
557 3784 624 3828 ἐπὶ
663 3785 772 3830 τέλει
812 3788 897 3829 cod.
930 3787 1007 3829 Ien.
1048 3790 1082 3827 ει
1127 3786 1185 3827 ed.
1223 3786 1348 3836 princ.
1402 3785 1518 3832 repet.
