2508 4134
535 285 987 327 PANAR11L18.111.
1018 286 1152 327 ToM.
1179 288 1210 326 1.
1248 286 1412 327 HAER.
1448 286 1649 327 Lxxm.
1981 275 2047 326 87

138 384 227 435 ista
257 383 568 451 respondent,
606 387 754 448 Apud
774 387 934 444 deum3
975 383 1079 433 istis
1113 400 1250 446 vero,
1290 388 1380 433 Per·
1410 402 1496 444 me,
1544 384 1682 446 haec,
1723 387 1801 434 Ab
1828 395 2044 445 aeterno,-

141 471 300 518 Omm‘a
332 485 422 532 per
450 471 595 532 ipsum
628 469 759 533 sacta
785 477 918 526 sunt,
975 476 1022 515 et
1043 470 1143 515 sine
1178 470 1276 531 ipso
1289 470 1474 534 sactum
1515 478 1587 517 est
1610 471 1743 517 m‘lzz‘l.
1822 467 1921 518 Pro
1957 467 2047 519 hae

138 568 289 614 voce,
327 554 584 610 Mandavit,
626 551 780 613 istud,
837 553 969 614 Quod
986 535 1164 616 sactum
1192 560 1289 610 est,
1345 555 1391 599 ίη
1419 556 1516 615 ips-o
1547 556 1639 601 vita
1662 562 1779 601 erat.
1860 548 1952 603 Cui
1979 553 2046 602 si-

143 635 253 685 mile
285 643 360 685 est
388 634 531 685 illud:
571 638 627 684 In
654 638 753 700 apso
782 644 941 684 creata
973 644 1087 683 sunt
1119 638 1287 683 omnia.
1366 632 1492 683 Nam
1524 635 1596 684 his
1628 636 1817 699 verbis,
1858 640 1924 686 Et
1946 654 2048 686 ver·-

139 720 241 768 bum
278 737 389 768 caro
418 720 595 784 sactum
625 729 723 779 est,
780 719 861 769 illa
893 718 1215 787 respondent,
1270 721 1509 782 Sapientia
1543 722 1810 784 ttedficavz't
1843 722 1938 770 sz'bz·
1967 724 2047 770 do-

137 821 274 852 mum.
354 800 473 853 Item
518 820 603 870 pro
643 802 744 864 his,
801 805 944 852 Eram
988 806 1114 867 apud
1151 806 1296 867 ipsum
1344 820 1641 866 componens,
1702 802 1907 854 loannes
1953 804 2044 855 ista

136 885 357 954 scripsit,
405 889 513 935 Non
538 896 695 951 potest
701 888 844 951 filius
871 905 899 935 a
926 891 1075 952 serpso
1102 888 1263 952 facere
1298 889 1567 951 quicquam,
1623 890 1720 934 πίει·
1739 892 1862 951 quod
1881 892 2049 938 viderit
2062 903 2186 939 loann.
2201 903 2233 948 5,
2246 904 2299 938 19.

130 980 313 1035 patrem
343 973 596 1036 facientem
611 991 626 1019 .·
683 989 801 1035 quae
827 974 944 1020 enim
973 974 1053 1020 ille
1075 973 1219 1036 facit,
1262 973 1416 1019 eadem
1447 971 1643 1034 etfilz‘us
1673 973 1887 1020 similiter
1905 974 2042 1038 facit.

138 1053 385 1105 Habemus
414 1054 560 1121 igitur
585 1071 649 1104 ex
669 1072 754 1105 ore
784 1056 985 1105 duorum
1014 1055 1092 1106 vel
1122 1056 1261 1106 trium
1297 1054 1487 1105 testium
1515 1054 1598 1103 filii
1621 1056 1881 1105 secundum
1912 1066 2050 1106 natu-

135 1156 237 1189 ram
263 1139 617 1188 similitudinem
647 1156 752 1189 eum
780 1149 914 1207 patre
947 1139 1324 1208 comprobatam.
1401 1136 1538 1200 Unus
1566 1138 1736 1206 quippe
1763 1139 2046 1207 sapientiam

135 1222 366 1290 sapientis
397 1222 544 1272 lilium
579 1223 850 1291 praedicat,
904 1224 1028 1274 alter
1063 1223 1138 1274 dei
1168 1222 1367 1273 verbum
1402 1222 1696 1289 unigenitum
1728 1223 1895 1285 deum,
1953 1233 2050 1274 ter-

136 1307 229 1358 tius
256 1307 329 1357 dei
361 1306 508 1358 filium
538 1306 795 1375 imaginem
826 1309 1046 1358 affirmat.
1124 1307 1264 1358 Adeo
1294 1315 1343 1357 ut
1369 1310 1447 1356 dei
1468 1308 1682 1366 verbum,
1725 1316 1774 1356 et
1797 1311 2043 1372 sapientia,

135 1401 184 1441 et
206 1395 359 1456 imago
391 1410 533 1441 unum
578 1409 807 1459 prorsus,
860 1400 911 1442 ut
948 1401 1090 1443 antea
1128 1391 1304 1442 dictum
1335 1400 1437 1454 est,
1489 1391 1709 1458 idemque
1750 1391 2045 1459 significent,

135 1493 190 1527 ac
222 1475 296 1526 dei
328 1475 572 1544 patrisque
613 1477 874 1526 secundum
915 1476 1175 1527 essentiam
1212 1476 1340 1526 filius
1380 1475 1699 1526 communiter
1737 1475 1795 1525 ab
1830 1476 2050 1526 omnibus

135 1568 466 1611 asseveretur.
542 1558 746 1610 Praeter
783 1560 899 1611 haec
931 1578 1049 1611 vero
1085 1560 1230 1610 divini
1272 1577 1361 1610 nos
1405 1559 1644 1610 sermonis
1687 1560 1950 1611 auctoritas
1990 1561 2046 1611 ad

134 1644 260 1694 illam
290 1643 532 1695 essentiae
562 1645 694 1695 velut
728 1645 945 1695 manibus
974 1646 1363 1696 contrectandam
1394 1644 1782 1707 similitudinem,
1826 1643 2049 1695 Tliomae

135 1727 319 1791 instar,
360 1728 578 1791 adducit,
632 1746 737 1778 cum
768 1731 829 1778 ita
862 1729 1099 1796 loquitur:
1153 1733 1291 1779 Sicut
1306 1740 1448 1795 pater
1475 1730 1616 1778 habet
1637 1733 1774 1778 vitam
1802 1732 1850 1778 in
1876 1733 2043 1794 seepso,

135 1817 201 1862 ita
228 1815 396 1878 etfilz'o
422 1815 548 1862 dedic
571 1816 709 1862 vitam
734 1815 904 1862 habere
933 1818 980 1862 in
1006 1816 1173 1878 sezpso.
1253 1812 1446 1863 Etenim
1479 1814 1519 1863 si
1551 1813 1668 1863 haec
1693 1812 1841 1863 verba
1858 1852 1871 1875 ,
1914 1817 2053 1863 Sicut

128 1907 267 1963 pater
294 1899 456 1958 hahet,
499 1896 569 1947 sic
599 1897 902 1966 accipiuntur
928 1906 978 1948 ut
1005 1915 1099 1947 non
1131 1898 1187 1948 ad
1221 1897 1344 1948 alind
1379 1899 1599 1966 quiddam
1630 1899 1933 1960 referantur,
1992 1915 2048 1948 ac

134 1982 376 2032 diversum
418 1984 598 2049 (neque
641 1981 767 2031 enim
807 1982 930 2032 aliud
963 1991 1036 2030 est
1067 1990 1231 2050 pater,
1288 1983 1413 2032 aliud
1455 1983 1551 2033 vita
1582 1999 1702 2050 quae
1742 1983 1888 2033 estin
1919 1983 2044 2051 ipso,

133 2066 270 2133 quasi
299 2066 423 2116 aliud
449 2067 512 2116 sit
536 2067 660 2133 quod
693 2066 895 2128 habeat,
937 2067 1062 2116 aliud
1094 2067 1215 2133 qnod
1248 2066 1412 2116 haberi
1442 2067 1654 2130 dicatur,
1697 2067 1780 2116 sed
1810 2067 1913 2134 ipse
1944 2067 2050 2117 sine

131 2150 228 2200 ulla
255 2150 604 2219 compositione
633 2149 731 2201 vita
757 2159 833 2200 εει
856 2159 1017 2219 pater:
1073 2169 1218 2219 porro
1256 2151 1381 2201 sicut
1415 2151 1554 2200 habet
1582 2152 1713 2220 ipse,
1766 2149 1836 2200 sic
1868 2160 1916 2201 et
1949 2151 2047 2201 t'ilio

130 2233 343 2296 dederit,
385 2234 605 2285 nimirum
631 2234 749 2285 citra
781 2234 1175 2304 compositionem
1197 2274 1209 2298 ‚
1252 2244 1303 2286 ut
1327 2244 1375 2284 et
1402 2238 1578 2303 pater),
1621 2236 1923 2286 manifestum
1952 2244 2046 2301 est,

131 2336 235 2368 eum
266 2319 330 2369 ita
360 2318 488 2369 illam
517 2319 691 2370 habeat
719 2319 844 2369 silius
864 2359 876 2381 ‚
931 2337 1019 2370 nec
1057 2328 1281 2388 tanquam
1315 2319 1559 2386 ingenitus
1589 2320 1789 2384 habeat,
1844 2321 2043 2370 eandem

130 2403 493 2472 compositionis
521 2405 661 2453 modo
695 2421 788 2453 non
817 2404 1022 2468 habere,
1078 2422 1135 2454 ac
1166 2404 1406 2455 simillime
1443 2403 1490 2453 in
1527 2405 1776 2468 omnibus,
1833 2406 1955 2472 quod
1989 2406 2045 2455 ad

130 2488 390 2538 essentiam
430 2487 630 2550 attinet,
691 2505 746 2537 ac
786 2497 951 2556 pater,
1012 2489 1226 2556 citraque
1269 2489 1687 2556 compositionem.
1764 2487 1874 2539 Nec
1919 2489 2045 2538 enim

130 2580 205 2621 est
234 2572 518 2635 obscurum,
562 2572 605 2621 id
640 2572 761 2639 quod
791 2572 946 2623 simile
980 2582 1082 2637 est,
1122 2574 1245 2623 idem
1275 2573 1464 2641 penitus
1496 2591 1601 2623 cum
1633 2590 1691 2623 eo
1721 2573 1855 2623 euius
1890 2573 2046 2624 simile

130 2664 339 2706 estesse
375 2674 469 2706 non
500 2673 660 2724 posse.
740 2653 891 2708 Cuius
922 2658 989 2707 rei
1018 2667 1303 2725 argumento
1335 2656 1424 2721 sit,
1467 2658 1589 2725 quod
1623 2657 1746 2707 idem
1780 2658 1860 2708 ille
1892 2659 2046 2709 faetus

131 2740 187 2791 ad
217 2740 457 2791 hominum
487 2740 844 2790 similitudinem
870 2741 942 2791 dei
977 2741 1133 2804 filius,
1188 2742 1301 2792 licet
1342 2742 1484 2791 homo
1526 2742 1697 2804 suerit,
1755 2760 1850 2792 non
1888 2751 2046 2792 tamen

128 2824 252 2874 idem
282 2842 386 2875 cum
420 2824 611 2875 homine
637 2825 824 2893 penitus
858 2825 1019 2875 suerit.
1096 2827 1172 2876 Ac
1199 2827 1389 2877 tametsi
1421 2835 1643 2893 suscepta
1682 2831 1839 2876 carnis
1862 2831 2222 2892 ρεεοαῐίηοιηε,
2243 2841 2274 2875 3,

130 2911 432 2958 szmz‘lz'tudz'ne
461 2909 764 2978 passionibus
792 2908 916 2971 illis,
972 2927 998 2959 a
1029 2910 1198 2977 quibus
1228 2910 1389 2961 carnis
1423 2920 1667 2979 peceatum
1699 2912 2039 2979 proficiscitur,

132 2993 373 3044 obnoxius
400 3003 560 3058 esset,
604 2994 868 3044 cuiusmodi
895 3003 1006 3044 sunt
1034 2997 1182 3045 fames
1216 3013 1272 3045 ac
1300 2996 1431 3059 sitis,
1474 3005 1762 3063 ceteraeque
1792 2996 1835 3045 id
1866 3012 2038 3061 genus,

131 3075 256 3127 idem
284 3086 443 3129 tamen
473 3079 596 3147 quod
624 3079 681 3129 ad
709 3078 867 3128 carnis
897 3087 1141 3146 peceatum
1173 3080 1380 3148 pertinet
1407 3099 1499 3131 non
1534 3081 1637 3130 fuit.
1718 3078 2044 3146 Quamobrem

132 3179 197 3212 ex
224 3163 499 3230 apostolicis
536 3163 667 3213 hisce
711 3162 996 3213 testimoniis
1043 3163 1127 3213 filii
1168 3166 1430 3216 secundum
1473 3164 1732 3216 essentiam
1772 3181 1875 3214 cum
1908 3172 2043 3231 patre

133 3245 393 3297 similitudo
426 3247 685 3315 colligitur.

270 3329 337 3382 Ut
366 3332 490 3381 enim
532 3331 772 3381 hominum
805 3330 880 3380 ille
914 3330 1081 3380 similis
1116 3332 1297 3396 factuS,
1352 3341 1400 3382 et
1430 3333 1571 3382 liomo
1600 3341 1733 3394 erat,
1785 3340 1833 3380 et
1867 3349 1959 3381 non
1993 3331 2040 3382 in
2072 3350 2265 3404 Cap.1X,

134 3415 352 3466 omnibus
390 3423 524 3479 erat,
584 3415 725 3465 homo
768 3415 981 3483 quidem,
1046 3424 1280 3482 quatenus
1319 3434 1510 3467 carnem
1556 3417 1769 3484 suscepit
1815 3415 2040 3480 hominis,

191 3555 253 3596 10.
298 3554 402 3610 ἔχειν
444 3558 576 3596 vitiose
617 3560 719 3596 extat
751 3559 791 3595 in
832 3556 890 3595 ed.
921 3556 1056 3595 Petav.
1115 3558 1190 3596 Ien.
1220 3569 1245 3596 a
1273 3569 1324 3596 m.
1353 3568 1413 3606 pr.

135 3614 262 3652 Colon.
290 3615 462 3661 repetita.
1175 3612 1237 3652 13.
1272 3611 1479 3659 συνζτέτως
1508 3615 1591 3653 cod.
1618 3615 1774 3664 Rhediy.

193 3668 252 3708 ll.
298 3668 441 3719 νοῆται
481 3670 527 3707 ed
569 3671 700 3708 Petav.
760 3672 911 3709 νοεῖται
946 3669 1055 3707 codd.
1174 3665 1236 3707 14.
1282 3667 1340 3714 εἰς
1373 3662 1580 3718 ἀπόδειξιν
1607 3673 1823 3720 suspicatus
1851 3674 1903 3710 est
1930 3672 2044 3710 Peta-

133 3735 222 3763 mss.
254 3728 288 3763 et
316 3725 375 3763 ed.
405 3726 528 3773 princ.
1114 3725 1211 3762 vius.
1272 3724 1385 3771 Quae
1417 3738 1478 3762 res
1513 3725 1577 3764 vel
1614 3725 1708 3766 hinc
1740 3726 2044 3768 demonstratur

194 3780 256 3820 12.
282 3773 350 3821 ἀεὶ
376 3778 584 3827 συνζτέτως
607 3781 690 3820 cod.
714 3781 888 3830 Rhediy„
917 3783 950 3819 et
973 3781 1054 3819 cod.
1114 3781 1224 3819 vertit
1255 3781 1473 3821 Cornarius.
