2508 4134
216 2674 301 2709 pag.
326 2664 420 2700 1036.

222 3263 331 3318 Κεφ.
363 3261 415 3309 δ’.

426 241 528 291 406
1134 246 1336 290 εΑΝοΤι
1364 227 1650 292 EPIPHANH

426 344 719 414 βλάσφημα,
756 346 840 397 καὶ
871 343 932 396 τά
959 341 1099 406 ἐκτός
1129 342 1271 415 ἁγίου
1299 349 1599 414 πνεύματος,
1637 345 1714 413 ἐφ’
1747 349 1883 417 ἕτερα
1907 347 2053 401 πάλιν
2075 346 2223 402 καινοὶ
2249 349 2366 419 ’πρέ--

427 452 616 484 πονται.
698 431 763 481 Οἱ
806 429 894 496 μὲν
929 427 1023 498 γάρ
1065 428 1152 482 τόν
1192 432 1377 500 πατέρα
1406 435 1776 500 βλασφημοῦσι,
1829 434 1914 486 τὸν
1940 440 2041 486 τῶν
2077 433 2204 488 ὅλων
2233 432 2354 487 θεὸν

425 517 510 568 καὶ
534 511 853 583 δημιουργόν,
893 516 943 566 οἷ
967 514 1101 581 ἀμφὶ
1123 513 1212 582 τὴν
1237 522 1417 586 γνῶσιν
1440 516 1702 587 λεγόμενοι.
1780 521 1847 570 Οἱ
1866 516 1908 570 δ’
1937 512 2004 571 αὗ
2030 518 2177 572 πάλιν
2204 525 2354 589 Μαρ-

427 603 602 661 κίωνες
627 600 712 652 καὶ
733 598 1045 667 Ἀρχοντικοὶ
1072 599 1390 668 καλούμενοι,
1428 604 1512 655 καὶ
1539 601 1733 664 τούτοις
1764 606 1815 656 οἱ
1838 603 2159 672 συνεπόμενοι
2190 611 2356 658 Μανι-

427 692 583 753 χαῖοι,
636 686 689 737 οἱ
723 683 812 751 τήν
854 683 1122 752 ὀνομασίαν
1158 685 1443 739 δικαιότατα
1483 686 1733 754 εἰληφότες
1770 689 1823 741 ἐκ
1851 692 2044 751 δικαίας
2067 689 2200 752 τινὸς
2224 692 2356 743 οἰκο-

426 773 602 837 νομίας
639 776 794 834 θεοῦ,
849 768 904 822 vd
951 774 1192 838 μανιῶδες
1231 769 1413 838 ὄνομα,
1443 804 1508 812 -
1567 766 1704 825 οὗτοι
1742 774 1922 834 πάντες
1963 773 2081 841 μετά
2120 776 2357 830 πλειόνων

429 855 690 926 αἱρέσεων,
747 861 946 909 Καϊνῶν
976 878 1131 923 φημι,
1181 862 1467 924 Σητιανῶν,
1526 863 1542 892 ¹
1566 860 2048 924 Μελχισεδεκιανῶν,
2103 864 2357 930 Κολορβα-

428 944 573 1005 σίων,
615 944 1006 1008 Κερδωνιανῶν,
1059 943 1142 994 καὶ
1168 948 1263 994 τῶν
1293 939 1472 1003 ἄλλων,
1514 947 1540 977 2
1560 945 1868 1009 βλασφημεῖν
1903 945 1971 1004 εἰς
1997 941 2084 997 τόν
2107 949 2204 997 τῶν
2231 943 2359 999 ὅλων

429 1027 642 1094 πατέρα,
697 1028 750 1079 ἐν
788 1033 856 1099 τῷ
894 1032 1071 1080 τοῦτον
1099 1024 1361 1096 ἀρνεῖσθαι
1395 1023 1519 1079 εἶναι
1542 1025 1664 1080 θεὸν
1688 1025 1772 1079 τόν
1801 1029 1852 1080 ἐν
1881 1027 2018 1100 νόμῳ
2049 1031 2131 1082 καὶ
2160 1031 2212 1083 ἐν
2239 1051 2361 1098 προ-

430 1110 612 1178 φήταις
641 1109 933 1178 λαλήσαντα,
987 1115 1189 1173 δικαίως
1228 1132 1278 1164 τε
1315 1110 1748 1181 προςκυνούμενον
1790 1110 1890 1165 ύπὸ
1926 1113 2127 1168 πάντων
2158 1115 2361 1182 κτισμά-

429 1218 555 1261 των,
609 1194 677 1258 εᾶς
712 1195 911 1264 κτιστην
949 1198 1032 1249 καὶ
1074 1195 1398 1266 δημιουργόν,
1452 1190 1592 1250 οὗτοι
1621 1195 1741 1264 μετά
1770 1204 1859 1250 τοῦ
1886 1196 2193 1267 σεβάσματος
2224 1200 2362 1254 ἀναι-

430 1290 532 1352 ρεῖν
572 1287 835 1352 πειρῶνται
876 1284 961 1335 καὶ
1001 1280 1091 1349 την
1120 1284 1431 1345 δεσποτείαν,
1483 1280 1570 1335 τόν
1601 1283 1688 1349 μὲν
1726 1281 1880 1345 ὅντως
1909 1282 2025 1336 ὄντα
2050 1283 2361 1354 ἀρνούμενοι,

432 1369 596 1437 ἕτερον
635 1369 688 1420 δὲ
712 1366 799 1420 τόν
828 1366 895 1435 μὴ
921 1366 1040 1420 ὄντα
1066 1373 1127 1439 τῇ
1152 1365 1377 1433 μυθώδει
1404 1364 1570 1420 αύτῶν
1596 1365 1811 1440 ύπονοίᾳ
1851 1368 2228 1437 φανταζόμενοι,
2279 1374 2363 1424 ’ἵνα

433 1455 487 1506 ἐκ
515 1458 605 1506 τοῦ
632 1450 772 1514 ὄντος
800 1455 1001 1515 πέσωσι,
1040 1454 1124 1504 καὶ
1150 1451 1209 1504 ὃν
1235 1449 1509 1505 ὑπονοοῦσι
1534 1450 1601 1520 μὴ
1631 1451 1854 1523 εὕρωσιν.
1935 1453 2078 1508 Οῦτω
2106 1454 2198 1527 γάρ
2225 1454 2258 1526 ἦ
2282 1464 2363 1524 λη-

433 1541 588 1609 ρωδία
629 1541 715 1590 καὶ
750 1535 784 1604 ἦ
808 1544 896 1590 τοῦ
940 1536 1173 1605 διαβόλου
1213 1536 1373 1605 σπορὰ
1397 1543 1493 1590 τῶν
1523 1537 1682 1607 λόγων
1710 1537 1942 1606 τοιαύτην
1978 1543 2127 1595 εἴωθε
2151 1541 2365 1612 ταραχὴν

433 1627 655 1692 ε’μποιεΐν
684 1624 768 1675 καὶ
794 1622 1040 1687 θόλωσιν,
1094 1621 1175 1676 διὰ
1201 1629 1445 1693 λογισμῶν
1474 1623 1778 1692 βλασφήμων
1808 1627 2123 1696 ἐπεγείρουσα
2147 1625 2237 1695 τὴν
2265 1633 2365 1681 τῶν

432 1709 758 1776 κεκτισμένων
784 1705 1071 1776 ἀνθρώπων
1113 1707 1363 1774 διάνοιαν,
1412 1710 1524 1779 περὶ
1554 1715 1643 1762 τοῦ
1668 1707 1832 1763 αὐτῶν
1868 1710 2108 1765 δεσπότου
2140 1712 2365 1781 στρατεύ-

436 1802 582 1847 εσθαι
616 1801 724 1855 ταῖς
766 1801 944 1856 κακαῖς
972 1791 1234 1855 ύπονοίαις
1263 1796 1347 1847 καὶ
1377 1796 1791 1864 έπαρνησιθεΐαις.
1860 1793 2002 1849 Ἀλλά
2038 1819 2090 1867 γε
2127 1796 2273 1850 πάλιν
2312 1801 2365 1852 ἐκ

433 1886 611 1933 τοῦτου
658 1881 976 1948 ἐκτραπέντες
1015 1880 1140 1941 τινὲς
1176 1878 1252 1945 ἐφ’
1295 1881 1433 1950 ἕτερα
1465 1883 1677 1948 βαδίζειν
1703 1880 2047 1949 τετολμήκασι,
2099 1881 2185 1937 τόν
2211 1883 2367 1948 μόνον

437 1965 750 2036 ἀγοράσαντα
777 1963 959 2027 αύτούς
987 1964 1229 2032 δεσπότην
1262 1965 1581 2035 ἀρνούμενοι,
1618 1965 1706 2019 τόν
1737 1974 1976 2036 μονογενῆ
2003 1972 2159 2022 παῖδα
2173 1970 2369 2037 Ἰησοῦν

443 2050 661 2122 Χριστόν
687 2050 774 2104 τόν
803 2050 914 2104 υἱὸν
944 2057 1033 2104 τοῦ
1058 2057 1184 2104 θεοῦ
1210 2056 1300 2109 τοῦ
1327 2057 1531 2117 ζῶντος,
1569 2050 1655 2105 τόν
1678 2050 1831 2114 ὅντως
1858 2051 1976 2106 ὅντα
2003 2056 2056 2106 ἐκ
2081 2052 2266 2125 πατρός
2293 2073 2373 2127 γει

437 2138 730 2209 γεννημένον
755 2134 975 2205 άνάρχως
1005 2138 1090 2189 καὶ
1117 2134 1354 2207 άχρόνως,
1391 2135 1477 2190 τὸν
1506 2134 1580 2189 ἆεὶ
1613 2135 1730 2190 ὅντα
1761 2140 1815 2190 ἐκ
1837 2144 1927 2191 τοῦ
1953 2137 2142 2210 πατρὸς
2168 2140 2252 2192 καὶ
2271 2137 2370 2192 σύν

438 2225 588 2293 πατρὶ
621 2220 761 2286 ὄντα,
814 2224 1161 2292 γεγεννημένον
1199 2223 1251 2275 δὲ
1278 2221 1635 2290 ἆκαταλήπτως
1663 2224 1747 2274 καὶ
1773 2219 2051 2293 οἷχράντως,
2104 2222 2371 2291 ὁμοούσιον

437 2314 506 2381 τῷ
535 2309 680 2377 πατρὶ
712 2305 845 2371 ὅντα,
886 2309 970 2359 καὶ
996 2305 1087 2360 οὐκ
1110 2307 1308 2360 ἀλλοῖον
1333 2305 1468 2376 παρά
1497 2306 1585 2360 τόν
1610 2309 1821 2377 πατέρα,
1865 2316 1887 2346 3
1907 2311 1957 2362 οἱ
1981 2310 2069 2376 μὲν
2097 2303 2252 2371 αὖθις
2279 2333 2368 2377 μα-

439 2395 627 2458 νέντες,
667 2397 810 2460 δίκην
844 2392 1159 2461 λυσσητήρων
1189 2398 1380 2457 κυνῶν,
1419 2394 1500 2446 ἐπὶ
1530 2391 1614 2445 τόν
1645 2396 1774 2446 ἰ’διον
1801 2394 1967 2447 αὐτῶν
1992 2394 2234 2463 δεσπότην
2256 2393 2368 2448 ύλα·

438 2485 635 2532 κτοῦσι·
689 2476 920 2546 καθάπερ
951 2480 999 2540 ἐξ
1026 2475 1251 2546 ὑπαρχῆς
1287 2475 1519 2531 Ἰουδαῖοι
1555 2485 1728 2532 τοῦτον
1765 2478 2091 2549 ἀγνοήσαντες
2116 2482 2373 2548 κέκληνται

442 2563 603 2626 Κύνες
636 2565 817 2628 ἐννεοὶ,
870 2563 1071 2624 εἰκότως
1107 2562 1242 2632 παρά
1285 2569 1375 2616 τοῦ
1415 2564 1679 2632 προφήτου
1724 2566 1928 2632 ταυτησὶ
1962 2571 2047 2633 τῆς
2091 2567 2372 2633 ἐπωνυμίας

444 2650 797 2717 κατηξιωμένοι
838 2647 1081 2716 τοῦνομα,
1137 2654 1266 2716 4τῆς
1304 2648 1470 2701 αὐτῶν
1513 2651 1624 2717 περὶ
1662 2649 1748 2703 τόν
1787 2650 1957 2720 κύριον
1983 2653 2067 2704 καὶ
2092 2651 2180 2719 τὴν
2218 2649 2371 2704 αὐτοῦ

439 2738 716 2805 παρουσίαν
741 2733 1066 2802 ἀναισχύντου
1094 2732 1269 2802 ὁρμῆς,
1310 2732 1377 2795 οἷς
1405 2736 1533 2787 ἔστιν
1558 2733 1740 2803 ἀληθὲς
1766 2738 1899 2789 ἰδεῖν.
1981 2737 2111 2788 Φασὶ
2139 2733 2230 2805 γάρ
2254 2734 2371 2796 τούς

438 2827 716 2882 λυσσῶντας
752 2818 907 2881 κύνας
946 2818 1141 2881 ἐννεούς
1179 2826 1462 2884 καλεῖσθαι,
1515 2820 1599 2873 διά
1629 2819 1683 2875 τὸ
1720 2819 1913 2884 νωδούς
1945 2819 2285 2874 ἀποτελεῖσθαι
2315 2822 2370 2874 ἐκ

439 2913 527 2975 τῆς
561 2905 1025 2975 καταλιμπανούσης
1063 2903 1243 2968 αὐτούς
1281 2909 1513 2968 διανοίας.

590 3247 733 3301 Οῦτω
759 3245 851 3317 γάρ
880 3253 979 3300 τῶν
1005 3254 1170 3301 κυνῶν
1196 3246 1230 3315 ἦ
1258 3247 1432 3313 φύσις,
1484 3247 1609 3302 ἐπάν
1645 3250 1714 3310 εἰς
1742 3246 1925 3299 λύσσαν
1952 3248 2227 3316 ἐκτραπείη.
2307 3249 2375 3301 02‘

442 3355 562 3387 ποτε
589 3332 829 3399 δεσπότην
857 3332 1178 3402 γινώσκοντες
1202 3335 1285 3386 καὶ
1308 3333 1425 3395 τούς
1452 3335 1607 3387 αὐτοῦ
1638 3336 1788 3396 υἱεῖς,
1826 3334 2038 3393 οἰκείους
2070 3353 2119 3384 τε
2143 3334 2227 3385 καὶ
2252 3332 2369 3395 τούς

442 3417 617 3480 ἄλλους
642 3418 831 3479 πάντας
859 3425 946 3471 τοῦ
975 3418 1328 3471 οἰκοδεσπότου
1355 3423 1600 3489 γνησίους,
1639 3417 1757 3471 ὅταν
1782 3416 1907 3489 λάβῃ
1936 3414 2118 3477 αύτούς
2145 3415 2178 3484 ἦ
2203 3421 2366 3485 μανία,

445 3505 752 3557 ἆλλοιοῦνται
776 3502 835 3555 τά
863 3502 1104 3572 πρόςωπα
1135 3505 1348 3557 ε’νεόπιον
1373 3512 1461 3572 τῆς
1490 3502 1651 3556 αὐτῶν
1685 3500 1928 3571 ὁράσεως,
1966 3503 2052 3553 καὶ
2083 3502 2153 3555 ἐπ’
2185 3502 2369 3564 αύτούς

445 3591 710 3659 ε’γείρονται
750 3587 868 3650 τούς
907 3593 1163 3658 γνησίους,
1215 3589 1304 3652 οῦς
1346 3611 1464 3642 ποτε
1496 3595 1725 3656 τιμῶντες
1754 3593 1813 3659 τῇ
1844 3586 1930 3653 μὲν
1961 3588 2121 3659 κέρκῳ
2160 3590 2365 3649 ἔσαινον,

500 3732 595 3771 CAP.
620 3735 688 3773 ΠΙ.
707 3756 759 3763 -—
807 3736 841 3774 1.
864 3734 1246 3789 μελχεσεδεκιανῶν
1265 3735 1377 3776 codd.
1492 3732 1530 3773 2.
1565 3733 1819 3773 scribendum
1839 3736 1931 3781 puto
1958 3729 2235 3787 βλασφήμων.
2293 3735 2368 3774 Pe-

441 3800 531 3832 mss.
589 3788 980 3833 Μελκισεδεκιανῶν
1011 3793 1070 3831 ed.
1101 3792 1237 3832 Petav.
1435 3792 1539 3832 tavio
1565 3790 1769 3829 videbatur
1800 3789 2110 3845 βλασφημοῦσι.
