2508 4134
808 244 1337 285 ANACEPHALAEosts.
1920 235 2015 284 551

125 340 388 391 cuiusmodi
414 349 526 391 sunt
564 340 845 392 dalmaticae
879 358 935 391 ac
963 342 1145 391 colobia
1167 380 1179 404 ,
1233 351 1281 391 et
1309 342 1477 393 latiora
1510 342 1741 410 quaedam
1774 341 2020 410 phylacte-

126 423 224 486 ria,
280 423 368 473 hoc
403 433 478 474 est
507 433 784 493 segmenta,
835 424 1144 492 fimbriaeque
1188 444 1456 493 purpureae
1500 444 1556 477 ac
1604 427 1932 492 malogranata
1964 425 2023 475 ad

125 508 329 557 vestium
370 525 481 558 oras
526 525 764 577 appensa,
822 525 942 574 quae
987 509 1306 576 temporariae
1350 510 1474 559 illius
1517 509 1843 559 continentiae
1882 508 2023 576 signa

122 590 478 658 praeferebant.
559 591 703 642 lidem
743 599 986 660 postremo
1024 609 1231 659 geneses
1271 609 1327 642 ac
1367 593 1510 643 fatum
1550 593 1935 644 introducebant.

264 755 563 810 Sadducaeis
605 759 662 810 ab
697 759 1007 811 exactissima
1036 759 1215 809 iustitia
1253 777 1426 810 nomen
1458 768 1549 809 est.
1628 758 1724 825 Qui
1755 777 1778 809 e
1807 757 2024 811 Samari-

124 851 342 895 tanorum
373 860 554 910 genere
583 861 607 894 a
635 844 887 894 sacerdote
919 843 1121 911 quodam
1153 841 1311 894 Sadoc
1341 851 1495 893 ortum
1525 842 1811 893 habuerunt.
1886 842 2025 894 Mor-

124 927 752 978 tuorum-resurrectionem
794 929 1045 990 damnant,
1103 926 1325 994 angelum
1360 945 1415 977 ac
1445 926 1662 994 spiritum
1702 926 1911 978 funditus
1940 944 2022 978 ne-

121 1019 262 1078 gant,
304 1019 467 1061 cetera
505 1009 791 1062 Iudaeorum
831 1010 1030 1062 similes.

261 1093 714 1163 Hemerobaptistae
756 1095 871 1145 nihil
902 1095 959 1146 ab
994 1093 1186 1146 ludaeis
1237 1103 1572 1163 praeterquam
1607 1094 1695 1144 hoc
1723 1112 1819 1145 uno
1845 1095 2025 1144 discre-

122 1186 323 1244 parnnt,
366 1179 489 1246 quod
520 1180 759 1229 neminem
793 1188 1019 1229 aeternae
1048 1179 1174 1230 vitae
1202 1187 1469 1246 compotem
1500 1196 1607 1229 esse
1640 1196 1781 1246 posse
1809 1179 2025 1229 dicerent

123 1260 213 1312 nisi
254 1262 464 1329 quotidie
502 1263 709 1314 lavaret.

263 1342 462 1410 Osseni,
505 1365 704 1414 quorum
736 1364 908 1397 nomen
938 1345 1307 1414 procacissimos
1335 1346 1594 1413 significat.
1672 1345 1768 1413 Qui
1795 1363 1859 1396 ex
1884 1364 2024 1414 prae-

125 1430 305 1498 scripto
331 1430 453 1497 legis
482 1432 640 1481 omnia
670 1431 936 1493 faciebant,
991 1432 1072 1480 sed
1107 1430 1223 1481 alias
1252 1440 1503 1499 praeterea
1533 1431 1796 1498 scripturas
1827 1430 2023 1481 adhibe-

120 1513 261 1576 bant,
305 1523 353 1564 et
391 1531 453 1564 ex
493 1514 842 1581 posterioribus
882 1514 1125 1583 prophetis
1164 1515 1419 1582 plerosque
1459 1514 1759 1564 reiiciebant.

256 1596 567 1648 Nassaraeos
619 1607 925 1648 contumaces
978 1598 1286 1666 interpretari
1342 1599 1531 1666 possm,
1590 1598 1667 1666 qui
1722 1598 1880 1649 carnis
1933 1616 2023 1650 usu

121 1699 318 1749 prorsus
344 1681 654 1732 interdicunt.
732 1683 808 1732 Ab
839 1681 1059 1732 animatis
1089 1683 1360 1745 abstinent,
1421 1683 1716 1751 patriarchas
1749 1701 1917 1734 omnes
1945 1685 2023 1752 qui

118 1765 167 1814 in
213 1763 544 1816 Pentateucho
590 1767 645 1815 ad
691 1764 882 1835 Moysis
924 1775 971 1816 et
1011 1763 1120 1815 lesu
1165 1766 1244 1816 filii
1277 1764 1419 1816 Nave
1456 1775 1670 1834 tempora
1714 1768 2024 1818 continentur

121 1849 396 1900 adsciscunt
426 1858 474 1900 et
509 1850 567 1901 iis
607 1851 741 1900 fidem
786 1850 1040 1913 adhibent,
1095 1850 1359 1900 cuiusmodi
1391 1859 1529 1913 sunt,
1583 1850 1827 1914 Abraam,
1886 1849 2022 1903 Isaac

119 1941 168 1982 et
198 1930 369 1996 Iacob,
423 1933 578 2000 iisque
615 1933 892 2002 superiores
940 1951 1138 1996 omnes,
1196 1951 1284 1984 nec
1327 1952 1421 1984 non
1464 1944 1512 1983 et
1544 1932 1748 2002 Moyses
1781 1937 1882 2004 ipse
1914 1954 2019 1987 cum

118 2017 318 2066 Aarone
365 2026 505 2084 atque
541 2016 672 2068 lesu.
751 2015 978 2068 Ceterum
1025 2018 1231 2085 quinque
1273 2018 1351 2068 illa
1393 2019 1634 2069 volumina
1676 2018 1867 2088 Moysis
1910 2038 2019 2072 esse

118 2117 213 2150 non
253 2108 450 2168 putant,
493 2109 542 2151 et
579 2102 669 2152 alia
711 2102 768 2151 ab
808 2102 866 2152 iis
906 2103 1097 2153 diversa
1138 2119 1284 2171 penes
1322 2119 1375 2153 se
1414 2120 1522 2153 esse
1561 2103 1798 2154 iactitant.

260 2267 521 2319 Herodiani
551 2287 655 2320 cum
693 2267 896 2320 ludaeos
921 2270 967 2319 in
1005 2270 1225 2320 omnibus
1250 2288 1359 2321 sese
1386 2280 1718 2339 praestarent,
1774 2270 2018 2323 Herodem

116 2350 360 2404 Christum
393 2371 501 2404 esse
526 2354 898 2420 profitebantur,
958 2354 1096 2422 eique
1129 2352 1310 2406 Christi
1346 2355 1625 2422 dignitatem
1656 2373 1711 2405 ac
1742 2375 1915 2407 nomen
1947 2358 2018 2407 af-

115 2437 376 2503 fingebant.

254 2518 445 2571 Primus
488 2522 578 2572 iste
609 2531 764 2572 tomus
802 2532 904 2584 est,
960 2522 1036 2589 qui
1081 2522 1308 2574 haereses
1337 2521 1442 2574 XX
1475 2524 1720 2586 continet,
1777 2533 1822 2573 et
1853 2525 1901 2574 in
1936 2542 2018 2575 eo-

115 2604 219 2654 dem
261 2606 317 2654 de
349 2606 678 2656 incarnatione
714 2603 894 2657 Christi
938 2625 992 2656 ac
1025 2608 1244 2657 veritatis
1290 2609 1592 2675 professione
1638 2617 1881 2676 postremo
1911 2610 2017 2660 loco

115 2690 387 2741 disseritur.

264 2857 511 2908 Hactenus
555 2857 715 2924 itaque
745 2855 853 2908 XX
896 2858 1081 2908 illarum
1124 2859 1392 2910 haereseon
1433 2878 1552 2927 quae
1593 2857 1836 2911 Christum
1882 2870 2017 2911 ante-

113 2951 366 2992 cesserunt
402 2942 666 2992 confutatio
713 2957 768 2991 ac
805 2941 912 2991 fidei
952 2951 1000 2991 et
1037 2943 1381 2995 incarnationis
1422 2942 1606 2996 Christi
1658 2945 1899 2996 declarata
1935 2963 2014 2996 ra-

114 3026 181 3075 tio
222 3035 313 3076 est.

256 3108 352 3161 Sed
383 3128 407 3160 e
436 3110 640 3177 vestigio
673 3106 854 3160 Christi
888 3107 997 3160 lesu
1025 3110 1201 3161 domini
1227 3114 1379 3162 nostri
1409 3114 1643 3163 adventus
1672 3130 1776 3161 cum
1807 3129 1862 3161 eo
1891 3113 2014 3179 quod

114 3203 398 3262 susceperat
428 3212 631 3261 corpore
665 3202 953 3244 consecutus
985 3203 1088 3257 cst,
1131 3194 1209 3261 qui
1239 3205 1287 3245 et
1318 3193 1412 3246 Vll
1450 3197 1554 3246 illas
1586 3198 1811 3246 haereses
1839 3195 2016 3246 Hiero-

113 3278 312 3346 solymis
352 3279 579 3339 ofl'endit,
634 3286 683 3328 et
714 3278 906 3327 easdem
949 3295 1034 3328 sna
1069 3278 1116 3327 vi
1148 3279 1399 3346 dissipavit
1438 3289 1485 3328 et
1525 3281 1755 3330 extinxit.
1834 3279 2016 3347 Quam-

115 3361 277 3411 obrem
306 3361 520 3429 reliquae
552 3378 717 3412 omnes
747 3361 976 3411 haereses
1006 3362 1215 3412 adventu
1242 3363 1321 3411 illo
1352 3364 1646 3430 posteriores
1680 3364 1900 3427 fuerunt,
1944 3366 2015 3415 ni-

169 3557 232 3598 71.
264 3555 388 3609 νόμος
415 3559 526 3597 codd.
563 3569 650 3597 mss.
682 3562 715 3596 et
745 3559 833 3596 edit.
860 3559 982 3606 princ.
1093 3562 1220 3597 tatem.

168 3612 232 3653 72.
267 3615 309 3651 V.
340 3614 488 3654 Panar.
517 3626 609 3664 pay.
631 3613 681 3654 47
703 3626 783 3663 sqq.
814 3613 935 3664 (Pet.)
1147 3612 1213 3655 74.
1245 3612 1316 3663 δὲ,
1357 3616 1458 3664 quod
1494 3627 1569 3655 non
1596 3617 1731 3665 le9itur
1759 3618 1800 3655 in
1828 3619 2015 3668 panario,

170 3667 234 3708 73.
266 3666 392 3721 πρὸς,
440 3672 542 3719 quod
570 3672 672 3709 abest
699 3682 724 3707 a
750 3672 894 3708 Panar.
910 3699 921 3718 ,
964 3671 1036 3708 de-
1092 3672 1242 3709 uncinis
1267 3673 1413 3710 notavit
1439 3672 1569 3712 Petav.
1587 3701 1598 3721 ,
1638 3676 1791 3723 praeter
1814 3676 2014 3714 necessita-

113 3725 266 3763 lendum
293 3726 482 3764 iudicavit
508 3728 640 3766 Petav.
654 3755 667 3775 ,
704 3730 856 3777 praeter
878 3729 1036 3766 necessi-
1093 3731 1179 3767 tem.
