2508 4134
242 405 353 458 Κεφ.
386 402 437 461 β’.

244 1007 330 1044 pag.
349 996 423 1032 9⁰6.

249 2881 361 2937 Κεφ.
387 2877 439 2938 γ’.

474 277 571 330 178
1180 283 1384 326 sANcTt
1413 284 1699 326 EPtPHANn

601 382 746 434 Ἐπεὶ
781 374 874 434 οὖν
902 378 936 448 ἦ
965 386 1110 448 μῆνις
1137 378 1224 433 ἄπ’
1267 378 1421 434 αύτοῦ
1453 380 1514 435 οὗ
1545 382 1776 445 διέλειπε,
1827 378 1944 433 καθ’
1970 379 2178 450 ἑκάστην
2215 380 2405 452 ἡμέραν

472 467 687 536 ηὔξανον
724 469 775 519 οἱ
807 465 970 536 λόγοι,
1020 467 1104 519 καὶ
1134 467 1421 534 προέβαινεν
1452 467 1700 534 ἀναμέσον
1737 462 1900 518 αὐτῶν
1928 462 1958 518 ό
1987 471 2158 534 ζῆλος,
2193 466 2330 538 λόγοι
2355 488 2405 521 τε

470 551 563 606 οὐκ
608 550 792 621 άγαθοὶ
835 553 918 604 καὶ
959 552 1184 619 διαβολαὶ
1221 549 1321 604 ύπὸ
1354 557 1442 605 τοῦ
1474 550 1664 619 Ἀερίου
1694 548 1817 604 κατά
1849 548 2142 604 Εύσταθίου
2171 555 2401 622 ἐγίνοντο.

466 635 531 690 ‘O
561 637 613 689 δὲ
639 639 908 699 ἐπίσκοπος
938 635 1232 698 Εὗστάθιος
1259 636 1678 704 μετακαλούμενος
1705 634 2004 705 τὸνἈέριον
2034 635 2275 701 ἐθώπευε,
2311 659 2405 690 πα-

468 721 635 796 ρῄνει,
673 720 885 789 ἠπείλει,
925 724 1248 791 ἐνεβριμεῖτο,
1288 721 1575 790 παρεκάλει,
1627 723 1711 774 καὶ
1743 718 1888 774 οὐδὲν
1920 720 2053 788 ἤνυε.
2134 720 2200 775 To*
2232 720 2325 792 γάρ
2355 724 2405 785 ἐξ

469 808 623 877 ἀρχῆς
650 808 960 875 καταβληθὲν
985 809 1054 869 εἰς
1080 809 1202 877 μέγα
1224 805 1381 860 κακόν
1404 805 1459 860 τὸ
1488 809 1632 876 ἔργον
1659 805 1854 874 ἤλαυνε.
1934 807 2104 876 Πέρας
2139 813 2155 843 ¹
2172 811 2292 877 γοῦν
2318 828 2403 861 κα-

466 891 684 946 ταλιπών
707 891 761 946 τὸ
793 900 1196 962 πτωχοτροφεῖον
1219 889 1248 944 ό
1276 891 1473 961 ’Λέριος
1500 890 1812 962 ἀνεχώρησεν.
1883 889 2143 945 Ἐντεῦθεν
2168 889 2259 960 τὴν
2283 890 2403 962 πρό·

472 997 623 1044 φασιν
666 977 825 1047 ὥςπερ
867 977 994 1031 κατά
1040 981 1224 1047 ἐχθροῦ
1263 976 1565 1045 βουλόμενός
1609 985 1724 1040 2ης
1761 975 1922 1047 εὑρεῖν
1950 975 1984 1045 ἢ
2012 975 2137 1030 κατά
2165 980 2404 1045 πολεμίου

468 1067 730 1131 ἐπαφεῖναι
755 1065 914 1132 βέλος,
954 1062 1220 1132 ἆνηρεύνα,
1258 1063 1342 1114 καὶ
1366 1060 1541 1115 λοιπόν
1560 1068 1680 1115 πᾶσι
1703 1061 1977 1130 διαβάλλων
2000 1061 2087 1115 τὸν
2111 1059 2405 1115 Εύστάθιον

469 1152 656 1221 ἔλεγεν,
717 1147 894 1203 Ούκέτι
921 1155 1144 1210 τοιοῦτος
1170 1145 1400 1216 ὑπάρχει,
1453 1145 1548 1199 ἄλλ’
1577 1149 1758 1200 ἔκλινεν
1795 1150 1864 1210 εἰς
1894 1146 2152 1216 χρημάτων
2182 1165 2402 1217 συναγω-

468 1237 560 1308 γήν
582 1239 668 1290 καὶ
690 1238 759 1297 εἰς
782 1241 960 1303 κτῆσιν
970 1237 1232 1287 παντοίαν·
1263 1232 1406 1284 ἅτινα
1434 1225 1497 1300 ἧν
1521 1237 1675 1284 ταῦτα
1701 1235 2011 1298 συκοφαντία
2037 1233 2124 1299 μὲν
2144 1228 2258 1300 παρ’
2283 1234 2400 1286 ἐκεί-

467 1345 576 1387 νου,
615 1328 675 1395 τῇ
707 1322 759 1374 δὲ
790 1320 999 1392 ἀληθείᾳ
1027 1318 1114 1381 τάς
1143 1315 1542 1385 ἐκκλησιαστικάς
1568 1321 1730 1387 χρείας
1757 1319 1880 1385 ἔχων
1906 1315 2025 1384 μετά
2050 1325 2211 1386 χεῖρας
2241 1314 2271 1370 o‘
2299 1315 2404 1369 Εὕ-

466 1406 675 1470 στάθιος
718 1403 910 1467 ξἠἷὶλλως
948 1403 1040 1458 ούκ
1077 1402 1295 1472 ἠδύνατο
1337 1401 1581 1473 πράττειν.
1657 1403 1757 1454 Καὶ
1794 1395 1860 1470 ἦν
1902 1400 2169 1458 4πειθανοὶ
2197 1400 2258 1456 to}
2301 1399 2401 1456 ὖπὸ

465 1499 554 1547 τοῦ
589 1490 779 1563 Ἀερίου
815 1490 1064 1561 λεγόμενα.

614 1666 848 1731 Νομίσειε
876 1659 916 1714 δ’
941 1658 1003 1714 ἐίν
1036 1682 1133 1724 τις,
1188 1657 1453 1726 ἐπειδήπερ
1490 1656 1614 1712 κατὰ
1643 1656 1833 1728 Ἀερίου
1868 1659 2088 1728 λέγοντες
2113 1655 2404 1712 Εύστάθιον

466 1747 846 1820 παρηγάγομεν,
898 1745 964 1814 μή
1002 1769 1048 1800 τι
1088 1751 1111 1782 ⁵
1134 1742 1231 1814 ἄρα
1276 1746 1362 1797 καὶ
1413 1743 1497 1798 τόν
1534 1743 1827 1797 Εὐστάθιον
1862 1745 1914 1797 ἐν
1950 1746 2172 1806 ἐπαίνοις
2208 1745 2402 1812 ἕχομενς

477 1834 575 1888 Τόν
605 1835 693 1902 μὲν
731 1831 822 1903 γάρ
851 1834 962 1900 βίον
991 1831 1145 1883 αὐτοῦ
1177 1832 1261 1884 καὶ
1292 1828 1382 1897 τὴν
1414 1834 1659 1883 πολιτείαν
1687 1827 1779 1882 ούκ
1811 1827 1966 1897 ὀλίγοι
1995 1827 2171 1898 ἄνδρες
2201 1827 2403 1897 θαυμά-

468 1927 649 1985 ζουσιν.
724 1922 858 1971 Εἴθε
883 1918 936 1970 δὲ
958 1918 1040 1969 καὶ
1065 1922 1125 1989 τῇ
1150 1920 1304 1969 πίστει
1337 1914 1508 1985 ὀρθῶς
1531 1914 1784 1982 ἐφρόνησε.
1845 1913 1910 1968 Τὸ
1939 1912 2032 1985 γάρ
2066 1920 2089 1951 ⁶
2106 1912 2295 1985 Ἀρείου
2319 1916 2403 1968 καὶ

463 2004 618 2067 αὐτός
647 2004 874 2070 ἆπαρχῆς
899 2004 992 2064 ἕως
1019 2003 1188 2063 τέλους
1219 2002 1443 2069 κατέσχε,
1482 2001 1566 2054 καὶ
1597 1998 1709 2053 οὔτε
1739 2003 1795 2052 αἰ
1815 2005 2016 2066 θλίψεις
2044 2005 2142 2053 τῶν
2173 2003 2404 2070 διωγμῶν

465 2089 619 2145 αύτὸν
643 2088 1012 2161 διωρθώσαντο.
1058 2085 1306 2154 Ἐδιώχθη
1333 2085 1423 2156 γάρ
1452 2084 1569 2154 μετὰ
1593 2091 1691 2138 τῶν
1718 2087 1830 2155 περὶ
1857 2089 2110 2138 Βασίλειον
2134 2087 2217 2138 καὶ
2242 2082 2402 2138 Ἐλεύ-

464 2195 604 2242 σιον,
658 2178 739 2229 καὶ
773 2173 991 2235 λοιπούς.
1052 2171 1228 2235 ’Έδοξε
1263 2173 1315 2224 δὲ
1343 2170 1582 2241 καὶπρὸς
1606 2172 1845 2240 Λιβέριον
1886 2168 2074 2238 Ῥώμης
2113 2169 2202 2223 τόν
2244 2192 2402 2238 μακα-

465 2266 604 2333 ρίτην
632 2259 917 2332 πρεσβεύειν
948 2257 1051 2326 ἅμα
1079 2256 1240 2319 ἄλλοις
1265 2256 1579 2321 ἐπισκόποις,
1627 2258 1710 2309 καὶ
1737 2262 1796 2330 τῇ
1824 2257 2017 2309 ἐκθέσει
2042 2261 2128 2323 τῆς
2152 2254 2276 2308 κατά
2308 2259 2401 2309 Νί-

462 2370 608 2401 καιαν
646 2348 910 2418 γενομένης
951 2342 1168 2397 συνόδου
1203 2344 1288 2395 καὶ
1323 2345 1382 2415 τῇ
1425 2340 1658 2415 ὁμολογίᾳ
1690 2348 1779 2409 τῆς
1809 2339 2104 2412 ὄρθοδοξίας
2130 2338 2401 2411 ὑπογεγρα-

465 2435 626 2499 φέ-ναι.
702 2435 798 2494 Εἰς
825 2430 1031 2499 ὕστερον
1059 2429 1110 2480 δὲ
1138 2426 1298 2497 ὥςπερ
1322 2430 1586 2495 μνησθεὶς,
1639 2429 1724 2480 καὶ
1754 2430 1803 2490 ἐξ
1833 2426 2038 2497 ὀνείρων
2069 2422 2305 2491 ἀναστάς,
2342 2423 2402 2478 τά

465 2520 646 2571 ἑαυτοῦ
674 2517 821 2570 πάλιν
846 2521 1019 2584 πρῶτα
1046 2520 1134 2581 τῆς
1161 2520 1259 2566 τῶν
1288 2513 1559 2579 Ἀρειανῶν
1586 2516 1880 2576 κακοδοξίας
1906 2509 2316 2579 ἐπισκεπτόμενος
2341 2508 2402 2564 οὗ

466 2606 716 2656 διέλειπεν.
773 2601 950 2668 ”Ομως
987 2600 1099 2669 περὶ
1134 2596 1324 2670 Ἀερίου
1359 2596 1480 2667 ἡμῖν
1524 2596 1552 2652 ὁ
1590 2597 1733 2669 λόγος
1768 2601 1880 2652 ἐστι’.
1955 2595 2051 2651 Διὸ
2089 2590 2243 2659 αὖθις
2277 2593 2404 2668 πρὸς

466 2685 621 2742 αὐτόν
662 2693 687 2724 ⁷
711 2686 1064 2758 ἐπιστρεπτέον.

611 2852 772 2920 Οὗτος
802 2855 832 2911 ἆ
855 2855 1041 2925 ’Λέριος
1078 2853 1160 2908 διά
1190 2852 1308 2916 τούς
1335 2855 1595 2916 τοιούτους
1626 2853 1805 2924 λόγους
1834 2852 2116 2921 σεμνύνεται
2154 2853 2243 2921 μὲν
2277 2846 2401 2906 άπο-

469 2947 637 3008 ταξίαν
661 2945 712 2997 ἐν
742 2941 880 3017 άρχῇ.
957 2938 1253 2994 Καταλιπών
1297 2940 1349 2992 δὲ
1395 2937 1450 2992 τό
1490 2946 1885 3010 πτωχοτροφεῖον
1931 2941 2217 3008 παρείλκυσε
2248 2935 2404 2991 πολύν

471 3028 619 3100 χορόν
643 3028 836 3098 ἀνδρῶν
859 3049 908 3080 τε
936 3029 1020 3080 καὶ
1042 3032 1306 3097 γυναικῶν.
1381 3023 1707 3093 Ἀπηλαύνετο
1737 3025 1790 3077 δὲ
1816 3021 1964 3085 αύτὸς
1987 3020 2107 3090 μετά
2137 3028 2223 3090 τῆς
2247 3020 2402 3076 αὐτοῦ

471 3114 572 3168 <ind
612 3121 710 3168 τῶν
739 3117 1008 3180 ἐκκλησιῶν
1048 3115 1131 3165 καὶ
1173 3109 1336 3181 άγρῶν
1372 3112 1456 3164 καὶ
1482 3117 1692 3178 κωμῶν,
1743 3111 1828 3163 καὶ
1867 3114 1965 3161 τῶν
2005 3105 2159 3160 ἅλλων
2195 3106 2400 3162 πόλεων,

475 3199 725 3262 Πολλάκις
757 3201 810 3253 δὲ
844 3195 962 3267 μετά
989 3204 1172 3250 πολλοῦ
1201 3195 1347 3264 ὄχλου
1376 3201 1468 3249 τοῦ
1500 3199 1628 3249 ἰδίου
1669 3193 1959 3262 1νιφόμενοι
2003 3190 2219 3263 άγρόθεν
2255 3194 2402 3246 διετέ-

469 3293 618 3352 λουν,
674 3285 920 3354 ’ὕπαιθροί
943 3305 992 3336 τε
1031 3285 1110 3336 καὶ
1151 3280 1251 3335 ὖπὸ
1290 3283 1471 3352 πέτρας
1508 3279 1839 3348 αὐλιζόμενοι,
1893 3281 1945 3332 ἐν
1982 3277 2121 3340 ὕλαις
2159 3277 2402 3343 καταφεύ-

471 3392 650 3441 γοντες.
713 3362 808 3423 Ἦν
846 3370 899 3423 δὲ
946 3376 969 3406 2
991 3366 1124 3441 αὐτῷ
1156 3366 1185 3422 ό
1213 3366 1355 3437 λόγος
1393 3365 1645 3434 μανιώδης
1680 3371 1860 3433 μᾶλλον
1901 3362 2026 3431 ἥπερ
2064 3362 2402 3427 καταστάσεως

476 3453 815 3526 άνθρωπίνης.
881 3456 999 3519 Καὶ,
1039 3455 1180 3521 φησὶ,
1217 3457 1263 3506 τί
1291 3455 1418 3506 ἐστιν
1444 3454 1713 3513 ἐπίσκοπος
1739 3447 1865 3518 πρὸς
1889 3447 2246 3519 πρεσβύτερον,·
2299 3447 2400 3504 Οὐ-

531 3557 627 3597 CAP.
650 3559 700 3598 Π.
732 3580 782 3588 -
846 3556 881 3598 1.
913 3553 951 3612 γ’
981 3547 1049 3599 οὖν
1090 3558 1277 3607 scriptum
1304 3560 1410 3596 extat
1467 3557 1525 3607 Cf.
1554 3555 1660 3595 haer.
1685 3550 1738 3593 42
1755 3582 1768 3603 ,
1795 3552 1834 3594 3.
1879 3554 1913 3590 et
1934 3549 1981 3592 31
2004 3580 2017 3600 ,
2041 3548 2107 3600 8.,
2142 3553 2210 3591 ubi
2237 3551 2400 3592 eandem

471 3615 512 3653 in
541 3616 624 3654 cod.
655 3627 724 3655 ms.
755 3619 929 3665 utroque.
1463 3617 1547 3653 tam
1574 3610 1756 3650 adiectivi
1789 3618 1908 3660 quam
1944 3607 2120 3647 adverbii
2146 3609 2317 3658 formam
2338 3619 2398 3648 re-

529 3669 568 3709 2.
597 3684 688 3711 τινα
717 3673 866 3710 volebat
897 3672 1095 3712 Petavius.
1458 3669 1671 3719 posuimus.
1724 3667 1912 3706 Petavius
1937 3665 2038 3704 enim
2059 3664 2181 3704 edidit
2202 3660 2370 3706 πιθανὰ.

528 3724 567 3766 3.
600 3719 724 3774 ἄλλος
749 3730 887 3767 vitium
924 3731 978 3767 est
1015 3728 1074 3768 ed.
1106 3728 1244 3769 Pelav.
1277 3728 1405 3768 Colon-
1520 3725 1558 3765 ὁ.
1593 3724 1713 3773 Vulyo
1740 3711 1836 3775 ἆρα.

471 3785 587 3831 repet.
1518 3778 1558 3820 6.
1588 3780 1646 3819 Ita
1686 3781 1768 3819 iam
1807 3783 1895 3820 ante
1935 3778 2139 3817 Petavium
2181 3779 2400 3817 correxerat

529 3837 568 3879 4.
597 3834 773 3880 πειὲανὰ
804 3840 917 3879 codd.
954 3851 1045 3880 mss.
1083 3843 1118 3880 et
1158 3841 1247 3880 edit.
1279 3840 1408 3890 prino.
1464 3837 1679 3878 Carnarius
1703 3838 1744 3877 in
1765 3837 2074 3887 interpretatione
2101 3834 2259 3875 Latina.
2288 3833 2399 3874 Libri
