2508 4134
577 310 802 352 PANARn
830 311 937 352 Lm.
960 312 1033 351 111.
1056 313 1192 352 ToM.
1214 313 1245 351 ι.
1274 311 1436 352 HAER.
1460 311 1656 351 Lxxvi.
1963 294 2063 345 265

170 408 592 481 pronuntiaverat,
648 409 814 459 eadem
846 409 902 459 ad
933 409 1072 459 finem
1113 426 1261 476 usque
1298 409 1466 459 iisdem
1499 409 1555 458 de
1580 408 1754 470 rebuS,
1810 423 1898 457 nec
1938 403 2066 455 aliud

169 503 420 563 praeterea
456 501 638 544 narrat.
713 491 829 542 Non
875 494 1106 562 mysteria
1148 492 1240 542 ulla
1269 493 1405 543 nobis
1447 492 1659 559 aperuit,
1714 509 1809 542 non
1852 491 1910 541 de
1954 490 2063 552 deo,

168 595 306 647 quem
332 579 579 646 professus
605 585 724 637 erat,
769 576 947 640 docuit,
990 594 1083 626 non
1112 576 1269 639 fidem,
1311 577 1445 627 cuius
1476 575 1715 644 praesidio
1744 575 1864 625 inira
1889 573 2067 625 facien-

168 671 242 713 tes
273 661 506 731 apostoli,
549 678 653 711 cum
683 659 881 711 solidam
913 660 1128 711 veritatis
1156 660 1511 710 confessionem
1544 659 1898 728 concepissent,
1940 674 2068 708 mor-

167 755 275 798 tuos
303 745 606 809 excitarunt,
657 744 1016 813 elephantiacos
1048 753 1340 813 purgarunt,
1397 744 1583 810 aliaque
1616 744 1862 811 praeclare
1895 742 2067 792 cohae-

166 830 323 882 rentia
353 830 725 899 praestiterunt,
767 845 886 896 quae
916 828 1103 896 quidem
1137 845 1251 879 vere
1285 846 1379 877 non
1408 827 1509 878 sola
1541 828 1700 895 specie
1733 836 1938 895 patrata,
1980 843 2064 876 ve-

166 916 236 966 lut
263 924 542 981 argumenta
572 923 714 981 atque
751 913 923 963 indicia
958 913 1291 980 proferebant:
1346 921 1395 962 at
1423 911 1502 961 ille
1533 920 1698 961 contra
1729 911 1843 961 nihil
1872 920 2065 979 praeter

166 999 455 1052 vanissimas
485 1007 531 1048 et
572 1006 799 1049 ventosas
837 997 1226 1066 syllogismorum
1270 996 1560 1047 subtilitates
1590 995 1637 1044 in
1671 996 1873 1045 inedium
1904 995 2063 1057 affert,

168 1103 286 1153 quas
315 1084 445 1153 ipsas
481 1083 745 1151 repetendo
774 1082 966 1150 saepius
1003 1082 1058 1131 ad
1093 1081 1362 1131 satietatem
1394 1080 1601 1147 ingerit,
1657 1096 1746 1129 nec
1775 1079 1899 1128 aliud
1930 1095 2067 1145 prae-

166 1178 299 1220 terea
339 1167 577 1237 proponit.
655 1165 898 1233 Quocirca
936 1166 1164 1216 lectorem
1208 1173 1427 1232 rogatum
1460 1165 1706 1226 volumus,
1763 1180 1821 1213 ne
1852 1163 1893 1212 id
1929 1162 2066 1212 nobis

165 1253 285 1304 vitio
326 1252 626 1303 tribuendum
671 1251 917 1301 existimet
957 1250 1080 1317 quod
1124 1258 1173 1299 et
1212 1248 1303 1317 ipsi
1333 1247 1526 1317 saepius
1559 1249 1722 1298 eadem
1764 1255 2063 1314 repetamus3

168 1338 323 1405 quod,
374 1345 426 1387 ut
463 1336 529 1386 illi
571 1337 974 1404 respondeamus,
1028 1335 1188 1384 facere
1226 1333 1316 1383 hoc
1350 1333 1456 1383 loco
1494 1333 1726 1401 cogimur.
1809 1329 1958 1398 lgitur
1985 1348 2067 1397 ge-

168 1422 268 1472 nita
294 1421 514 1484 soboleS,
569 1437 654 1488 pro
687 1437 745 1470 eo
773 1437 827 1470 ac
859 1418 1152 1469 divinitatem
1186 1418 1350 1481 decet,
1411 1417 1719 1467 immutabilis
1754 1428 1852 1481 est,
1910 1419 1992 1469 sed
2022 1427 2071 1468 et

167 1507 269 1575 ipse
297 1505 490 1573 genitor
515 1504 825 1555 immutabilis
851 1511 955 1566 est,
998 1503 1390 1570 quemadmodum
1423 1502 1663 1553 constanti
1690 1502 1838 1570 ipsius
1869 1511 2069 1552 naturae

168 1589 413 1641 convenit.
492 1586 723 1640 Ceterum
766 1588 958 1655 genitor
999 1588 1064 1637 ita
1108 1595 1299 1649 manet,
1358 1595 1409 1637 ut
1448 1604 1586 1654 quem
1632 1604 1657 1636 e
1699 1587 1859 1655 seipso
1904 1587 2070 1653 genuit

166 1682 398 1743 perpetuo
435 1689 598 1723 secum
642 1672 842 1736 habeat3
897 1689 986 1722 nec
1029 1672 1168 1721 ullam
1211 1671 1414 1721 conditis
1453 1688 1478 1720 a
1519 1688 1572 1721 se
1606 1671 1751 1721 rebus
1797 1670 2067 1739 suspicandi

166 1758 468 1809 occasionem
502 1756 730 1825 praebet,
788 1765 837 1806 ut
876 1757 953 1808 vel
985 1756 1089 1807 sine
1131 1755 1224 1806 filio
1267 1755 1538 1823 intelligere
1579 1764 1789 1824 patrem,
1844 1756 1920 1806 vel
1964 1755 2068 1806 sine

165 1852 299 1912 patre
327 1842 538 1911 genitum
572 1842 714 1892 filium
733 1880 746 1904 ,
801 1850 883 1891 aut
913 1843 1175 1910 perfectum
1203 1839 1306 1890 eius
1338 1840 1552 1906 spiritum
1571 1879 1584 1904 ,
1634 1845 1718 1906 qm'
1742 1859 1770 1890 a
1790 1850 1929 1906 patre
1953 1859 2067 1905 pro-

166 1931 312 1986 cedit,
367 1937 414 1977 et
435 1929 590 1992 astlz'o
614 1930 810 1991 aceepit,
868 1926 1027 1975 animo
1072 1924 1257 1993 possint
1299 1924 1574 1992 concipere.
1651 1925 1812 1992 Atque
1857 1926 1945 1976 hoc
1982 1943 2067 1975 na·-

167 2023 274 2064 tura
315 2011 389 2062 dei
434 2011 626 2079 dignum
663 2020 765 2073 est,
822 2009 1124 2077 maximeque
1164 2017 1572 2072 consentaneum,
1631 2009 1804 2059 nullam
1833 2018 1884 2059 ut
1911 2009 2070 2078 splen-

167 2097 297 2148 doris
325 2096 654 2147 accessionem
684 2094 993 2145 extrinsecus
1028 2093 1269 2161 requirat,
1327 2094 1410 2143 sed
1442 2101 1588 2143 totum
1621 2094 1732 2144 illud
1766 2103 1994 2163 perpetuo
2022 2094 2069 2144 in

167 2180 355 2250 propria
393 2179 644 2231 identitate
671 2169 947 2229 contineat.

307 2264 441 2315 Aetii
473 2261 632 2332 Caput
658 2261 805 2314 XVI.
882 2261 936 2314 Si
972 2262 1174 2330 ingeniti
1206 2280 1304 2314 vox
1334 2262 1649 2314 substantiam
1686 2263 1929 2332 exprimit,
1971 2281 2071 2315 me-

168 2348 261 2399 rito
310 2349 368 2399 ab
423 2349 570 2416 geniti
621 2348 915 2410 substantia,
981 2348 1109 2398 velut
1162 2347 1425 2397 membrum
1476 2347 1725 2398 divisionis
1780 2349 2067 2417 oppositum,

169 2432 475 2483 discernitur.
554 2430 640 2483 Sin
672 2441 828 2482 autem
865 2432 980 2482 nihil
1008 2432 1202 2482 omnino
1233 2431 1513 2483 vocabulum
1549 2432 1661 2481 illud
1692 2432 1890 2499 ingeniti
1922 2433 2070 2501 signi-

168 2517 303 2579 ficat,
355 2517 501 2566 multo
546 2517 702 2566 minus
744 2516 892 2583 geniti
941 2534 1035 2566 vox
1077 2515 1249 2583 aliquid
1297 2515 1562 2584 exprimet3
1617 2534 1771 2584 neque
1818 2518 2068 2585 quicquam

166 2600 405 2669 supererit
435 2601 556 2667 quod
584 2601 632 2649 in
658 2600 893 2651 divisione
921 2601 1057 2650 alteri
1094 2601 1397 2668 respondeat.
1477 2600 1617 2668 Quod
1652 2601 1690 2651 si
1725 2602 1923 2668 ingeniti
1959 2619 2069 2670 pro-

164 2685 280 2735 latio
308 2684 410 2752 ipsa
441 2702 467 2734 a
495 2683 643 2752 geniti
671 2684 967 2751 prolatione,
1023 2684 1153 2734 velut
1195 2685 1455 2735 membrum
1492 2685 1743 2736 divisionis
1779 2687 2065 2753 oppositum,

167 2769 469 2831 secernitur,
522 2786 626 2818 cum
657 2767 916 2817 secundum
951 2767 1386 2835 pronuntiationem
1417 2778 1629 2833 tacetur,
1683 2767 2067 2821 Christianorum

165 2871 296 2922 spem
326 2853 466 2903 modo
498 2852 739 2914 existere,
795 2851 936 2901 modo
964 2852 1180 2917 extingui
1216 2869 1415 2903 necesse
1451 2862 1554 2916 est,
1607 2872 1727 2921 quae
1758 2863 1855 2903 tota
1886 2853 1933 2903 in
1961 2871 2069 2921 pro-

164 2937 465 2988 nuntiatione
499 2936 758 2998 consistat,
801 2953 894 2984 non
925 2935 971 2984 in
1007 2936 1217 2998 naturis,
1273 2955 1394 3003 quae
1424 2937 1489 2986 ita
1527 2955 1637 2988 sese
1672 2938 1876 2987 habeant
1903 2945 1954 2987 ut
1984 2955 2068 2988 vo-

166 3022 440 3073 cabulorum
480 3019 763 3089 significatio
802 3019 904 3086 ipsa
944 3036 1057 3086 prae
1095 3036 1147 3069 se
1189 3020 1313 3070 ferre
1353 3020 1560 3072 videtur.

307 3102 505 3157 Confut.
541 3102 686 3157 XVl.
766 3101 1019 3169 Quomodo
1071 3121 1192 3169 quae
1243 3113 1411 3154 contra
1461 3122 1514 3155 se
1567 3106 1744 3155 faciunt
1795 3105 2067 3155 testimonia

164 3190 350 3258 priores
379 3206 614 3257 usurpare
641 3189 798 3239 solent
824 3187 856 3236 ii
888 3187 964 3254 qui
998 3187 1238 3236 rudiorum
1273 3189 1445 3239 animis
1488 3199 1729 3256 stuporem
1768 3189 1967 3238 iniicere
1999 3188 2067 3238 di-

165 3275 415 3324 dicerunt?
486 3272 677 3323 Etenim
718 3272 922 3333 Aetius,
977 3270 1057 3337 qui
1094 3270 1140 3319 in
1171 3272 1273 3320 sola
1308 3274 1726 3339 pronuntiatione,
1784 3290 1876 3321 non
1914 3273 1960 3322 in
1995 3274 2066 3323 rei

165 3359 399 3420 veritate,
452 3375 583 3426 spem
629 3374 816 3407 omnem
858 3354 1143 3415 collocavit,
1202 3354 1326 3405 istud
1358 3356 1512 3422 ipsum
1545 3356 1679 3406 nobis
1708 3356 1919 3406 obiicere
1953 3357 2068 3407 nihil

165 3451 239 3492 est
270 3442 482 3505 veritus,
539 3459 645 3492 cum
673 3442 775 3509 ipse
808 3438 882 3489 dei
913 3439 1053 3488 filium
1087 3439 1320 3505 deumque
1348 3449 1530 3506 patrem
1561 3440 1663 3490 sola
1694 3457 1814 3489 voce
1849 3442 2065 3491 confiteri

165 3544 260 3576 non
291 3526 556 3576 erubuerit.
632 3523 758 3575 Nam
788 3524 909 3591 quod
954 3524 1010 3571 ad
1045 3540 1131 3571 nos
1174 3522 1373 3584 attinet,
1417 3524 1680 3573 naturalem
1711 3524 1926 3592 inprimis
1955 3542 2063 3576 esse

165 3619 346 3678 patrem
379 3610 672 3672 asserimus,
732 3617 777 3658 et
804 3606 1065 3658 naturalem
1098 3606 1238 3655 filium
1260 3645 1272 3668 ‚
1329 3615 1377 3655 et
1411 3607 1670 3657 naturalem
1705 3608 1922 3676 spiritum
1954 3627 2065 3662 san-

165 3751 292 3814 Goloy.
318 3755 432 3801 repet.
458 3752 589 3790 vitiose
616 3753 819 3790 exaratum
846 3750 981 3800 legitur
995 3744 1089 3791 ὑπο·
1202 3742 1238 3787 4.
1277 3748 1396 3800 Vulgo
1426 3744 1561 3801 μόνος.

163 3818 284 3860 φορᾷ·

2123 1855 2252 1890 Ioann.

2132 1900 2185 1943 15,
2204 1898 2257 1933 26.
