2508 4134
249 1223 363 1280 Κεφ.
395 1222 443 1268 ε’.

266 2794 350 2830 pag.
374 2784 449 2818 918.

251 3123 362 3178 Κεφ.
391 3121 444 3171 ς’.

471 265 570 316 198
1178 274 1386 316 SANCTI
1414 276 1707 317 EPIPHANH

466 378 650 433 στειλας
689 371 888 438 Ἰησοῦν
933 370 1163 439 Χριστόν.
1236 368 1547 440 Ἀκηκόαμεν
1586 371 1679 442 γὰρ
1718 374 1802 424 καί
1841 392 1986 424 τινων
2023 370 2289 441 λεγόντων,
2342 370 2410 436 ῶς

465 454 579 525 παρ’
610 453 762 509 αὐτοῦ
790 457 1008 525 ἐναργῶς
1031 454 1332 523 ἀκηκόασιν,
1372 457 1441 520 ῶς
1466 478 1592 520 τινες
1619 462 1983 527 κατηγοροῦντο
2016 458 2096 510 ἐπὶ
2125 456 2407 526 ἀτοπήματι

465 539 700 611 γυναικός
742 537 982 603 θάλόντες
1022 543 1104 594 καὶ
1147 541 1559 611 κατεγινώσκοντο
1602 540 1686 595 ὕπ’
1729 541 1909 594 αὐτῶν.
1970 538 2026 594 Ὁ
2065 542 2118 595 δὲ
2149 540 2266 596 οὐδὲ
2291 545 2409 612 ,περὶ

465 623 654 678 τούτων
684 631 902 693 χαλεπῶς
932 627 1131 696 ἔφερεν,
1187 625 1305 679 ἀλλά
1331 629 1417 680 καὶ
1444 625 1602 695 μάτην
1630 627 1871 696 ἐχλεύαζε,
1926 626 2133 692 φάσκων
2163 628 2315 695 μηδὲν
2343 625 2407 680 εἷ-

465 732 545 764 ναι
570 708 626 763 τὸ
651 716 892 764 τοιοῦτον.
967 711 1236 779 Σωματική
1268 712 1358 781 γάρ
1391 714 1518 765 ε’στιν
1543 710 1577 779 ’ἦ
1603 717 1736 782 χρεία
1762 714 1846 765 καὶ
1875 709 1908 779 ἡ
1937 710 2208 782 ὑπηρεσία,
2248 711 2408 783 ῶςπερ

463 794 582 867 γάρ,
635 797 785 862 φησὶ,
839 797 952 864 περὶ
986 796 1039 849 τὸ
1069 790 1158 858 οὖς
1195 797 1495 864 κνηθόμεθα
1537 800 1640 864 (καὶ
1678 796 1828 859 αὐτός
1866 798 1954 864 μὲν
1995 799 2411 868 αἰδοῦμαιλέγειν

465 879 651 951 ὅσαπερ
689 882 874 943 ἐκεῖνος
905 879 1187 951 ἀκάθαρτος
1217 881 1532 952 διηγήσατο),
1570 882 1802 953 λαβόντες
1835 883 1984 947 10δὲ,
2025 884 2174 950 φησὶ,
2214 881 2408 953 πτερόν,

464 963 500 1033 ἢ
523 963 731 1036 κάρφος,
769 964 823 1020 τό
846 960 936 1028 οῦς
956 969 1272 1035 κνηθόμεθα,
1310 968 1393 1019 καὶ
1422 966 1552 1020 οὕτω
1576 967 1847 1035 παυόμεθα
1875 974 1962 1035 τῆς
1993 969 2103 1038 περὶ
2125 966 2215 1035 τὴν
2244 965 2411 1035 ἀκοήν

463 1057 770 1120 κνησμονῆς,
810 1050 941 1105 οὕτω
971 1054 1055 1105 καὶ
1081 1059 1257 1116 τοῦτο,
1296 1054 1448 1119 φησὶ,
1487 1056 1745 1120 συμβαίνει
1774 1051 1898 1105 κατά
1924 1051 2103 1119 φύσιν,
2153 1054 2239 1105 καὶ
2274 1055 2412 1115 εἴτις

467 1125 805 1200 ἐπιτελέσειεν,
845 1136 935 1204 οὐχ
973 1135 1255 1207 ἁμαρτάνει.

618 1222 718 1275 Καὶ
752 1220 846 1275 ὅσα
867 1229 1071 1275 τοιαῦτα
1101 1221 1132 1275 ὅ
1160 1220 1285 1292 ἀνὴρ
1314 1220 1663 1291 διηγούμενος,
1714 1219 1913 1291 ὑδαρῶς
1947 1221 2008 1274 τοὶ
2034 1220 2194 1275 πάντα
2216 1224 2303 1276 καὶ
2326 1244 2412 1276 κα-

466 1311 594 1370 κῶς,
649 1308 904 1360 ἐδίδασκεν
917 1350 931 1372 ,
987 1311 1069 1361 ’ἵνα
1100 1310 1149 1370 ἐξ
1178 1308 1343 1360 αὐτῶν
1382 1313 1482 1359 τῶν
1519 1309 1675 1376 ἔργων
1713 1307 1861 1380 ὀφθῇ
1897 1310 1941 1359 τί
1970 1307 2057 1374 μὲν
2085 1300 2233 1369 οὗτός
2264 1309 2411 1374 ἐστιν,

465 1394 518 1445 οἱ
541 1393 595 1445 δὲ
619 1398 709 1446 τοῦ
736 1396 915 1461 κυρίου
940 1392 1081 1463 λόγοι
1119 1398 1292 1459 σαφῶς
1333 1390 1453 1460 ἡμῖν
1480 1390 1881 1462 καταυγάσωσιν,
1935 1389 2002 1454 ὥς
2037 1394 2190 1462 ἔλεγε,
2246 1397 2403 1461 Προς-

466 1478 591 1545 έχετε
619 1476 720 1530 ἀπὸ
748 1483 848 1529 τῶν
874 1482 1339 1549 ψευδοπροφητῶν,
1391 1480 1566 1540 οἵτινες
1602 1480 1823 1547 ἔρχονται
1864 1476 1991 1547 πρὸς
2029 1476 2160 1545 ὖμᾶς
2184 1479 2237 1531 έν
2269 1477 2410 1532 ἔνδῦι·

467 1580 583 1630 μασι
611 1563 905 1632 προβάτων,
957 1566 1147 1617 ἔσωθεν
1175 1565 1230 1617 δέ
1256 1566 1348 1617 εἰσι
1371 1563 1514 1616 λῦκοι
1541 1562 1782 1634 ἅρπαγες·
1836 1562 1937 1616 ἀπό
1967 1570 2065 1617 τῶν
2090 1569 2298 1634 καρπῶν
2324 1561 2411 1617 αὖ·

465 1654 563 1701 τῶν
589 1646 922 1718 ἐπιγνώσεσθε
953 1648 1152 1712 αὐτούς·
1209 1648 1277 1717 μή
1308 1671 1355 1702 τι
1382 1650 1696 1719 συλλέγουσιν
1726 1649 1826 1703 ἀπὸ
1867 1649 2109 1703 ἀκανθῶν
2136 1648 2412 1714 σταφυλάς,

467 1731 503 1801 ἢ
533 1732 635 1787 ἀπὸ
660 1732 903 1803 τριβόλων
931 1741 1086 1799 σῦκα,
1144 1733 1287 1787 Οῦτω
1322 1735 1419 1787 καὶ
1440 1732 1474 1802 ἦ
1500 1733 1678 1787 τούτου
1715 1733 1841 1787 κατά
1868 1734 2029 1788 πάντα
2059 1741 2149 1803 τῆς
2179 1730 2415 1801 άνοησίας

465 1817 618 1886 τόλμα
656 1821 889 1873 ἐντεῦθεν
930 1822 1015 1872 καὶ
1059 1821 1253 1874 ἐκεῖθεν
1294 1821 1604 1890 διελέγχεται,
1659 1817 1725 1882 ὥς
1770 1821 1857 1888 μὲν
1890 1818 2016 1873 κατά
2048 1826 2136 1874 τοῦ
2170 1822 2413 1877 δεσπότου

467 1903 626 1957 αὐτοῦ
671 1903 883 1958 ἀνέτεινε
911 1903 965 1959 τό
997 1904 1154 1973 στόμα
1189 1904 1606 1977 ἀθυρογλωττῶν,
1658 1908 1726 1967 εἰς
1763 1904 1850 1958 τὸν
1875 1908 2052 1959 ἑαυτοῦ
2090 1907 2266 1977 κύριον
2297 1911 2412 1976 βλα·

467 1998 678 2058 σφημεῖν
719 1989 785 2058 μή
821 1989 1199 2059 αἰσχυνόμενος,
1252 1994 1333 2044 ἵνα
1366 1993 1452 2044 καὶ
1490 1993 1544 2044 ἐκ
1570 1996 1669 2044 τῶν
1696 1997 1905 2060 καρπῶν
1936 1998 2025 2061 τῆς
2051 1991 2208 2046 αὐτοῦ
2239 1994 2414 2048 ἀκολα-

467 2079 574 2137 σίας
596 2077 680 2128 καὶ
717 2074 1021 2146 ὖδαρότητος
1050 2079 1102 2129 οἷ
1128 2078 1318 2130 συνετοὶ
1348 2075 1703 2144 δοκιμάσαντες
1738 2074 1807 2143 μὴ
1845 2078 2128 2146 δρέψωνται
2152 2084 2252 2131 τῶν
2290 2086 2303 2115 ¹
2327 2076 2416 2137 αὖ·

467 2168 557 2215 τοῦ
583 2167 805 2233 καρπῶν.
887 2162 963 2215 Οὐ
997 2160 1090 2232 γάρ
1120 2161 1325 2215 δύναται
1358 2164 1407 2226 ἐξ
1436 2162 1677 2215 ἀκανθῶν
1714 2161 1936 2230 σταφυλὴ
1981 2169 2284 2233 τρυγᾶσθαι,
2336 2167 2418 2218 ’ἵνα

466 2250 551 2300 καὶ
586 2247 687 2300 ἀπό
729 2253 818 2316 τῆς
853 2252 1303 2310 κακοδιδασκαλίας
1340 2245 1374 2315 ἦ
1404 2246 1642 2315 σεμνότης
1684 2246 1885 2316 ὀφθείη.
1950 2247 2098 2301 Ἀλλά
2138 2254 2294 2302 ταῦτα
2329 2250 2417 2316 μὲν

467 2335 582 2403 περὶ
612 2331 697 2386 τόν
720 2332 878 2403 ἄνδρα
904 2332 1139 2404 γεγονότα
1163 2332 1474 2400 ἀκηκόαμεν,
1515 2335 1599 2386 καὶ
1624 2331 1987 2403 συμβεβηκότα.
2064 2339 2090 2369 ²
2108 2332 2208 2387 Διά
2239 2335 2291 2387 δὲ
2316 2341 2417 2388 τῶν

468 2417 630 2489 λόγων
661 2418 821 2471 αὐτοῦ
849 2418 1112 2472 ἀκόλουθα
1145 2421 1213 2479 εἰς
1242 2421 1421 2486 μανίαν
1459 2417 1647 2486 ἅρσεως
1678 2417 1803 2471 κατά
1831 2425 1919 2472 τοῦ
1952 2422 2127 2488 κυρίου
2161 2424 2416 2488 τολμηθεί-

470 2522 586 2570 σης,
647 2501 715 2565 ῶς
747 2505 906 2571 ἔφην,
960 2501 1115 2556 πολλοὶ
1155 2505 1243 2571 μέν
1274 2505 1434 2570 ἐστιν,
1491 2502 1628 2574 ὀλίγα
1656 2506 1708 2557 δὲ
1739 2503 1838 2558 ἀπὸ
1866 2510 1961 2557 τῶν
1994 2506 2235 2558 πλειόνων
2261 2527 2418 2575 παρα-

467 2588 703 2657 θήσομαι.
782 2588 924 2660 Πρὸς
958 2587 1082 2641 αὐτά
1113 2590 1164 2642 δὲ
1196 2588 1228 2642 ἃ
1254 2587 1284 2642 ὁ
1317 2589 1491 2659 κύριος
1528 2593 1701 2643 δίδωσι
1728 2588 1856 2661 πρὸς
1892 2589 2177 2660 ἀνατροπὴν
2212 2593 2298 2644 καὶ
2328 2591 2417 2644 αὖ·

466 2677 545 2728 τοὶ
575 2677 788 2742 λέξομεν.
867 2677 967 2727 Καὶ
998 2677 1126 2728 ἔστιν
1154 2673 1187 2742 ἦ
1216 2673 1395 2728 τούτου
1425 2682 1515 2728 τοῦ
1540 2673 1800 2743 Ἀνομοίου
1828 2681 1917 2743 τῆς
1942 2679 2148 2738 πίστεως
2177 2678 2432 2745 ἕρεσχελία·

473 2762 558 2814 καὶ
586 2767 685 2814 τῶν
711 2760 871 2830 λόγων
901 2758 1196 2827 ἀπεικασμοὶ
1229 2753 1396 2825 οὗτοι,
1450 2763 1504 2814 ἐκ
1538 2767 1744 2831 γραφῶν
1772 2762 1860 2829 μὲν
1891 2760 2162 2831 λεγόμενοι,
2212 2761 2304 2830 οὐχ
2331 2760 2415 2814 οῦ-

466 2868 564 2908 τως
602 2847 655 2899 δὲ
684 2843 924 2899 κατάτὸν
949 2852 1070 2898 νοῦν
1101 2848 1314 2914 ἔχοντες,
1368 2845 1489 2900 ἀλλά
1519 2845 1674 2909 άλλως
1703 2846 1793 2914 τὴν
1817 2846 2029 2915 δύναμιν
2065 2848 2281 2915 ἔχοντες,
2332 2844 2415 2900 ἀπ’

468 2931 625 2986 αὐτοῦ
663 2933 717 2985 δὲ
753 2931 913 2994 οὕτως
947 2931 1322 2999 λαμβανόμενοι.

621 3101 810 3158 Φάσκει
839 3103 892 3155 δὲ
919 3100 1075 3164 εὖθύς
1105 3105 1157 3156 έν
1194 3101 1318 3177 ἀρχῇ
1359 3102 1459 3169 ὅτι,
1517 3101 1591 3155 Οὕ
1620 3102 1824 3155 δύναται
1854 3100 1907 3155 τό
1938 3101 2204 3171 ἀγέννητον
2243 3100 2417 3169 ’ὅμοιον

467 3186 592 3242 εἶναι
621 3195 690 3261 τῶ
720 3193 960 3260 γεννητῷ”
1000 3189 1082 3240 καὶ
1112 3186 1206 3258 γάρ
1239 3187 1363 3241 κατά
1390 3188 1444 3242 τό
1470 3187 1627 3256 ὄνομα
1655 3186 1940 3240 διαλλάττει·
1979 3184 2034 3240 τὸ
2058 3187 2145 3253 μὲν
2167 3186 2258 3255 γάρ
2288 3189 2416 3241 ἐστιν

469 3275 758 3344 ἀγέννητον,
792 3272 848 3326 τό
882 3275 935 3326 δὲ
966 3273 1211 3342 γεννητόν.
1297 3273 1361 3326 Τό
1393 3275 1444 3326 δὲ
1472 3279 1573 3326 πᾶν
1602 3276 1732 3326 ἐστιν
1762 3273 1986 3340 ἠλίθιον,
2026 3273 2109 3324 καὶ
2139 3274 2207 3333 εἰς
2236 3276 2416 3339 μανίαν

467 3362 656 3429 τρέψαν
696 3357 786 3412 τόν
820 3356 993 3428 ἄνδρα.
1070 3362 1139 3410 Εἰ
1165 3357 1256 3428 γάρ
1296 3359 1562 3427 ζητήσομεν
1595 3365 1661 3431 τῷ
1695 3356 1944 3429 ἀγεννήτῳ
1985 3356 2282 3427 γεννήτορά,
2332 3361 2416 3411 ἵνα

469 3443 536 3512 μὴ
566 3444 657 3513 τήν
694 3447 806 3514 περὶ
852 3450 1072 3512 Χριστοῦ
1113 3446 1262 3508 δόξαν
1295 3443 1459 3512 ἀληθῆ
1501 3444 1841 3510 ἀπολέσωμεν,
1893 3439 2211 3510 εὑρεθήσεται
2249 3440 2415 3496 οὐκέτι

471 3528 540 3591 εἷς
570 3528 599 3583 ὅ
621 3528 808 3601 πατὴρ,
860 3530 978 3583 οὐδὲ
1018 3528 1180 3600 πατὴρ
1228 3528 1441 3599 πατρός,
1495 3528 1612 3583 ἀλλά
1650 3527 1846 3598 ἄπειροι
1876 3530 1929 3580 οἱ
1956 3528 2162 3597 πατέρες
2190 3530 2415 3598 πατέρων

526 3700 564 3743 9.
595 3698 769 3751 ἁλόντες
803 3706 944 3753 scripsi
973 3715 1022 3743 ex
1049 3706 1269 3745 coniectura
1297 3707 1414 3745 Peta-
1531 3701 1626 3741 CAP.
1658 3701 1708 3740 V.
1739 3723 1794 3730 —-
1827 3702 1862 3741 1.
1893 3696 2021 3743 αὐτοῦ
2050 3703 2200 3742 restitui
2225 3713 2274 3740 ex
2300 3702 2410 3741 codd.

471 3762 528 3800 vii
553 3771 623 3809 pro
655 3752 827 3806 ἅδοντες
855 3762 959 3809 quod
989 3762 1105 3811 vulyo
1135 3765 1251 3801 extat.
1473 3771 1563 3799 mss.
1595 3762 1762 3807 uterque.
1825 3759 1946 3809 Vulyo
1976 3760 2116 3809 leyilur
2146 3754 2295 3799 αὐτῶν.
2372 3791 2375 3793 .

531 3816 594 3856 10.
625 3802 705 3870 γὰρ
739 3818 824 3855 cod.
856 3818 1015 3867 Rhediy.
1526 3815 1565 3855 2.
1597 3816 1813 3855 Carnarius
1847 3817 1960 3855 vertit
2001 3819 2055 3854 At
2079 3828 2153 3869 per
2179 3813 2412 3855 doctrinam
