2508 4134
535 297 762 339 PANARH
791 298 893 338 Lm.
924 297 997 338 111.
1026 298 1160 339 ToM.
1186 300 1216 340 1.
1245 299 1410 340 HAER.
1436 299 1635 339 Lxxni.
1970 286 2035 336 83

134 404 239 459 est,
301 397 390 447 Ubi
408 399 628 461 sapiens?
705 397 794 445 Ubi
812 395 1007 444 scriba?
1083 397 1173 443 Ubi
1197 401 1481 462 conquisitor
1519 398 1701 446 saeculi
1732 398 1868 445 liuius
1882 396 1924 459 ?)
1962 410 2038 443 re·
2080 402 2247 439 1bid.2⁰-

134 481 402 548 darguenS,
444 479 619 530 nullam
652 478 1043 547 hicsapientiam
1076 480 1316 530 sermonis
1346 482 1704 544 accommodat3
1761 496 1820 530 ne
1855 477 2039 546 argutis

32 580 52 594 *¹
130 563 249 614 iisce
281 563 516 614 rationum
561 563 853 613 coniecturis
881 560 1137 629 religiosus
1177 562 1236 611 de
1269 571 1403 629 patre
1448 564 1641 631 filioque
1671 580 1844 615 sensus
1884 562 2039 613 inanis

132 647 244 710 fiat,
304 647 416 715 quin
456 656 505 698 ut
548 646 608 697 ab
649 654 852 714 utroque
895 646 1168 714 passionem
1210 645 1473 696 excludens
1514 665 1733 711 omnem,
1789 655 1971 716 patrem
2012 663 2039 696 a

132 731 295 799 seipso
322 731 440 781 citra
469 730 748 799 profluvium
780 738 863 780 aut
889 728 1195 780 allectionem
1236 729 1440 796 aliquam
1474 730 1622 780 l'ilium
1665 732 1891 799 genuisse
1923 731 2040 781 l'ide-

131 815 255 866 libus
293 815 533 878 declaret,
590 823 772 865 etcum
809 813 995 881 quidem
1042 814 1189 864 filium
1229 813 1306 880 qui
1347 813 1467 881 patri
1506 813 1674 864 similis
1707 823 1755 864 et
1784 815 1841 865 ab
1872 816 2039 866 eodem

132 899 393 950 secundum
427 898 743 950 substantiam
770 898 990 965 genitus,
1033 899 1276 966 perfectus
1301 913 1326 947 e
1353 898 1592 965 perfecto,
1635 899 1900 966 unicusque
1928 900 2039 951 sub-

132 983 300 1046 sistat,
340 991 487 1050 utque
518 981 607 1032 boc
637 981 918 1051 mysterium
953 981 1058 1032 sine
1086 980 1469 1031 ratiocinationis
1502 981 1791 1032 adminiculo
1825 984 1929 1034 sola
1960 1002 2040 1034 co-

132 1067 315 1135 gnitum
360 1066 763 1135 contemplatione
809 1066 1071 1134 praedicet.
1161 1063 1253 1116 Est
1298 1065 1422 1119 enim
1469 1066 1722 1116 admodum
1768 1067 2037 1132 ridiculum,

133 1169 239 1202 eum
270 1151 348 1218 qui
381 1168 408 1200 a
436 1150 641 1219 sapienti
681 1151 771 1201 deo
797 1150 1080 1218 sapientiam
1111 1150 1243 1200 audit
1266 1149 1510 1213 existere,
1569 1167 1655 1219 pro
1685 1167 1742 1200 eo
1771 1167 1827 1200 ac
1855 1152 2043 1218 sapien-

132 1243 208 1285 ter
237 1251 346 1286 sese
375 1234 511 1285 novit
539 1234 733 1302 genitae
761 1252 788 1284 a
816 1251 869 1284 se
897 1233 1160 1302 sapientiae
1186 1243 1367 1302 patrem
1398 1250 1536 1298 esse,
1579 1234 1717 1284 ullam
1746 1233 1824 1285 isti
1855 1237 2045 1302 sapien—

133 1318 226 1369 tiae
255 1319 527 1386 passionem
558 1319 863 1382 adscribere,
917 1336 1009 1386 quo
1038 1318 1096 1368 ab
1126 1318 1206 1368 illo
1239 1318 1501 1368 secundum
1533 1318 1794 1368 essentiam
1836 1318 2044 1387 sapienti

133 1403 303 1454 similis
333 1401 566 1471 sapientia
594 1403 845 1454 subsistat.
921 1401 1049 1453 Nam
1078 1411 1127 1452 ut
1156 1401 1349 1470 sapiens
1382 1404 1498 1453 deus
1527 1420 1622 1452 non
1659 1403 1920 1471 sapientia,
1962 1420 2044 1454 ve-

132 1487 202 1537 lut
226 1487 481 1538 all'ectione
518 1488 706 1555 aliqua,
747 1487 1023 1555 praeditus,
1063 1494 1144 1537 aut
1173 1485 1522 1554 compositione
1554 1486 1646 1537 ulla
1676 1487 1870 1556 sapiens
1900 1504 1925 1536 a
1959 1505 2045 1538 no-

134 1571 207 1622 bis
241 1571 552 1639 intelligitur,
605 1572 690 1622 sed
724 1571 1078 1639 simplicissima
1115 1569 1305 1621 ratione
1336 1580 1383 1621 et
1411 1571 1624 1622 essentia
1654 1589 1742 1622 sna
1775 1572 1881 1623 sine
1916 1589 2046 1623 com-

135 1656 373 1724 positione
403 1656 597 1724 sapiens
644 1663 746 1718 est,
800 1654 868 1706 ita
900 1672 1055 1723 neque
1100 1656 1365 1723 sapientia,
1421 1655 1499 1723 qni
1540 1655 1667 1707 l'ilius
1698 1673 1808 1708 esse
1852 1655 2042 1720 dicitur,

134 1740 326 1791 affectio
354 1740 562 1809 putanda
593 1748 697 1802 est,
753 1740 836 1790 sed
869 1740 1103 1808 sapientia
1147 1739 1352 1808 ipsamet
1394 1740 1662 1791 substantia
1698 1749 1800 1804 est,
1854 1741 1911 1790 ab
1942 1741 2046 1791 eius

134 1824 211 1892 qui
241 1824 436 1893 sapiens
465 1832 540 1874 est
560 1824 826 1875 substantia
854 1825 1104 1892 producta.
1182 1821 1321 1890 Quae
1349 1825 1534 1892 quidem
1565 1825 1800 1893 sapientia
1822 1825 2046 1876 substan-

133 1909 201 1959 tia
233 1909 336 1977 ipsa
361 1917 454 1971 est,
497 1909 587 1959 boc
616 1917 691 1959 est
715 1908 988 1959 subsistens
1017 1908 1163 1971 filius,
1206 1909 1468 1976 eademque
1494 1909 1726 1978 sapientis
1754 1907 1904 1977 patris
1933 1909 2046 1959 sub-

135 1994 314 2044 stantia
353 1992 549 2057 similis,
591 2011 619 2043 a
658 2010 751 2061 qno
789 1992 1024 2061 sapientia
1065 1992 1193 2043 filius
1232 1992 1418 2043 existit.

276 2075 603 2145 Quamobrem
634 2077 880 2146 apostolus
908 2075 1116 2141 PauluS,
1176 2077 1283 2144 qui,
1342 2085 1390 2127 ut
1421 2085 1525 2127 erat
1556 2075 1826 2128 Hebraicae
1854 2078 2044 2145 linguae
2077 2093 2174 2147 Cap.
2208 2094 2295 2135 vu.

137 2162 486 2231 peritissimuS‚
542 2179 646 2213 cnm
680 2179 746 2213 ex
785 2162 953 2212 eodem
991 2161 1189 2230 spiritu,
1245 2161 1328 2229 qui
1361 2161 1408 2211 in
1442 2171 1608 2213 vetere
1647 2179 1703 2212 ac
1734 2180 1861 2213 novo
1901 2171 2048 2213 testa-

135 2255 298 2297 mento
342 2247 531 2298 locutus
572 2255 677 2308 est,
733 2247 898 2296 eadem
944 2245 1135 2296 haurire
1180 2262 1325 2296 sensa
1368 2247 1738 2309 consuevisset,
1799 2246 1982 2297 duobus
2021 2264 2048 2297 e

136 2331 358 2399 psalmiS,
412 2331 470 2382 ab
502 2348 560 2382 eo
599 2330 824 2382 videlicet
860 2332 907 2380 in
939 2348 1031 2398 quo
1071 2330 1287 2394 canitur,
1345 2334 1524 2379 Iudicia
1551 2341 1629 2380 tua
1655 2333 1851 2396 abyssus
1877 2334 2039 2391 multa,
2081 2351 2216 2385 p3a1m.

136 2424 185 2465 et
214 2415 272 2465 ab
294 2414 416 2478 alio,
456 2416 504 2465 in
533 2433 626 2483 qno
660 2415 1021 2483 scriptumest,
1064 2418 1264 2464 Semitae
1294 2424 1399 2463 tuae
1424 2419 1471 2464 in
1502 2420 1635 2480 aquis
1669 2419 1849 2475 mullis,
1891 2426 1938 2465 et
1963 2434 2037 2464 ve·
2069 2395 2208 2470 3351313,

135 2503 278 2564 stigza
304 2509 383 2548 tua
409 2509 763 2564 cognoscentur,
806 2499 931 2550 illam
960 2500 1017 2549 de
1044 2499 1119 2550 dei
1149 2498 1337 2550 iudiciis
1367 2500 1654 2550 sententiam
1685 2500 1924 2568 paululum
1954 2499 2043 2550 im-
2064 2479 2120 2523 ⁷⁰²
2142 2479 2194 2513 20'

136 2584 331 2634 mutatis
373 2583 652 2651 quibusdam
694 2583 954 2637 transtulit.
1029 2581 1159 2634 Nam
1186 2602 1272 2652 pro
1300 2583 1360 2634 iis
1387 2584 1549 2636 verbis
1568 2623 1580 2647 ,
1630 2586 1846 2648 Abyssus
1872 2588 2034 2645 multa,
2054 2604 2294 2649 Rom,11‚33,

137 2668 358 2736 scripsit:
414 2671 451 2716 0
476 2670 673 2717 altitudo
713 2671 1009 2717 divitiarum!
1063 2685 1148 2736 pro
1179 2668 1250 2720 his
1276 2686 1422 2728 veru,
1480 2672 1680 2718 Semilae
1706 2678 1811 2718 tuae
1840 2674 1886 2719 in
1912 2674 2046 2735 aquis

137 2755 327 2815 mullis,
381 2761 428 2801 el
456 2756 651 2817 vestigia
682 2762 761 2801 tua
793 2771 882 2802 non
919 2763 1284 2817 cognoscentur,
1343 2753 1617 2815 substituit,
1668 2756 2037 2819 Investigabiles,

139 2855 225 2906 pro
254 2837 353 2900 his,
394 2840 574 2886 Iudicia
604 2847 683 2886 tua
708 2839 903 2901 abyssus
933 2839 1102 2897 multa,
1162 2837 1307 2901 baec,
1362 2839 1694 2887 Insa-rutabilia
1726 2842 1896 2887 iudicia
1924 2842 2039 2887 eius.

138 2921 215 2972 Ad
258 2921 460 2972 eundem
500 2922 690 2972 moduni
726 2939 831 2971 cum
863 2921 919 2971 ab
947 2921 1049 2988 ipsa
1085 2921 1320 2989 sapientia
1367 2930 1578 2972 mutuam
1612 2922 1763 2990 ipsius
1804 2939 1861 2972 ac
1896 2921 2045 2990 patris

139 3023 244 3056 cum
292 3005 470 3056 infimis
516 3005 646 3056 hisce
686 3004 1093 3074 comparationem
1131 3005 1550 3074 habitudinemque
1591 3014 1880 3073 cognosset,
1938 3023 2048 3074 pro-

139 3091 288 3159 priam
318 3090 464 3159 patris
493 3107 546 3140 ac
572 3089 655 3140 l'ilii
675 3128 688 3152 ,
739 3098 788 3139 et
816 3106 1132 3156 eorumquae
1158 3106 1243 3158 per
1274 3090 1421 3141 filium
1450 3107 1475 3139 a
1508 3099 1644 3158 patre
1677 3090 1908 3158 producta
1939 3098 2052 3139 sunt

141 3173 385 3224 notionem
429 3174 529 3224 suis
571 3174 618 3224 in
656 3174 848 3242 scriptis
891 3173 1154 3241 expressit.
1231 3172 1356 3224 Nam
1396 3191 1500 3224 cum
1532 3171 1780 3241 Sapientia
1821 3173 2045 3235 dixisset,

139 3261 244 3323 Ego
268 3261 494 3324 sapientia
525 3261 681 3308 habito
707 3262 754 3307 iu
778 3261 970 3307 consilio
987 3295 1000 3317 ,
1043 3265 1167 3321 etc.,
1210 3266 1306 3307 tum
1336 3258 1393 3308 ad
1425 3274 1530 3308 eam
1559 3256 1942 3325 procreationem
1966 3257 2048 3307 ad·
2068 3272 2227 3318 Prov.e,
2251 3272 2299 3306 12.

141 3342 637 3411 ministrationemque
689 3359 809 3410 quae
854 3341 1209 3392 interveniente
1263 3342 1412 3392 verbo
1467 3341 1522 3391 fit
1559 3341 1884 3403 descendenS,
1940 3358 2044 3391 cum

139 3425 207 3477 ita
237 3426 597 3491 subiunxisset,
647 3431 737 3476 Per
763 3445 832 3476 me
863 3443 1025 3490 regeS,
1070 3433 1196 3488 eto.,
1252 3426 1363 3475 item
1396 3424 1539 3486 illud,
1591 3428 1652 3474 Si
1667 3429 1938 3474 nuntiavero
1975 3443 2051 3473 vo·-

143 3512 211 3559 bis
240 3528 356 3576 quae
379 3530 466 3576 per
497 3530 565 3560 me
578 3514 742 3576 fiunt,
799 3510 1153 3560 commemorabo
1193 3527 1309 3574 quae
1345 3527 1374 3557 a
1412 3511 1602 3557 saeculo
1632 3518 1742 3558 sunt
1772 3527 2050 3574 percensen-

142 3598 227 3655 da,
286 3593 458 3646 deinde
473 3635 487 3660 ,
544 3600 767 3646 Dominus
811 3598 989 3646 creavit
1023 3612 1092 3643 me
1140 3596 1318 3641 initium
1361 3596 1538 3641 viarum
1586 3610 1776 3641 suarum
1826 3597 1872 3642 in
1911 3610 2049 3658 opera

204 3735 263 3775 10.
308 3728 430 3777 οὗσία
458 3735 666 3789 (Ceruario
692 3735 913 3789 praeeunte)
945 3736 1067 3776 Peta-
1181 3731 1276 3771 Car.
1302 3733 1388 3772 Vll.
1413 3755 1466 3762 -—
1501 3732 1533 3773 l.
1562 3732 1632 3775 τοῦ
1660 3731 1815 3786 πατρὸς
1841 3734 1923 3773 cod.
1953 3733 2052 3772 Rhe-

143 3793 239 3831 vius.
299 3794 371 3832 Nec
398 3793 583 3842 improbo.
1130 3790 1208 3839 dig.

1610 3859 1690 3912 6*
