2508 4134
838 309 1368 350 ANACEPHALAEOSIS.
1945 296 2044 347 555

153 405 364 458 Herodis
396 395 639 476 Agrippae
685 408 818 457 Iesus
861 403 1085 457 Christus
1131 408 1432 475 promulgare
1472 405 1681 458 divinum
1726 405 1922 457 verbum
1964 422 2049 472 ag-

152 508 352 559 gressus
384 499 485 553 est,
537 508 593 541 ac
623 508 726 541 cum
763 490 956 541 Ioannis
1002 490 1237 558 baptismo
1278 491 1522 555 initiatur,
1578 500 1673 541 tum
1703 508 1878 542 annum
1914 489 2046 540 illum

152 584 399 643 acceptum
426 574 474 624 in
503 590 556 624 ea
599 574 843 643 praeconii
878 574 1123 624 functione
1161 576 1427 637 consumit,
1481 575 1609 625 nullo
1650 592 1804 642 neque
1848 574 2049 624 ludaeo-

151 676 286 722 rum,
329 675 483 725 neque
512 658 788 725 gentilium,
830 675 983 725 neque
1014 655 1458 720 Samaritanorum,
1500 676 1652 726 neque
1679 658 1877 708 alterius
1901 673 2049 724 geue-

152 743 220 794 ris
264 751 581 810 repugnante.
675 739 901 793 Secundo
942 741 1186 809 praeconii
1227 742 1452 791 eoelestis
1499 760 1623 791 aimo
1676 741 2046 810 quamplurimos

155 827 506 876 obtrectatores
554 826 743 888 hahuit,
803 824 880 893 qui
926 825 1112 892 quidem
1158 824 1368 875 Herodis
1407 826 1619 876 ciusdem
1658 828 1811 887 XlX.,
1865 822 2049 875 Christi

151 911 347 960 XXXII.
377 910 558 960 extitit.
632 908 835 960 Demum
863 911 970 959 XX.
1003 909 1273 959 tetrarchae
1307 908 1515 959 Herodis
1551 926 1677 959 anno
1706 906 1928 960 Christus
1966 909 2049 958 do-

153 995 309 1044 minus
341 994 400 1043 ob
432 993 622 1043 humani
650 993 843 1060 generis
878 993 1078 1044 salutem
1114 1010 1311 1061 passuS,
1365 1002 1506 1060 atque
1535 994 1700 1043 eodem
1738 1002 1948 1062 tempore
1979 992 2051 1043 ni-

154 1078 217 1128 hil
247 1095 419 1145 passus
447 1086 548 1140 est,
603 1086 701 1128 tum
729 1095 833 1128 cum
864 1086 1064 1128 mortem
1094 1078 1354 1144 degustans
1384 1077 1537 1144 ipsum
1573 1078 1713 1127 etiam
1746 1078 1902 1128 crucis
1937 1095 2047 1143 sup-

152 1162 343 1231 plicium
374 1160 546 1221 subiit,
605 1179 708 1211 cum
750 1161 938 1211 interim
973 1160 1087 1211 nihil
1117 1162 1217 1229 ipsa
1249 1162 1495 1211 divinitate
1526 1170 1787 1229 pateretur.
1867 1164 2049 1211 Christo
2064 1163 2199 1200 1.Petr.
2220 1162 2299 1207 Μ·

152 1251 296 1307 enim,
348 1247 415 1296 ait
442 1245 678 1313 scriptura
696 1285 710 1309 ,
757 1264 848 1311 pro
878 1247 1008 1295 nobis
1038 1251 1086 1295 in
1116 1263 1257 1295 carne
1283 1263 1422 1310 passo
1440 1267 1454 1294 .·
1511 1263 1796 1313 rursumque
1815 1285 1828 1308 ,
1881 1249 2049 1295 Mor-ti·
2066 1246 2300 1293 1.Pet.3‚18.

148 1333 320 1394 ficatus
348 1348 506 1389 carne,
547 1331 808 1394 vz'vfficatus
833 1340 983 1379 autem
1005 1333 1200 1394 spei-itu,
1243 1339 1290 1379 et
1319 1347 1440 1397 quac
1465 1340 1748 1397 sequuntur.
1826 1332 1876 1379 Iu
1907 1346 2050 1379 cruce

152 1416 487 1483 suspenditur,
544 1415 802 1484 sepelitur,
858 1416 915 1464 ad
943 1415 1124 1464 inferos
1156 1432 1262 1464 cum
1293 1414 1542 1464 divinitate
1574 1431 1659 1464 sua
1689 1414 1940 1480 animaque
1970 1413 2051 1463 de-

153 1499 367 1562 scendit,
421 1499 656 1568 captivam
688 1499 816 1548 ducit
847 1498 1171 1566 captivitatem
1193 1537 1206 1561 ,
1259 1515 1314 1548 ac
1344 1499 1487 1548 tertio
1514 1498 1588 1549 die
1616 1516 1719 1549 cum
1751 1497 2052 1548 sanctissimo

154 1600 242 1633 suo
271 1601 472 1651 corpore
502 1585 560 1634 ad
590 1584 733 1634 vitam
763 1583 1023 1633 excitatur.
1100 1580 1240 1648 Quod
1271 1583 1459 1650 quidem
1499 1600 1671 1651 corpus
1701 1600 1855 1651 neque
1882 1583 2053 1632 dissol-

153 1668 357 1718 vendum
399 1668 627 1736 amplius,
682 1684 771 1717 ncc
801 1684 1078 1735 passurum,
1138 1684 1226 1717 nec
1255 1667 1341 1718 sub
1374 1667 1540 1718 mortis
1568 1667 1857 1718 dominatum
1888 1675 2053 1735 postea

155 1768 403 1801 cessurum
433 1770 537 1802 cum
570 1769 655 1802 sua
688 1751 934 1802 divinitate
969 1750 1238 1801 coniunxit.
1317 1752 1361 1800 ld
1397 1753 1520 1819 quod
1551 1752 1752 1820 apostoli
1780 1750 2054 1802 testimonio

156 1835 520 1903 comprobatur:
573 1839 736 1895 Mors,
795 1836 977 1902 inquit,
1017 1855 1107 1885 non
1138 1839 1334 1900 amplius
1360 1840 1406 1885 εἰ
1426 1839 1750 1885 dominabitur.
1829 1835 1934 1885 Hoc
1963 1835 2051 1901 igi·
2074 1839 2181 1875 Rom.
2200 1840 2234 1883 ὃ,
2249 1839 2283 1874 9·

155 1928 232 1970 tur
259 1921 409 1988 ipsum
439 1937 645 1988 corpus,
701 1937 893 1969 carnem
931 1920 1078 1986 ipsam
1115 1929 1162 1969 et
1186 1920 1420 1982 animam,
1475 1921 1576 1988 ipsa
1607 1921 1776 1987 quibus
1803 1920 2053 1970 constabat

155 2004 341 2065 omnia,
401 2022 496 2054 non
526 2004 649 2054 aliud
692 2003 942 2071 quicquam
987 2013 1181 2071 praeter
1219 2022 1384 2055 verum
1428 2022 1632 2072 corpus,
1687 2006 1770 2054 sed
1800 2003 2056 2072 ipsummet

152 2087 265 2137 illud
291 2087 337 2138 vi
365 2087 564 2138 coelesti
604 2088 840 2155 perfudit,
895 2097 942 2137 et
974 2088 1022 2137 iu
1051 2105 1193 2137 unum
1224 2088 1475 2155 idemque,
1530 2089 1577 2138 iu
1611 2106 1780 2151 unam,
1836 2089 2050 2156 inquam,

154 2171 452 2221 divinitatem
487 2171 810 2234 consociavit,
867 2180 915 2221 ut
948 2180 996 2222 et
1026 2189 1171 2221 carne
1201 2181 1427 2222 constans
1459 2182 1507 2223 et
1534 2172 1894 2242 incorruptum,
1947 2190 2054 2223 cor-

155 2272 352 2323 poreum
380 2256 522 2306 simul
555 2273 610 2306 ac
642 2256 888 2324 spiritale,
930 2265 1208 2306 concretum
1242 2274 1297 2306 ac
1326 2265 1501 2321 tenue,
1542 2258 1745 2307 mortale
1777 2256 1959 2326 pariter
1984 2265 2055 2306 at-

155 2356 247 2408 que
276 2340 544 2390 immortale
582 2340 695 2390 illud
732 2349 892 2403 esset,
948 2341 1071 2406 quod
1104 2341 1231 2390 nulla
1262 2341 1457 2391 omnino
1498 2342 1606 2393 tabe
1636 2342 1917 2393 dissolutum
1954 2342 2056 2391 fue-

156 2433 258 2487 rat,
299 2440 455 2491 neque
483 2424 587 2473 eius
612 2424 770 2475 anima
802 2426 921 2492 apud
953 2426 1135 2475 inferos
1164 2425 1328 2475 relicta
1348 2465 1361 2488 ‚
1419 2443 1508 2476 nec
1539 2427 1688 2494 ipsum
1721 2428 1851 2476 velut
1878 2426 2056 2476 instru-

155 2516 366 2557 mentum
412 2507 645 2574 quoddam
690 2509 847 2576 aliqua
878 2526 943 2559 ex
979 2517 1113 2578 parte
1158 2511 1339 2577 peccati
1376 2510 1422 2560 in
1454 2511 1734 2577 obsequium
1765 2509 2052 2579 impensum,

155 2608 311 2659 neque
354 2609 490 2641 mens
542 2591 636 2642 ulla
678 2602 783 2642 erat
819 2592 867 2642 in
910 2594 1121 2643 (leterius
1160 2594 1423 2645 mutatione
1465 2595 1670 2663 polluta:
1730 2596 1813 2645 sed
1856 2595 1919 2644 ita
1963 2594 2055 2644 sibi

156 2675 312 2725 omnia
346 2692 467 2742 quae
502 2676 742 2725 hominum
785 2678 975 2745 propria
1010 2688 1121 2727 sunt
1162 2679 1393 2742 adscivit,
1453 2681 1617 2729 eadem
1655 2688 1706 2730 ut
1731 2681 1916 2747 integra
1950 2697 2054 2729 ser-

153 2768 291 2810 varet
327 2776 447 2826 quae
486 2776 631 2809 verae
662 2759 727 2809 illi
763 2778 901 2827 quam
933 2761 1023 2811 sibi
1054 2763 1400 2813 conciliaverat
1428 2773 1627 2814 naturae
1659 2763 1964 2814 necessarios
1996 2763 2053 2813 ad

155 2861 270 2894 usus
313 2843 538 2894 divinitas
577 2853 916 2907 concesserat,
974 2862 1088 2895 usus
1130 2847 1350 2897 nimirum
1383 2847 1489 2897 illos
1530 2848 1608 2915 qui
1641 2857 1692 2898 ut
1727 2865 1835 2898 esse
1863 2848 2051 2916 penitus

155 2927 340 2996 possint
367 2927 537 2995 partim
570 2927 785 2995 corporis
813 2937 985 2994 egent,
1040 2930 1208 2996 partim
1240 2931 1383 2981 animi
1425 2940 1566 2999 atque
1610 2932 1841 2982 humanae
1879 2933 2051 2982 mentis

154 3012 469 3073 adminiculO,
512 3011 777 3061 cuiusmodi
813 3020 925 3061 sunt
954 3013 1125 3077 fames,
1166 3014 1297 3078 sitis,
1338 3016 1476 3066 fletus
1503 3033 1558 3066 ac
1586 3017 1746 3078 dolor,
1787 3017 2049 3084 lacrymae,

154 3113 352 3146 somnus
389 3113 445 3145 ac
475 3095 684 3162 requieS.
761 3094 896 3144 Haec
936 3096 1059 3146 enim
1104 3098 1262 3148 omnia
1305 3099 1430 3149 nulla
1462 3100 1695 3150 infuscata
1734 3100 1912 3167 peccati
1945 3117 2052 3167 spe-

156 3181 228 3230 cie
255 3189 509 3247 susceptae
541 3179 699 3246 reipsa
730 3188 930 3228 naturae
965 3180 1167 3230 hominis
1197 3192 1479 3249 argumenta
1506 3183 1783 3246 continent,
1825 3202 1913 3251 qua
1946 3202 2051 3234 cum

154 3281 271 3314 vere
298 3264 574 3313 consociata
604 3263 826 3312 divinitas
854 3264 1105 3313 humanum
1134 3276 1292 3315 tamen
1323 3267 1498 3333 patitur
1526 3267 1669 3329 nihil,
1710 3269 1899 3317 tametsi
1931 3285 2050 3335 quae

156 3348 327 3397 rationi
370 3356 695 3398 consentanea
740 3348 924 3409 forent,
985 3349 1258 3410 admiserit,
1316 3358 1457 3416 atque
1496 3352 1552 3399 ab
1583 3350 1711 3399 omni
1739 3353 1951 3415 scelere,
2008 3362 2055 3401 et

154 3431 203 3481 in
236 3431 371 3498 peius
403 3449 457 3481 ac
493 3431 692 3481 vetitum
735 3432 997 3480 mutatione
1038 3433 1199 3498 procul
1242 3433 1464 3482 abfuerit.
1543 3434 1617 3483 Ad
1658 3434 1776 3484 haec
1814 3436 2053 3487 excitatus
2086 3449 2292 3485 loaun.2o.

155 3532 181 3563 a
215 3523 368 3564 morte
410 3512 633 3566 Christus
678 3515 883 3565 occlusis
922 3515 1078 3565 ianuis
1121 3515 1371 3582 ingressus
1412 3525 1515 3579 est,
1573 3519 1637 3567 uti
1669 3520 1790 3585 quod
1825 3519 2053 3571 hactenus

158 3615 371 3648 crassum
403 3608 774 3665 concretumque
805 3601 959 3648 fuerat
988 3618 1191 3667 corpus,
1250 3602 1414 3650 eadem
1452 3619 1557 3650 cum
1592 3620 1736 3651 carne
1770 3603 2053 3671 ossibusque

156 3690 300 3731 tenue
337 3700 391 3730 ac
426 3684 597 3732 subtile
639 3699 746 3732 esse
792 3691 1099 3733 monstraret,
1179 3681 1350 3734 Statim
1395 3684 1519 3735 enim
1558 3694 1697 3756 atque
1724 3687 2051 3754 introgressus

158 3792 346 3848 ροφορίαν
376 3790 491 3850 αὐτῷ
509 3825 519 3843 ,
549 3795 603 3850 τῇ
635 3793 753 3850 πείνῃ
786 3796 870 3835 κτλ.
