2508 4134
516 295 740 336 PANARH
769 294 872 336 LIB.
899 295 970 335 Ill.
999 295 1131 337 ΤΟΜ.
1155 298 1186 336 Ι.
1215 296 1381 338 HAER.
1405 297 1600 338 LXXIV.
1911 283 2003 336 161

110 397 246 447 deus.
323 392 460 447 Unde
503 402 551 444 et
590 397 811 443 ozi-tutum
853 402 926 442 est
963 392 1201 443 dominus.
1291 393 1539 463 Sapientia
1585 404 1712 446 totus
1754 404 1830 447 est
1868 396 2006 447 deuS.
2060 404 2198 440 Psatm·

110 480 262 548 Igitur
296 477 528 547 sapientia
559 487 632 528 est
665 494 691 528 e
724 475 957 546 sapientia
989 477 1140 539 fitius,
1197 481 1244 526 in
1271 496 1359 543 qno
1388 484 1641 545 saptentiae
1668 484 2006 532 thesaurisant
2028 449 2220 533 cdlii}-

110 580 262 614 onmes
297 565 540 612 reconditi.
617 559 731 629 Vita
769 569 897 611 totus
932 569 1005 611 est
1040 560 1175 611 deus.
1251 559 1387 629 Ergo
1421 564 1519 613 vita
1561 575 1635 616 est
1667 583 1692 616 e
1723 566 1822 617 vita
1867 566 2008 618 nlius.

110 653 216 714 Ego
239 652 356 698 enim
385 665 512 707 sum,
555 645 724 714 inquit,
765 649 937 695 veritas
962 654 1011 694 et
1030 649 1141 694 vita.
1218 644 1289 695 At
1317 645 1511 714 spiritus
1537 659 1733 701 sanctus
1766 651 1824 701 ab
1851 652 2014 702 ambo-
2030 657 2266 703 Ioann.1t‚e.

114 734 202 785 bus
241 733 421 796 oritur,
475 731 670 801 spiritus
711 747 737 781 e
770 728 959 798 spiritu.
1034 732 1242 794 Spiritus
1278 734 1442 795 quippe
1481 736 1592 781 deus
1633 745 1717 783 est.
1797 734 1926 787 ldem
1964 745 2013 787 et
2073 743 2204 819 {oqua-

114 817 394 868 coelestium
427 816 661 867 donorum
705 814 908 882 largitor
940 822 1046 877 est,
1102 813 1419 878 verissimuS,
1474 816 1594 866 lucis
1635 820 2011 886 efficacissimuS,
2097 792 2183 830 ,st

115 901 420 965 consolator,
474 899 783 950 consiliorum
815 898 960 967 patris
990 898 1231 967 interpres
1272 916 1329 948 ae
1367 899 1581 951 nuntius.
1657 901 1782 954 Nam
1814 915 1864 956 ut
1894 908 2015 958 filius

114 989 278 1052 magni
298 987 485 1035 consilii
506 987 704 1049 angelus
730 993 825 1043 est,
867 983 932 1033 ita
967 982 1164 1051 spiritus
1191 992 1405 1034 sanctus.
1483 988 1579 1035 Sed
1603 993 1885 1053 accepimus,
1940 993 2012 1043 in-
2033 995 2138 1075 lEEai.
2161 997 2195 1036 9,
2216 1000 2248 1034 6.

117 1071 245 1139 quit,
283 1073 498 1136 spiritum
521 1072 619 1128 dei,
664 1078 718 1117 ut
741 1071 972 1117 videamus
999 1086 1117 1134 quac
1140 1086 1168 1118 a
1194 1072 1277 1118 deo
1303 1072 1473 1119 donata
1497 1081 1613 1120 sant
1633 1074 1790 1133 nobis,
1832 1095 1949 1140 quae
1974 1090 2024 1129 et
2053 1061 2062 1070 ⁶
2100 1045 2202 1090 or.2‚
2219 1046 2270 1080 12.

117 1159 348 1222 loquimur
361 1193 375 1215 ,
429 1172 520 1203 non
560 1155 740 1203 blandis
777 1156 1030 1218 saptentiae
1064 1155 1376 1213 sermonibus,
1429 1159 1513 1205 sed
1528 1158 1803 1221 probatione
1826 1165 2021 1226 spiritus

117 1244 216 1301 dei,
257 1238 548 1305 speritalz‘bus
579 1240 814 1303 spiritalia
850 1248 1183 1303 comparantes.

257 1323 402 1376 Dicat
429 1322 627 1391 aliquis:
669 1320 806 1372 Duos
831 1339 948 1390 ergo
978 1323 1098 1373 lilios
1124 1323 1395 1374 statuimuS.
1473 1322 1615 1391 Quod
1642 1326 1681 1376 si
1710 1326 1776 1377 ita
1801 1337 1904 1393 est,
1946 1329 2027 1397 qui
2059 1328 2275 1383 Cap.Vm.

122 1411 311 1462 tandem
344 1425 453 1460 esse
488 1415 644 1476 potest
680 1406 989 1474 unigenitus?
1059 1405 1162 1458 Imo
1194 1425 1312 1459 vero
1342 1418 1392 1457 tu
1417 1413 1520 1474 qais
1549 1429 1597 1459 es
1626 1415 1711 1476 qai
1733 1417 2026 1464 contradicas
2049 1424 2157 1460 Rom.
2176 1426 2275 1471 9‚2o.

121 1499 242 1545 deo?
315 1490 437 1545 Cum
486 1492 611 1542 enim
655 1491 798 1542 lilium
836 1500 980 1543 vocet
1021 1493 1098 1559 qni
1138 1510 1166 1543 a
1192 1509 1245 1543 se
1272 1493 1451 1558 oritur,
1502 1494 1720 1562 spiritum
1758 1514 1879 1548 vero
1917 1516 2028 1549 san-
2083 1507 2090 1511 ‘

123 1589 279 1642 etum,
321 1576 396 1646 qui
421 1576 479 1627 ab
511 1585 712 1644 utroque
743 1575 986 1645 procedit,
1028 1593 1113 1627 eae
1141 1586 1240 1645 tres
1272 1595 1508 1646 personae
1541 1581 1645 1631 sola
1677 1581 1766 1632 fide
1797 1599 1823 1632 a
1847 1583 2027 1634 sanetis

123 1664 241 1715 viris
269 1670 523 1731 perceptae
549 1661 731 1711 lucidae
763 1679 819 1711 ac
847 1661 966 1712 lueis
1004 1670 1228 1712 auctores
1260 1661 1416 1713 lucida
1457 1673 1569 1715 sunt
1611 1665 1802 1717 actione
1841 1668 2031 1735 praedi-

123 1757 229 1811 tae,
286 1755 335 1797 et
374 1763 481 1796 cum
525 1745 631 1814 ipso
668 1753 803 1813 patre
842 1745 953 1796 fidei
982 1746 1086 1796 luce
1127 1747 1432 1798 concordiam
1478 1759 1696 1800 servant.
1773 1749 1908 1801 Heus
1948 1752 2026 1802 tu!

99 1833 271 1902 ⁸igitur
297 1830 426 1893 audi,
467 1829 860 1898 quemadmodum
891 1839 1028 1899 pater
1053 1848 1168 1881 vere
1193 1831 1256 1896 sit
1285 1832 1365 1882 lilii
1397 1841 1552 1901 pater,
1587 1842 1810 1903 totusque
1840 1836 1943 1899 ΙιιΧ,
1987 1845 2035 1886 ει

126 1917 248 1967 fitius
273 1916 377 1967 veri
407 1915 471 1965 sit
497 1913 644 1983 patris
674 1914 825 1978 fitius,
880 1915 1040 1965 lumen
1068 1916 1126 1966 de
1161 1916 1366 1978 lumine,
1426 1935 1522 1968 non
1561 1927 1610 1968 ut
1641 1919 1765 1969 facta
1805 1928 2032 1971 creatave

126 2010 317 2064 cetera,
358 1999 673 2069 appellatione
706 2000 969 2063 duntaxat,
1024 1999 1220 2068 spiritus
1254 2001 1458 2068 denique
1492 2011 1688 2053 sanctus
1721 2003 1941 2055 veritatis
1971 2004 2033 2055 sit

126 2086 350 2154 spiritus,
392 2102 447 2136 ao
476 2083 667 2134 tertium
694 2100 719 2133 a
746 2092 881 2152 patre
910 2084 1100 2152 filioque
1125 2084 1317 2149 lumen,
1371 2094 1534 2137 cetera
1559 2087 1718 2138 onmia
1756 2088 2032 2156 adoptione,

127 2171 205 2222 vel
235 2169 622 2239 comparatione,
662 2168 739 2219 vel
769 2168 1099 2237 appositione,
1138 2169 1216 2220 vel
1245 2170 1594 2238 appellatione,
1636 2190 1731 2222 non
1756 2172 1898 2222 simili
1929 2190 2037 2222 cum

130 2271 188 2305 eo
216 2256 436 2318 actione,
489 2254 567 2304 vel
604 2253 780 2304 virtute
818 2253 895 2303 vel
924 2253 1062 2316 luce,
1117 2254 1195 2305 vel
1224 2255 1422 2306 notione
1453 2265 1742 2319 censentur,
1796 2256 1900 2306 sive
1929 2256 2036 2324 quis

130 2339 241 2401 illud
274 2339 480 2390 dixerit:
519 2341 666 2388 Filios
689 2341 839 2403 genai
864 2347 910 2387 et
936 2341 1163 2398 eoealtavi,
1218 2339 1323 2390 sive
1354 2340 1496 2391 illud:
1549 2345 1655 2406 Ego
1682 2345 1788 2391 divi
1811 2344 1882 2390 dii
1900 2344 2026 2400 estis,
2056 2353 2157 2389 Esai.
2181 2357 2213 2397 1,
2235 2356 2267 2390 2.

131 2434 177 2475 ct
189 2426 300 2490 filii
318 2426 538 2473 altissimi
561 2441 741 2484 omncs,
784 2423 888 2474 sive
917 2422 1072 2473 istud:
1116 2427 1210 2487 Qui
1229 2429 1398 2488 genuit
1426 2428 1581 2474 stillas
1604 2429 1755 2485 roris,
1812 2425 1916 2476 sive
1948 2425 2036 2475 hoc
2051 2397 2289 2483 ligssl'li'efliti.

133 2509 314 2576 ipsum:
368 2512 421 2558 A
443 2525 531 2573 qao
560 2511 705 2556 omnis
734 2511 997 2572 paternitas
1033 2511 1081 2557 in
1109 2511 1248 2557 coelis
1274 2519 1323 2558 et
1349 2513 1396 2558 in
1423 2519 1577 2571 terra,
1638 2509 1773 2561 sive:
1827 2513 1931 2574 Ego
1941 2511 2040 2574 fir·
2063 2482 2297 2564 ffilllfflffiss.

134 2612 264 2643 mans
294 2596 469 2642 tonitru
480 2629 495 2652 ,
547 2601 595 2640 et
626 2609 789 2641 creans
821 2596 1049 2656 spiritam.
1125 2591 1239 2644 Non
1273 2593 1399 2644 enim
1433 2603 1706 2645 ceterorum
1744 2601 1928 2663 patrum
1959 2611 2039 2661 pa·
2083 2577 2125 2601 θ’
2145 2566 2253 2602 Lxx.

138 2677 518 2729 triarcharumve
549 2692 682 2726 more
711 2692 856 2726 verus
890 2677 968 2727 ille
1000 2685 1136 2745 pater
1165 2686 1248 2728 aut
1276 2695 1386 2729 esse
1420 2688 1554 2747 pater
1585 2679 1839 2747 aliquando
1866 2678 2042 2746 coepit,

139 2770 221 2813 aut
248 2778 508 2831 progressu
537 2760 766 2829 temporis
798 2776 908 2810 esse
937 2762 1219 2828 quandoque
1258 2762 1463 2814 desinet.
1538 2761 1664 2814 Nam
1701 2763 1740 2813 si
1773 2771 1907 2832 pater
1939 2778 2047 2812 csse

140 2847 385 2915 coeperit,
437 2861 639 2896 necesse
677 2854 752 2894 est
782 2854 832 2895 ut
864 2844 986 2896 lilius
1016 2846 1212 2896 alterius
1241 2847 1391 2914 patris
1425 2846 1536 2898 olim
1568 2848 1736 2910 fuerit,
1792 2855 2045 2913 antequam

142 2941 274 2983 esset
302 2929 534 2998 unigeniti
570 2938 723 2998 pater.
798 2926 955 2979 Porro
999 2929 1307 2981 similitudine
1345 2932 1543 2999 quadam
1575 2940 1761 3000 patrum
1788 2939 1948 2999 patres
1975 2929 2048 2978 in-

145 3016 425 3083 telliguntur
456 3031 566 3066 esse
600 3014 710 3075 filii,
767 3022 815 3063 et
845 3012 894 3063 in
927 3013 1157 3064 inlinitum
1197 3031 1343 3065 verus
1385 3015 1584 3084 originis
1618 3024 1752 3066 sator
1788 3032 1844 3064 ac
1874 3029 2048 3081 parens

144 3099 337 3169 perduci
386 3107 562 3168 potest.
659 3096 832 3166 Neque
872 3114 992 3148 vero
1037 3106 1308 3149 ceterorum
1349 3100 1503 3150 instar
1546 3100 1750 3150 liliorum
1803 3098 1881 3165 qui
1934 3097 2049 3146 ado·

146 3185 308 3253 ptione
337 3184 448 3235 facti
475 3192 587 3234 sunt
617 3199 761 3233 verus
791 3182 912 3232 filius
942 3198 1114 3231 recens
1152 3191 1224 3232 est
1254 3184 1406 3234 faetus
1441 3183 1582 3234 filius.
1658 3182 1889 3249 Alioquin
1924 3179 2050 3230 enim

148 3277 335 3337 tempus
373 3268 626 3335 aliquando
659 3266 746 3317 luit
776 3284 868 3334 quo
900 3275 1035 3334 pater
1066 3267 1273 3316 nondum
1303 3276 1434 3317 esset
1463 3266 1694 3335 unigeniti
1725 3274 1874 3333 pater.
1952 3261 2052 3314 Sed

151 3369 305 3420 neque
334 3352 400 3402 uti
439 3351 609 3420 reliqui
641 3351 836 3419 spiritus
862 3350 1080 3400 veritatis
1110 3350 1306 3418 spiritus
1335 3360 1549 3401 creatum
1575 3350 1795 3418 quiddam
1825 3357 1928 3412 est,
1971 3356 2055 3398 aut

154 3437 327 3488 sactum
344 3475 358 3499 ,
415 3452 570 3504 neque
601 3445 872 3487 ceterorum
898 3435 1050 3485 instar
1075 3434 1355 3501 angelorum
1394 3438 1558 3499 magni
1580 3437 1661 3483 ille
1699 3436 1888 3482 consilii
1909 3450 2052 3497 ange·
2075 3451 2177 3487 Esai.
2201 3452 2283 3495 9‚6.

211 3591 250 3633 8.
280 3585 495 3643 ἅληῖτείας.
556 3588 645 3632 ἔστι
673 3589 766 3643 φῶς
785 3592 923 3640 Ancor.
1191 3588 1255 3629 12.
1289 3583 1448 3643 οὐρανῷ
1481 3586 1554 3630 καὶ
1583 3586 1651 3630 ἐπὶ
1679 3588 1760 3641 γῆς
1778 3589 1915 3631 Ancor.

210 3659 249 3703 9.
278 3653 308 3714 ἦ
338 3658 568 3712 παραὲέσει
594 3672 670 3701 non
699 3661 808 3700 habet
826 3661 965 3702 Ancor.
1191 3657 1255 3699 13.
1287 3654 1462 3700 ἐκλιπών
1491 3671 1589 3700 ποτε
1618 3655 1752 3712 χρόνῳ
1776 3659 1910 3700 Ancor.

215 3730 279 3773 10.
309 3727 469 3778 τούτοις
488 3731 625 3772 Ancor.
1193 3725 1255 3768 14.
1285 3727 1483 3782 νοούμενα
1511 3726 1638 3770 τέκνα
1668 3726 1726 3775 εἰς
1742 3729 1881 3771 Ancor.

217 3801 281 3841 11.
311 3794 343 3853 ἦ
375 3812 447 3840 om.
475 3802 610 3841 Ancor.
1192 3797 1256 3838 15.
1290 3794 1312 3840 ὁ
1342 3810 1416 3838 om.
1437 3801 1578 3841 Ancor.

246 3867 391 3912 Corpus
410 3865 632 3901 flaereseol.
662 3865 709 3900 11.
731 3867 762 3900 3.
1657 3874 1715 3921 11
