2508 4134
442 292 664 333 PANARII
694 293 796 332 LIB.
821 293 892 332 ΙΙΙ.
935 293 1142 334 ToM.11.
1186 293 1374 333 EXPOS.
1407 293 1512 334 F1D.
1546 293 1779 335 CATHOL.
1958 283 2057 333 493

164 405 411 440 numerum
454 389 744 441 invenimus,
823 387 979 441 Unum
1024 390 1193 457 quibus
1232 399 1424 459 propter
1466 407 1605 441 unam
1646 392 1771 441 illam
1804 409 1831 442 a
1863 390 2059 458 reliquis

162 472 426 535 divulsam,
482 483 529 523 et
561 474 637 524 uni
677 491 855 542 sponso
896 473 1150 536 tributam,
1205 475 1262 523 de
1304 492 1395 541 qua
1435 474 1704 525 istiusmodi
1742 476 2057 544 appellatione

161 555 475 618 testificatur,
523 560 620 607 Una
643 567 712 607 est
734 559 942 607 columba
968 575 1083 617 mea,
1128 565 1174 606 et
1201 574 1368 608 rursus
1387 596 1399 620 ,
1441 560 1650 621 Perfecta
1678 577 1791 608 mea.
1870 558 2058 626 Quibus

159 639 335 690 indicat
366 639 560 708 pellices
593 658 759 692 omnes
790 641 1025 708 ignobiles
1056 649 1104 691 et
1132 641 1361 691 obscuras
1393 658 1523 704 esse,
1566 659 1654 692 nec
1679 642 1952 693 innocentia
1978 650 2060 692 aut

160 724 383 773 castitate
422 741 476 774 ac
504 725 699 775 lenitate
740 726 948 775 censeri.
1027 724 1089 774 Et
1130 724 1316 791 quidem
1352 724 1409 774 ab
1442 724 1578 775 initio
1606 726 1662 774 ad
1695 724 2055 776 Barbarismum

159 825 213 857 ac
255 804 579 876 Scythismum
617 809 673 859 ad
712 818 982 877 postremos
1025 826 1175 876 usque
1220 807 1547 859 Massalianos
1586 806 1788 860 LXXV
1829 810 2058 861 haereses

158 891 426 959 adscriptae
466 901 595 942 sunt.
671 893 747 943 Ad
791 909 907 961 quas
942 891 1268 956 Hellenismo,
1320 893 1445 943 unde
1477 892 1724 959 gentilium
1764 902 1956 957 sectae,
2010 902 2057 944 et

158 965 430 1038 Iudai‘sino,
471 993 496 1025 a
526 994 619 1043 quo
651 974 874 1027 Iudaicae
902 973 1411 1044 Samaritanorumque
1442 976 1679 1039 factione,
1732 978 1857 1027 unde
1888 976 2056 1029 Sama—

156 1059 325 1109 riticae
375 1069 661 1124 manarunt,
715 1060 1081 1125 accedentibus,
1139 1061 1228 1111 hoc
1269 1070 1340 1111 est
1379 1061 1533 1111 tribus
1572 1061 1766 1111 omnino
1804 1063 1950 1113 sectis
1998 1063 2055 1112 ad

155 1140 409 1195 LXXVll
442 1145 738 1211 superiores,
779 1142 987 1195 LXXX
1017 1162 1243 1195 numerus
1271 1145 1490 1195 efficitur.
1569 1141 1804 1211 Superest
1831 1164 1944 1209 una,
1987 1146 2058 1196 ni—

155 1227 325 1277 mirum
353 1236 518 1278 sancta
546 1237 593 1278 et
619 1228 877 1292 catholica,
919 1230 1151 1292 ecclesia,
1194 1246 1315 1297 quae
1345 1246 1462 1279 vere
1489 1226 1764 1280 Christiana
1793 1231 1962 1298 religio
1988 1231 2057 1281 di-

156 1311 308 1375 citur,
363 1329 578 1380 quaeque
607 1313 698 1363 iam
730 1322 825 1363 tum
861 1312 998 1377 olim,
1054 1323 1101 1363 et
1131 1332 1236 1364 cum
1275 1314 1493 1376 Adam0‚
1548 1313 1644 1363 imo
1676 1323 1787 1364 ante
1818 1314 2053 1365 Adamum

152 1395 335 1463 ipsum,
392 1397 606 1464 adeoque
646 1406 757 1447 ante
786 1398 944 1447 omnia
971 1398 1166 1448 sae-cula
1206 1416 1311 1448 cum
1341 1394 1539 1449 Christo
1567 1397 1753 1463 floruit,
1808 1399 1864 1449 de
1908 1400 2055 1468 patris

155 1497 210 1529 ac
241 1480 322 1529 filii
355 1488 403 1529 et
430 1480 626 1547 spiritus
663 1482 817 1532 sancti
856 1482 1122 1532 voluntate.
1199 1479 1291 1532 Cui
1326 1481 1513 1549 quidem
1544 1499 1710 1532 eorum
1737 1484 1945 1534 omnium
1976 1484 2055 1551 qui

152 1563 201 1613 in
254 1564 465 1631 qualibet
503 1564 817 1631 generatione
862 1566 951 1616 deo
1003 1567 1281 1635 placuerunt
1327 1576 1542 1634 tempore
1599 1567 1715 1618 fides
1768 1577 1843 1618 est
1896 1567 2054 1618 habita

153 1657 201 1698 et
238 1648 526 1699 adveniente
567 1649 614 1699 in
657 1650 780 1700 hunc
818 1651 1041 1700 muudum
1078 1648 1273 1701 Christo
1313 1651 1504 1701 domino
1534 1651 1787 1702 manifeste
1820 1660 1896 1703 est
1922 1661 2053 1720 pate-

153 1733 308 1795 facta,
365 1750 489 1782 nunc
530 1741 688 1783 autem
725 1743 830 1800 post
859 1735 1136 1803 superiores
1170 1752 1337 1785 omnes
1379 1735 1636 1799 haereses,
1695 1735 1799 1788 sive
1833 1736 2049 1805 pellices,

152 1817 371 1867 oratione
401 1825 565 1867 nostra
595 1816 942 1885 praedicanda,
998 1820 1393 1887 quemadmodum
1431 1819 1635 1870 instituti
1666 1819 1904 1871 sermonis
1936 1822 2053 1871 ordo

150 1900 374 1967 postulat.

277 1982 479 2052 Quippe
506 1984 703 2036 verbum
733 1986 885 2054 ipsum
917 1987 962 2037 in
1005 1985 1222 2039 Canticis
1256 1988 1345 2038 hoc
1376 1988 1516 2038 modo
1551 1989 1850 2040 numeravit:
1902 1992 2051 2038 Seoea-
2082 1996 2283 2052 Cap.V11.

147 2072 284 2133 ginta
309 2072 525 2134 rege'naS,
568 2079 615 2118 et
637 2074 872 2135 octoginta
899 2075 1107 2136 pellices,
1150 2082 1196 2121 et
1225 2075 1590 2122 adolescentulas
1615 2091 1808 2138 quarum
1835 2092 2053 2124 numerus

148 2171 239 2203 non
270 2162 363 2202 est.-
405 2171 496 2202 una
522 2164 620 2214 est,
662 2154 834 2222 inquit,
875 2159 1084 2205 columba
1111 2176 1225 2218 mea,
1262 2159 1472 2223 perfecta
1501 2175 1616 2218 mea,
1660 2162 1796 2207 unica
1822 2169 1895 2208 est
1912 2164 2058 2209 matri

146 2256 285 2298 suae,
338 2240 482 2288 electa
503 2243 882 2304 genz'trzbz’suae.
964 2240 1092 2291 Tum
1138 2242 1247 2292 illud
1289 2243 1614 2307 demonstrat,
1656 2244 2048 2310 quemadmodum

146 2321 350 2390 reperiri
391 2322 449 2372 ab
491 2323 710 2374 omnibus
752 2325 932 2392 possit,
989 2334 1150 2394 utpote
1201 2343 1323 2394 quae
1371 2326 1592 2377 omnibus
1636 2327 1919 2378 honoratior
1965 2328 2046 2392 sit,

146 2406 351 2474 imperet
390 2407 637 2470 omnibuS,
695 2416 836 2476 atque
874 2409 965 2478 ipsi
1003 2411 1105 2461 sola
1138 2412 1267 2461 velut
1297 2412 1476 2460 eximia
1511 2411 1574 2461 sit
1603 2420 1649 2461 et
1681 2412 1860 2476 electa,
1915 2413 2050 2463 cuius

147 2489 231 2540 filii
262 2507 403 2558 reges
433 2490 634 2542 heredes
679 2503 791 2543 sunt
820 2511 875 2544 ao
903 2495 1139 2562 legitimi,
1196 2495 1285 2546 hoc
1315 2503 1386 2546 est
1411 2499 1732 2560 promessz‘om‘s
1757 2499 1917 2558 liberi,
1959 2516 2050 2547 non
2077 2505 2204 2542 Gal-4·
2226 2507 2280 2541 31.

147 2576 371 2634 ancillae,
424 2592 580 2643 neque
609 2576 816 2644 pellicis,
870 2587 1232 2643 ceterarumve,
1287 2597 1406 2647 quae
1437 2580 1565 2630 nullo
1600 2597 1800 2631 numero
1830 2599 2051 2650 compre-

147 2659 441 2709 henduntur.
503 2656 736 2726 Quamvis
766 2661 890 2712 enim
919 2679 982 2713 ex
1012 2660 1248 2715 Chettura
1276 2664 1540 2715 concubina
1571 2681 1657 2715 sua
1683 2665 1861 2716 liberos
1891 2666 2050 2717 Abra-

146 2742 313 2794 hamus
346 2746 646 2812 susceperit,
687 2745 862 2796 nullam
892 2755 1050 2797 tamen
1077 2749 1155 2798 isti
1187 2766 1291 2799 cum
1328 2747 1494 2799 lsaaco
1535 2750 1580 2799 in
1615 2750 1884 2818 patrimonii
1917 2769 2046 2801 com·
2070 2759 2162 2795 Gen·
2176 2760 2230 2806 25,
2245 2761 2276 2796 ⁶.

146 2828 420 2878 munionem
454 2830 678 2891 veniunt,
731 2830 815 2879 sed
859 2848 1058 2881 munera
1107 2833 1368 2896 duntaxat,
1420 2834 1554 2901 quasi
1593 2834 1751 2902 legata
1790 2837 2043 2902 quaedam,

147 2911 417 2980 accipiunt3
471 2922 521 2962 ut
553 2913 736 2964 altioris
771 2931 858 2963 nos
891 2931 1064 2966 sensus
1103 2917 1255 2983 figura
1292 2918 1397 2986 ipsa
1427 2927 1730 2969 commoneat
1756 2935 1815 2970 ne
1845 2919 1949 2986 quis
1987 2920 2043 2969 de

147 2992 333 3047 Christi
372 2997 625 3048 vocatione
661 2998 899 3066 desperet.
976 2997 1106 3049 Nam
1144 3001 1223 3051 illa
1257 3002 1411 3066 dona,
1465 3020 1586 3070 quae
1619 3000 1810 3054 lsmae'li
1844 3001 2045 3054 Chettu-

146 3097 325 3148 raeque
371 3080 481 3132 filiis
521 3081 828 3132 Abrahamus
875 3082 1147 3147 distribuit,
1208 3087 1475 3136 futurorum
1523 3087 1754 3137 bonorum
1784 3087 2043 3154 imaginem

147 3164 520 3229 adumbrabant,
576 3183 696 3233 quae
742 3167 991 3218 conversis
1031 3169 1086 3217 ad
1129 3169 1266 3218 fidem
1308 3178 1357 3220 et
1398 3171 1651 3221 veritatem
1696 3170 1867 3220 animis
1905 3180 2045 3220 erant

146 3247 433 3300 obventura.
511 3248 703 3300 Etenim
734 3250 870 3317 Agar
905 3251 1136 3315 ancillae,
1192 3270 1330 3319 quam
1357 3254 1661 3305 Abrahamus
1699 3254 1869 3318 eiecit,
1921 3272 2043 3323 quae
2075 3266 2160 3301 Gal.
2184 3268 2218 3312 4,
2240 3268 2295 3305 22.

146 3340 220 3382 est
256 3332 499 3385 inferioris
529 3332 832 3384 Hierusalem
865 3335 1016 3402 figura
1046 3353 1150 3386 cum
1189 3336 1354 3388 liberis
1382 3339 1482 3388 suis
1513 3356 1607 3389 una
1648 3338 1932 3401 servientiS,
1986 3342 2042 3391 de

147 3433 239 3483 qua
265 3415 490 3484 scriptum
522 3427 623 3483 est,
665 3421 837 3468 Abz‘ecz'
866 3429 1054 3468 matrem
1081 3430 1300 3481 vestram,
1343 3422 1484 3485 item,
1527 3426 1648 3471 Dede·
1673 3424 1875 3472 libellum
1901 3443 2038 3490 repu-
2095 3437 2181 3472 one.
2203 3437 2238 3474 2.

147 3504 218 3550 ἀεὶ·
238 3505 284 3550 z‘n
311 3519 473 3550 manus
499 3505 642 3551 illius.
723 3502 848 3554 Huic
873 3504 1064 3571 inquam
1098 3504 1235 3572 Agar
1259 3506 1477 3569 ancillae,
1520 3508 1577 3557 ad
1602 3524 1732 3575 spem
1762 3510 2042 3560 conversio-

146 3584 220 3635 nis
247 3585 643 3651 adumbrandam,
686 3596 793 3638 uter
820 3605 972 3655 aquae
1002 3589 1137 3639 datus
1166 3598 1269 3652 est,
1324 3609 1416 3657 quo
1452 3591 1627 3643 lavacri
1659 3593 2040 3659 regenerationis

146 3711 231 3750 edit.
263 3712 396 3751 Petav.
432 3714 559 3754 Colon-
589 3720 704 3764 repet.
1121 3717 1236 3755 etiam
1261 3718 1482 3757 Cornarius.

201 3765 239 3806 2.
269 3762 440 3820 oiyoffidiv
469 3770 552 3808 cod.
583 3772 740 3820 Rhediy.
799 3767 959 3824 οἰγαὲῐοῦ
977 3773 1059 3810 cod.
1173 3770 1212 3811 3.
1244 3768 1358 3825 ὖμῶν
1385 3775 1493 3814 codd.
1522 3787 1610 3816 mss.
1669 3772 1792 3829 ἡμῶν
1821 3779 1913 3817 editi
1938 3780 2035 3818 libri.

146 3822 220 3862 len.
252 3828 285 3863 ec
315 3824 432 3875 editi,·
474 3824 699 3866 futurorum
726 3827 927 3867 bonorum
955 3831 1068 3867 vertit
