2508 4134
514 308 738 349 PANARH
767 308 871 348 Lm.
895 308 964 348 111.
997 308 1130 351 ToM.
1151 309 1202 349 11.
1233 308 1632 350 HAER.LXXVJ1.
1928 297 2030 348 367

136 407 370 458 humanae
405 407 604 457 na'turae
637 405 960 458 conditionem
991 407 1319 472 extingueret.
1393 405 1532 459 Unde
1560 415 1608 456 et
1635 406 1692 457 ad
1719 407 1855 457 ficum
1887 406 2027 457 arbo·
2086 428 2225 464 Matth,

133 508 234 542 rem
274 489 470 552 esuriit,
524 498 774 540 et-verum
818 490 966 540 lutum
1011 490 1141 540 fecit.
1219 489 1293 539 Ad
1338 490 1535 540 eandem
1580 508 1697 541 vero
1732 491 1859 541 illam
1891 491 2027 541 ficum
2047 474 2226 558 Iosskniad’
2246 515 2279 548 5,

135 591 239 624 cum
271 574 496 624 nonnulla
529 573 759 637 dixisset,
800 590 885 635 ea,
928 573 994 623 uti
1022 573 1241 635 dixerat,
1294 574 1589 646 acciderunt.
1671 573 1787 625 ltem
1814 575 1860 625 in
1894 575 2028 626 navi·
2049 585 2137 621 Luc.
2152 585 2185 630 e,
2204 585 2255 618 21.

133 659 212 726 gio
255 676 361 708 cum
400 667 595 708 ventum
637 657 965 724 increpasset,
1020 656 1093 706 hic
1135 656 1292 707 subito
1336 657 1494 707 desiit.
1574 657 1700 708 Tum
1735 676 1853 711 vero
1887 668 2027 727 sputo
2059 668 2238 703 leam-9·

133 759 222 793 suo
247 759 301 792 ac
340 742 471 804 luto,
528 750 576 792 et
603 759 708 792 cum
740 740 1003 791 divinitatis
1036 757 1153 791 suae
1188 756 1442 803 sermone,
1483 749 1581 790 tum
1617 742 1848 806 hominis,
1891 761 2027 811 quem

133 812 488 894 assumpserat,
542 833 710 894 sputo,
768 824 898 887 luto,
951 824 1172 891 inquam,
1225 823 1351 873 sicut
1400 824 1587 874 Adamo
1639 828 1871 892 quondam
1894 867 1905 888 ,
1963 826 2028 877 ita

133 927 279 960 caeco
319 908 385 959 illi
414 909 537 976 quod
579 910 636 959 ad
665 908 987 976 integritatem
1030 908 1196 958 deerat
1231 907 1492 957 membrum
1539 909 1677 959 finxit
1716 927 1772 961 ae
1806 911 2025 962 reddidit.

134 991 189 1046 Si
218 994 406 1061 quidem
437 993 485 1043 in
514 1009 571 1043 eo
602 1001 743 1043 erant
771 990 928 1042 omnia
958 992 1200 1060 perfecta,
1243 991 1363 1041 adeo
1393 999 1446 1041 ut
1472 991 1520 1040 in
1554 1009 1698 1043 earne
1730 1002 2027 1061 paterentur,

130 1077 178 1127 iu
207 1076 454 1129 divinitate
481 1093 599 1129 vero
631 1076 725 1146 pati
756 1076 869 1126 nihil
897 1083 1121 1144 possent,
1176 1076 1330 1125 donec
1364 1093 1391 1124 a
1423 1075 1625 1127 mortuis
1656 1078 1894 1129 excitatus
1933 1088 2024 1143 est,
2052 1091 2207 1136 Rome,
2227 1093 2258 1127 9.

132 1161 248 1212 nibil
285 1161 487 1229 amplius
525 1161 719 1211 omnino
758 1162 974 1230 patiens,
1016 1177 1171 1227 neque
1211 1159 1421 1210 moriens
1460 1160 1672 1211 omniuo.

272 1243 413 1312 Quod
448 1245 488 1295 si
527 1246 769 1307 nonnulli,
826 1262 910 1313 pro
952 1262 1009 1295 eo
1043 1245 1165 1312 quod
1197 1262 1223 1295 e
1250 1244 1375 1294 virili
1415 1254 1522 1295 satu
1561 1262 1733 1313 corpus
1766 1263 1859 1295 non
1888 1263 2024 1298 acce·
2110 1264 2209 1317 cap.

131 1328 283 1397 perit,
325 1327 504 1380 diversi
534 1328 778 1380 cuiusdam
808 1346 918 1379 esse
943 1330 1138 1397 gene-ris
1166 1329 1492 1393 arbitrentur,
1532 1347 1626 1380 non
1657 1338 1730 1380 est
1762 1332 1884 1397 quod
1919 1350 2027 1399 pro·
2094 1320 2216 1359 th.

132 1421 296 1481 pterea
323 1415 474 1464 nostri
501 1414 717 1482 corporis
743 1430 852 1464 esse
877 1412 1107 1463 dissimile
1131 1422 1316 1481 putent.
1392 1412 1653 1481 Postquam
1677 1413 1802 1465 enim
1826 1432 1850 1465 e
1870 1414 2031 1467 Maria

133 1506 295 1547 natum
337 1515 446 1548 esse
477 1506 616 1549 extra
651 1498 994 1548 dubitationem
1024 1514 1211 1548 omnem
1240 1506 1339 1562 est,
1399 1507 1613 1548 nostrum
1651 1499 1799 1549 l'uisse
1831 1517 2031 1551 necesse

133 1590 235 1644 est,
286 1579 447 1632 Maria
480 1582 650 1650 quippe
684 1599 777 1632 non
808 1580 1004 1632 alterius
1030 1599 1167 1649 quam
1195 1583 1331 1632 cuius
1358 1600 1561 1651 corpora
1590 1592 1755 1634 nostra
1780 1593 1891 1635 suut
1918 1604 2031 1636 con-

133 1665 325 1715 ditionis
350 1666 527 1716 extitit.
603 1664 729 1716 Nam
753 1674 802 1715 et
830 1666 1043 1716 Adamus
1067 1684 1095 1716 a
1122 1665 1227 1716 viro
1251 1667 1442 1735 genitus
1472 1685 1566 1717 non
1595 1667 1700 1730 fuit,
1733 1668 1815 1718 sed
1844 1687 1869 1719 e
1899 1677 2030 1720 terra
2075 1670 2168 1706 Gen.
2194 1670 2226 1706 ¹-

133 1750 394 1813 formatus,
450 1767 539 1801 nec
582 1750 690 1800 ideo
731 1750 949 1817 sequitur
989 1750 1112 1817 quod
1153 1768 1248 1800 non
1281 1768 1306 1801 e
1336 1751 1461 1802 virili
1492 1760 1631 1815 satu,
1685 1752 1768 1803 sed
1802 1754 1859 1803 de
1903 1762 2035 1805 terra

131 1834 382 1903 prodierit,
423 1835 662 1885 diversam
694 1835 929 1902 quandam
958 1851 986 1884 a
1013 1834 1193 1885 nostris
1224 1836 1504 1904 corporibus
1533 1846 1750 1887 naturam
1785 1854 1892 1888 esse
1925 1857 2030 1889 sor-

132 1918 286 1968 titum.
363 1916 558 1968 Etenim
604 1936 691 1969 nos
731 1919 789 1969 ab
821 1919 901 1968 illo
940 1918 1091 1986 geniti
1126 1918 1183 1969 ab
1228 1920 1440 1971 eiusdem
1475 1939 1678 1990 corpore
1719 1922 1897 1972 diversi
1937 1942 2029 1974 non

131 2020 323 2067 sumus3
374 2003 563 2053 tametsi
600 2020 627 2053 c
653 2002 780 2055 virili
807 2011 916 2053 satu
947 2002 1206 2066 l'uerimUS‚
1261 2022 1317 2055 ac
1346 2005 1561 2056 mulieris
1593 2016 1730 2056 utero
1759 2008 2027 2076 propagati.

133 2085 232 2139 Sed
258 2087 375 2137 haec
418 2087 635 2138 nonnulli
672 2087 893 2138 subtilius
923 2087 1181 2138 identidem
1234 2097 1525 2154 tractantes,
1576 2099 1625 2141 et
1655 2090 1705 2140 in
1733 2092 1890 2142 animo
1920 2109 2030 2142 ver·

131 2179 324 2235 santeS,
382 2189 410 2222 a
437 2189 584 2240 scopo
610 2171 799 2240 penitus
826 2171 1131 2222 aberrarunt.
1207 2173 1308 2223 Alii
1336 2191 1480 2241 porro
1509 2191 1574 2225 ex
1603 2174 1661 2225 iis
1680 2213 1693 2238 ,
1749 2175 1826 2243 qui
1856 2176 1913 2226 ad
1941 2193 2029 2227 nos

129 2254 457 2321 ventitabant,
510 2256 693 2307 infinita
725 2257 958 2324 quaedam
1007 2256 1113 2307 aliis
1138 2256 1520 2322 deblateranteS‚
1574 2259 1726 2309 virum
1758 2260 2031 2312 laudatissi-

130 2358 256 2390 mum
296 2340 396 2391 suis
437 2339 849 2392 criminationibus
890 2341 1231 2405 traducebant,
1284 2359 1340 2392 ac
1371 2341 1778 2394 vehementiorem
1819 2345 2025 2412 quidem,

132 2441 270 2491 quam
306 2441 392 2492 par
417 2433 550 2488 erat,
607 2426 857 2476 tumultum
885 2425 1218 2489 concitarunt,
1271 2425 1375 2477 sive
1404 2443 1469 2477 ex
1490 2427 1716 2492 inscitia,
1771 2429 1874 2481 sive
1905 2431 2029 2497 quod

132 2507 191 2557 ab
217 2524 274 2557 eo
305 2508 479 2558 dictum
509 2517 613 2558 erat
640 2509 833 2559 minime
863 2509 1214 2578 percepissent,
1243 2518 1290 2561 et
1311 2511 1368 2561 ab
1401 2528 1460 2561 eo
1490 2512 1694 2579 digressi
1717 2531 1838 2580 quae
1867 2515 2030 2565 audie-

131 2601 241 2642 rant
282 2592 504 2660 dogmata
546 2594 898 2661 praedicarent.
975 2593 1157 2646 Verum
1206 2595 1263 2644 de
1302 2597 1679 2664 supervacaneis
1715 2598 1845 2649 hisce
1885 2616 2030 2666 quae-

131 2677 368 2728 stionibus
399 2676 650 2727 haetenus,
706 2675 825 2728 Illud
855 2696 972 2729 vero
1003 2679 1211 2729 lectores
1239 2697 1407 2730 omnes
1436 2680 1768 2733 intellecturos
1800 2683 2027 2747 arbitror,

131 2761 260 2811 nulla
290 2778 377 2811 nos
419 2769 500 2812 aut
527 2760 707 2811 invidia
748 2771 828 2811 aut
868 2762 978 2812 odio
1016 2763 1062 2812 in
1106 2762 1345 2814 homiuem
1379 2781 1490 2816 esse
1534 2775 1820 2818 commotos.
1899 2767 2031 2819 lstud

132 2846 257 2896 enim
286 2845 503 2914 inprimis
534 2854 749 2913 optamus
781 2863 836 2895 ac
863 2846 1085 2914 petimuS,
1114 2855 1166 2897 ut
1192 2865 1252 2897 ne
1281 2848 1337 2898 ab
1367 2849 1569 2899 ecclesia
1593 2846 1774 2901 Christi
1804 2861 1945 2919 atque
1971 2853 2028 2902 ab

131 2930 419 2981 suavissima
462 2931 659 2980 fratrum
706 2928 939 2980 societate
968 2931 1246 2994 divellatur,
1302 2933 1387 2982 sed
1433 2942 1485 2983 ut
1528 2935 1760 2986 eiusmodi
1796 2935 2028 3003 dogmatis

132 3013 326 3064 nimium
366 3014 572 3065 studium
614 3014 1064 3081 contentionemque
1095 3016 1330 3084 deponat,
1372 3034 1428 3066 ac
1455 3035 1564 3069 sese
1596 3020 1654 3069 ad
1690 3020 1887 3070 meliora
1916 3038 2030 3070 con-

131 3106 310 3163 vertat,
350 3098 476 3150 sicut
500 3097 727 3167 scriptum
758 3108 854 3160 est,
884 3102 1143 3159 Revertere,
1176 3110 1424 3161 revertere,
1460 3106 1732 3163 Sunamz'tz‘s,
1775 3114 2021 3165 revertere,
2045 3116 2197 3162 canna,
2215 3118 2267 3153 12.

131 3192 180 3232 et
216 3185 462 3232 videbimus
502 3187 548 3232 in
590 3193 648 3232 te.
725 3181 895 3233 Redeo
935 3183 1027 3233 iam
1067 3184 1125 3233 ad
1151 3182 1196 3233 id
1227 3186 1351 3252 quod
1389 3185 1525 3236 initio
1554 3204 1926 3255 proposueram,
1981 3197 2028 3239 et

134 3268 259 3336 quod
300 3284 604 3333 consequens
643 3275 717 3317 est
753 3276 985 3317 attexam.

269 3350 435 3420 Negat
471 3368 497 3402 a
541 3348 737 3403 Christo
776 3353 1036 3420 perfectam
1080 3350 1284 3402 hominis
1325 3363 1543 3405 naturam
1590 3373 1700 3406 esse
1738 3365 2022 3424 susceptam.
2104 3374 2202 3425 cap,

133 3433 235 3487 lmo
265 3445 313 3487 et
343 3436 597 3487 nonnullos
632 3437 689 3488 ab
720 3437 846 3487 omni
874 3453 955 3503 spe
985 3435 1154 3486 salutis
1186 3437 1364 3502 deiieit,
1405 3439 1719 3490 vehementer
1749 3440 1856 3491 illos
1884 3441 2025 3493 terri·
2103 3430 2207 3472 XX·

188 3633 226 3673 2.
252 3635 406 3673 Manem
431 3629 525 3686 παρ’
553 3630 724 3680 ἑαυτοὺς
752 3636 831 3674 sive
849 3628 942 3685 παρ’
973 3628 1047 3673 αὗ-
1160 3633 1198 3675 3.
1228 3635 1396 3673 Alterum
1432 3636 1500 3674 hoc
1531 3633 1754 3690 ἐπίστρεφε
1789 3639 2030 3679 desideratur

133 3686 239 3736 τοὺς.
303 3692 511 3730 Cor-narius
531 3693 640 3730 vertit
660 3697 729 3728 aut
752 3704 774 3729 a
799 3704 841 3728 se
867 3689 963 3742 ipsis
985 3703 1044 3727 re·
1105 3692 1144 3729 in
1174 3691 1262 3729 edit.
1292 3693 1425 3730 Petav.

135 3752 344 3785 censentes
360 3760 407 3784 ac
422 3745 681 3798 proferentes
695 3745 852 3785 turbam
872 3758 1050 3784 commo·
1162 3743 1199 3785 4.
1251 3750 1485 3799 σουμανῐτις
1522 3749 1604 3788 cod.
1647 3750 1725 3790 len.
1796 3749 2030 3804 σουμανίτις

133 3809 292 3841 verunt.
350 3803 532 3842 Petavius
559 3804 709 3842 volebat
736 3798 829 3855 παρ’
859 3797 997 3843 αὐτοῦ.
1108 3803 1194 3841 edit.
1223 3805 1346 3852 princ.
