2508 4134
522 282 748 325 umen
777 282 883 323 Lm.
907 281 980 321 111.
1003 281 1140 322 ΤοΜ.
1162 282 1193 321 1.
1223 280 1607 322 HAER.Lxxl11.
1918 265 2014 318 139

116 383 299 435 alienos
324 398 353 433 a
381 380 551 445 nobiS,
605 380 688 431 sed
719 395 978 448 germanos
1016 394 1125 429 esse
1154 395 1524 445 cognoscamus,
1597 374 1770 428 Potest
1804 374 1929 426 enim
1970 381 2018 425 et

115 484 200 519 aes
224 483 374 530 auro,
425 474 474 517 et
501 472 703 532 argento
733 472 985 525 stannum,
1043 470 1091 511 et
1119 462 1249 511 ferro
1279 462 1516 529 plumbum
1559 461 1727 512 similis
1765 476 1873 511 esse
1904 458 2016 509 sub-

115 550 340 602 stantiae.
418 546 518 601 Sed
555 566 643 600 nos
673 556 836 599 vestra
874 546 956 597 illa
997 562 1246 614 perperam
1285 544 1559 611 excogitata
1608 562 1662 594 ae
1691 543 2019 595 fraudulenter

119 633 327 686 conficta
375 641 645 684 commenta
689 649 784 682 non
832 630 1015 681 fallent..
1103 626 1232 679 Nam
1279 628 1352 691 si,
1406 628 1541 678 utin
1579 646 1794 678 errorem
1833 627 2018 695 aliquos

115 717 370 787 impellatis
388 756 401 781 ,
442 718 611 767 inanes
639 715 826 784 species
856 712 1304 781 commentitiasque
1332 711 1588 779 quaeritiS,
1631 720 1680 762 et
1704 711 2019 763 consubstan-

94 802 276 869 ,tialem
317 809 572 870 propterea
601 798 767 850 vocari
807 816 902 850 non
932 806 1157 867 oportere
1187 795 1470 858 defenditis,
1524 811 1583 845 ne
1622 795 1769 845 filium
1803 813 1907 846 cum
1938 812 2020 864 pa-

115 894 189 936 tre
208 924 222 948 ,
262 893 312 935 et
335 885 551 953 spiritum
581 892 796 935 sanctum
825 900 929 933 cum
964 891 1166 949 utroque
1194 879 1573 943 confundamus,
1628 896 1687 929 ne
1716 879 1803 929 hac
1833 878 2019 946 quidem

115 970 164 1020 in
202 977 336 1038 parte
374 976 574 1035 possunt
602 966 844 1018 mendacia
874 975 1039 1017 vestra
1078 965 1365 1016 consistere.
1439 962 1555 1015 Non
1588 963 1710 1014 enim
1739 967 1881 1012 simul
1913 966 2021 1013 sub-

115 1056 396 1112 stantialem,
439 1051 524 1102 sed
551 1053 985 1101 consubstantialem
1013 1048 1233 1114 dicimuS,
1275 1066 1334 1099 nc
1362 1048 1536 1116 aliquid
1568 1047 1809 1098 diversum
1839 1065 1866 1097 a
1890 1057 2022 1115 patre

116 1138 458 1207 profiteamur,
517 1136 603 1186 sed
645 1135 782 1186 deum
812 1151 878 1185 ex
905 1136 994 1185 deo
1025 1151 1141 1185 vere
1171 1133 1413 1201 genitum,
1452 1150 1546 1183 non
1579 1132 1801 1195 aliunde,
1844 1148 1932 1181 nce
1961 1148 2024 1181 ex

117 1221 294 1283 nihilo,
346 1221 431 1271 sed
468 1237 493 1270 a
528 1229 661 1288 patre
707 1219 812 1270 sine
857 1227 1074 1287 tempore
1113 1227 1162 1269 et
1199 1217 1336 1268 initio
1375 1225 1422 1267 et
1454 1215 1780 1284 inexplicabili
1821 1216 2023 1282 quadam

116 1306 306 1357 ratione
349 1305 630 1373 productum
672 1320 726 1354 ac
768 1303 1012 1371 genitum3
1066 1303 1144 1370 qui
1186 1319 1378 1371 semper
1406 1319 1510 1352 cum
1541 1309 1677 1370 patre
1709 1299 1884 1362 fuerit,
1937 1315 2026 1350 nec

118 1406 227 1440 esse
270 1390 555 1457 quandoque
595 1387 800 1438 desinat.
879 1385 1106 1439 Genitum
1139 1404 1312 1455 porro,
1366 1403 1459 1436 non
1490 1402 1770 1453 germanum
1806 1384 2023 1447 fratrem,

119 1491 214 1524 non
253 1491 414 1524 avum.
491 1471 616 1524 Nam
658 1473 774 1522 haec
813 1471 1074 1540 particula,
1118 1474 1238 1531 Con,
1282 1470 1568 1540 hypostases
1602 1470 1748 1532 ‹luaS,
1790 1485 1880 1518 nee
1910 1468 2026 1518 alie·

118 1574 205 1608 nas
248 1566 418 1608 natura
455 1556 716 1624 significat.
793 1554 932 1607 Unde
973 1564 1021 1606 et
1050 1555 1269 1607 veritatis
1308 1549 1438 1605 velut
1477 1570 1634 1605 nexus
1674 1571 1729 1604 ac
1759 1552 2023 1616 vinculum,

119 1658 215 1692 non
243 1641 348 1692 sine
372 1639 532 1692 >sancti
568 1641 764 1708 spiritus
790 1640 976 1703 afflatu,
1031 1656 1117 1709 per
1153 1640 1339 1690 illorum
1381 1656 1465 1689 ora
1512 1639 1590 1707 qui
1622 1638 1760 1708 primi
1800 1645 2026 1688 auctores

120 1726 315 1776 fuerunt
338 1734 412 1775 est
438 1725 486 1775 in
514 1742 571 1776 ea
598 1742 715 1775 voce
744 1725 1076 1774 constitutum.
1152 1722 1304 1775 Vides
1333 1723 1478 1790 igitur
1506 1723 1683 1774 nullum
1712 1723 1804 1773 iam
1834 1721 1917 1772 tibi
1945 1739 2026 1771 eo-

106 1804 271 1861 'lorem
298 1817 380 1860 aut
405 1809 615 1878 speciem
646 1825 754 1859 esse
781 1808 1041 1875 reliquam,
1085 1825 1239 1876 neque
1272 1808 1506 1858 adversus
1535 1807 1854 1858 orthodoxam
1885 1806 2027 1856 fidem

120 1894 292 1945 merito
334 1910 476 1962 posse
503 1894 825 1955 contendere,
880 1893 959 1943 vel
1002 1909 1086 1943 eos
1115 1892 1398 1960 perturbare
1443 1890 1520 1959 qui
1550 1891 1720 1942 falsum
1751 1891 1864 1941 illud
1895 1900 2026 1941 tuum

122 1995 150 2029 a
195 1986 240 2028 te
292 1978 538 2028 decretum
576 1995 633 2028 ac
681 1994 954 2027 sermonem
1007 1977 1309 2045 acceperint,
1368 1976 1408 2026 si
1459 1976 1565 2044 quis
1615 1975 2028 2026 consubstantiale

121 2078 354 2130 usurpare
383 2061 516 2126 velit,
558 2062 891 2113 confusionem
919 2062 1152 2128 quandam
1182 2061 1230 2111 in
1264 2060 1512 2110 divinitate
1547 2059 1789 2110 confiteri.
1852 2058 2027 2127 Neque

122 2145 247 2198 enim
277 2146 479 2215 amplius
510 2145 633 2196 istud
668 2145 878 2196 obiicere
912 2154 1068 2214 potes,
1147 2143 1334 2214 Quippe
1369 2147 1785 2194 Consubstantz’ezlzls
1822 2144 1900 2194 illa
1930 2161 2030 2195 vox

122 2231 241 2282 duos
281 2231 511 2298 quosdam
554 2230 828 2297 significat,
882 2230 1144 2297 eademqne
1189 2230 1311 2280 haud
1351 2229 1553 2280 alienam
1588 2246 1612 2278 a
1645 2238 1776 2298 patre
1813 2228 2028 2279 sobolem

123 2331 233 2366 esse
263 2315 578 2366 demonstrat.
654 2313 732 2365 Tu
768 2331 884 2365 vero
923 2317 1274 2374 homoeousion,
1331 2314 1422 2364 hoc
1458 2322 1533 2364 est
1569 2316 1828 2363 substantia
1859 2315 2025 2373 simile,

123 2408 453 2462 commentus,
506 2399 707 2467 primum
738 2399 840 2467 ipso
877 2402 1035 2459 Usz'ae,
1091 2399 1180 2449 hoc
1212 2407 1285 2449 est
1311 2400 1626 2458 substantiae,
1682 2397 1916 2449 vocabulo
1955 2414 2032 2448 re-

123 2483 333 2548 felleriS,
386 2483 557 2534 deinde
599 2492 678 2532 tua
709 2491 755 2533 te
783 2483 861 2534 illa
889 2484 1198 2551 discrepans,
1255 2500 1343 2533 nec
1382 2491 1739 2546 consentanea,
1795 2482 2031 2552 professio

123 2569 440 2630 condemnat,
496 2584 602 2617 cum
633 2584 729 2617 non
770 2584 827 2618 ea
861 2567 991 2618 dicas
1022 2585 1141 2635 quae
1170 2567 1383 2630 sentias,
1440 2568 1525 2618 sed
1555 2584 1677 2636 quae
1708 2567 1859 2619 sentis
1889 2568 2029 2631 false,

123 2671 179 2704 ac
205 2653 504 2707 mendaciter
534 2651 728 2701 doceas.
804 2649 997 2701 Etenim
1040 2651 1080 2702 si
1123 2651 1179 2701 ab
1217 2652 1321 2721 ipso
1350 2660 1485 2720 patre
1517 2670 1611 2703 non
1647 2661 1722 2704 est
1753 2652 1947 2702 omnino
1975 2651 2031 2702 fi-

122 2737 243 2800 lius,
302 2737 387 2786 sed
435 2734 745 2786 nihilominus
794 2734 963 2786 similis
1018 2744 1122 2799 est,
1183 2754 1211 2787 a
1250 2738 1454 2787 veritate
1507 2737 1758 2805 plurimum
1808 2737 2027 2787 aberras.

123 2819 250 2872 Nam
295 2836 593 2888 quacumque
623 2820 809 2869 demum
837 2835 902 2869 ex
937 2819 1134 2870 materia
1167 2820 1365 2888 quilibet
1405 2838 1690 2890 expressum
1731 2822 1933 2872 alicuius
1966 2822 2030 2871 si-

124 2906 389 2956 mulacrum
426 2920 603 2955 ornare
629 2903 866 2966 voluerit,
920 2921 1159 2971 nunquam
1189 2905 1301 2954 illud
1329 2923 1434 2955 cum
1463 2906 1729 2974 exemplari
1761 2906 1865 2975 ipso
1892 2906 2033 2955 adae-

125 3006 272 3057 quare
327 2989 521 3057 poterit.
610 2986 701 3038 Est
737 2987 862 3037 enim
911 2996 1182 3039 structurae
1225 2998 1366 3056 atque
1414 2989 1686 3040 effectionis
1725 3007 1842 3058 opus
1897 2990 2028 3040 illud.

127 3072 267 3141 Quod
307 3081 465 3124 autem
508 3073 567 3123 ab
600 3072 758 3139 aliquo
794 3071 1038 3139 gignitur,
1088 3071 1290 3140 idipsum
1330 3074 1388 3123 ad
1434 3073 1479 3123 id
1531 3075 1654 3124 unde
1682 3075 1892 3142 gignitur
1921 3091 2031 3141 ger-

127 3157 369 3208 manitatis
411 3174 527 3208 suae
567 3156 770 3207 similem
803 3164 850 3205 et
887 3156 1134 3223 aequalem
1182 3159 1380 3207 formam
1420 3158 1615 3208 retinet.
1707 3156 2029 3224 Quamobrem

125 3242 164 3293 si
204 3243 260 3291 ab
289 3242 394 3310 ipso
441 3250 576 3309 patre
606 3259 702 3291 non
732 3249 806 3291 est
831 3240 1052 3307 genituS,
1109 3249 1157 3290 et
1182 3250 1321 3292 extra
1350 3242 1502 3310 ipsum
1534 3250 1634 3305 est,
1676 3241 1786 3291 licet
1813 3240 2033 3291 similitu-

127 3328 285 3376 dinem
325 3326 559 3394 quandam
597 3325 925 3386 substantiae,
980 3324 1111 3374 velut
1142 3325 1486 3392 gratificando,
1547 3325 1756 3386 tribuas,
1799 3324 1913 3375 nihil
1944 3325 2032 3394 ipsi

126 3410 336 3478 largiris,
386 3411 469 3460 sed
500 3409 559 3460 ab
596 3410 699 3460 eius
740 3409 962 3460 excidisti
1007 3409 1181 3474 gratia.
1261 3412 1354 3472 Qui
1381 3414 1498 3458 enim
1535 3428 1625 3458 non
1657 3412 1857 3459 honorat
1870 3413 2032 3476 filium
2056 3421 2285 3465 Ioann.5‚28.

125 3498 249 3543 sicut
273 3497 475 3543 honorat
495 3504 701 3559 patrem,
756 3499 828 3543 ἱνα
855 3497 933 3542 dei
954 3502 1107 3541 manet
1130 3496 1176 3541 z‘n
1206 3496 1377 3557 ipsum,
1432 3493 1496 3543 ait
1526 3501 1720 3543 sanctus
1754 3496 2031 3562 apostolus:

125 3577 269 3642 item,
309 3582 458 3627 Eoez‘vz'
487 3588 697 3643 apatre,
737 3589 782 3627 et
808 3582 951 3636 vado,
1004 3577 1081 3627 ille
1122 3576 1222 3642 ipse
1260 3577 1480 3626 nimirum
1523 3577 1600 3644 qui
1640 3577 1793 3641 dixit,
1843 3583 1949 3643 Ego
1986 3584 2032 3629 in

119 3672 258 3727 patre
291 3672 341 3711 et
365 3672 504 3727 pater
549 3666 595 3711 z'n
633 3681 728 3722 me,·
786 3671 881 3713 tum
923 3661 1063 3713 illud:
1114 3663 1346 3727 Plzz'lz’ppe,
1402 3665 1488 3726 qui
1518 3665 1639 3711 videt
1673 3680 1768 3725 me,
1824 3667 1945 3716 videt
1980 3673 2027 3715 et

121 3755 318 3812 patrem.

2099 3570 2226 3604 Ioann.

2112 3614 2146 3655 3,
2169 3612 2221 3646 36.

2095 3653 2223 3687 Ioann.

2092 3697 2145 3737 16,
2168 3696 2223 3729 28.

2092 3737 2218 3772 loann.

2089 3779 2144 3823 14,
2168 3780 2221 3816 10.
