2508 4134
433 262 534 313 760

431 369 632 412 Ieiunium
676 376 846 424 quartae
887 377 930 410 et
972 375 1113 410 sextae
1154 367 1285 409 feriae
1323 368 1366 409 in

489 440 663 482 ecclesia
693 443 789 480 910.
826 464 880 471 -
939 439 992 481 de
1023 454 1074 481 eo
1109 439 1367 495 apostolicae

456 534 460 539 ·
490 510 808 553 constitutiones
837 509 936 551 ibid.

432 581 588 622 Ieiunia
617 580 863 622 Iudaeorum
894 584 988 624 159.

431 652 558 694 Ielxei
597 651 992 708 pseudoprophetae
1035 667 1214 709 nornen,
1259 653 1369 695 unde

489 723 721 764 derivatum
748 727 819 763 41.

432 794 604 850 Iephtae
633 793 719 835 filia
748 794 907 836 Sicimis
938 795 1114 846 colitur,=
1133 797 1243 838 unde
1272 797 1370 838 ido-

487 864 655 906 lolatria
679 865 814 906 fertur
841 866 1082 921 profluxisse
1108 870 1231 910 1055.

433 937 544 977 Iesus
575 950 657 991 quo
686 944 878 992 tempore
909 946 972 978 est
1000 938 1230 994 baptizatus
1274 944 1369 982 439.

433 1007 545 1047 Iesus
576 1006 676 1062 quid
704 1007 909 1062 significet
939 1010 1129 1052 Hebraee
1162 1014 1256 1052 120.

434 1078 545 1118 Iesus
574 1078 759 1119 secundo
790 1080 969 1135 losepho
998 1090 1174 1137 apparet
1204 1085 1297 1123 133.

433 1148 543 1203 Ignis
587 1157 630 1189 et
670 1163 776 1204 aqua
815 1165 891 1205 per
920 1165 1041 1207 quam
1083 1152 1280 1195 transitus
1310 1153 1370 1206 fit,

492 1219 704 1275 quomodo
733 1221 929 1276 explicari
959 1223 1092 1277 possit
1122 1227 1218 1266 570.

434 1290 574 1332 Inachi
603 1305 756 1332 nomen
789 1291 931 1334 datum
959 1293 1086 1336 fluvio
1116 1299 1184 1336 11.

433 1362 608 1425 Inachus
637 1370 827 1418 tempore
858 1364 1014 1420 Moysis
1039 1366 1151 1421 apud
1191 1368 1373 1410 Graecos

493 1436 561 1473 11.

434 1506 621 1546 Incertus
663 1512 808 1547 auctor
838 1506 903 1547 cit.
953 1504 998 1561 (ἆ
1022 1507 1218 1562 κρείττων
1249 1508 1374 1565 ἐμοῦ)

494 1579 561 1624 64,
589 1579 629 1616 8.
661 1584 704 1616 et
734 1580 803 1617 67.
835 1585 877 1618 et
911 1581 976 1618 70.

436 1647 645 1688 Indiculus
698 1647 835 1688 brevis
889 1648 1117 1691 haereseon
1185 1666 1290 1708 quae
1331 1653 1373 1694 in

492 1727 610 1759 sexto
637 1726 755 1759 tomo
785 1719 1063 1773 continentur,
1093 1722 1134 1762 in
1163 1737 1245 1778 quo
1269 1724 1372 1766 hae·

491 1804 602 1830 reses
630 1797 727 1830 sunt
755 1799 915 1846 septem
946 1794 1027 1832 808
1059 1801 1100 1833 et
1131 1796 1225 1836 809.

436 1859 646 1901 Indiculus
677 1861 893 1902 continens
921 1863 1157 1905 octodecim
1186 1865 1374 1908 haereses

494 1932 600 1972 tomi
631 1932 761 1987 quarti
795 1936 890 1973 396.
923 1937 1016 1974 397.
1050 1938 1147 1976 398.

438 2001 647 2044 Indiculus
677 2003 892 2044 continens
922 2020 1121 2048 summam
1149 2008 1377 2051 haereseon

494 2074 610 2115 tertii
642 2074 776 2125 tomi,
822 2089 926 2130 quae
954 2091 1125 2119 numero
1159 2088 1254 2120 sunt
1283 2088 1369 2121 tre·

497 2145 632 2186 (le-cim
663 2149 758 2188 229.

442 2217 647 2258 Indiculus
689 2218 917 2260 haereseon
968 2234 1072 2276 quae
1117 2220 1379 2263 continentur

498 2297 615 2330 tomo
645 2289 817 2344 quinto,
846 2290 888 2331 in
922 2305 1002 2347 quo
1030 2292 1222 2333 haereses
1253 2294 1378 2349 quin-

498 2375 578 2416 que
608 2370 874 2402 numerantur
903 2365 983 2403 605
1016 2372 1058 2404 et
1088 2366 1184 2405 606.
1260 2387 1261 2390 =

441 2431 646 2473 Indiculus
688 2432 914 2475 haereseon
967 2448 1070 2490 quae
1114 2443 1381 2476 contuentur

496 2511 612 2543 tomo
641 2503 821 2558 septimo
865 2512 907 2544 et
934 2496 1030 2545 sunt
1072 2520 1243 2547 numero
1273 2520 1378 2562 qua-

497 2581 595 2615 tuor
624 2577 718 2614 993.

443 2645 622 2700 Ingeniti
663 2659 813 2686 nomen
842 2644 884 2686 in
914 2645 1126 2701 scripturis
1157 2661 1242 2688 non
1270 2646 1380 2703 legi-

500 2726 569 2757 tur
604 2719 699 2757 941.

445 2790 618 2830 Ioannes
633 2802 705 2829 cur
721 2788 977 2843 evangelium
991 2789 1201 2844 scripserit
1215 2793 1312 2831 433.
1327 2814 1379 2822 -

503 2859 669 2916 quando
710 2867 752 2899 et
794 2874 872 2915 qua
912 2869 1049 2901 aetate
1090 2861 1271 2902 scribere
1310 2861 1380 2902 in-

504 2930 640 2985 coepit
671 2934 766 2971 344.
800 2955 850 2961 —
908 2931 984 2972 sub
1029 2931 1200 2972 Cocceio
1242 2933 1381 2974 Nerva

502 3010 721 3043 revocatus
751 3010 815 3042 est
842 3002 894 3043 ab
924 3002 1047 3043 exilio
1076 3002 1175 3044 ibid.
1207 3027 1259 3034 —
1303 3018 1380 3044 ve-

501 3087 592 3114 rum
622 3082 783 3128 tempus
813 3081 855 3114 et
884 3073 1125 3129 mysterium
1155 3074 1382 3115 nativitatis

507 3143 658 3185 Christi
687 3143 890 3198 evangelii
917 3144 978 3184 sui
1008 3144 1180 3188 exordio
1222 3146 1383 3201 aperuit

503 3214 603 3255 ibid.
636 3223 679 3256 et
707 3218 804 3256 435.
885 3208 895 3217 '

447 3286 612 3327 Ioannis
642 3286 816 3328 historia
837 3286 1035 3329 Ebionem
1064 3287 1106 3328 in
1134 3288 1285 3330 balneo
1311 3289 1384 3329 fu-

505 3356 654 3411 gientis
674 3389 684 3408 ‚
711 3372 765 3399 ne
797 3374 888 3400 curn
918 3373 968 3400 eo
997 3359 1156 3400 lavaret
1186 3364 1281 3400 148.

450 3427 614 3469 Ioannis
657 3430 865 3482 quomodo
895 3445 977 3471 vox
1017 3430 1200 3482 dicatur,
1247 3430 1379 3486 expli·

508 3510 624 3542 catur
656 3505 747 3542 764.

451 3573 614 3613 Ioannis
658 3572 912 3627 evangelium
941 3571 1199 3613 divinitatem
1233 3572 1384 3614 Christi

507 3651 603 3683 ante
633 3643 770 3684 omnia
802 3643 959 3684 detexit
990 3647 1069 3684 747

451 3713 616 3752 Ioannis
646 3714 855 3768 Baptistae
897 3714 950 3755 de
985 3714 1149 3756 Christo
1189 3714 1384 3756 testimo—

451 3813 454 3816 *
508 3782 621 3822 nium
649 3786 744 3824 516.

453 3851 619 3897 Ioannis
661 3854 914 3910 evangelium
958 3864 998 3908 et
1029 3859 1132 3897 Acta
1162 3855 1380 3911 apostolo—

1186 269 1247 311 IN
1250 267 1370 311 DEX
1396 268 1610 315 RERUM.

1479 385 1569 411 rum
1599 385 1622 411 e
1654 370 1815 411 Graeco
1856 370 1900 412 in
1930 371 2178 415 Hebraicum
2215 378 2358 414 trans-
2407 426 2417 431 x

1480 434 1564 482 lata
1593 455 1826 482 sermonem
1866 442 1909 483 in
1953 435 2194 486 Iudaeorum
2230 457 2359 499 gazo-

1480 511 1683 567 phylaciis
1713 512 1869 553 servari
1899 516 1994 554 127.

1427 585 1595 624 Ioannes
1628 583 1813 638 Baptista
1854 598 1927 625 cur
1968 583 2158 626 arundini
2186 599 2360 640 compa-

1481 661 1593 695 ratus
1642 661 1686 693 et
1730 653 1986 696 mollioribus
2044 654 2227 696 vestibus
2275 669 2361 697 non

1484 732 1672 764 uteretur
1700 728 1767 766 88.
1797 749 1853 757 -
1910 740 1982 767 cur
2021 725 2154 767 maior
2179 723 2254 767 illo
2293 725 2362 782 qni

1483 794 1617 835 minor
1648 803 1711 835 est
1738 794 1780 836 in
1809 810 1941 851 regno
1971 796 2181 838 coelorum
2211 800 2279 840 89.

1428 867 1603 906 Ioannes
1633 866 1887 920 evangelium
1914 867 2125 923 quomodo
2153 867 2364 924 scripserit

1484 939 1582 977 441.

1433 1007 1520 1048 lobi
1549 1007 1792 1062 genealogia
1823 1011 1891 1048 10.

1432 1078 1595 1134 Iosephi
1636 1078 1810 1119 historia
1852 1093 1902 1120 ex
1931 1079 2152 1136 Epiphanii
2192 1088 2364 1123 senten-

1486 1149 1544 1189 tia
1576 1151 1699 1190 1039.
1733 1173 1781 1180 -
1842 1150 2015 1191 Iacobus
2055 1150 2140 1192 eius
2179 1151 2285 1194 filius
2316 1166 2367 1195 ex

1486 1219 1626 1274 priore
1656 1234 1810 1271 uxore,
1859 1219 1930 1276 qui
1974 1230 2018 1263 et
2049 1220 2181 1264 frater
2200 1222 2367 1267 ,domini

1487 1289 1704 1332 dicebatur
1731 1291 1831 1332 ibid.

1432 1361 1631 1416 Iosephus
1684 1363 1972 1418 octogenarius
2023 1364 2197 1406 Mariam
2255 1365 2369 1408 ducit

1491 1435 1612 1472 1040.

1434 1504 1633 1560 Iosephus
1662 1504 1828 1561 quando
1856 1513 2044 1547 mortuus
2077 1510 2217 1549 1042.4

1433 1576 1629 1631 Iosephus
1654 1577 1844 1631 princeps
1873 1577 2119 1619 ludaeorum
2146 1579 2194 1620 fit
2225 1579 2370 1621 Comes

1489 1662 1512 1688 a
1544 1648 1820 1690 Constantino
1849 1649 2004 1703 Magno
2035 1652 2130 1690 135.
2167 1674 2216 1682 —
2258 1650 2370 1692 idem

1488 1718 1540 1759 ab
1582 1720 1837 1774 imperatore
1867 1719 2064 1775 impetrat
2101 1728 2145 1762 ut
2174 1720 2371 1763 ecclesiae

1487 1790 1529 1830 in
1574 1790 1777 1831 honorem
1830 1790 1982 1831 Christi
2027 1791 2069 1832 in
2127 1791 2370 1834 ludaeorum

1489 1861 1652 1917 oppidis
1684 1869 2021 1903 construerentur
2050 1866 2144 1906 136.

1436 1933 1629 1989 Iosephus
1659 1947 1783 1973 senex
1814 1933 2101 1989 octogenarius
2140 1933 2371 1990 desponsa-

1489 2013 1555 2045 tus
1575 2004 1730 2046 Mariae
1755 2004 1924 2059 virginis
1948 2019 2020 2045 sex
2046 2019 2069 2045 e
2094 2005 2223 2060 priori
2243 2012 2371 2047 uxore

1490 2074 1661 2116 sublatis
1712 2075 1827 2116 libris
1845 2107 1855 2125 ,
1908 2089 1986 2116 nec
2035 2076 2373 2118 consuetudinem

1490 2146 1634 2187 habuit
1665 2161 1755 2187 cum
1785 2146 1915 2188 Maria
1957 2149 2055 2189 432.
2091 2171 2140 2178 -
2199 2162 2270 2189 cur
2301 2156 2369 2190 ta-

1491 2232 1586 2259 men
1632 2218 1694 2258 vir
1726 2217 1882 2258 Mariae
1926 2217 2158 2272 appellatus
2197 2218 2298 2260 ibid.
2331 2227 2375 2261 et

1491 2292 1588 2330 433.
1624 2313 1673 2320 -
1731 2287 1806 2329 sed
1835 2288 2002 2329 nomine
2031 2297 2152 2329 tenus
2181 2292 2280 2331 433.

1438 2360 1635 2415 Iosephus
1659 2359 1859 2414 templum
1885 2359 1994 2414 apud
2018 2359 2190 2401 Iudaeos
2210 2361 2372 2404 Christo

1492 2446 1651 2473 sacrum
1677 2430 1829 2472 extruit
1844 2445 1928 2471 non
1950 2431 2038 2471 sine
2058 2430 2256 2473 miraculo
2277 2435 2372 2474 186.

1439 2502 1636 2558 Iosephus
1663 2517 1714 2542 ne
1735 2502 1787 2543 ab
1816 2501 1976 2543 Arianis
2009 2502 2266 2554 initiaretur,
2295 2504 2375 2546 fie-

1493 2582 1637 2629 retque
1667 2574 1898 2628 episcopus,
1930 2573 2133 2615 secundas
2166 2576 2375 2617 contraxit

1492 2645 1656 2700 nuptias
1686 2647 1782 2685 129.

1441 2716 1638 2771 Iosephus
1679 2716 1809 2757 vicem
1849 2716 1979 2772 patris
2012 2715 2162 2758 Christi
2190 2718 2376 2772 gerebat,

1493 2787 1568 2828 sed
1610 2802 1655 2828 re
1699 2802 1797 2829 vera
1841 2802 1927 2829 non
1970 2796 2059 2828 erat
2102 2788 2210 2830 illius
2255 2797 2377 2845 pater

1497 2862 1592 2899 155.

1440 2931 1638 2985 Iosephus
1669 2944 1692 2970 a
1724 2929 1883 2971 Iudaeis
1921 2930 2029 2971 male
2059 2929 2256 2971 multatur
2285 2945 2376 2972 cum

1494 3016 1572 3056 pro
1603 3001 1684 3042 fide
1713 3016 1855 3056 passus
1886 3010 1950 3043 est
1980 3004 2073 3042 135.

1443 3065 1603 3127 losephi
1648 3073 1807 3114 comitis
1836 3073 2010 3116 historia
2052 3072 2154 3114 dicti
2183 3071 2375 3115 Tiberia-

1497 3143 1633 3184 densis
1665 3147 1762 3185 128.

1442 3216 1616 3271 Iosepho
1646 3215 1718 3256 filii
1748 3216 1915 3257 fuerunt
1945 3230 1995 3257 ex
2024 3215 2104 3257 alia
2134 3229 2261 3257 uxore
2289 3227 2373 3255 non

1497 3302 1546 3327 ex
1570 3287 1728 3341 virgine
1758 3288 1913 3339 Maria,
1944 3295 2114 3328 auctore
2144 3284 2373 3340 Epiphanio

1498 3361 1593 3398 115.

1443 3432 1632 3470 irenaeus
1661 3429 1771 3470 inter
1802 3428 1944 3470 Gallos
1975 3428 2127 3482 degens
2154 3429 2246 3466 174.

1444 3503 1630 3541 irenaeus
1661 3499 1825 3554 scripsit
1855 3508 1996 3540 contra
2024 3496 2240 3538 Basilidem
2260 3496 2373 3537 eius-

1497 3586 1576 3627 que
1604 3571 1804 3612 haeresim
1838 3574 1903 3611 73.

1444 3645 1556 3683 Isaac
1584 3642 1656 3682 filii
1686 3641 1768 3681 duo
1802 3643 1906 3682 Esau
1934 3647 1977 3680 et
2007 3637 2130 3679 Iacob
2161 3640 2198 3678 9.

1443 3716 1600 3755 isaacus
1629 3720 1725 3768 post
1753 3717 1964 3765 susceptos
1994 3708 2145 3749 liberos
2177 3723 2267 3750 cum
2286 3710 2372 3750 Re-

1496 3784 1648 3834 becca,
1682 3796 1764 3824 non
1796 3781 1969 3835 amplius
2010 3779 2227 3821 consuevit
2259 3782 2372 3821 1054
