2528 4134
70 1126 73 1128 ’
123 1118 548 1198 ΙΝΒῙΟῙΙΕΠΞ
611 1118 1116 1193 HAERESEON,
1185 1118 1389 1195 QUAE
1448 1119 1528 1178 IN
1587 1118 1742 1179 Hoc
1800 1119 2044 1180 PRIMO

137 1211 348 1278 ΤΟΜΟ
394 1216 614 1276 LIBRI
657 1216 764 1276 111.
804 1215 1385 1276 CONTINENTUR:
1432 1216 1563 1291 QUI
1605 1216 1757 1276 EST
1802 1216 1910 1276 EX
1941 1218 2050 1277 IN-

262 1312 602 1375 STITUTO
664 1312 1051 1373 TOMORUM
1109 1314 1401 1374 ORDINE
1451 1314 1547 1372 vl.
1635 1314 1715 1373 IN
1776 1313 1926 1390 QUO

387 1411 804 1470 HAERESES
852 1411 1192 1485 SEPTEM,
1237 1405 1798 1471 ANNUMERATIS

722 1508 825 1568 ΕΤ
875 1509 1468 1568 SCHISMATIBUS.

277 1677 312 1725 1.
356 1673 688 1725 Audianorum
730 1674 923 1741 proprie
954 1675 1164 1725 schisma
1196 1693 1252 1725 ac
1281 1675 1516 1737 delectio,
1572 1692 1665 1724 non
1695 1675 1915 1726 haeresis
1954 1684 2047 1726 est.

135 1757 319 1808 Horum
349 1758 471 1808 bene
509 1758 726 1807 instituta
767 1757 960 1807 vivendi
994 1759 1117 1809 ratio
1145 1767 1236 1809 est.
1314 1757 1412 1809 Sed
1445 1775 1629 1825 neque,
1671 1759 1795 1826 qnod
1825 1760 1879 1808 ad
1911 1759 2049 1809 tidem

135 1841 332 1904 attinet,
375 1842 432 1891 ab
463 1841 667 1891 ecclesia
701 1841 932 1890 catholica
962 1842 1271 1892 dissentiunt.
1351 1840 1583 1891 Habitant
1616 1843 1791 1910 majori
1821 1859 1885 1893 ex
1914 1852 2050 1911 parte

134 1925 181 1974 iu
213 1925 538 1975 monasteriis.
616 1924 923 1992 Apocryphis
962 1925 1094 1975 libris
1134 1935 1182 1975 et
1210 1924 1369 1975 multis
1398 1926 1529 1975 etad
1567 1926 1805 1976 fastidium
1847 1926 2051 1977 abutun-

139 2016 233 2057 tur.
312 2005 607 2059 Communes
653 2008 901 2058 nobiscum
940 2009 1186 2058 orationes
1226 2026 1319 2058 non
1362 2008 1556 2058 habent.
1632 2006 1761 2058 Nam
1793 2008 2049 2077 episcopos

138 2100 361 2153 nostros,
417 2109 606 2142 necnon
635 2101 683 2141 et
716 2092 919 2154 diviteS,
977 2091 1194 2158 aliosque
1239 2092 1581 2141 condemnant.
1659 2091 1936 2158 Quinetiam
1968 2110 2050 2160 pa-

137 2175 250 2225 scha
281 2175 501 2244 privatim
532 2176 698 2225 eodem
731 2193 823 2242 quo
856 2172 1017 2224 ludaei
1047 2183 1259 2242 tempore
1290 2175 1557 2224 celebrant.
1636 2172 1728 2225 Est
1754 2183 1803 2224 et
1829 2175 2048 2242 quiddam

137 2258 379 2326 peculiare
413 2259 557 2327 ipsis,
618 2259 741 2325 quod
767 2259 1030 2308 defendunt
1056 2276 1239 2309 summa
1272 2258 1603 2308 contentione.
1682 2255 1872 2327 Quippe
1903 2261 2048 2326 quod,

138 2345 220 2391 Ad
253 2346 524 2406 imaginem,
568 2343 797 2411 scriptum
841 2352 915 2393 est
952 2342 1118 2392 durius
1155 2341 1557 2410 interpretantur.

279 2427 338 2476 ΙΙ.
381 2423 677 2477 photiniani.
754 2424 992 2476 Photinus
1037 2426 1128 2475 iste
1168 2424 1348 2476 Sirmio
1391 2426 1622 2476 oriundus
1663 2426 1721 2476 ad
1767 2424 2049 2476 hodiernum

136 2525 289 2576 usque
330 2516 515 2577 tempus
556 2509 832 2560 oberrabat.
910 2508 1005 2576 Qui
1041 2510 1228 2576 quidem
1275 2511 1442 2560 eadem
1491 2527 1595 2558 cum
1629 2507 1782 2559 Paulo
1821 2508 2051 2560 Samosa-

138 2599 251 2642 teno
289 2593 456 2642 sentit.
532 2591 780 2643 Nonnulla
820 2603 933 2643 sunt
975 2602 1160 2657 tamen,
1221 2593 1266 2643 in
1312 2593 1481 2660 quibus
1522 2592 1580 2643 ab
1620 2593 1791 2642 eodem
1828 2593 2047 2643 dissidet.

139 2672 268 2725 ldem
309 2693 335 2726 e
373 2673 530 2726 Maria
571 2673 819 2727 Christum
858 2675 1042 2726 initium
1084 2676 1271 2744 penitus
1310 2677 1557 2744 accepisse
1597 2685 1756 2744 putat.

279 2761 362 2809 111.
418 2757 745 2811 Marcelliani.
823 2752 1006 2810 Horum
1047 2758 1315 2811 Marcellus
1360 2769 1530 2811 auctor
1574 2759 1765 2822 extitit,
1822 2757 2054 2827 Ancyrae

136 2843 183 2892 in
220 2840 409 2893 Galatia
451 2844 730 2912 episcopm,
788 2845 867 2911 qni
898 2862 1004 2894 cum
1037 2843 1174 2894 initio
1206 2862 1290 2911 pro
1322 2842 1600 2895 Sabelliano
1640 2842 1884 2894 communi
1931 2845 2054 2893 fama

137 2927 383 2977 traductus
422 2936 581 2987 esset,
644 2927 855 2994 seipsum
893 2927 1037 2977 etiam
1079 2928 1259 2995 scripto
1299 2944 1650 2996 saepenumero
1699 2934 1984 2994 purgasset,
2026 2942 2054 2975 a

138 3009 379 3079 plerisque
422 3018 581 3060 tamen
625 3010 856 3060 creditum
901 3011 1059 3061 estad
1094 3013 1286 3061 easdem
1320 3012 1471 3080 ipsum
1516 3009 1770 3078 opiniones
1821 3009 2054 3059 adhaere-

140 3110 297 3144 scere.
376 3091 509 3144 Fieri
547 3102 705 3162 potest
738 3102 788 3144 ut
819 3095 894 3144 vel
924 3093 1027 3161 ipse
1064 3103 1242 3144 mutata
1277 3095 1518 3146 sententia
1557 3094 1805 3144 meliorem
1833 3094 1889 3141 ad
1920 3108 2054 3140 meu-

141 3185 234 3227 tem
286 3194 398 3228 sese
455 3178 790 3242 revocaverit,
848 3177 926 3228 vel
967 3178 1074 3244 ejus
1107 3178 1343 3246 discipuli.
1430 3177 1557 3229 Nam
1602 3194 1690 3244 pro
1726 3175 1941 3242 utrisque
1976 3190 2055 3224 or-

142 3261 339 3311 thodoxi
382 3261 572 3328 quidam
612 3278 722 3311 sese
761 3262 1045 3311 defensores
1084 3261 1498 3329 interposuerunt.

240 3365 242 3367 ·
280 3346 362 3395 lV.
406 3342 718 3396 Semiariani.
798 3341 1044 3396 Christum
1077 3343 1141 3393 illi
1172 3354 1446 3395 creaturum
1479 3360 1590 3394 esse
1614 3342 1807 3403 dicunt,
1856 3340 1940 3391 sed
1973 3357 2053 3391 ca-

140 3424 350 3477 villando
403 3435 565 3479 tamen
609 3436 788 3495 negant
827 3436 1097 3478 ceterarum
1152 3437 1483 3479 creaturarum
1526 3442 1635 3477 esse
1675 3423 1909 3487 similem,
1965 3423 2053 3473 sed

194 3552 265 3590 ΙΠ.
296 3573 351 3582 —-
384 3551 417 3591 1.
449 3547 530 3594 ἀπὸ
561 3565 636 3592 om.
665 3555 747 3592 cod.
779 3554 938 3602 Rhediy.
1173 3547 1211 3592 4.
1243 3549 1342 3603 ὑπὲρ
1374 3549 1452 3605 γὰρ
1484 3550 1565 3592 τῶν
1598 3545 1724 3591 αὐτοῦ
1761 3545 1896 3601 λόγων
1929 3542 2054 3599 ὀρθό-

194 3606 233 3646 2.
279 3603 640 3660 ἀπολογησάμενος
680 3610 735 3648 Io.
774 3610 1064 3658 Damascenus,·
1119 3605 1230 3654 δοξοί
1267 3621 1373 3653 τινες
1407 3606 1527 3660 μέσοι
1554 3602 1972 3658 ὗπεραπελογῆσαντο
1999 3604 2053 3643 Io.

139 3663 242 3711 quod
269 3673 402 3702 verum
429 3664 591 3703 viderur.
1122 3663 1395 3702 Damascenus.

195 3717 222 3757 ὅ
265 3713 524 3769 διορξτώσατο
545 3720 647 3759 editi.
677 3716 991 3771 κατωρῇώσατο
1013 3720 1064 3758 Ιο.
1181 3719 1220 3757 5.
1251 3716 1323 3758 καὶ
1352 3718 1543 3766 Anaceph.

139 3772 415 3813 Damascenus.
1182 3768 1220 3811 6.
1250 3768 1650 3827 ὑπεραπολογοῢνται
1677 3771 1871 3821 Anaceph.

1628 3840 1715 3894 l*
