2508 4134
191 887 276 924 pag.
301 875 375 912 995.

169 1950 279 2005 Κεφ.
303 1946 356 1994 α’.

197 2729 283 2765 pag.
305 2718 379 2754 996.

791 870 929 918 ΤΟΥ
961 870 1073 918 ΕΝ
1100 870 1347 919 ΑΓΙΟΙΣ
1382 870 1671 918 ΠΛΤΡΟΣ
1705 870 1941 925 ΗΜΩΝ

903 995 1739 1070 κΕΠΙΦΑΝΙΟΤ

567 1173 931 1229 ΚΑΤΑ
1033 1174 1299 1230 ΤΩΝ
1402 1172 2158 1231 ΑΙΡΕΣΕΩΝ

712 1309 923 1352 ΤοΜοΣ
963 1309 1286 1352 ΔΕΥΤΕΡΟΣ
1332 1308 1452 1352 ΤΟΥ
1495 1308 1717 1352 ΤΡΙΤοΥ
1758 1308 2015 1353 ΒΙΒΛΙΟΥ.

865 1490 1111 1571 ΚΑΤΑ
1202 1514 1863 1588 ΔΙΜΟΙΡΙΤΩΝ,

397 1618 504 1672 τῶν
549 1608 657 1672 ὑπό
699 1635 852 1671 τινων
896 1615 1229 1689 κληθέντων,
1274 1611 1351 1690 μή
1397 1614 1606 1672 τελείαν
1651 1611 1751 1688 τήν
1795 1615 2033 1691 Χριστοῦ
2076 1611 2328 1695 ἐνανθρῶ-

567 1734 730 1789 πησιν
777 1709 1205 1791 ὁμολογούντων,
1251 1711 1595 1789 πεντηκοστὴ
1642 1711 1845 1791 ἑβδόμη
1865 1760 1880 1789 ,
1935 1709 2016 1790 *ἡ
2062 1715 2160 1774 καὶ

1077 1810 1393 1890 ἐπτακοστή
1435 1809 1651 1890 ἑβδόμη.

543 1937 776 2003 Καθεξῆς
819 1934 873 1987 δὲ
909 1934 1106 1997 τούτοις
1150 1934 1296 1988 πάλιν
1339 1936 1575 1998 ἐπίπονος
1606 1932 1726 2004 ἡμῖν
1757 1937 1809 1989 ἐν
1850 1934 2100 2007 προλήψει
2129 1942 2200 2010 τῷ
2234 1939 2329 2010 βίῳ

401 2021 549 2093 ἐρρύη
576 2043 647 2083 τις
676 2020 902 2091 ἀλλοτρία
931 2026 1018 2088 τῆς
1043 2023 1251 2082 πίστεως
1278 2021 1426 2086 λέξις,
1478 2022 1531 2074 ἐκ
1562 2024 1708 2083 ποίας
1734 2022 1891 2083 αἰτίας
1917 2021 2011 2075 οὐκ
2042 2023 2134 2089 ἔχω
2160 2022 2328 2091 λέγειν,

400 2105 496 2160 ἀλλ’
526 2109 608 2160 ’ἵνα
638 2104 704 2175 μὴ
731 2104 851 2179 ἐάσῃ
878 2102 908 2158 ὅ
932 2106 1009 2159 ἀεὶ
1036 2104 1290 2176 ταράσσων
1315 2103 1405 2173 τὴν
1429 2104 1749 2175 ἀνθρωπείαν
1771 2104 1937 2172 φύσιν,
1975 2108 2059 2159 καὶ
2085 2112 2328 2174 πολεμῶν,

401 2191 469 2255 ὥς
497 2195 666 2258 εἰπεῖν,
706 2193 954 2259 διάβολος,
994 2190 1246 2260 ἐμβάλλων
1269 2188 1424 2244 αὐτοῦ
1448 2189 1509 2243 τά
1534 2189 1687 2262 πικρά
1715 2190 1981 2263 δηλητήρια
2005 2194 2058 2245 ἐν
2080 2199 2182 2255 τοῖς
2201 2200 2330 2246 θαυ-

400 2282 592 2347 μασίοις
619 2278 871 2345 ἐδέσμασι,
912 2278 994 2330 καὶ
1024 2275 1092 2339 ὥς
1120 2278 1172 2330 ἐν
1201 2277 1353 2343 μέλιτι
1387 2277 1713 2347 παραβάλλων
1734 2275 1823 2345 τήν
1852 2281 2054 2347 πικρίαν
2082 2277 2212 2332 οῦτω
2245 2277 2329 2332 διά

399 2386 545 2418 τινων
573 2370 671 2416 τῶν
694 2361 768 2416 ἐπ’
797 2361 952 2433 ἄκρον
981 2366 1095 2431 βίου
1124 2363 1542 2430 θαυμαζομένων,
1589 2363 1675 2415 καὶ
1701 2364 1754 2416 ἐν
1783 2365 2002 2426 ἐπαίνοις
2029 2361 2329 2434 ὄρθοδοξίας

402 2449 478 2502 ἀεὶ
504 2449 966 2519 καταγγελλομένων.
1044 2449 1145 2500 Καὶ
1175 2446 1267 2518 γάρ
1297 2446 1445 2501 τοῦτό
1479 2449 1578 2501 ἐστι
1604 2446 1658 2502 τὸ
1688 2450 1831 2519 ἔργον
1857 2445 2037 2514 αὐτοῦ,
2081 2454 2170 2502 τοῦ
2195 2457 2323 2516 φθο-

399 2533 642 2602 νήσαντος
689 2533 913 2605 ἀπαρχῆς
960 2539 1027 2606 τῷ
1076 2534 1223 2603 πατρὶ
1274 2530 1414 2601 ἡμῶν
1458 2532 1642 2602 Ἀδάμ,
1703 2535 1789 2587 καὶ
1835 2540 1987 2588 πᾶσιν
2035 2531 2327 2606 ἀνθρώποις

404 2621 762 2690 ἐχθραίνοντος.
834 2615 919 2680 Ὡς
957 2622 1041 2671 καί
1090 2617 1228 2672 1πού
1267 2640 1415 2673 τινων
1455 2625 1628 2686 σοφῶν
1656 2622 1868 2691 εἴρηται,
1920 2619 1995 2674 ὅτι
2022 2618 2221 2687 φθόνος
2247 2619 2326 2674 ἀεὶ

404 2713 511 2767 ταῖς
552 2702 781 2774 μεγάλαις
821 2703 1110 2775 εὐπραγίαις
1151 2705 1428 2767 ἀντίπαλος.
1524 2704 1669 2759 Οῦτω
1713 2707 1798 2758 καὶ
1839 2703 1920 2759 διά
1956 2711 2055 2759 τῶν
2095 2705 2327 2774 μειζόνων

401 2790 681 2861 προςώπων
708 2790 849 2857 ἔβαλέ
873 2812 1008 2852 τινας
1044 2789 1342 2861 προφάσεις,
1397 2792 1480 2843 ἵνα
1519 2787 1650 2858 ἡμᾶς
1677 2792 1760 2843 καὶ
1792 2789 1881 2858 τὴν
1910 2788 2053 2862 άγίαν
2081 2797 2171 2844 τοῦ
2199 2797 2326 2845 θεοῦ

403 2879 661 2945 ἐκκλησίαν
687 2873 875 2928 ἄλυπον
899 2875 965 2943 μὴ
1008 2875 1155 2950 ἐάσῃ,
1207 2874 1325 2928 ἀλλά
1369 2873 1443 2928 άεὶ
1484 2878 1870 2946 θορυβουμένην
1897 2897 1945 2929 τε
1974 2878 2057 2929 καὶ
2088 2883 2327 2945 πολεμου·

403 2963 568 3030 μένην.
628 2959 805 3024 ’Έδοξε
832 2958 927 3031 γάρ
959 2979 1052 3014 τισι
1088 2963 1174 3014 καὶ
1200 2969 1305 3024 τοῖς
1333 2963 1381 3025 ἐξ
1404 2959 1548 3029 ἡμῶν
1572 2959 1904 3033 ὁρμωμένοις,
1955 2963 2039 3014 καὶ
2065 2964 2117 3015 ἐν
2142 2961 2325 3036 μεγάλῃ

402 3049 620 3100 διαθέσει
658 3043 989 3116 ὑπάρχουσιν,
1040 3049 1092 3100 ἐν
1121 3049 1342 3109 ἐπαίνοις
1387 3048 1440 3100 δὲ
1481 3046 1558 3102 ἀεὶ
1597 3045 1710 3117 παρ’
1749 3044 1866 3115 ἡμῖν
1893 3048 1977 3099 καὶ
2013 3045 2148 3117 παρά
2175 3053 2327 3101 πᾶσιν

403 3131 699 3205 ὄρθοδόξοις
724 3133 1144 3200 ἐκθειάζομένοις,
1197 3132 1547 3203 παρεκβάλλειν
1573 3130 1659 3186 τὸν
1688 3137 1809 3185 νοῦν
1837 3131 1937 3184 ἀπὸ
1970 3137 2057 3199 τῆς
2085 3138 2172 3185 τοῦ
2203 3138 2325 3204 Χρι-

403 3224 521 3271 στοῦ
560 3215 801 3287 ἐνσάρκου
843 3221 1142 3287 παρουσίας,
1197 3219 1281 3271 καὶ
1322 3220 1475 3288 λέγειν
1517 3217 1595 3271 ὅτι
1636 3215 1795 3286 σάρκα
1837 3218 2006 3284 ἔλαβεν
2043 3214 2072 3270 ὅ
2112 3215 2326 3288 Χριστὸς

403 3302 564 3357 ἐλθών
591 3301 619 3356 ὁ
645 3302 816 3373 κύριος
846 3300 1012 3371 ἡμῶν,
1064 3305 1148 3356 καὶ
1178 3301 1370 3371 ψυχὴν,
1421 3309 1541 3356 νοῦν
1570 3303 1623 3356 δὲ
1653 3302 1746 3356 οὐκ
1781 3303 1949 3369 ἔλαβε,
2001 3305 2219 3356 τουτέστι
2251 3303 2323 3356 τέ-

402 3395 530 3443 λειον
575 3387 866 3459 ἄνθρωπον·
918 3391 963 3440 τί
1005 3390 1058 3441 ἐκ
1094 3387 1273 3442 τούτου
1315 3394 1380 3460 τῷ
1424 3391 1517 3461 βίῳ
1554 3385 2026 3457 συνειςενεγκάμενοι
2057 3386 2222 3458 άγνοῶ
2251 3390 2322 3440 λέ-

401 3495 533 3544 γειν,
571 3473 605 3542 ἢ
631 3472 763 3543 παρά
801 3477 945 3527 τίνων
974 3477 1070 3526 τῶν
1100 3472 1197 3544 πρό
1230 3474 1397 3527 αὐτῶν
1434 3472 1798 3541 μεμαθηκότες,
1846 3471 1880 3539 ἢ
1909 3476 1954 3525 τί
1983 3473 2234 3541 ὠφέλιμον
2270 3474 2324 3526 ἐκ

402 3557 579 3612 τούτου
609 3559 951 3628 κερδήσαντες,
1004 3557 1038 3626 ἢ
1066 3558 1378 3627 χαρισάμενοι
1413 3557 1533 3627 ἡμῖν
1562 3572 1611 3610 τε
1640 3559 1724 3610 καὶ
1753 3564 1855 3619 τοῖς
1882 3555 2123 3611 ἀκούουσι
2149 3559 2234 3611 καὶ
2264 3564 2324 3631 τῇ

404 3640 518 3715 άγία
542 3650 630 3697 τοῦ
657 3651 782 3698 θεοῦ
808 3647 1036 3717 ἐκκλησία
1051 3686 1064 3710 ,
1104 3644 1250 3697 οὐδὲν
1278 3643 1406 3712 πλὴν
1431 3643 1465 3712 ἢ
1493 3640 1704 3714 ταραχὴν
1726 3644 1811 3695 καὶ
1835 3646 2072 3714 διαίρεσιν
2097 3645 2166 3704 εἷς
2192 3640 2324 3710 ἡμᾶς

459 3784 481 3810 *
499 3787 773 3837 Reponenaum
799 3790 960 3839 fortasse
988 3781 1020 3841 ἦ
1048 3800 1097 3830 eae
1121 3789 1204 3829 cod.
1234 3790 1332 3829 Rhe·
1449 3788 1545 3828 Cn.
1576 3788 1605 3826 ῐ.
1638 3810 1690 3816 -
1754 3785 1787 3827 1.
1820 3782 1899 3830 ὑπό
1930 3801 2046 3830 τινων
2075 3789 2231 3839 corriyit
2249 3789 2322 3828 Pe-

403 3843 484 3893 αἱς.
1387 3847 1529 3885 tavius.
1586 3845 1722 3884 Malim
1763 3857 1839 3886 που
1880 3840 1959 3887 ὖπὸ
1989 3857 2136 3898 τινων,
2178 3848 2322 3885 retenta
