2508 4134
457 227 559 302 256
1164 259 1369 302 εΑΝοΤι
1395 261 1676 303 EPIPHANH

457 357 621 412 οὐκέτι
644 352 769 409 κατά
794 354 883 423 τήν
905 352 1095 420 οὐσίαν,
1134 357 1282 424 φημὶ,
1319 359 1404 410 ἵνα
1432 356 1535 411 ἀπὸ
1557 364 1648 411 τοῦ
1679 360 1849 427 μηκέτι
1873 365 2049 429 γεννᾶν
2079 360 2182 415 κατ’
2212 360 2385 417 οὐσίαν

454 444 539 497 καὶ
571 440 671 494 ἀπὸ
713 447 802 495 τοῦ
829 439 916 495 τὸν
956 441 1143 508 πατέρα
1179 439 1246 510 μὴ
1286 449 1608 513 γεγεννῆσθαι
1637 446 1687 507 ἐξ
1718 445 1961 514 ἑκατέρων
1997 453 2158 517 μερῶν
2188 443 2223 515 ἦ
2249 453 2384 500 πᾶσα

455 526 573 590 δόξα
600 532 687 580 τοῦ
715 525 992 594 ἀξιώματος
1020 525 1228 594 σώζηται
1257 529 1309 582 ἐν
1335 534 1397 602 τῇ
1426 534 1514 602 μιᾷ
1543 530 1732 597 ἕνότητι
1760 535 1849 597 τῆς
1879 527 2016 592 ἀξίας
2042 538 2170 585 θεοῦ
2198 531 2385 603 πατρὸς

453 615 650 677 τελείου,
677 613 761 664 καὶ
787 615 902 665 υίοῦ
926 616 1125 678 τελείου,
1163 614 1247 666 καὶ
1271 618 1452 667 τελείου
1483 614 1760 683 πνεύματος
1785 613 1944 684 άγίου.
2001 617 2103 668 Καὶ
2130 615 2214 670 διά
2238 623 2383 671 τοῦτο

450 696 505 751 τὸ
537 695 807 766 ὅμοούσιον
835 697 895 751 οὐ
922 701 1111 765 ψεῦδος
1139 695 1272 751 οἶδεν
1297 696 1330 766 ἦ
1356 703 1472 752 θεία
1498 698 1690 770 γραφὴ,
1729 697 1845 753 οὐδὲ
1870 697 1900 753 ό
1928 697 2133 769 εὐσεβής
2156 700 2384 773 λογισμὸς

452 781 482 838 o‘
507 785 618 854 περὶ
650 781 836 852 πατρός
865 785 950 836 καὶ
987 785 1103 837 υίοῦ
1132 786 1217 837 καὶ
1246 781 1390 854 ἇγίου
1429 783 1710 852 πνεύματος
1750 782 1964 853 εὐσεβῶς
1994 785 2299 855 μεμαθηκώς
2325 785 2380 842 τό

452 868 670 933 δοξάζειν
706 870 788 922 καὶ
827 871 1237 939 προςκυνεῖν,,ἐκ
1274 875 1400 922 θεοῦ
1435 869 1603 937 λαβών
1638 868 1727 939 τὴν
1763 869 1919 940 χάριν.

596 952 781 1020 Κεφάλ.
800 953 992 1007 Ἀετίου
1021 953 1098 1023 ιβ’.
1174 957 1244 1006 Εἰ
1263 953 1331 1022 μὴ
1360 953 1414 1008 τὸ
1444 955 1710 1025 ἀγέννητον
1734 955 1826 1024 τὴν
1849 954 2120 1010 ’ὑπόστασιν
2144 964 2236 1011 τοῦ
2255 964 2384 1012 θεοῦ

453 1043 768 1111 παρίστησιν,
818 1038 917 1093 ἀλλ’
955 1038 1197 1102 ύπονοίας
1238 1041 1367 1094 ἐστὶν
1405 1038 1730 1111 ἀνθρωπίνης
1766 1039 1820 1094 τό
1862 1041 2161 1113 ἀσύγκριτον
2208 1041 2381 1112 ὄνομα,

450 1125 592 1198 χάριν
622 1134 725 1188 τοῖς
761 1123 1046 1193 ἐπινοήσασι
1071 1124 1301 1196 γινώσκει
1331 1123 1361 1179 ὅ
1393 1124 1545 1191 θεὸς,
1602 1125 1685 1179 ὃιά
1728 1124 1818 1194 τὴν
1861 1125 2125 1198 ἀγέννητον
2162 1130 2384 1183 ἐπίνοιαν

451 1210 543 1282 τήν
577 1209 826 1282 ὑπεροχὴν
861 1216 951 1264 τοῦ
988 1209 1233 1279 ὀνόματος
1270 1208 1330 1265 οὕ
1367 1212 1537 1281 φέρων
1573 1213 1627 1265 ἐν
1663 1210 1824 1284 οὐσίᾳ.

585 1297 782 1367 Ἀνατρ.
858 1298 959 1349 Καὶ
990 1294 1280 1367 ἀγέννητον,
1334 1294 1402 1359 ῶς
1429 1299 1618 1365 ἔφαμεν
1646 1296 1772 1367 πρὸς
1798 1295 1883 1350 τὸν
1911 1295 2097 1352 Ἀέτιον
2128 1297 2382 1354 ἀποτεινό-

453 1403 613 1454 μενοι,
675 1384 793 1436 1καὶ
827 1381 922 1436 οὐκ
953 1381 1277 1453 ἀρνούμεθα,
1323 1379 1419 1435 κάν
1454 1404 1504 1435 τε
1543 1385 1596 1436 ἐν
1625 1386 1742 1455 θεία
1775 1388 1948 1457 γραφῇ
1988 1382 2056 1451 μὴ
2094 1385 2382 1456 ἐμφέρηται,

247 1499 332 1538 pag.
351 1487 426 1525 ⁹51.
451 1469 665 1538 εὐσεβῶς
700 1467 1020 1536 ἐπινενόηται.
1087 1467 1382 1538 Ἀγέννητον
1410 1468 1463 1521 δὲ
1500 1467 1772 1535 φάσκοντες
1799 1467 1886 1522 τόν
1914 1471 2100 1540 πατέρα
2128 1471 2211 1523 καὶ
2245 1468 2382 1541 ἀγέν-

448 1577 597 1625 νητον
636 1552 996 1624 ὁμολογοῦμεν,
1045 1552 1278 1624 γεννητόν
1316 1554 1369 1607 δὲ
1396 1551 1484 1607 τόν
1515 1551 1628 1607 υἷὸν
1655 1552 1748 1607 οὐκ
1776 1551 2089 1624 ἀρνούμεθα,
2142 1553 2239 1608 ἀλλ’
2269 1555 2383 1624 οὐχὶ

449 1640 667 1697 κτιστόν·
723 1639 835 1694 οὔτε
862 1638 984 1710 γάρ,
1039 1638 1123 1692 ἐάν
1149 1637 1236 1692 τὸν
1266 1637 1378 1693 υἷὸν
1406 1638 1637 1711 γεννητόν
1669 1636 1980 1711 ὁρισώμεθα,
2030 1642 2084 1694 ἐκ
2126 1647 2256 1695 θεοῦ
2290 1663 2382 1695 πα·

448 1727 562 1798 τρὸς
592 1725 680 1796 τὴν
708 1725 885 1779 οὐσίαν
911 1727 1035 1793 ἔχειν
1066 1723 1326 1794 ἀρνεῖσθαι
1361 1723 1636 1794 δυνάμεθα.
1712 1731 1967 1794 Γεννητῶς
2000 1725 2092 1797 γάρ
2132 1727 2375 1798 ἐγέννησε,

450 1816 534 1869 καὶ
563 1811 655 1868 οὐκ
678 1814 876 1866 ἔκτισεν.
950 1808 1038 1873 Ὡς
1059 1810 1153 1882 γάρ
1179 1814 1330 1875 λοξῶς
1367 1811 1528 1865 πάντα
1558 1813 1637 1865 ἐπὶ
1674 1817 1764 1865 τοῦ
1793 1818 2026 1882 γεννητοῦ
2054 1813 2139 1865 καὶ
2172 1812 2378 1884 ἀγεννή·

447 1922 536 1954 του
585 1897 938 1966 διανοούμενος
984 1898 1336 1967 παρεκτρέπειν
1378 1895 1555 1950 ἑαυτὸν
1606 1896 1772 1966 βούλει
1820 1896 1901 1968 (οὐ
1949 1897 2042 1969 γάρ
2080 1921 2125 1953 τι
2173 1899 2377 1968 ἕτερον),

448 1985 605 2048 οὕτως
634 1985 720 2038 καὶ
751 1981 898 2046 αὐτὸς
927 1980 1125 2046 ἀκούεις
1154 1985 1202 2047 ἐξ
1232 1983 1568 2054 ἀνθρωπίνων
1595 1989 1929 2053 συλλογισμῶν
1961 1985 2046 2037 καὶ
2080 1982 2378 2047 ἀντιθέσεως

447 2075 839 2142 συλλογιστικῆς,
890 2068 1208 2139 ἀνθρωπείας
1236 2089 1285 2122 τε
1319 2067 1783 2138 ματαιοφροσύνης,
1822 2068 1906 2135 τὸ,
1934 2067 2180 2140 ’Ἐγκειται
2208 2066 2377 2138 7581&-

446 2179 555 2212 νοια
593 2162 682 2210 τοῦ
712 2153 989 2224 ἀνθρώπου
1031 2156 1112 2208 ἐπὶ
1147 2154 1208 2208 τοὶ
1239 2153 1433 2224 πονηροὶ
1470 2156 1707 2221 ἐπιμελῶς
1746 2156 1800 2208 ἐκ
1836 2154 2080 2223 νεότητος.
2156 2157 2378 2224 Λέξομεν

446 2245 531 2298 καὶ
570 2239 710 2296 αὐτοὶ
747 2240 821 2296 ὅτι
870 2246 1068 2312 2πολλῷ
1099 2245 1278 2308 μᾶλλον
1303 2239 1544 2309 ἀπρέπεια
1570 2246 1673 2312 θεῷ
1701 2246 1767 2313 τῷ
1796 2238 2005 2313 ἀκτίστῳ
2034 2238 2087 2294 vd
2120 2244 2294 2305 κτίζειν
2319 2238 2380 2293 τά

445 2330 732 2392 κτισθέντα,
762 2328 847 2380 καὶ
872 2332 941 2399 τῷ
965 2323 1267 2398 ἀποιήτῳτὸ
1295 2333 1469 2379 ποιεῖν.
1549 2323 1623 2378 Ού
1651 2324 1742 2396 γάρ
1775 2327 2011 2394 ἐνδέχεται
2037 2324 2123 2379 τὸν
2147 2323 2377 2380 ἀκτιστον

445 2418 620 2479 κτίζειν
646 2411 706 2466 τά
744 2413 1070 2476 3κτισθέντα,
1122 2413 1207 2464 καὶ
1237 2409 1323 2465 τόν
1356 2409 1423 2479 μὴ
1455 2409 1715 2482 γενόμενον
1757 2419 1918 2465 ποιεῖν
1956 2410 2016 2464 τά
2054 2410 2287 2480 ἐσόμενα,
2338 2413 2383 2465 εἰ

447 2499 507 2554 οὗ
532 2500 706 2567 πρέπει
744 2504 812 2572 τῷ
844 2495 1089 2570 ἀγεννήτῳ
1126 2495 1179 2550 τὸ
1209 2503 1383 2567 γεννᾶν
1426 2495 1550 2550 κατά
1590 2495 1678 2550 τὸν
1711 2497 1904 2551 Ἀετίου
1945 2496 2104 2568 λόγον.
2188 2502 2297 2550 Τῶν
2325 2496 2378 2550 δὲ

445 2588 646 2639 κτίσεων
688 2581 980 2654 ὁρωμένων,
1032 2584 1117 2636 καὶ
1156 2589 1246 2636 τοῦ
1273 2586 1498 2636 πλείστου
1533 2584 1716 2653 μέρους
1744 2589 1831 2651 τῆς
1861 2580 2032 2646 οὐσίας
2062 2580 2376 2645 ὖποστάσεως

447 2671 772 2738 φαινομένης,
820 2674 928 2742 θεῷ
968 2669 1021 2722 δὲ
1051 2675 1119 2742 τῷ
1155 2666 1362 2742 ἀκτίστῳ
1392 2667 1446 2722 vd
1477 2665 1559 2721 ὕπ’
1585 2668 1742 2722 αὐτοῦ
1771 2672 2025 2722 κεκτίσθαι
2055 2666 2122 2736 μὴ
2156 2666 2372 2738 πρεπού·

446 2774 560 2824 σης,
614 2758 698 2808 ἵνα
730 2753 796 2823 μὴ
825 2752 878 2807 τό
911 2752 1206 2825 ἀσύγκριτον
1232 2755 1312 2807 ἐπὶ
1340 2752 1611 2822 μεταβολὴν
1637 2760 1735 2808 τῶν
1767 2755 2040 2824 γενομένων
2071 2753 2375 2824 παρενεχθὲν

445 2842 556 2896 ἀντὶ
582 2848 670 2895 τοῦ
701 2843 977 2911 πρέποντος
1007 2837 1142 2910 παρά
1171 2846 1238 2912 τῷ
1263 2837 1425 2911 Ἀετίῳ
1455 2839 1671 2909 ἀπρεπὲς
1699 2846 1876 2907 μᾶλλον
1909 2843 2197 2907 νομισθείη,
2235 2845 2374 2908 ζητη-

445 2924 654 2996 θήσεται
680 2925 851 2981 λοιπὸν
878 2928 1039 2996 ἕτερος
1063 2924 1132 2979 ῶν
1160 2923 1280 2986 θεὸς
1309 2922 1338 2978 ὅ
1366 2922 1616 2990 ἅκτιστος,
1665 2927 1826 2996 ἕτερος
1858 2925 1910 2978 δὲ
1939 2922 1968 2978 ό
1991 2926 2236 2990 κτισθεὶς,
2287 2925 2373 2978 καὶ

444 3018 618 3077 κτίζειν
643 3012 896 3082 ἀναλόγως
923 3013 1081 3083 ἐαυτῷ
1107 3009 1391 3078 δυνάμενος.
1473 3017 1573 3063 Τοῦ
1599 3011 1652 3064 δὲ
1673 3011 1991 3078 κεκτισμένου
2012 3011 2093 3062 καὶ
2120 3008 2173 3063 τό
2201 3015 2374 3075 κτίζειν

445 3101 662 3167 ἔχοντος,
725 3096 1005 3166 αὐτομάτου
1048 3096 1116 3165 μὴ
1158 3094 1326 3161 ὄντος,
1383 3093 1501 3148 ἀλλά
1540 3097 1879 3164 κεκτισμένου,
1929 3094 2254 3163 ζητηθήσεται
2288 3098 2373 3150 καὶ

445 3185 607 3254 ἕτερος
634 3181 663 3237 ὅ
688 3183 865 3238 τούτου
894 3185 1050 3245 αἴτιος
1076 3180 1312 3253 γεγονώς,
1350 3183 1433 3234 καὶ
1460 3179 1560 3235 ἀπὸ
1589 3180 1769 3235 τούτου
1797 3178 1936 3242 ἄλλος
1971 3180 2370 3249 ἐπινοηθήσεται.

503 3385 540 3428 1.
572 3384 644 3429 καὶ
672 3387 824 3427 uncinis
851 3386 1000 3427 notavit
1029 3387 1224 3426 Pelavius.
1438 3383 1499 3441 τῷ
1528 3377 1719 3438 ἀποιῆτῳ
1748 3379 1794 3424 τὸ
1825 3386 1976 3431 ποιεῖν,
2021 3377 2069 3425 οὔ
2096 3380 2175 3437 γὰρ
2208 3380 2372 3440 ἐνδέχε-

499 3441 538 3482 2.
584 3445 694 3483 Libri
730 3445 847 3494 vulyo
885 3443 1057 3485 πολλῶν.
1131 3444 1209 3483 Sed
1248 3441 1380 3483 multo
1438 3455 1507 3484 ται
1544 3438 1615 3483 τὸν
1654 3433 1847 3481 ἅκτιστον
1882 3437 2047 3489 κτίζειν.
2105 3442 2290 3482 Petavius
2324 3452 2370 3481 ea

444 3498 572 3553 magis
602 3502 682 3539 iam
710 3502 894 3540 convertit
923 3501 1147 3541 Carnarius,
1436 3500 1555 3539 verba
1576 3498 1728 3537 uncinis
1751 3497 1930 3545 inclusit,
1959 3508 2026 3547 e90
2053 3497 2190 3548 delevi,
2217 3509 2304 3538 cum
2329 3499 2372 3539 in

500 3557 540 3597 ὃ.
572 3559 665 3598 Post
706 3555 930 3600 κτισθέντα
969 3557 1062 3597 editi
1103 3560 1280 3607 repetunt
1310 3553 1382 3598 καὶ
1438 3556 1552 3597 codd.
1576 3565 1668 3597 msS.
1698 3564 1774 3593 non
1803 3554 1993 3603 leyantur.
