2508 4134
580 294 804 337 PANARu
837 269 936 335 Lm.
955 294 1024 332 111.
1057 292 1190 333 ToM.
1209 293 1261 332 11.
1290 290 1451 331 HAER.
1474 290 1657 330 Lxxx.
1965 280 2064 327 477

170 414 274 448 rum
302 394 680 457 consuetudine,
731 392 808 460 qui
841 390 889 441 in
923 390 1147 457 coniugio
1180 390 1434 452 vixerunt,
1475 389 1750 457 deprompta
1777 385 1989 437 iustitiae
2020 395 2067 436 et

172 479 436 531 honestatis
464 478 588 528 ratio
621 476 815 546 patitur.
894 471 993 525 Sed
1021 490 1142 524 unus
1170 475 1405 524 duntaxat
1433 491 1539 524 cum
1570 489 1659 522 una
1687 470 1956 522 consociari
1987 471 2069 520 de-

171 563 284 629 bet,
339 571 390 614 ut
426 562 643 613 Adamus
683 577 789 610 cum
827 556 967 621 Eva,
1025 556 1147 609 Sara
1190 575 1295 607 cum
1334 556 1644 619 AbrahamO,
1696 553 1920 606 Rebecca
1962 573 2066 606 cum

171 645 344 699 Isaaco
391 646 609 714 copulata
647 631 840 713 legitur.
915 640 1044 693 Nam
1093 642 1183 692 etsi
1223 641 1409 708 quidam
1455 657 1481 690 e
1511 639 1724 708 patribus
1763 640 1879 689 duas
1909 648 2071 689 tresve

171 748 353 782 uxores
397 730 679 793 habuerint,
734 746 828 778 nou
872 727 919 777 in
959 727 1125 776 eadem
1171 726 1279 776 illae
1319 726 1460 775 domo
1502 725 1710 773 fuerunt.
1783 721 1913 773 Nam
1955 723 2072 774 haec

173 815 349 883 alioqui
380 816 533 864 forma
568 812 936 879 coniunctioque
977 810 1134 879 porcis
1169 827 1224 859 ac
1258 808 1514 877 pecudibus
1544 807 1788 857 convenit.
1866 809 1934 857 At
1963 808 2074 858 hae-

172 898 314 950 retici
344 899 495 950 nostri
526 898 755 948 maiorem
786 895 924 946 nobis
953 903 1196 963 stuporem
1228 893 1463 955 afferunt,
1505 891 1581 959 qui
1611 909 1716 941 cum
1746 890 1859 941 nihil
1891 909 1943 942 se
1967 910 2072 943 cum

174 982 452 1034 mulieribus
485 981 662 1032 habere
696 996 948 1031 commune
983 978 1330 1048 profiteantur,
1384 994 1410 1027 e
1436 975 1679 1027 contrario
1722 984 1876 1025 tamen
1919 977 2074 1043 turpia

173 1083 391 1135 quaeque
423 1083 478 1116 ac
511 1065 711 1116 ridicula
738 1062 1001 1132 impensius
1033 1070 1338 1131 perpetrant,
1391 1070 1438 1111 et
1472 1069 1740 1111 extremam
1773 1077 1907 1109 snam
1939 1060 2075 1128 igno-

176 1150 369 1202 miniam
405 1150 683 1200 ostendunt.
772 1147 965 1199 Etenim
1006 1149 1045 1197 si
1092 1163 1274 1197 uxores
1311 1145 1545 1197 haberent
1584 1143 1649 1194 illi
1685 1144 1941 1211 separatim
1980 1162 2074 1195 non

175 1235 450 1304 promiscue
496 1233 674 1284 habere
720 1233 825 1283 illas
865 1231 1134 1300 oportebat.
1227 1227 1309 1293 Si,
1366 1229 1586 1297 inquam,
1641 1227 1865 1295 coniugio
1916 1237 2081 1279 essent

174 1318 425 1382 obstricti,
467 1319 605 1368 nefas
631 1326 735 1367 erat
761 1316 850 1367 viri
877 1333 981 1366 cum
1013 1315 1212 1366 muliere
1241 1314 1620 1382 copulationem,
1662 1330 1801 1380 quam
1831 1313 1947 1363 deus
1970 1331 2075 1363 cum

175 1402 304 1454 omni
336 1402 599 1466 modestia,
641 1400 877 1469 gravitate
908 1417 963 1450 ac
995 1400 1245 1468 prudentia
1286 1398 1585 1449 coniunctam
1615 1397 1851 1460 instituit,
1905 1406 2076 1466 sponte

173 1486 334 1538 suain
366 1486 572 1537 medium
603 1486 822 1554 proferre
857 1502 912 1535 ac
947 1485 1243 1552 patefacere.
1322 1480 1463 1549 Quod
1497 1483 1536 1533 si
1572 1500 1597 1533 a
1628 1481 1906 1532 mulieribus
1932 1481 2077 1532 absti-

174 1579 291 1622 nent
331 1570 579 1634 nonnulli,
638 1569 716 1637 qui
766 1568 1099 1619 castimoniam
1148 1567 1237 1619 sibi
1279 1585 1332 1618 ac
1374 1565 1737 1636 temperantiam
1790 1565 2072 1627 indixerint,

175 1673 313 1724 quam
345 1655 521 1705 habeut
548 1653 775 1705 iustitiam
807 1670 891 1722 per
922 1669 1153 1704 summam
1180 1651 1489 1703 stoliditatem
1520 1659 1567 1701 et
1595 1651 1827 1702 honestae
1856 1651 1984 1701 vitae
2011 1653 2079 1701 di-

173 1740 420 1809 sciplinam
449 1755 534 1808 per
555 1739 957 1788 inconsideratam
985 1737 1112 1787 illam
1142 1754 1467 1804 vesanamque
1491 1735 1730 1787 licentiam
1759 1736 2078 1803 ignominiose

174 1825 445 1874 traducunt.
522 1821 657 1873 Nihil
685 1823 810 1873 enim
844 1821 1077 1873 eiusmodi
1119 1830 1199 1871 aut
1227 1820 1431 1890 apostoli
1458 1839 1662 1889 unquam
1694 1823 1943 1885 fecerunt,
1998 1829 2080 1871 aut

173 1917 285 1959 ante
324 1907 569 1976 apostolos
609 1906 869 1975 prophetae
910 1906 1286 1957 constituerunt.

314 1989 413 2042 lmo
447 2009 565 2041 vero
593 1989 798 2059 Moyses
827 1990 875 2041 in
915 1992 1109 2041 deserto
1144 2008 1338 2041 carmen
1372 2008 1507 2041 suum
1541 1990 1803 2041 concinens
1840 1990 2077 2040 canticum
2111 2009 2299 2065 cmm,

173 2077 264 2127 deo
305 2076 575 2126 modulatur
613 2093 640 2126 a
677 2075 793 2125 mari
839 2076 1116 2143 digressus:
1172 2079 1445 2135 Cantemus‘,
1501 2075 1682 2143 inquit,
1725 2079 1934 2136 domino,
1971 2079 2076 2140 glo·
2094 2091 2209 2127 Exod.
2224 2093 2276 2136 15,
2300 2095 2331 2128 ι.

173 2165 297 2211 rz'ose
331 2165 450 2211 enim
489 2161 817 2225 magngfieatus
855 2170 953 2209 est:
1022 2178 1185 2225 equum
1225 2170 1273 2209 et
1303 2179 1589 2210 ascensorem
1639 2163 1804 2209 dez‘eez't
1841 2163 1891 2208 in
1928 2178 2070 2209 mare.

172 2245 322 2314 Atqui
352 2254 446 2296 tum
477 2244 596 2296 viris
625 2244 953 2295 accinentibus
986 2245 1211 2295 mulieres
1239 2244 1296 2295 ab
1327 2244 1420 2295 illis
1446 2245 1732 2308 abfuerunt,
1773 2253 1824 2295 ut
1850 2247 2076 2315 pudorem

175 2330 549 2397 modestiamque
580 2330 965 2393 demonstraret,
1021 2338 1067 2380 et
1095 2338 1144 2379 ut
1172 2329 1362 2379 divinae
1390 2329 1510 2397 legis
1537 2329 1823 2397 gravitatem
1857 2348 1911 2381 ac
1941 2331 2081 2381 disci-

176 2413 349 2483 plinam
377 2414 673 2464 ostenderet.
750 2411 917 2480 Pergit
948 2431 1064 2465 vero
1101 2413 1300 2478 deinde,
1351 2417 1508 2463 Μανία
1534 2433 1680 2479 porro
1710 2425 1970 2479 tympanum
2001 2434 2079 2465 szc-

176 2516 331 2558 mens,
384 2498 598 2562 praeibat
638 2499 935 2558 mull‘erz‘bus,
1000 2508 1047 2547 et
1078 2500 1286 2559 dicebat,
1344 2502 1587 2548 Cantemus
1614 2503 1821 2560 domim,
1872 2503 2080 2564 gloriose

176 2586 294 2632 enim
330 2583 656 2645 magnificatus
684 2592 768 2631 est.
848 2579 939 2633 Cui
986 2583 1210 2634 mulieres
1244 2583 1343 2651 pari
1384 2584 1523 2634 modo
1561 2584 1902 2648 succinebant,
1958 2603 2081 2653 quae

178 2675 227 2717 et
253 2684 315 2718 ex
347 2666 515 2717 eodem
541 2674 645 2715 erat
665 2682 864 2732 genere,
901 2675 950 2716 et
978 2668 1325 2734 quodammodo
1351 2685 1496 2736 supra
1519 2678 1706 2720 ceteras
1729 2669 1996 2735 eminebat3
2032 2678 2081 2720 ut

110 2774 116 2778 ·
177 2751 256 2802 vel
284 2768 348 2802 ex
376 2750 464 2800 hoc
495 2766 588 2800 uno
630 2749 897 2816 imperitum
936 2768 991 2801 ac
1021 2751 1254 2819 plebeium
1288 2752 1476 2802 illorum
1509 2753 1759 2804 consilium
1789 2755 2079 2806 institutum-

179 2852 271 2903 que
302 2835 554 2885 refellatur
587 2834 665 2900 qui
707 2834 949 2902 peregrini
979 2836 1215 2903 dogmatis
1255 2837 1471 2904 pudenda
1505 2837 1582 2887 illa
1614 2855 1670 2887 ac
1700 2838 1883 2888 nefaria
1915 2856 2082 2908 perpe-

178 2927 326 2970 trant.
404 2918 482 2969 Ad
515 2917 633 2967 haec
661 2918 718 2967 de
750 2920 1105 2970 resurrectione
1135 2920 1365 2988 propheta
1398 2920 1467 2971 sic
1494 2921 1731 2988 loquitur:
1771 2926 1839 2972 Et
1857 2926 2334 2987 plangentzaeh.12,12.

183 3004 421 3063 tributim3
465 3004 614 3052 tribus
641 3022 701 3051 ea·
726 3005 918 3051 adverso
949 3005 1126 3063 tre'bus3
1170 3006 1318 3053 tribas
1340 3007 1530 3054 Nathan
1550 3024 1641 3070 per
1664 3024 1789 3066 sese,
1843 3017 1888 3055 et
1911 3025 2081 3056 uoeores

182 3090 370 3148 illorum
398 3091 621 3147 seorsz'm,-
678 3088 826 3135 tribus
853 3090 969 3136 Iuda
989 3106 1078 3151 per
1103 3106 1228 3148 sese,
1282 3099 1331 3138 et
1352 3108 1522 3138 uoeores
1549 3093 1734 3139 illoram
1762 3095 1952 3139 seorsim
1982 3099 2075 3141 etc.

183 3168 267 3223 Sic
306 3180 353 3221 et
394 3171 598 3239 apostoli
633 3171 868 3221 ecclesiae
914 3172 1353 3240 praescripserunt3
1408 3191 1496 3224 nec
1544 3192 1638 3224 nou
1685 3183 1731 3224 et
1772 3175 1990 3225 dominus
2032 3175 2078 3225 in

183 3256 432 3323 evaugelio
472 3255 714 3306 mandavit
757 3264 805 3305 et.
842 3256 888 3305 in
935 3273 1026 3305 una
1072 3255 1210 3306 nobis
1250 3257 1521 3325 exemplum
1569 3258 1812 3326 praebuit,
1870 3276 1973 3308 cum
2018 3259 2081 3309 ita

180 3337 370 3390 Mariae
397 3339 547 3390 dixit:
585 3343 702 3388 Noli
720 3358 789 3388 me
813 3350 1033 3404 tangere,·
1063 3344 1261 3389 nondam
1282 3345 1399 3390 enim
1420 3346 1612 3391 ascendi
1629 3346 1692 3390 ad
1707 3352 1888 3407 patrem
1915 3362 2075 3392 meum.
2133 3360 2261 3397 loann.

181 3421 257 3475 Ita
288 3442 430 3493 porro
457 3423 598 3476 Giezi
634 3425 692 3475 ad
725 3422 1071 3475 Sunamitidem
1104 3425 1340 3476 accedeus
1386 3426 1610 3476 feminam
1641 3426 1857 3494 repellit,
1916 3445 1975 3478 ne
2005 3446 2082 3479 or—
2105 3404 2312 3490 4?(iie¹g⁷.‘4.

184 3508 340 3559 dinem
372 3508 606 3572 violaret,
659 3526 714 3559 ac
745 3509 1080 3578 prophetarum
1114 3509 1334 3559 instituto
1372 3510 1705 3560 contumeliam
1735 3512 1937 3563 faceret.
2014 3512 2083 3563 At

184 3592 413 3661 propbeta
442 3593 613 3661 spiritu
639 3603 805 3644 sancto
832 3593 1087 3644 instinctus
1113 3593 1276 3645 dolore
1305 3595 1572 3644 confectam
1600 3611 1709 3646 esse
1733 3592 2081 3647 Sunamitidem

244 3732 339 3772 Cn.
372 3732 444 3771 [Χ.
477 3757 529 3763 -
590 3736 623 3775 1.
668 3733 977 3783 „Hallucinatio
1010 3739 1103 3774 est“
1217 3734 1255 3774 2.
1274 3737 1344 3774 Ed.
1362 3737 1492 3775 Petav.
1511 3737 1638 3776 Colon.
1651 3740 1766 3786 repet.
1790 3738 1965 3778 mendose
1982 3731 2083 3779 οἷπε-

183 3790 225 3829 in
252 3791 427 3839 maryine
455 3791 658 3841 adscripsit
688 3793 883 3832 Petavius.
1164 3787 1373 3843 ἓῐούμενος.
