<?xml version="1.0" encoding="UTF-8"?>
<!DOCTYPE html PUBLIC "-//W3C//DTD XHTML 1.0 Transitional//EN"
    "http://www.w3.org/TR/xhtml1/DTD/xhtml1-transitional.dtd">
<html xmlns="http://www.w3.org/1999/xhtml" xml:lang="en" lang="en">
 <head>
  <title>
</title>
<meta http-equiv="Content-Type" content="text/html;charset=utf-8" />
  <meta name='ocr-system' content='tesseract 3.04.00' />
  <meta name='ocr-capabilities' content='ocr_page ocr_carea ocr_par ocr_line ocrx_word'/>
</head>
<body>
  <div class='ocr_page' id='page_1' title='image "./pt3corporishaere02epipuoft/pt3corporishaere02epipuoft_0272.png"; bbox 0 0 2508 4134; ppageno 0'>
   <div class='ocr_carea' id='block_1_1' title="bbox 236 2398 419 2446">
    <p class='ocr_par' dir='ltr' id='par_1_1' title="bbox 236 2398 419 2446">
     <span class='ocr_line' id='line_1_1' title="bbox 236 2398 419 2446; baseline 0.016 -14"><span class='ocrx_word' id='word_1_1' title='bbox 236 2408 321 2446; x_wconf 79' lang='lat' dir='ltr'><strong><em>pag.</em></strong></span> <span class='ocrx_word' id='word_1_2' title='bbox 343 2398 419 2435; x_wconf 82' lang='grc'>955.</span> 
     </span>
    </p>
   </div>
   <div class='ocr_carea' id='block_1_2' title="bbox 433 237 1666 292">
    <p class='ocr_par' dir='ltr' id='par_1_2' title="bbox 433 237 1666 292">
     <span class='ocr_line' id='line_1_2' title="bbox 433 237 1666 292; baseline 0.004 -5"><span class='ocrx_word' id='word_1_3' title='bbox 433 237 535 289; x_wconf 84' lang='lat'><strong><em>262</em></strong></span> <span class='ocrx_word' id='word_1_4' title='bbox 1146 248 1354 291; x_wconf 82' lang='lat' dir='ltr'>SANCTI</span> <span class='ocrx_word' id='word_1_5' title='bbox 1384 249 1666 292; x_wconf 72' lang='lat' dir='ltr'>EPJPHANH</span> 
     </span>
    </p>
   </div>
   <div class='ocr_carea' id='block_1_3' title="bbox 433 341 2387 2635">
    <p class='ocr_par' dir='ltr' id='par_1_3' title="bbox 433 341 2387 2635">
     <span class='ocr_line' id='line_1_3' title="bbox 434 341 2371 420; baseline 0.003 -23"><span class='ocrx_word' id='word_1_6' title='bbox 434 342 620 413; x_wconf 76' lang='grc' dir='ltr'><strong><em>ὅσαπερ</em></strong></span> <span class='ocrx_word' id='word_1_7' title='bbox 658 341 816 397; x_wconf 87' lang='grc' dir='ltr'><strong><em>πάθει</em></strong></span> <span class='ocrx_word' id='word_1_8' title='bbox 858 344 1106 412; x_wconf 80' lang='grc' dir='ltr'><strong><em>συνέχεται</em></strong></span> <span class='ocrx_word' id='word_1_9' title='bbox 1131 342 1216 398; x_wconf 75' lang='grc' dir='ltr'><strong><em>διά</em></strong></span> <span class='ocrx_word' id='word_1_10' title='bbox 1256 343 1346 413; x_wconf 76' lang='grc' dir='ltr'><strong><em>τὴν</em></strong></span> <span class='ocrx_word' id='word_1_11' title='bbox 1381 347 1615 414; x_wconf 82' lang='grc' dir='ltr'><strong><em>τοιαύτην</em></strong></span> <span class='ocrx_word' id='word_1_12' title='bbox 1641 349 1816 401; x_wconf 79' lang='grc' dir='ltr'><strong><em>αἰτίαν.</em></strong></span> <span class='ocrx_word' id='word_1_13' title='bbox 1884 347 1971 400; x_wconf 89' lang='grc' dir='ltr'><strong><em>Ἐν</em></strong></span> <span class='ocrx_word' id='word_1_14' title='bbox 2002 354 2110 420; x_wconf 77' lang='grc' dir='ltr'><strong><em>θεῷ</em></strong></span> <span class='ocrx_word' id='word_1_15' title='bbox 2142 347 2195 402; x_wconf 78' lang='grc' dir='ltr'><strong><em>δὲ</em></strong></span> <span class='ocrx_word' id='word_1_16' title='bbox 2225 344 2371 403; x_wconf 68' lang='grc' dir='ltr'><strong><em>οὐδὲν</em></strong></span> 
     </span>
     <span class='ocr_line' id='line_1_4' title="bbox 433 426 2372 504; baseline 0.004 -24"><span class='ocrx_word' id='word_1_17' title='bbox 433 426 622 481; x_wconf 83' lang='grc' dir='ltr'><strong><em>τούτων</em></strong></span> <span class='ocrx_word' id='word_1_18' title='bbox 646 430 697 481; x_wconf 84' lang='grc' dir='ltr'><strong><em>έν</em></strong></span> <span class='ocrx_word' id='word_1_19' title='bbox 723 434 790 501; x_wconf 79' lang='grc' dir='ltr'><strong><em>τῷ</em></strong></span> <span class='ocrx_word' id='word_1_20' title='bbox 816 427 902 482; x_wconf 86' lang='grc' dir='ltr'><strong><em>τὸν</em></strong></span> <span class='ocrx_word' id='word_1_21' title='bbox 925 428 1038 482; x_wconf 75' lang='grc' dir='ltr'><strong><em>υἱόν</em></strong></span> <span class='ocrx_word' id='word_1_22' title='bbox 1067 432 1402 500; x_wconf 82' lang='grc' dir='ltr'><strong><em>γεγεννηκέναι</em></strong></span> <span class='ocrx_word' id='word_1_23' title='bbox 1431 434 1715 503; x_wconf 81' lang='grc' dir='ltr'><strong><em>ἔνυπῆρξεν.</em></strong></span> <span class='ocrx_word' id='word_1_24' title='bbox 1789 435 1860 486; x_wconf 82' lang='grc' dir='ltr'><strong><em>Εἰ</em></strong></span> <span class='ocrx_word' id='word_1_25' title='bbox 1882 432 1973 504; x_wconf 78' lang='grc' dir='ltr'><strong><em>γάρ</em></strong></span> <span class='ocrx_word' id='word_1_26' title='bbox 2004 430 2226 503; x_wconf 72' lang='grc' dir='ltr'><strong><em>ὑπῆρξεν,</em></strong></span> <span class='ocrx_word' id='word_1_27' title='bbox 2249 434 2303 487; x_wconf 76' lang='grc' dir='ltr'><strong><em>ἕν</em></strong></span> <span class='ocrx_word' id='word_1_28' title='bbox 2325 455 2372 487; x_wconf 84' lang='grc' dir='ltr'><strong><em>τι</em></strong></span> 
     </span>
     <span class='ocr_line' id='line_1_5' title="bbox 434 512 2372 588; baseline 0.003 -23"><span class='ocrx_word' id='word_1_29' title='bbox 434 518 534 565; x_wconf 84' lang='grc' dir='ltr'><strong><em>τῶν</em></strong></span> <span class='ocrx_word' id='word_1_30' title='bbox 555 512 795 567; x_wconf 82' lang='grc' dir='ltr'><strong><em>τοιούτων</em></strong></span> <span class='ocrx_word' id='word_1_31' title='bbox 820 516 872 567; x_wconf 82' lang='grc' dir='ltr'><strong><em>ἔν</em></strong></span> <span class='ocrx_word' id='word_1_32' title='bbox 896 521 1021 587; x_wconf 80' lang='grc' dir='ltr'><strong><em>θεῷ,</em></strong></span> <span class='ocrx_word' id='word_1_33' title='bbox 1058 513 1184 568; x_wconf 74' lang='grc' dir='ltr'><strong><em>κατά</em></strong></span> <span class='ocrx_word' id='word_1_34' title='bbox 1209 515 1299 584; x_wconf 80' lang='grc' dir='ltr'><strong><em>τήν</em></strong></span> <span class='ocrx_word' id='word_1_35' title='bbox 1323 516 1718 587; x_wconf 80' lang='grc' dir='ltr'><strong><em>προφασιστικήν</em></strong></span> <span class='ocrx_word' id='word_1_36' title='bbox 1740 520 1808 581; x_wconf 80' lang='grc' dir='ltr'><strong><em>εἰς</em></strong></span> <span class='ocrx_word' id='word_1_37' title='bbox 1836 517 2123 588; x_wconf 83' lang='grc' dir='ltr'><strong><em>άνατροπήν</em></strong></span> <span class='ocrx_word' id='word_1_38' title='bbox 2147 524 2238 571; x_wconf 83' lang='grc' dir='ltr'><strong><em>τοῦ</em></strong></span> <span class='ocrx_word' id='word_1_39' title='bbox 2268 538 2372 588; x_wconf 87' lang='grc' dir='ltr'><strong><em>γεν-</em></strong></span> 
     </span>
     <span class='ocr_line' id='line_1_6' title="bbox 436 596 2374 675; baseline 0.003 -25"><span class='ocrx_word' id='word_1_40' title='bbox 436 597 654 665; x_wconf 85' lang='grc' dir='ltr'><strong><em>νήματος</em></strong></span> <span class='ocrx_word' id='word_1_41' title='bbox 681 596 949 664; x_wconf 80' lang='grc' dir='ltr'><strong><em>ὖπόνοιαν,</em></strong></span> <span class='ocrx_word' id='word_1_42' title='bbox 989 598 1090 654; x_wconf 78' lang='grc' dir='ltr'><strong><em>ἆπὸ</em></strong></span> <span class='ocrx_word' id='word_1_43' title='bbox 1126 606 1215 654; x_wconf 85' lang='grc' dir='ltr'><strong><em>τοῦ</em></strong></span> <span class='ocrx_word' id='word_1_44' title='bbox 1241 603 1414 672; x_wconf 81' lang='grc' dir='ltr'><strong><em>-ἕτέρου</em></strong></span> <span class='ocrx_word' id='word_1_45' title='bbox 1441 601 1558 655; x_wconf 91' lang='grc' dir='ltr'><strong><em>καθ’</em></strong></span> <span class='ocrx_word' id='word_1_46' title='bbox 1586 600 1721 671; x_wconf 74' lang='grc' dir='ltr'><strong><em>ἡμᾶς</em></strong></span> <span class='ocrx_word' id='word_1_47' title='bbox 1748 605 1927 675; x_wconf 82' lang='grc' dir='ltr'><strong><em>μέρους</em></strong></span> <span class='ocrx_word' id='word_1_48' title='bbox 1951 603 2222 665; x_wconf 78' lang='grc' dir='ltr'><strong><em>ἀντιθέτως</em></strong></span> <span class='ocrx_word' id='word_1_49' title='bbox 2246 599 2374 673; x_wconf 78' lang='grc' dir='ltr'><strong><em>πρὸς</em></strong></span> 
     </span>
     <span class='ocr_line' id='line_1_7' title="bbox 439 683 2374 759; baseline 0.004 -24"><span class='ocrx_word' id='word_1_50' title='bbox 439 683 625 746; x_wconf 76' lang='grc' dir='ltr'><strong><em>αὐτούς</em></strong></span> <span class='ocrx_word' id='word_1_51' title='bbox 656 686 829 754; x_wconf 78' lang='grc' dir='ltr'><strong><em>ρ”ητέον</em></strong></span> <span class='ocrx_word' id='word_1_52' title='bbox 867 683 943 738; x_wconf 79' lang='grc' dir='ltr'><strong><em>ὅτι</em></strong></span> <span class='ocrx_word' id='word_1_53' title='bbox 981 687 1030 738; x_wconf 77' lang='grc' dir='ltr'><strong><em>ἐν</em></strong></span> <span class='ocrx_word' id='word_1_54' title='bbox 1066 684 1184 754; x_wconf 84' lang='grc' dir='ltr'><strong><em>ήμῖν</em></strong></span> <span class='ocrx_word' id='word_1_55' title='bbox 1214 695 1316 750; x_wconf 87' lang='grc' dir='ltr'><strong><em>τοῖς</em></strong></span> <span class='ocrx_word' id='word_1_56' title='bbox 1349 689 1402 742; x_wconf 81' lang='grc' dir='ltr'><strong><em>έν</em></strong></span> <span class='ocrx_word' id='word_1_57' title='bbox 1437 687 1593 742; x_wconf 90' lang='grc' dir='ltr'><strong><em>πάθει</em></strong></span> <span class='ocrx_word' id='word_1_58' title='bbox 1621 692 1830 759; x_wconf 80' lang='grc' dir='ltr'><strong><em>γεννῶσί</em></strong></span> <span class='ocrx_word' id='word_1_59' title='bbox 1856 710 1906 742; x_wconf 89' lang='grc' dir='ltr'><strong><em>τε</em></strong></span> <span class='ocrx_word' id='word_1_60' title='bbox 1936 691 2021 742; x_wconf 82' lang='grc' dir='ltr'><strong><em>καὶ</em></strong></span> <span class='ocrx_word' id='word_1_61' title='bbox 2053 689 2374 758; x_wconf 83' lang='grc' dir='ltr'><strong><em>γεννωμένοις</em></strong></span> 
     </span>
     <span class='ocr_line' id='line_1_8' title="bbox 436 766 2375 848; baseline 0.004 -27"><span class='ocrx_word' id='word_1_62' title='bbox 436 766 610 831; x_wconf 90' lang='grc' dir='ltr'><strong><em>πάθος</em></strong></span> <span class='ocrx_word' id='word_1_63' title='bbox 636 771 735 823; x_wconf 77' lang='grc' dir='ltr'><strong><em>ἐστὶ</em></strong></span> <span class='ocrx_word' id='word_1_64' title='bbox 765 769 996 840; x_wconf 82' lang='grc' dir='ltr'><strong><em>δεύτερον</em></strong></span> <span class='ocrx_word' id='word_1_65' title='bbox 1020 773 1073 825; x_wconf 78' lang='grc' dir='ltr'><strong><em>ἓν</em></strong></span> <span class='ocrx_word' id='word_1_66' title='bbox 1098 777 1167 844; x_wconf 80' lang='grc' dir='ltr'><strong><em>τῷ</em></strong></span> <span class='ocrx_word' id='word_1_67' title='bbox 1189 776 1389 838; x_wconf 83' lang='grc' dir='ltr'><strong><em>κτίζειν,</em></strong></span> <span class='ocrx_word' id='word_1_68' title='bbox 1443 775 1529 826; x_wconf 81' lang='grc' dir='ltr'><strong><em>καὶ</em></strong></span> <span class='ocrx_word' id='word_1_69' title='bbox 1563 773 1813 842; x_wconf 73' lang='grc' dir='ltr'><strong><em>πάσχομεν</em></strong></span> <span class='ocrx_word' id='word_1_70' title='bbox 1843 777 1895 828; x_wconf 83' lang='grc' dir='ltr'><strong><em>ἒν</em></strong></span> <span class='ocrx_word' id='word_1_71' title='bbox 1920 780 1988 848; x_wconf 77' lang='grc' dir='ltr'><strong><em>τῷ</em></strong></span> <span class='ocrx_word' id='word_1_72' title='bbox 2013 779 2190 844; x_wconf 80' lang='grc' dir='ltr'><strong><em>γεννᾶν</em></strong></span> <span class='ocrx_word' id='word_1_73' title='bbox 2211 793 2262 826; x_wconf 88' lang='grc' dir='ltr'><strong><em>τε</em></strong></span> <span class='ocrx_word' id='word_1_74' title='bbox 2280 774 2375 829; x_wconf 62' lang='grc' dir='ltr'><strong><em>«καὶ</em></strong></span> 
     </span>
     <span class='ocr_line' id='line_1_9' title="bbox 439 854 2375 930; baseline 0.002 -24"><span class='ocrx_word' id='word_1_75' title='bbox 439 860 718 925; x_wconf 81' lang='grc' dir='ltr'><strong><em>γεννᾶσθαι.</em></strong></span> <span class='ocrx_word' id='word_1_76' title='bbox 796 854 920 918; x_wconf 83' lang='grc' dir='ltr'><strong><em>Θεός</em></strong></span> <span class='ocrx_word' id='word_1_77' title='bbox 955 857 1006 909; x_wconf 81' lang='grc' dir='ltr'><strong><em>δὲ</em></strong></span> <span class='ocrx_word' id='word_1_78' title='bbox 1037 854 1066 910; x_wconf 82' lang='grc' dir='ltr'><em>ὅ</em></span> <span class='ocrx_word' id='word_1_79' title='bbox 1092 855 1207 927; x_wconf 89' lang='grc' dir='ltr'><strong><em>παρ’</em></strong></span> <span class='ocrx_word' id='word_1_80' title='bbox 1233 855 1354 925; x_wconf 73' lang='grc' dir='ltr'><strong><em>ὑμῖν</em></strong></span> <span class='ocrx_word' id='word_1_81' title='bbox 1389 857 1612 926; x_wconf 83' lang='grc' dir='ltr'><strong><em>κτιστής,</em></strong></span> <span class='ocrx_word' id='word_1_82' title='bbox 1665 861 1745 912; x_wconf 78' lang='grc' dir='ltr'><strong><em>καὶ</em></strong></span> <span class='ocrx_word' id='word_1_83' title='bbox 1777 858 1839 912; x_wconf 81' lang='grc' dir='ltr'><strong><em>οὗ</em></strong></span> <span class='ocrx_word' id='word_1_84' title='bbox 1870 859 2111 930; x_wconf 85' lang='grc' dir='ltr'><strong><em>γεννήτωρ</em></strong></span> <span class='ocrx_word' id='word_1_85' title='bbox 2146 855 2375 912; x_wconf 78' lang='grc' dir='ltr'><strong><em>ἐπινοού-</em></strong></span> 
     </span>
     <span class='ocr_line' id='line_1_10' title="bbox 441 939 2373 1013; baseline 0.001 -20"><span class='ocrx_word' id='word_1_86' title='bbox 441 960 610 1008; x_wconf 87' lang='grc' dir='ltr'><strong><em>μενος·</em></strong></span> <span class='ocrx_word' id='word_1_87' title='bbox 665 939 763 1003; x_wconf 78' lang='grc' dir='ltr'><strong><em>7ὃς</em></strong></span> <span class='ocrx_word' id='word_1_88' title='bbox 792 939 874 993; x_wconf 77' lang='grc' dir='ltr'><strong><em>διά</em></strong></span> <span class='ocrx_word' id='word_1_89' title='bbox 914 942 1002 1009; x_wconf 85' lang='grc' dir='ltr'><strong><em>μὲν</em></strong></span> <span class='ocrx_word' id='word_1_90' title='bbox 1034 940 1089 996; x_wconf 77' lang='grc' dir='ltr'><strong><em>τό</em></strong></span> <span class='ocrx_word' id='word_1_91' title='bbox 1124 949 1302 1013; x_wconf 83' lang='grc' dir='ltr'><strong><em>γεννᾶν</em></strong></span> <span class='ocrx_word' id='word_1_92' title='bbox 1344 940 1708 1011; x_wconf 76' lang='grc' dir='ltr'><strong><em>άνατρεπτικῶς</em></strong></span> <span class='ocrx_word' id='word_1_93' title='bbox 1749 943 1803 998; x_wconf 87' lang='grc' dir='ltr'>τὸ</span> <span class='ocrx_word' id='word_1_94' title='bbox 1840 944 2013 1007; x_wconf 86' lang='grc' dir='ltr'><strong><em>πάθος</em></strong></span> <span class='ocrx_word' id='word_1_95' title='bbox 2047 944 2373 1013; x_wconf 85' lang='grc' dir='ltr'><strong><em>παραφέρετε,</em></strong></span> 
     </span>
     <span class='ocr_line' id='line_1_11' title="bbox 439 1023 2374 1102; baseline 0.002 -25"><span class='ocrx_word' id='word_1_96' title='bbox 439 1028 524 1078; x_wconf 79' lang='grc' dir='ltr'><strong><em>ἵνα</em></strong></span> <span class='ocrx_word' id='word_1_97' title='bbox 549 1023 640 1094; x_wconf 81' lang='grc' dir='ltr'><strong><em>τήν</em></strong></span> <span class='ocrx_word' id='word_1_98' title='bbox 667 1028 782 1079; x_wconf 79' lang='grc' dir='ltr'><strong><em>υἱοῦ</em></strong></span> <span class='ocrx_word' id='word_1_99' title='bbox 803 1025 1096 1096; x_wconf 87' lang='grc' dir='ltr'><strong><em>γνησιότητα</em></strong></span> <span class='ocrx_word' id='word_1_100' title='bbox 1125 1027 1438 1098; x_wconf 79' lang='grc' dir='ltr'><strong><em>ἆρνήσησθε,</em></strong></span> <span class='ocrx_word' id='word_1_101' title='bbox 1491 1027 1628 1102; x_wconf 79' lang='grc' dir='ltr'><strong><em>λήθῃ</em></strong></span> <span class='ocrx_word' id='word_1_102' title='bbox 1660 1029 1713 1082; x_wconf 81' lang='grc' dir='ltr'><strong><em>δὲ</em></strong></span> <span class='ocrx_word' id='word_1_103' title='bbox 1739 1029 2074 1097; x_wconf 82' lang='grc' dir='ltr'><strong><em>παραδιδόατε</em></strong></span> <span class='ocrx_word' id='word_1_104' title='bbox 2103 1028 2158 1082; x_wconf 69' lang='lat' dir='ltr'><strong><em>vd</em></strong></span> <span class='ocrx_word' id='word_1_105' title='bbox 2189 1030 2272 1083; x_wconf 81' lang='grc' dir='ltr'><strong><em>ἐπὶ</em></strong></span> <span class='ocrx_word' id='word_1_106' title='bbox 2303 1033 2374 1101; x_wconf 78' lang='grc' dir='ltr'><strong><em>τῷ</em></strong></span> 
     </span>
     <span class='ocr_line' id='line_1_12' title="bbox 438 1109 2374 1186; baseline 0.002 -23"><span class='ocrx_word' id='word_1_107' title='bbox 438 1114 613 1175; x_wconf 75' lang='grc' dir='ltr'><strong><em>κτίζειν</em></strong></span> <span class='ocrx_word' id='word_1_108' title='bbox 640 1109 836 1176; x_wconf 90' lang='grc' dir='ltr'><strong><em>πάθος,</em></strong></span> <span class='ocrx_word' id='word_1_109' title='bbox 875 1111 996 1183; x_wconf 77' lang='grc' dir='ltr'><strong><em>ὅπερ</em></strong></span> <span class='ocrx_word' id='word_1_110' title='bbox 1026 1116 1111 1168; x_wconf 84' lang='grc' dir='ltr'><strong><em>καὶ</em></strong></span> <span class='ocrx_word' id='word_1_111' title='bbox 1136 1113 1259 1167; x_wconf 80' lang='grc' dir='ltr'><strong><em>αὐτὸ</em></strong></span> <span class='ocrx_word' id='word_1_112' title='bbox 1292 1115 1343 1167; x_wconf 81' lang='grc' dir='ltr'><strong><em>ἐν</em></strong></span> <span class='ocrx_word' id='word_1_113' title='bbox 1373 1118 1478 1186; x_wconf 79' lang='grc' dir='ltr'><strong><em>θεῷ</em></strong></span> <span class='ocrx_word' id='word_1_114' title='bbox 1508 1111 1568 1166; x_wconf 78' lang='grc' dir='ltr'><strong><em>οὗ</em></strong></span> <span class='ocrx_word' id='word_1_115' title='bbox 1601 1113 1771 1176; x_wconf 84' lang='grc' dir='ltr'><strong><em>πάθος</em></strong></span> <span class='ocrx_word' id='word_1_116' title='bbox 1804 1113 2032 1185; x_wconf 70' lang='grc' dir='ltr'><strong><em>ὑπάρχει,</em></strong></span> <span class='ocrx_word' id='word_1_117' title='bbox 2073 1112 2141 1183; x_wconf 81' lang='grc' dir='ltr'><strong><em>μή</em></strong></span> <span class='ocrx_word' id='word_1_118' title='bbox 2166 1115 2374 1183; x_wconf 89' lang='grc' dir='ltr'><strong><em>γένοιτο.</em></strong></span> 
     </span>
     <span class='ocr_line' id='line_1_13' title="bbox 447 1194 2376 1272; baseline 0.001 -23"><span class='ocrx_word' id='word_1_119' title='bbox 447 1194 524 1249; x_wconf 80' lang='grc' dir='ltr'><strong><em>Οὔ</em></strong></span> <span class='ocrx_word' id='word_1_120' title='bbox 566 1217 617 1249; x_wconf 89' lang='grc' dir='ltr'><strong><em>τε</em></strong></span> <span class='ocrx_word' id='word_1_121' title='bbox 654 1195 747 1266; x_wconf 74' lang='grc' dir='ltr'><strong><em>γάρ</em></strong></span> <span class='ocrx_word' id='word_1_122' title='bbox 781 1194 922 1265; x_wconf 80' lang='grc' dir='ltr'><strong><em>ήμεῖς</em></strong></span> <span class='ocrx_word' id='word_1_123' title='bbox 977 1197 1146 1261; x_wconf 85' lang='grc' dir='ltr'><strong><em>πάθος</em></strong></span> <span class='ocrx_word' id='word_1_124' title='bbox 1193 1197 1327 1272; x_wconf 74' lang='grc' dir='ltr'><strong><em>αὐτῷ</em></strong></span> <span class='ocrx_word' id='word_1_125' title='bbox 1383 1198 1752 1269; x_wconf 85' lang='grc' dir='ltr'><strong><em>προςάπτομεν,</em></strong></span> <span class='ocrx_word' id='word_1_126' title='bbox 1815 1198 2169 1270; x_wconf 79' lang='grc' dir='ltr'><strong><em>ὁμολογοῦντες</em></strong></span> <span class='ocrx_word' id='word_1_127' title='bbox 2223 1196 2376 1252; x_wconf 76' lang='grc' dir='ltr'><strong><em>αὐτὸν</em></strong></span> 
     </span>
     <span class='ocr_line' id='line_1_14' title="bbox 440 1279 2378 1355; baseline 0.002 -21"><span class='ocrx_word' id='word_1_128' title='bbox 440 1280 641 1349; x_wconf 86' lang='grc' dir='ltr'><strong><em>κτιστήν</em></strong></span> <span class='ocrx_word' id='word_1_129' title='bbox 678 1279 796 1335; x_wconf 82' lang='grc' dir='ltr'><strong><em>ὄντα</em></strong></span> <span class='ocrx_word' id='word_1_130' title='bbox 831 1288 929 1336; x_wconf 82' lang='grc' dir='ltr'><strong><em>τῶν</em></strong></span> <span class='ocrx_word' id='word_1_131' title='bbox 966 1281 1212 1337; x_wconf 70' lang='grc' dir='ltr'><strong><em>ἁπάντων.</em></strong></span> <span class='ocrx_word' id='word_1_132' title='bbox 1291 1282 1422 1338; x_wconf 78' lang='grc' dir='ltr'>Οὐδὲ</span> <span class='ocrx_word' id='word_1_133' title='bbox 1455 1282 1602 1338; x_wconf 88' lang='grc' dir='ltr'><strong><em>πάλιν</em></strong></span> <span class='ocrx_word' id='word_1_134' title='bbox 1633 1283 1802 1347; x_wconf 83' lang='grc' dir='ltr'><strong><em>πάθος</em></strong></span> <span class='ocrx_word' id='word_1_135' title='bbox 1838 1283 1897 1339; x_wconf 70' lang='grc' dir='ltr'><strong><em>ὃν</em></strong></span> <span class='ocrx_word' id='word_1_136' title='bbox 1934 1287 2047 1355; x_wconf 85' lang='grc' dir='ltr'><strong><em>περὶ</em></strong></span> <span class='ocrx_word' id='word_1_137' title='bbox 2087 1282 2238 1338; x_wconf 77' lang='grc' dir='ltr'><strong><em>αὐτὸν</em></strong></span> <span class='ocrx_word' id='word_1_138' title='bbox 2273 1287 2378 1337; x_wconf 84' lang='grc' dir='ltr'><strong><em>δια-</em></strong></span> 
     </span>
     <span class='ocr_line' id='line_1_15' title="bbox 441 1367 2378 1441; baseline 0.001 -21"><span class='ocrx_word' id='word_1_139' title='bbox 441 1367 727 1435; x_wconf 88' lang='grc' dir='ltr'><strong><em>νοούμεθα,</em></strong></span> <span class='ocrx_word' id='word_1_140' title='bbox 777 1367 1100 1438; x_wconf 85' lang='grc' dir='ltr'><strong><em>γεγεννηκότα</em></strong></span> <span class='ocrx_word' id='word_1_141' title='bbox 1142 1368 1228 1422; x_wconf 79' lang='grc' dir='ltr'><strong><em>τόν</em></strong></span> <span class='ocrx_word' id='word_1_142' title='bbox 1267 1368 1513 1438; x_wconf 75' lang='grc' dir='ltr'><strong><em>ἀληθινὸν</em></strong></span> <span class='ocrx_word' id='word_1_143' title='bbox 1548 1368 1687 1435; x_wconf 79' lang='grc' dir='ltr'><strong><em>υἷόν,</em></strong></span> <span class='ocrx_word' id='word_1_144' title='bbox 1736 1368 1987 1438; x_wconf 83' lang='grc' dir='ltr'><strong><em>άληθινῶς</em></strong></span> <span class='ocrx_word' id='word_1_145' title='bbox 2031 1367 2254 1441; x_wconf 82' lang='grc' dir='ltr'><strong><em>άνάρχως</em></strong></span> <span class='ocrx_word' id='word_1_146' title='bbox 2291 1370 2378 1423; x_wconf 75' lang='grc' dir='ltr'><strong><em>καὶ</em></strong></span> 
     </span>
     <span class='ocr_line' id='line_1_16' title="bbox 443 1446 2379 1526; baseline 0.002 -20"><span class='ocrx_word' id='word_1_147' title='bbox 443 1446 668 1522; x_wconf 84' lang='grc' dir='ltr'><strong><em>ἆχρόνως</em></strong></span> <span class='ocrx_word' id='word_1_148' title='bbox 692 1451 1057 1524; x_wconf 80' lang='grc' dir='ltr'><strong><em>ὁμολογοῦντες.</em></strong></span> <span class='ocrx_word' id='word_1_149' title='bbox 1106 1454 1199 1508; x_wconf 85' lang='grc' dir='ltr'><strong><em>Διὸ</em></strong></span> <span class='ocrx_word' id='word_1_150' title='bbox 1223 1453 1314 1523; x_wconf 71' lang='grc' dir='ltr'><strong><em>τὴν</em></strong></span> <span class='ocrx_word' id='word_1_151' title='bbox 1339 1446 1495 1522; x_wconf 86' lang='grc' dir='ltr'><strong><em>φύσιν</em></strong></span> <span class='ocrx_word' id='word_1_152' title='bbox 1519 1455 1675 1509; x_wconf 82' lang='grc' dir='ltr'><strong><em>αὐτοῦ</em></strong></span> <span class='ocrx_word' id='word_1_153' title='bbox 1703 1454 2007 1526; x_wconf 79' lang='grc' dir='ltr'><strong><em>γινώσκομεν</em></strong></span> <span class='ocrx_word' id='word_1_154' title='bbox 2032 1454 2379 1523; x_wconf 79' lang='grc' dir='ltr'><strong><em>ἀκατάληπτον</em></strong></span> 
     </span>
     <span class='ocr_line' id='line_1_17' title="bbox 443 1534 2379 1612; baseline 0.001 -19"><span class='ocrx_word' id='word_1_155' title='bbox 443 1534 627 1604; x_wconf 78' lang='grc' dir='ltr'><strong><em>οὖσαν,</em></strong></span> <span class='ocrx_word' id='word_1_156' title='bbox 677 1541 761 1592; x_wconf 87' lang='grc' dir='ltr'><strong><em>καὶ</em></strong></span> <span class='ocrx_word' id='word_1_157' title='bbox 799 1538 955 1592; x_wconf 84' lang='grc' dir='ltr'><strong><em>πάθει</em></strong></span> <span class='ocrx_word' id='word_1_158' title='bbox 993 1538 1061 1607; x_wconf 79' lang='grc' dir='ltr'><strong><em>μή</em></strong></span> <span class='ocrx_word' id='word_1_159' title='bbox 1101 1543 1439 1609; x_wconf 84' lang='grc' dir='ltr'><strong><em>συνεχομένην.</em></strong></span> <span class='ocrx_word' id='word_1_160' title='bbox 1516 1539 1617 1594; x_wconf 80' lang='grc' dir='ltr'><strong><em>Διά</em></strong></span> <span class='ocrx_word' id='word_1_161' title='bbox 1655 1548 1799 1595; x_wconf 81' lang='grc' dir='ltr'><strong><em>τόῦτο</em></strong></span> <span class='ocrx_word' id='word_1_162' title='bbox 1845 1539 2180 1612; x_wconf 79' lang='grc' dir='ltr'><strong><em>ὁμολογοῦμεν</em></strong></span> <span class='ocrx_word' id='word_1_163' title='bbox 2226 1538 2379 1595; x_wconf 71' lang='grc' dir='ltr'><strong><em>αὐτὸν</em></strong></span> 
     </span>
     <span class='ocr_line' id='line_1_18' title="bbox 443 1624 2380 1698; baseline 0.001 -19"><span class='ocrx_word' id='word_1_164' title='bbox 443 1627 528 1680; x_wconf 85' lang='grc' dir='ltr'><strong><em>καὶ</em></strong></span> <span class='ocrx_word' id='word_1_165' title='bbox 556 1625 738 1692; x_wconf 79' lang='grc' dir='ltr'><strong><em>ἀπαθῆ</em></strong></span> <span class='ocrx_word' id='word_1_166' title='bbox 775 1624 1040 1695; x_wconf 78' lang='grc' dir='ltr'><strong><em>γεννήτορά</em></strong></span> <span class='ocrx_word' id='word_1_167' title='bbox 1085 1628 1169 1679; x_wconf 87' lang='grc' dir='ltr'><strong><em>καὶ</em></strong></span> <span class='ocrx_word' id='word_1_168' title='bbox 1207 1625 1406 1695; x_wconf 79' lang='grc' dir='ltr'><strong><em>κτιστήν</em></strong></span> <span class='ocrx_word' id='word_1_169' title='bbox 1447 1626 1641 1695; x_wconf 76' lang='grc' dir='ltr'><strong><em>ἀπαθῆ.</em></strong></span> <span class='ocrx_word' id='word_1_170' title='bbox 1712 1625 1969 1698; x_wconf 88' lang='grc' dir='ltr'><strong><em>Ἐγέννησε</em></strong></span> <span class='ocrx_word' id='word_1_171' title='bbox 2004 1625 2097 1698; x_wconf 77' lang='grc' dir='ltr'><strong><em>γάρ</em></strong></span> <span class='ocrx_word' id='word_1_172' title='bbox 2121 1625 2209 1681; x_wconf 75' lang='grc' dir='ltr'><strong><em>τόν</em></strong></span> <span class='ocrx_word' id='word_1_173' title='bbox 2234 1648 2380 1695; x_wconf 85' lang='grc' dir='ltr'><strong><em>μονο-</em></strong></span> 
     </span>
     <span class='ocr_line' id='line_1_19' title="bbox 443 1709 2379 1783; baseline 0 -18"><span class='ocrx_word' id='word_1_174' title='bbox 443 1717 561 1783; x_wconf 87' lang='grc' dir='ltr'><strong><em>γενῆ</em></strong></span> <span class='ocrx_word' id='word_1_175' title='bbox 602 1709 670 1779; x_wconf 79' lang='grc' dir='ltr'><strong><em>μὴ</em></strong></span> <span class='ocrx_word' id='word_1_176' title='bbox 708 1709 934 1779; x_wconf 86' lang='grc' dir='ltr'><strong><em>πάσχων,</em></strong></span> <span class='ocrx_word' id='word_1_177' title='bbox 984 1711 1067 1763; x_wconf 88' lang='grc' dir='ltr'><strong><em>καὶ</em></strong></span> <span class='ocrx_word' id='word_1_178' title='bbox 1105 1709 1380 1766; x_wconf 77' lang='grc' dir='ltr'><strong><em>ἀπέστειλεν</em></strong></span> <span class='ocrx_word' id='word_1_179' title='bbox 1422 1715 1471 1776; x_wconf 78' lang='grc' dir='ltr'><strong><em>ἐξ</em></strong></span> <span class='ocrx_word' id='word_1_180' title='bbox 1508 1710 1665 1766; x_wconf 80' lang='grc' dir='ltr'><strong><em>αὕτοῦ</em></strong></span> <span class='ocrx_word' id='word_1_181' title='bbox 1697 1712 1752 1766; x_wconf 82' lang='grc' dir='ltr'>τό</span> <span class='ocrx_word' id='word_1_182' title='bbox 1794 1711 1936 1783; x_wconf 78' lang='grc' dir='ltr'><strong><em>ὃίγιον</em></strong></span> <span class='ocrx_word' id='word_1_183' title='bbox 1974 1712 2131 1767; x_wconf 76' lang='grc' dir='ltr'><strong><em>αὐτοῦ</em></strong></span> <span class='ocrx_word' id='word_1_184' title='bbox 2167 1718 2379 1781; x_wconf 87' lang='grc' dir='ltr'><strong><em>πνεῦμα,</em></strong></span> 
     </span>
     <span class='ocr_line' id='line_1_20' title="bbox 445 1794 2379 1873; baseline 0.002 -23"><span class='ocrx_word' id='word_1_185' title='bbox 445 1795 599 1864; x_wconf 81' lang='grc' dir='ltr'><strong><em>τομὴν</em></strong></span> <span class='ocrx_word' id='word_1_186' title='bbox 628 1794 696 1865; x_wconf 83' lang='grc' dir='ltr'><strong><em>μὴ</em></strong></span> <span class='ocrx_word' id='word_1_187' title='bbox 725 1794 967 1861; x_wconf 69' lang='grc' dir='ltr'><strong><em>ὑποστάς,</em></strong></span> <span class='ocrx_word' id='word_1_188' title='bbox 1014 1798 1097 1849; x_wconf 87' lang='grc' dir='ltr'><strong><em>καὶ</em></strong></span> <span class='ocrx_word' id='word_1_189' title='bbox 1129 1799 1286 1851; x_wconf 76' lang='grc' dir='ltr'><strong><em>ἔκτισε</em></strong></span> <span class='ocrx_word' id='word_1_190' title='bbox 1312 1797 1371 1851; x_wconf 78' lang='grc' dir='ltr'><strong><em>τά</em></strong></span> <span class='ocrx_word' id='word_1_191' title='bbox 1402 1799 1664 1852; x_wconf 84' lang='grc' dir='ltr'><strong><em>κτισθέντα</em></strong></span> <span class='ocrx_word' id='word_1_192' title='bbox 1693 1799 1777 1852; x_wconf 83' lang='grc' dir='ltr'><strong><em>καὶ</em></strong></span> <span class='ocrx_word' id='word_1_193' title='bbox 1805 1796 2058 1865; x_wconf 82' lang='grc' dir='ltr'><strong><em>κτιζόμενα</em></strong></span> <span class='ocrx_word' id='word_1_194' title='bbox 2086 1797 2155 1867; x_wconf 82' lang='grc' dir='ltr'><strong><em>μή</em></strong></span> <span class='ocrx_word' id='word_1_195' title='bbox 2185 1805 2379 1873; x_wconf 75' lang='grc' dir='ltr'><strong><em>8κακῷ,</em></strong></span> 
     </span>
     <span class='ocr_line' id='line_1_21' title="bbox 446 1881 2380 1958; baseline 0.002 -23"><span class='ocrx_word' id='word_1_196' title='bbox 446 1883 570 1951; x_wconf 82' lang='grc' dir='ltr'><strong><em>μηδὲ</em></strong></span> <span class='ocrx_word' id='word_1_197' title='bbox 605 1881 762 1935; x_wconf 88' lang='grc' dir='ltr'><strong><em>πάθει</em></strong></span> <span class='ocrx_word' id='word_1_198' title='bbox 789 1885 1066 1950; x_wconf 81' lang='grc' dir='ltr'><strong><em>συσχεθεὶς,</em></strong></span> <span class='ocrx_word' id='word_1_199' title='bbox 1122 1886 1204 1936; x_wconf 87' lang='grc' dir='ltr'><strong><em>καὶ</em></strong></span> <span class='ocrx_word' id='word_1_200' title='bbox 1235 1891 1371 1938; x_wconf 89' lang='grc' dir='ltr'><strong><em>ποιεῖ</em></strong></span> <span class='ocrx_word' id='word_1_201' title='bbox 1399 1883 1429 1938; x_wconf 78' lang='grc' dir='ltr'>ὃ</span> <span class='ocrx_word' id='word_1_202' title='bbox 1459 1882 1683 1953; x_wconf 83' lang='grc' dir='ltr'><strong><em>βούλεται</em></strong></span> <span class='ocrx_word' id='word_1_203' title='bbox 1720 1882 2107 1954; x_wconf 86' lang='grc' dir='ltr'><strong><em>συμπρεπόντως</em></strong></span> <span class='ocrx_word' id='word_1_204' title='bbox 2138 1890 2196 1958; x_wconf 78' lang='grc' dir='ltr'><strong><em>τῇ</em></strong></span> <span class='ocrx_word' id='word_1_205' title='bbox 2223 1885 2380 1939; x_wconf 82' lang='grc' dir='ltr'><strong><em>αὐτοῦ</em></strong></span> 
     </span>
     <span class='ocr_line' id='line_1_22' title="bbox 447 1967 2382 2042; baseline 0.002 -21"><span class='ocrx_word' id='word_1_206' title='bbox 447 1967 676 2036; x_wconf 87' lang='grc' dir='ltr'><strong><em>θεότητι,</em></strong></span> <span class='ocrx_word' id='word_1_207' title='bbox 717 1967 779 2021; x_wconf 80' lang='grc' dir='ltr'><strong><em>οὗ</em></strong></span> <span class='ocrx_word' id='word_1_208' title='bbox 809 1974 1009 2038; x_wconf 79' lang='grc' dir='ltr'><strong><em>πρῶτον</em></strong></span> <span class='ocrx_word' id='word_1_209' title='bbox 1043 1976 1065 2006; x_wconf 80' lang='lat'><strong>⁹</strong></span> <span class='ocrx_word' id='word_1_210' title='bbox 1085 1968 1413 2038; x_wconf 85' lang='grc' dir='ltr'><strong><em>βουλόμενος,</em></strong></span> <span class='ocrx_word' id='word_1_211' title='bbox 1466 1972 1550 2023; x_wconf 80' lang='grc' dir='ltr'><strong><em>’ἵνα</em></strong></span> <span class='ocrx_word' id='word_1_212' title='bbox 1576 1968 1720 2042; x_wconf 80' lang='grc' dir='ltr'><strong><em>μάθῃ</em></strong></span> <span class='ocrx_word' id='word_1_213' title='bbox 1746 1967 2095 2037; x_wconf 80' lang='grc' dir='ltr'><strong><em>διανοούμενος</em></strong></span> <span class='ocrx_word' id='word_1_214' title='bbox 2119 1973 2164 2023; x_wconf 84' lang='grc' dir='ltr'><strong><em>εἰ</em></strong></span> <span class='ocrx_word' id='word_1_215' title='bbox 2184 1969 2274 2039; x_wconf 82' lang='grc' dir='ltr'><strong><em>χρὴ</em></strong></span> <span class='ocrx_word' id='word_1_216' title='bbox 2307 1991 2382 2042; x_wconf 81' lang='grc' dir='ltr'><strong><em>γε·</em></strong></span> 
     </span>
     <span class='ocr_line' id='line_1_23' title="bbox 446 2051 2387 2125; baseline 0.001 -17"><span class='ocrx_word' id='word_1_217' title='bbox 446 2055 626 2108; x_wconf 90' lang='grc' dir='ltr'><strong><em>νέσθαι</em></strong></span> <span class='ocrx_word' id='word_1_218' title='bbox 668 2051 723 2107; x_wconf 71' lang='lat' dir='ltr'><strong><em>vd</em></strong></span> <span class='ocrx_word' id='word_1_219' title='bbox 762 2054 1159 2122; x_wconf 84' lang='grc' dir='ltr'><strong><em>έπιτελούμενον,</em></strong></span> <span class='ocrx_word' id='word_1_220' title='bbox 1211 2054 1329 2108; x_wconf 81' lang='grc' dir='ltr'><strong><em>οὐδὲ</em></strong></span> <span class='ocrx_word' id='word_1_221' title='bbox 1368 2053 1669 2124; x_wconf 87' lang='grc' dir='ltr'><strong><em>βουλόμενος</em></strong></span> <span class='ocrx_word' id='word_1_222' title='bbox 1704 2053 1958 2124; x_wconf 88' lang='grc' dir='ltr'><strong><em>πράττειν,</em></strong></span> <span class='ocrx_word' id='word_1_223' title='bbox 2011 2056 2096 2109; x_wconf 85' lang='grc' dir='ltr'><strong><em>καὶ</em></strong></span> <span class='ocrx_word' id='word_1_224' title='bbox 2136 2056 2204 2125; x_wconf 77' lang='grc' dir='ltr'><strong><em>μή</em></strong></span> <span class='ocrx_word' id='word_1_225' title='bbox 2235 2055 2387 2110; x_wconf 81' lang='grc' dir='ltr'><strong><em>δυνά-</em></strong></span> 
     </span>
     <span class='ocr_line' id='line_1_24' title="bbox 447 2138 2384 2214; baseline 0.002 -22"><span class='ocrx_word' id='word_1_226' title='bbox 447 2161 592 2209; x_wconf 86' lang='grc' dir='ltr'><strong><em>μενος</em></strong></span> <span class='ocrx_word' id='word_1_227' title='bbox 631 2141 939 2210; x_wconf 78' lang='grc' dir='ltr'><strong><em>ἐπιχορηγεῖν</em></strong></span> <span class='ocrx_word' id='word_1_228' title='bbox 980 2147 1048 2214; x_wconf 80' lang='grc' dir='ltr'><strong><em>τῷ</em></strong></span> <span class='ocrx_word' id='word_1_229' title='bbox 1086 2139 1356 2208; x_wconf 80' lang='grc' dir='ltr'><strong><em>βουλήματι</em></strong></span> <span class='ocrx_word' id='word_1_230' title='bbox 1396 2139 1480 2194; x_wconf 79' lang='grc' dir='ltr'><strong><em>ὃιοὶ</em></strong></span> <span class='ocrx_word' id='word_1_231' title='bbox 1517 2142 1686 2202; x_wconf 85' lang='grc' dir='ltr'><strong><em>πάθος</em></strong></span> <span class='ocrx_word' id='word_1_232' title='bbox 1723 2138 1778 2193; x_wconf 76' lang='grc' dir='ltr'><strong><em>τὸ</em></strong></span> <span class='ocrx_word' id='word_1_233' title='bbox 1828 2142 2174 2208; x_wconf 85' lang='grc' dir='ltr'><strong><em>τελειούμενον.</em></strong></span> <span class='ocrx_word' id='word_1_234' title='bbox 2245 2141 2384 2210; x_wconf 67' lang='grc' dir='ltr'><strong><em>4’Ἀμοι</em></strong></span> 
     </span>
     <span class='ocr_line' id='line_1_25' title="bbox 447 2222 2381 2300; baseline 0.002 -22"><span class='ocrx_word' id='word_1_235' title='bbox 447 2225 539 2298; x_wconf 74' lang='grc' dir='ltr'><strong><em>γάρ</em></strong></span> <span class='ocrx_word' id='word_1_236' title='bbox 579 2227 675 2294; x_wconf 72' lang='grc' dir='ltr'><strong><em>ἔχει</em></strong></span> <span class='ocrx_word' id='word_1_237' title='bbox 701 2225 755 2278; x_wconf 85' lang='grc' dir='ltr'>τὸ</span> <span class='ocrx_word' id='word_1_238' title='bbox 792 2227 982 2291; x_wconf 87' lang='grc' dir='ltr'><strong><em>θέλειν,</em></strong></span> <span class='ocrx_word' id='word_1_239' title='bbox 1034 2225 1087 2279; x_wconf 85' lang='grc' dir='ltr'>τό</span> <span class='ocrx_word' id='word_1_240' title='bbox 1120 2225 1377 2294; x_wconf 87' lang='grc' dir='ltr'><strong><em>πράττειν,</em></strong></span> <span class='ocrx_word' id='word_1_241' title='bbox 1427 2225 1481 2278; x_wconf 83' lang='grc' dir='ltr'>τὸ</span> <span class='ocrx_word' id='word_1_242' title='bbox 1510 2226 1848 2295; x_wconf 85' lang='grc' dir='ltr'><strong><em>γεγεννηκέναι</em></strong></span> <span class='ocrx_word' id='word_1_243' title='bbox 1883 2222 1970 2300; x_wconf 73' lang='grc' dir='ltr'><strong><em>τόν</em></strong></span> <span class='ocrx_word' id='word_1_244' title='bbox 2007 2234 2276 2296; x_wconf 80' lang='grc' dir='ltr'><strong><em>μονογενῆ,</em></strong></span> <span class='ocrx_word' id='word_1_245' title='bbox 2325 2226 2381 2281; x_wconf 73' lang='grc' dir='ltr'><strong><em>τὸ</em></strong></span> 
     </span>
     <span class='ocr_line' id='line_1_26' title="bbox 449 2308 2383 2379; baseline 0.001 -14"><span class='ocrx_word' id='word_1_246' title='bbox 449 2315 609 2365; x_wconf 84' lang='grc' dir='ltr'><strong><em>κτίσαι</em></strong></span> <span class='ocrx_word' id='word_1_247' title='bbox 649 2310 709 2364; x_wconf 78' lang='grc' dir='ltr'><strong><em>τά</em></strong></span> <span class='ocrx_word' id='word_1_248' title='bbox 737 2311 923 2377; x_wconf 89' lang='grc' dir='ltr'><strong><em>πάντα,</em></strong></span> <span class='ocrx_word' id='word_1_249' title='bbox 975 2317 1061 2379; x_wconf 86' lang='grc' dir='ltr'><strong><em>τῆς</em></strong></span> <span class='ocrx_word' id='word_1_250' title='bbox 1088 2317 1265 2378; x_wconf 84' lang='grc' dir='ltr'><strong><em>θεϊκῆς</em></strong></span> <span class='ocrx_word' id='word_1_251' title='bbox 1300 2309 1497 2377; x_wconf 84' lang='grc' dir='ltr'><strong><em>φύσεως</em></strong></span> <span class='ocrx_word' id='word_1_252' title='bbox 1531 2312 1613 2364; x_wconf 80' lang='grc' dir='ltr'><strong><em>καὶ</em></strong></span> <span class='ocrx_word' id='word_1_253' title='bbox 1643 2308 1919 2378; x_wconf 74' lang='grc' dir='ltr'><strong><em>ἀξιώματος</em></strong></span> <span class='ocrx_word' id='word_1_254' title='bbox 1952 2311 2208 2365; x_wconf 83' lang='grc' dir='ltr'><strong><em>ἆνωτάτου</em></strong></span> <span class='ocrx_word' id='word_1_255' title='bbox 2239 2310 2383 2375; x_wconf 92' lang='grc' dir='ltr'><strong><em>ὄντος</em></strong></span> 
     </span>
     <span class='ocr_line' id='line_1_27' title="bbox 457 2387 2381 2467; baseline 0.001 -17"><span class='ocrx_word' id='word_1_256' title='bbox 457 2404 618 2466; x_wconf 79' lang='grc' dir='ltr'><strong><em>10τῆς</em></strong></span> <span class='ocrx_word' id='word_1_257' title='bbox 641 2395 825 2451; x_wconf 85' lang='grc' dir='ltr'><strong><em>Ἀετίου</em></strong></span> <span class='ocrx_word' id='word_1_258' title='bbox 863 2403 1226 2467; x_wconf 86' lang='grc' dir='ltr'><strong><em>συλλογιστικῆς</em></strong></span> <span class='ocrx_word' id='word_1_259' title='bbox 1262 2398 1451 2458; x_wconf 78' lang='grc' dir='ltr'><strong><em>ἐννοίας</em></strong></span> <span class='ocrx_word' id='word_1_260' title='bbox 1485 2387 1572 2449; x_wconf 73' lang='grc' dir='ltr'><em>καῖ</em></span> <span class='ocrx_word' id='word_1_261' title='bbox 1597 2394 1761 2464; x_wconf 87' lang='grc' dir='ltr'><strong><em>πάσης</em></strong></span> <span class='ocrx_word' id='word_1_262' title='bbox 1793 2393 2209 2465; x_wconf 80' lang='grc' dir='ltr'><strong><em>άνθρωπότητος,</em></strong></span> <span class='ocrx_word' id='word_1_263' title='bbox 2248 2397 2381 2465; x_wconf 80' lang='grc' dir='ltr'><strong><em>ἀμεί-</em></strong></span> 
     </span>
     <span class='ocr_line' id='line_1_28' title="bbox 450 2479 2384 2550; baseline 0.001 -14"><span class='ocrx_word' id='word_1_264' title='bbox 450 2505 597 2545; x_wconf 90' lang='grc' dir='ltr'><strong><em>νονος</em></strong></span> <span class='ocrx_word' id='word_1_265' title='bbox 622 2481 766 2545; x_wconf 86' lang='grc' dir='ltr'><strong><em>ὄντος</em></strong></span> <span class='ocrx_word' id='word_1_266' title='bbox 790 2489 881 2536; x_wconf 87' lang='grc' dir='ltr'><strong><em>τοῦ</em></strong></span> <span class='ocrx_word' id='word_1_267' title='bbox 910 2489 1036 2535; x_wconf 86' lang='grc' dir='ltr'><strong><em>θεοῦ</em></strong></span> <span class='ocrx_word' id='word_1_268' title='bbox 1065 2481 1228 2550; x_wconf 88' lang='grc' dir='ltr'><strong><em>πάσης</em></strong></span> <span class='ocrx_word' id='word_1_269' title='bbox 1258 2483 1504 2546; x_wconf 79' lang='grc' dir='ltr'><strong><em>ἐπινοίας,</em></strong></span> <span class='ocrx_word' id='word_1_270' title='bbox 1559 2480 1619 2536; x_wconf 76' lang='grc' dir='ltr'><strong><em>οὐ</em></strong></span> <span class='ocrx_word' id='word_1_271' title='bbox 1651 2481 1806 2535; x_wconf 90' lang='grc' dir='ltr'><strong><em>πάθει</em></strong></span> <span class='ocrx_word' id='word_1_272' title='bbox 1829 2484 2076 2546; x_wconf 81' lang='grc' dir='ltr'><strong><em>εἴκοντος,</em></strong></span> <span class='ocrx_word' id='word_1_273' title='bbox 2129 2479 2221 2536; x_wconf 81' lang='grc' dir='ltr'><strong><em>ἄλλ’</em></strong></span> <span class='ocrx_word' id='word_1_274' title='bbox 2258 2480 2384 2537; x_wconf 83' lang='grc' dir='ltr'><strong><em>άνω-</em></strong></span> 
     </span>
     <span class='ocr_line' id='line_1_29' title="bbox 451 2565 1984 2635; baseline 0 -14"><span class='ocrx_word' id='word_1_275' title='bbox 451 2569 603 2623; x_wconf 87' lang='grc' dir='ltr'><strong><em>τάτου</em></strong></span> <span class='ocrx_word' id='word_1_276' title='bbox 641 2566 782 2631; x_wconf 82' lang='grc' dir='ltr'><strong><em>ὄντος</em></strong></span> <span class='ocrx_word' id='word_1_277' title='bbox 817 2567 1019 2622; x_wconf 88' lang='grc' dir='ltr'><strong><em>πάντων</em></strong></span> <span class='ocrx_word' id='word_1_278' title='bbox 1054 2573 1151 2621; x_wconf 83' lang='grc' dir='ltr'><strong><em>τῶν</em></strong></span> <span class='ocrx_word' id='word_1_279' title='bbox 1188 2573 1371 2620; x_wconf 80' lang='grc' dir='ltr'><strong><em>παθῶν</em></strong></span> <span class='ocrx_word' id='word_1_280' title='bbox 1407 2568 1490 2620; x_wconf 87' lang='grc' dir='ltr'><strong><em>καὶ</em></strong></span> <span class='ocrx_word' id='word_1_281' title='bbox 1528 2566 1692 2635; x_wconf 89' lang='grc' dir='ltr'><strong><em>πάσης</em></strong></span> <span class='ocrx_word' id='word_1_282' title='bbox 1727 2565 1984 2629; x_wconf 76' lang='grc' dir='ltr'><strong><em>ὑπονοίας.</em></strong></span> 
     </span>
    </p>
   </div>
   <div class='ocr_carea' id='block_1_4' title="bbox 453 2990 2385 3239">
    <p class='ocr_par' dir='ltr' id='par_1_4' title="bbox 453 2990 2385 3239">
     <span class='ocr_line' id='line_1_30' title="bbox 586 2990 2385 3066; baseline -0.003 -15"><span class='ocrx_word' id='word_1_283' title='bbox 586 2997 781 3051; x_wconf 86' lang='grc' dir='ltr'><strong><em>Ἀετίου</em></strong></span> <span class='ocrx_word' id='word_1_284' title='bbox 809 2993 979 3063; x_wconf 85' lang='grc' dir='ltr'><strong><em>κεφάλ.</em></strong></span> <span class='ocrx_word' id='word_1_285' title='bbox 1002 2995 1070 3048; x_wconf 92' lang='grc' dir='ltr'><strong><em>ιε’.</em></strong></span> <span class='ocrx_word' id='word_1_286' title='bbox 1143 2997 1215 3048; x_wconf 86' lang='grc' dir='ltr'><strong><em>Εἰ</em></strong></span> <span class='ocrx_word' id='word_1_287' title='bbox 1243 2994 1296 3049; x_wconf 76' lang='grc' dir='ltr'><strong><em>τὸ</em></strong></span> <span class='ocrx_word' id='word_1_288' title='bbox 1324 2997 1539 3066; x_wconf 87' lang='grc' dir='ltr'><strong><em>γέννημα</em></strong></span> <span class='ocrx_word' id='word_1_289' title='bbox 1565 2994 1804 3064; x_wconf 73' lang='grc' dir='ltr'><strong><em>ἅτρεπτόν</em></strong></span> <span class='ocrx_word' id='word_1_290' title='bbox 1853 3002 1872 3033; x_wconf 88' lang='lat'>¹</span> <span class='ocrx_word' id='word_1_291' title='bbox 1893 2996 1992 3049; x_wconf 80' lang='grc' dir='ltr'><strong><em>ἐστι</em></strong></span> <span class='ocrx_word' id='word_1_292' title='bbox 2015 2993 2105 3062; x_wconf 80' lang='grc' dir='ltr'><strong><em>τήν</em></strong></span> <span class='ocrx_word' id='word_1_293' title='bbox 2127 2992 2279 3059; x_wconf 82' lang='grc' dir='ltr'><strong><em>φύσιν</em></strong></span> <span class='ocrx_word' id='word_1_294' title='bbox 2301 2990 2385 3046; x_wconf 79' lang='grc' dir='ltr'><strong><em>διά</em></strong></span> 
     </span>
     <span class='ocr_line' id='line_1_31' title="bbox 453 3077 2383 3155; baseline -0.005 -17"><span class='ocrx_word' id='word_1_295' title='bbox 453 3084 539 3139; x_wconf 77' lang='grc' dir='ltr'><strong><em>τὸν</em></strong></span> <span class='ocrx_word' id='word_1_296' title='bbox 563 3082 878 3155; x_wconf 82' lang='grc' dir='ltr'><strong><em>γεννήσαντα,</em></strong></span> <span class='ocrx_word' id='word_1_297' title='bbox 919 3078 1005 3134; x_wconf 74' lang='grc' dir='ltr'><strong><em>2τὸ</em></strong></span> <span class='ocrx_word' id='word_1_298' title='bbox 1041 3081 1306 3150; x_wconf 78' lang='grc' dir='ltr'><strong><em>ἀγέννητον</em></strong></span> <span class='ocrx_word' id='word_1_299' title='bbox 1335 3078 1478 3134; x_wconf 76' lang='grc' dir='ltr'><strong><em>οὐσία</em></strong></span> <span class='ocrx_word' id='word_1_300' title='bbox 1509 3083 1639 3134; x_wconf 79' lang='grc' dir='ltr'><strong><em>ἐστὶν</em></strong></span> <span class='ocrx_word' id='word_1_301' title='bbox 1667 3079 1919 3150; x_wconf 70' lang='grc' dir='ltr'><strong><em>ἄτρεπτος,</em></strong></span> <span class='ocrx_word' id='word_1_302' title='bbox 1957 3078 2018 3132; x_wconf 84' lang='grc' dir='ltr'><strong><em>οὗ</em></strong></span> <span class='ocrx_word' id='word_1_303' title='bbox 2050 3077 2132 3132; x_wconf 72' lang='grc' dir='ltr'><strong><em>διὰ</em></strong></span> <span class='ocrx_word' id='word_1_304' title='bbox 2162 3077 2383 3148; x_wconf 78' lang='grc' dir='ltr'><strong><em>γνώμην,</em></strong></span> 
     </span>
     <span class='ocr_line' id='line_1_32' title="bbox 456 3163 1287 3239; baseline -0.006 -16"><span class='ocrx_word' id='word_1_305' title='bbox 456 3169 577 3223; x_wconf 78' lang='grc' dir='ltr'><strong><em>ἆλλά</em></strong></span> <span class='ocrx_word' id='word_1_306' title='bbox 611 3167 694 3223; x_wconf 77' lang='grc' dir='ltr'><strong><em>διά</em></strong></span> <span class='ocrx_word' id='word_1_307' title='bbox 723 3168 777 3222; x_wconf 86' lang='grc' dir='ltr'>τὸ</span> <span class='ocrx_word' id='word_1_308' title='bbox 811 3170 863 3221; x_wconf 83' lang='grc' dir='ltr'><strong><em>έν</em></strong></span> <span class='ocrx_word' id='word_1_309' title='bbox 900 3164 1045 3239; x_wconf 71' lang='grc' dir='ltr'><strong><em>οὐσίᾳ</em></strong></span> <span class='ocrx_word' id='word_1_310' title='bbox 1083 3163 1287 3234; x_wconf 68' lang='grc' dir='ltr'><strong><em>ἀξίωμα.</em></strong></span> 
     </span>
    </p>
   </div>
   <div class='ocr_carea' id='block_1_5' title="bbox 457 3329 2385 3495">
    <p class='ocr_par' dir='ltr' id='par_1_5' title="bbox 457 3329 2385 3495">
     <span class='ocr_line' id='line_1_33' title="bbox 594 3329 2385 3407; baseline -0.003 -15"><span class='ocrx_word' id='word_1_311' title='bbox 594 3338 784 3407; x_wconf 82' lang='grc' dir='ltr'><strong><em>Ἀνατρ.</em></strong></span> <span class='ocrx_word' id='word_1_312' title='bbox 807 3336 944 3400; x_wconf 68' lang='grc' dir='ltr'><strong><em>’Ἕως</em></strong></span> <span class='ocrx_word' id='word_1_313' title='bbox 970 3335 1087 3390; x_wconf 91' lang='grc' dir='ltr'><strong><em>πότε</em></strong></span> <span class='ocrx_word' id='word_1_314' title='bbox 1109 3335 1216 3405; x_wconf 78' lang='grc' dir='ltr'><strong><em>ἥκει</em></strong></span> <span class='ocrx_word' id='word_1_315' title='bbox 1238 3337 1405 3406; x_wconf 86' lang='grc' dir='ltr'><strong><em>φέρων</em></strong></span> <span class='ocrx_word' id='word_1_316' title='bbox 1429 3333 1548 3404; x_wconf 72' lang='grc' dir='ltr'><strong><em>ἡμῖν</em></strong></span> <span class='ocrx_word' id='word_1_317' title='bbox 1578 3329 1724 3397; x_wconf 76' lang='grc' dir='ltr'><strong><em>οὗτος</em></strong></span> <span class='ocrx_word' id='word_1_318' title='bbox 1751 3332 1806 3387; x_wconf 83' lang='grc' dir='ltr'>τὸ</span> <span class='ocrx_word' id='word_1_319' title='bbox 1837 3330 1955 3387; x_wconf 72' lang='grc' dir='ltr'><strong><em>αὐτὸ</em></strong></span> <span class='ocrx_word' id='word_1_320' title='bbox 1984 3334 2152 3403; x_wconf 89' lang='grc' dir='ltr'><strong><em>λέγειν,</em></strong></span> <span class='ocrx_word' id='word_1_321' title='bbox 2190 3335 2273 3387; x_wconf 82' lang='grc' dir='ltr'><strong><em>καὶ</em></strong></span> <span class='ocrx_word' id='word_1_322' title='bbox 2294 3355 2385 3401; x_wconf 86' lang='grc' dir='ltr'><strong><em>μη-</em></strong></span> 
     </span>
     <span class='ocr_line' id='line_1_34' title="bbox 457 3417 2385 3495; baseline -0.003 -17"><span class='ocrx_word' id='word_1_323' title='bbox 457 3427 539 3479; x_wconf 79' lang='grc' dir='ltr'><strong><em>δὲν</em></strong></span> <span class='ocrx_word' id='word_1_324' title='bbox 569 3423 881 3495; x_wconf 69' lang='grc' dir='ltr'><strong><em>ὑπερβαίνειν</em></strong></span> <span class='ocrx_word' id='word_1_325' title='bbox 909 3429 1006 3476; x_wconf 84' lang='grc' dir='ltr'><strong><em>τῶν</em></strong></span> <span class='ocrx_word' id='word_1_326' title='bbox 1032 3424 1321 3492; x_wconf 77' lang='grc' dir='ltr'><strong><em>ἐγκειμένων</em></strong></span> <span class='ocrx_word' id='word_1_327' title='bbox 1331 3444 1346 3485; x_wconf 86' lang='grc'><strong><em>,·</em></strong></span> <span class='ocrx_word' id='word_1_328' title='bbox 1386 3420 1516 3474; x_wconf 74' lang='grc' dir='ltr'><strong><em>’Ὅσα</em></strong></span> <span class='ocrx_word' id='word_1_329' title='bbox 1539 3420 1631 3491; x_wconf 75' lang='grc' dir='ltr'><strong><em>γάρ</em></strong></span> <span class='ocrx_word' id='word_1_330' title='bbox 1659 3422 1755 3486; x_wconf 73' lang='grc' dir='ltr'><strong><em>ἔφη</em></strong></span> <span class='ocrx_word' id='word_1_331' title='bbox 1781 3417 2022 3488; x_wconf 75' lang='grc' dir='ltr'><strong><em>ἄπαρχῆς,</em></strong></span> <span class='ocrx_word' id='word_1_332' title='bbox 2060 3421 2145 3471; x_wconf 85' lang='grc' dir='ltr'><strong><em>καὶ</em></strong></span> <span class='ocrx_word' id='word_1_333' title='bbox 2174 3417 2284 3490; x_wconf 73' lang='grc' dir='ltr'><strong><em>ἄχρι</em></strong></span> <span class='ocrx_word' id='word_1_334' title='bbox 2313 3421 2385 3473; x_wconf 81' lang='grc' dir='ltr'><strong><em>τέ·</em></strong></span> 
     </span>
    </p>
   </div>
   <div class='ocr_carea' id='block_1_6' title="bbox 462 3561 2385 3849">
    <p class='ocr_par' dir='ltr' id='par_1_6' title="bbox 462 3561 2385 3849">
     <span class='ocr_line' id='line_1_35' title="bbox 515 3561 2385 3621; baseline -0.005 -10"><span class='ocrx_word' id='word_1_335' title='bbox 515 3570 554 3611; x_wconf 84' lang='grc'><strong><em>’7.</em></strong></span> <span class='ocrx_word' id='word_1_336' title='bbox 589 3571 890 3610; x_wconf 75' lang='lat' dir='ltr'><strong><em>Rescribendum</em></strong></span> <span class='ocrx_word' id='word_1_337' title='bbox 914 3572 1008 3619; x_wconf 75' lang='lat' dir='ltr'><em>pulo</em></span> <span class='ocrx_word' id='word_1_338' title='bbox 1034 3565 1093 3616; x_wconf 71' lang='grc' dir='ltr'><strong><em>ὥς</em></strong></span> <span class='ocrx_word' id='word_1_339' title='bbox 1115 3564 1186 3611; x_wconf 74' lang='grc' dir='ltr'><strong><em>διὰ</em></strong></span> <span class='ocrx_word' id='word_1_340' title='bbox 1212 3566 1285 3621; x_wconf 81' lang='grc' dir='ltr'><strong><em>μὲν</em></strong></span> <span class='ocrx_word' id='word_1_341' title='bbox 1310 3570 1393 3607; x_wconf 77' lang='lat' dir='ltr'><strong><em>cett.</em></strong></span> <span class='ocrx_word' id='word_1_342' title='bbox 1453 3580 1548 3605; x_wconf 86' lang='lat' dir='ltr'><strong><em>nem</em></strong></span> <span class='ocrx_word' id='word_1_343' title='bbox 1588 3562 1810 3619; x_wconf 73' lang='lat' dir='ltr'>profertis,</span> <span class='ocrx_word' id='word_1_344' title='bbox 1855 3575 1937 3616; x_wconf 84' lang='lat' dir='ltr'><strong><em>quo</em></strong></span> <span class='ocrx_word' id='word_1_345' title='bbox 1977 3561 2049 3601; x_wconf 74' lang='lat' dir='ltr'>filii</span> <span class='ocrx_word' id='word_1_346' title='bbox 2087 3561 2385 3616; x_wconf 76' lang='lat' dir='ltr'>ingenuitatem</span> 
     </span>
     <span class='ocr_line' id='line_1_36' title="bbox 463 3617 2383 3677; baseline -0.004 -11"><span class='ocrx_word' id='word_1_347' title='bbox 463 3628 676 3666; x_wconf 73' lang='lat' dir='ltr'>Commius</span> <span class='ocrx_word' id='word_1_348' title='bbox 699 3629 838 3667; x_wconf 69' lang='lat' dir='ltr'><strong><em>vertit.-</em></strong></span> <span class='ocrx_word' id='word_1_349' title='bbox 881 3625 980 3664; x_wconf 81' lang='lat' dir='ltr'>deus</span> <span class='ocrx_word' id='word_1_350' title='bbox 1019 3633 1154 3664; x_wconf 81' lang='lat' dir='ltr'><strong>autem</strong></span> <span class='ocrx_word' id='word_1_351' title='bbox 1183 3623 1291 3677; x_wconf 83' lang='lat' dir='ltr'>apud</span> <span class='ocrx_word' id='word_1_352' title='bbox 1319 3637 1392 3663; x_wconf 88' lang='lat' dir='ltr'><strong><em>vos</em></strong></span> <span class='ocrx_word' id='word_1_353' title='bbox 1453 3621 1636 3676; x_wconf 73' lang='lat' dir='ltr'>negetis:</span> <span class='ocrx_word' id='word_1_354' title='bbox 1680 3633 1821 3660; x_wconf 84' lang='lat' dir='ltr'>verum</span> <span class='ocrx_word' id='word_1_355' title='bbox 1862 3618 2092 3672; x_wconf 80' lang='lat' dir='ltr'>passionem</span> <span class='ocrx_word' id='word_1_356' title='bbox 2131 3619 2172 3658; x_wconf 83' lang='lat' dir='ltr'><strong><em>in</em></strong></span> <span class='ocrx_word' id='word_1_357' title='bbox 2205 3617 2383 3659; x_wconf 81' lang='lat' dir='ltr'><strong>creando</strong></span> 
     </span>
     <span class='ocr_line' id='line_1_37' title="bbox 464 3674 2384 3734; baseline -0.004 -13"><span class='ocrx_word' id='word_1_358' title='bbox 464 3691 625 3721; x_wconf 71' lang='lat' dir='ltr'><strong><em>creator</em></strong></span> <span class='ocrx_word' id='word_1_359' title='bbox 645 3712 655 3729; x_wconf 89' lang='lat'>‚</span> <span class='ocrx_word' id='word_1_360' title='bbox 712 3690 752 3721; x_wconf 85' lang='lat' dir='ltr'><strong><em>et</em></strong></span> <span class='ocrx_word' id='word_1_361' title='bbox 792 3696 874 3722; x_wconf 87' lang='lat' dir='ltr'><strong><em>non</em></strong></span> <span class='ocrx_word' id='word_1_362' title='bbox 918 3681 1081 3733; x_wconf 73' lang='lat' dir='ltr'>genitor</span> <span class='ocrx_word' id='word_1_363' title='bbox 1135 3680 1393 3734; x_wconf 73' lang='lat' dir='ltr'><strong>intelligitur.</strong></span> <span class='ocrx_word' id='word_1_364' title='bbox 1450 3676 1648 3719; x_wconf 79' lang='lat' dir='ltr'>oblivioni</span> <span class='ocrx_word' id='word_1_365' title='bbox 1669 3675 1845 3724; x_wconf 80' lang='lat' dir='ltr'>traditis,</span> <span class='ocrx_word' id='word_1_366' title='bbox 1878 3689 1981 3730; x_wconf 85' lang='lat' dir='ltr'>quae</span> <span class='ocrx_word' id='word_1_367' title='bbox 2008 3689 2105 3715; x_wconf 75' lang='lat' dir='ltr'>sane</span> <span class='ocrx_word' id='word_1_368' title='bbox 2137 3689 2268 3729; x_wconf 84' lang='lat' dir='ltr'>neque</span> <span class='ocrx_word' id='word_1_369' title='bbox 2294 3674 2384 3728; x_wconf 80' lang='lat' dir='ltr'>ipsa</span> 
     </span>
     <span class='ocr_line' id='line_1_38' title="bbox 464 3731 1875 3791; baseline -0.006 -14"><span class='ocrx_word' id='word_1_370' title='bbox 464 3741 601 3787; x_wconf 69' lang='lat' dir='ltr'><strong>Quare</strong></span> <span class='ocrx_word' id='word_1_371' title='bbox 626 3747 795 3791; x_wconf 73' lang='lat' dir='ltr'>propter</span> <span class='ocrx_word' id='word_1_372' title='bbox 823 3738 1132 3791; x_wconf 75' lang='lat' dir='ltr'>generationem</span> <span class='ocrx_word' id='word_1_373' title='bbox 1160 3736 1324 3791; x_wconf 82' lang='lat' dir='ltr'><strong>quidem</strong></span> <span class='ocrx_word' id='word_1_374' title='bbox 1350 3744 1393 3775; x_wconf 85' lang='lat' dir='ltr'><strong><em>et</em></strong></span> <span class='ocrx_word' id='word_1_375' title='bbox 1450 3734 1587 3790; x_wconf 80' lang='lat' dir='ltr'>passio</span> <span class='ocrx_word' id='word_1_376' title='bbox 1618 3740 1680 3772; x_wconf 77' lang='lat' dir='ltr'><strong><em>est</em></strong></span> <span class='ocrx_word' id='word_1_377' title='bbox 1708 3732 1748 3771; x_wconf 78' lang='lat' dir='ltr'><strong><em>in</em></strong></span> <span class='ocrx_word' id='word_1_378' title='bbox 1780 3731 1875 3771; x_wconf 80' lang='lat' dir='ltr'><strong>deo.</strong></span> 
     </span>
     <span class='ocr_line' id='line_1_39' title="bbox 462 3789 2383 3849; baseline -0.003 -14"><span class='ocrx_word' id='word_1_379' title='bbox 462 3794 769 3836; x_wconf 84' lang='lat' dir='ltr'>subversionem</span> <span class='ocrx_word' id='word_1_380' title='bbox 805 3794 1036 3836; x_wconf 65' lang='lat' dir='ltr'><strong>faciendum</strong></span> <span class='ocrx_word' id='word_1_381' title='bbox 1079 3794 1186 3835; x_wconf 80' lang='lat' dir='ltr'>falso</span> <span class='ocrx_word' id='word_1_382' title='bbox 1227 3792 1389 3849; x_wconf 80' lang='lat' dir='ltr'>passio—</span> <span class='ocrx_word' id='word_1_383' title='bbox 1505 3793 1545 3834; x_wconf 76' lang='grc' dir='ltr'><strong><em>ὅ.</em></strong></span> <span class='ocrx_word' id='word_1_384' title='bbox 1593 3792 1759 3842; x_wconf 79' lang='lat' dir='ltr'>Reposui</span> <span class='ocrx_word' id='word_1_385' title='bbox 1797 3789 1919 3847; x_wconf 74' lang='grc' dir='ltr'><strong><em>κακῷ</em></strong></span> <span class='ocrx_word' id='word_1_386' title='bbox 1961 3801 2034 3840; x_wconf 85' lang='lat' dir='ltr'><strong><em>pro</em></strong></span> <span class='ocrx_word' id='word_1_387' title='bbox 2072 3789 2239 3842; x_wconf 78' lang='grc' dir='ltr'><strong><em>κακῶν,</em></strong></span> <span class='ocrx_word' id='word_1_388' title='bbox 2284 3799 2383 3840; x_wconf 76' lang='lat' dir='ltr'><strong><em>quae</em></strong></span> 
     </span>
    </p>
   </div>
  </div>
 </body>
</html>
