2508 4134
200 2947 286 2983 pag.
305 2937 379 2973 153.

395 246 499 298 582
1103 256 1309 299 SANGTI
1335 258 1624 300 EPIPHANII

391 351 566 414 καθῶς
603 350 892 418 17’ἠδύνατο
922 349 1138 406 α’κοῦσαι
1168 359 1257 421 τῆς
1286 360 1459 423 φωνῆς
1490 353 1675 421 αὐτοῦ,
1715 352 1783 417 ὥς
1814 355 2002 423 ἔχω’ρει·
2043 353 2110 417 ὥς
2137 356 2190 408 έν
2217 352 2327 408 στό-

396 460 511 506 ματι
534 442 624 490 τοῦ
651 434 855 491 Ἡσαΐου
884 439 1059 507 ἔλεγεν,
1091 437 1253 504 Ἰδοῦ,
1292 438 1490 507 συνήσει
1519 438 1548 494 ὅ
1577 448 1694 502 παῖς
1721 462 1817 507 μου
1847 437 1875 492 ὁ
1902 437 2152 510 ἀγαπητός
2177 445 2325 492 τοῦτο

397 520 542 590 φωνὴ
572 520 783 592 πατρός·
834 525 915 576 καὶ
963 521 1031 585 οἷς
1075 521 1105 577 ὅ
1129 523 1343 592 Δανιὴλ,
1400 523 1633 579 18Εἶδον
1662 524 1749 578 τὸν
1777 523 1988 586 παλαιὸν
2031 522 2325 594 1ς’ήμερῶν·

397 613 543 660 τοῦτο
574 607 786 659 ὀπτασία
812 614 903 660 τοῦ
929 607 1137 678 πατρός,Η
1179 607 1247 672 ὥς
1274 610 1327 663 δὲ
1354 611 1405 663 έν
1431 615 1501 683 τῷ
1525 608 1758 683 προφήτῃ
1785 608 1949 674 πάλιν,
1978 608 2110 680 Ἐγώ
2137 608 2331 681 δράσεις

399 692 681 760 έπλήθυνα,
735 694 819 745 καὶ
848 695 899 746 έν
926 695 1058 763 χερσὶ
1095 701 1370 765 προφητῶν
1400 693 1697 763 ὥμοιώθην·
1734 700 1880 748 τοῦτο
1912 693 2055 762 φωνὴ
2082 698 2223 748 υἱοῦ·
2264 693 2331 757 ὥς

398 777 452 830 δὲ
477 779 529 830 έν
560 776 879 844 20Ἐζεκιήλ,
937 782 1038 832 Καὶ
1075 781 1218 847 ἔλαβέ
1254 802 1312 848 με
1341 786 1534 848 πνεῦμα
1562 785 1715 845 θεοῦ,
1754 781 1839 832 καὶ
1865 780 2057 847 ἐξέβαλέ
2085 802 2142 847 με
2170 783 2239 843 εἰς
2275 777 2330 833 τὸ

398 865 593 916 πεδίον·
630 868 776 916 τοῦτο
804 864 917 933 περὶ
947 869 1036 916 τοῦ
1064 862 1206 935 οἳγίου
1232 864 1522 932 πνεύματος.
1598 867 1698 917 Καὶ
1726 863 1879 917 πολλοὶ
1908 867 2006 918 ἔστι
2028 871 2229 918 τοιαῦτα
2255 866 2329 918 λέ-

399 967 522 1018 γειν,
575 941 645 1000 ῶν
684 945 936 1018 Ὴόλίγων
974 948 1075 1003 ἆπὸ
1110 951 1291 1021 μέρους
1319 948 1721 1017 ὑπομνησθέντες
1760 951 1811 1003 έν
1839 953 2136 1023 παραδρομῇ
2172 952 2242 1012 εἰς
2274 948 2328 1004 τό

401 1035 556 1096 δεῖξαι
586 1031 671 1087 τόν
705 1041 985 1105 χαρακτῆρα
1010 1040 1097 1102 τῆς
1123 1038 1378 1103 ἐκκλησίας
1407 1033 1466 1087 τοὶ
1495 1033 1586 1088 δύο
1619 1034 1814 1103 ῥήματα
1837 1036 2189 1103 παρεθέμεθα,
2242 1058 2330 1103 μυ-

401 1121 524 1187 ρίων
549 1116 706 1172 ὄντων
729 1121 812 1172 καὶ
840 1121 1061 1174 ἐπέκεινα
1091 1126 1258 1173 22τῶν
1282 1118 1468 1188 ὁμοίων
1495 1118 1687 1181 τούτοις
1710 1121 1762 1173 έν
1785 1126 1893 1181 ταῖς
1914 1123 2077 1182 θείαις
2096 1128 2332 1191 γραφαῖς,

401 1209 615 1266 παλαιᾶς
643 1226 694 1258 τε
724 1207 809 1259 καὶ
842 1212 1017 1274 καινῆς
1046 1206 1323 1274 διαθήκης,
1363 1206 1725 1275 ἐμφερομένων.
1801 1206 1903 1257 Καὶ
1936 1204 2013 1259 ὅτι
2046 1203 2197 1268 αὐτός
2225 1203 2333 1260 ²³6

402 1287 578 1358 κύριος
601 1291 776 1343 ἔπλασε
799 1288 853 1344 τὸ
885 1297 1023 1358 σῶμα
1047 1297 1114 1363 τῷ
1138 1289 1306 1359 Ἀδὰμ,
1346 1292 1429 1344 καὶ
1456 1291 1741 1344 ἐνέπνευσεν
1770 1295 1832 1326 ²4
1848 1288 1981 1364 αὐτῷ
2009 1289 2167 1359 πνοὴν
2191 1297 2334 1359 ζωῆς,

402 1377 570 1436 κτίσας
594 1375 730 1448 αὐτῷ
751 1375 918 1445 ψυχήν
943 1382 1114 1440 ζῶσαν,
1151 1378 1234 1429 καὶ
1264 1375 1340 1429 ὅτι
1366 1375 1517 1438 αὐτὸς
1544 1377 1727 1429 δέδωκε
1749 1373 1835 1428 τόν
1859 1374 2017 1444 νόμον
2042 1381 2110 1449 τῷ
2134 1381 2337 1450 Μωῦσῇ

405 1456 436 1512 ὅ
458 1458 597 1525 θεὸς,
634 1459 816 1530 πατὴρ,
849 1460 1034 1523 25υἷὸς
1065 1462 1146 1514 καὶ
1175 1460 1315 1531 ἅγιον
1339 1467 1544 1529 πνεῦμα,
1584 1464 1671 1528 μία
1692 1459 1890 1528 θεότης,
1927 1462 2011 1514 καὶ
2036 1461 2110 1515 ὅτι
2138 1463 2190 1516 οἴ
2214 1483 2337 1529 προ-

403 1551 557 1612 φῆται
600 1543 699 1600 ind
740 1552 828 1614 τῆς
865 1547 1021 1615 αὐτῆς
1060 1545 1302 1614 θεότητος
1342 1544 1704 1614 ἀπεστάλησαν,
1757 1547 1842 1599 καὶ
1871 1545 1949 1599 ὅτι
1977 1545 2127 1608 αὐτὸς
2161 1544 2282 1614 ἡμῖν
2309 1543 2340 1599 o‘

403 1628 525 1692 θεός
555 1629 584 1684 ὁ
617 1629 879 1686 Ἰουδαίων
907 1654 956 1685 τε
984 1634 1067 1686 καὶ
1109 1638 1419 1702 Χριστιανῶν
1452 1630 1523 1684 ῶν
1553 1629 1701 1696 θεός,
1749 1629 2031 1693 Ἰουδαίους
2057 1633 2340 1695 Ξθκαλέσας

405 1718 473 1778 εἰς
515 1719 799 1783 δικαίωσιν,
856 1716 973 1780 τούς
1016 1716 1083 1786 μῆ
1125 1716 1463 1788 ἀρνουμένους
1504 1715 1592 1785 τῆν
1635 1722 1728 1770 τοῦ
1767 1720 1947 1786 κυρίου
1992 1714 2134 1785 ήμῶν
2170 1715 2342 1785 Ἰησοῦ

408 1806 628 1872 Χριστοῦ
653 1806 947 1873 παρουσίαν,
986 1805 1067 1856 καὶ
1094 1803 1284 1865 πάντας
1313 1802 1481 1876 σῶζων
1507 1800 1623 1865 τούς
1652 1801 1777 1855 κατὰ
1801 1800 1891 1870 τῆν
1917 1801 2163 1871 ἀληθινήν
2187 1800 2341 1857 αὐτοῦ

405 1890 568 1940 πίστιν
598 1891 858 1955 βιοῦντας,
912 1890 997 1942 καὶ
1041 1889 1109 1957 μὴ
1139 1887 1476 1958 ἀρνουμένους
1513 1886 1604 1956 τῆν
1633 1887 1876 1956 ἀλήθειαν
1912 1893 2000 1941 τοῦ
2030 1886 2342 1959 κηρύγματος

404 1979 493 2040 τῆς
531 1973 769 2042 ἆλήθειας
799 1977 883 2028 καὶ
916 1974 1227 2044 εὐαγγελικῆς
1260 1974 1415 2027 αὐτοῦ
1455 1977 1782 2036 διδασκαλίας.
1848 1968 2005 2026 ᾖἨλθε
2034 1972 2154 2043 γάρ,
2191 1966 2345 2040 ἦλθεν

407 2056 437 2111 ὅ
464 2058 760 2130 μονογενής·
798 2062 884 2113 καὶ
914 2059 1072 2123 οὕτως
1103 2062 1196 2128 ἔχει
1222 2058 1255 2128 ἦ
1281 2058 1439 2129 μήτηρ
1469 2057 1610 2128 ἡμῶν
1640 2057 1749 2126 27ἦ
1774 2061 2028 2126 ἐκκλησία,
2085 2056 2114 2112 ὅ
2135 2055 2283 2125 λιμὴν
2316 2055 2346 2112 ὅ

408 2142 574 2206 εὔδιος
595 2151 681 2214 τῆς
710 2146 923 2216 εἰρήνης,
958 2143 992 2214 ή
1018 2146 1264 2216 εὐφρασία
1288 2143 1323 2214 ή
1348 2146 1567 2198 πνέουσα
1597 2143 1748 2198 28τὸν
1774 2143 1968 2213 κύπρον
1990 2150 2078 2213 τῆς
2105 2141 2340 2211 ἆμπέλου,

407 2231 493 2282 καὶ
532 2229 717 2300 βότρυν
742 2233 965 2302 φέρουσα
991 2230 1111 2300 ήμῖν
1151 2238 1238 2299 τῆς
1267 2230 1515 2301 εὐλογίας,
1564 2232 1650 2283 καὶ
1680 2228 1734 2283 τὸ
1766 2232 2031 2283 λυσίπονον
2061 2227 2178 2298 ἡμῖν
2205 2227 2344 2298 πόμα

407 2314 523 2368 καθ’
554 2316 760 2386 ἑκάστην
785 2314 989 2388 ἡμέραν,
1028 2315 1150 2385 αἷμα
1180 2321 1398 2388 Χριστοῦ
1425 2316 1729 2386 χαριζομένη,
1768 2313 2000 2386 ἄκρατον,
2038 2315 2237 2383 ἀληθές.

534 2656 650 2710 ’Ὅτι
693 2654 1023 2725 29οῗληθινῶς
1055 2656 1301 2727 ἐγεννήθη
1345 2654 1450 2710 306
1489 2655 1702 2726 Χριστός
1731 2654 1832 2710 ἆπὸ
1872 2659 2080 2725 Μαρίας
2118 2662 2207 2723 τῆς
2246 2653 2344 2710 ἄει-

409 2744 692 2812 παρθένου,
732 2741 815 2796 διὰ
847 2742 1123 2810 πνεύματος
1163 2740 1334 2813 ἁγίου,
1392 2742 1488 2795 οὐκ
1528 2740 1629 2796 dud
1671 2743 1947 2811 σπέρματος
1985 2739 2190 2810 ἀνδρός,
2245 2739 2344 2794 ἀλλ’

412 2826 496 2882 ἄπ’
527 2829 682 2896 αὐτῆς
724 2834 811 2897 τῆς
851 2825 994 2898 ἁγίας
1032 2829 1292 2899 παρθένου
1320 2826 1487 2896 λαβών
1518 2826 1574 2882 τὸ
1604 2834 1744 2896 σῶμα
1773 2830 1825 2881 έν
1857 2825 2090 2898 ἀληθείᾳ,
2141 2828 2225 2879 καὶ
2253 2824 2345 2880 ov'x

412 2916 465 2968 ἐν
491 2913 715 2983 δοκήσει,
768 2913 928 2984 σάρκα
957 2914 1236 2982 ἀληθινῶς,
1289 2919 1428 2980 σῶμα
1456 2911 1731 2981 ἀληθινῶς,
1785 2910 1877 2965 σῦν
1908 2910 2095 2973 ὀστέοις
2120 2913 2199 2964 καὶ
2235 2910 2344 2965 νεύ-

412 3022 518 3069 ροις
542 3002 627 3054 καὶ
655 3007 773 3055 πᾶσι
811 3008 915 3062 τοῖς
944 2998 1218 3069 ἡμετέροις,
1257 2999 1409 3067 μηδὲν
1442 2996 1522 3065 ἀφ’
1554 2997 1695 3067 ἡμῶν
1724 2998 2086 3067 διηλλαγμένος,
2123 2995 2158 3064 ἢ
2188 2995 2342 3063 μόνον

412 3084 465 3139 τὸ
497 3088 697 3150 ἔνδοξον
726 3092 813 3154 τῆς
839 3084 991 3139 αὐτοῦ
1020 3083 1276 3155 ἆγιότητος
1304 3086 1388 3148 καὶ
1415 3082 1657 3152 θεότητος
1683 3086 1768 3137 καὶ
1799 3082 2007 3144 σκεύους
2042 3079 2339 3150 ἁγιωσύνης,

412 3173 496 3224 καὶ
527 3171 882 3243 ἀναμαρτήτως
912 3169 971 3224 τοὶ
1002 3171 1165 3223 πάντα
1196 3174 1384 3231 τελείως
1410 3171 1556 3238 ἔχων,
1609 3171 1693 3222 καὶ
1731 3166 1946 3237 ἐσχηκώς
1975 3164 2142 3234 ψυχήν
2178 3165 2342 3234 31τήν

413 3257 743 3327 ἀνθρωπίνην
786 3260 839 3310 έν
875 3257 1111 3329 ἀληθεία,
1163 3261 1284 3309 νοῦν
1311 3253 1398 3308 τόν
1425 3253 1749 3325 ἀνθρώπινον
1782 3257 1833 3308 έν
1863 3252 2094 3324 ἀληθείᾳ,
2147 3248 2237 3319 οὐχ
2274 3249 2342 3314 ὥς

413 3340 555 3410 ήμῶν
592 3343 1042 3413 διαβεβαιουμένων
1075 3340 1160 3395 τὸν
1194 3347 1317 3395 νοῦν
1356 3337 1479 3394 εἶναι
1508 3338 1802 3393 ὑπόστασιν·
1857 3335 2052 3391 32κατοὶ
2089 3335 2248 3389 πάντα
2289 3337 2342 3390 δὲ

473 3458 537 3507 17.
569 3455 743 3502 ἐδύνατο
767 3461 879 3500 codd.
907 3471 997 3500 mss.
1038 3454 1223 3512 ἠδύνατο
1245 3460 1351 3499 editi.
1463 3456 1530 3498 23.
1563 3454 1586 3499 ὁ
1612 3457 1798 3497 articulus
1823 3455 2066 3495 desideratur
2092 3455 2146 3494 iw
2159 3454 2246 3493 edit.
2265 3455 2340 3495 Pe-

474 3515 538 3557 18.
570 3512 679 3559 εἶδεν
710 3518 799 3556 edit.
829 3519 963 3557 Petav.
1412 3517 1492 3554 tav.

473 3570 537 3613 19.
567 3575 650 3614 τῶν
679 3569 852 3626 τῖμερῶν
882 3575 971 3612 edit.
1001 3575 1134 3614 Petav.
1465 3567 1532 3611 24.
1565 3568 1605 3612 ἐν
1629 3564 1746 3623 αὐτῷ
1776 3569 1863 3607 edit.
1894 3569 2030 3606 Petav.

471 3628 537 3670 20.
568 3625 777 3681 Ἰεζεκιῆλ
801 3631 889 3669 edit.
922 3632 1057 3670 Petav.
1464 3627 1532 3667 25.
1562 3625 1635 3668 καὶ
1663 3623 1753 3672 υἱὸς
1782 3625 1870 3663 edit.
1906 3624 2040 3663 Petav-

474 3684 540 3724 21.
572 3682 707 3739 ὀλίγον
731 3687 844 3726 codd.
869 3698 959 3726 mss.
989 3690 1022 3726 et
1051 3687 1142 3727 edit.
1169 3687 1293 3735 princ.
1463 3681 1529 3723 26.
1547 3680 1727 3728 καλέσας
1748 3679 1808 3727 εἰς
1824 3676 2090 3732 δικαιοσύνην
2110 3681 2199 3720 edit.
2215 3682 2339 3729 princ.

474 3739 542 3781 22.
571 3746 663 3789 ταῖς
683 3745 816 3782 vitiose
853 3744 941 3783 edit.
974 3745 1108 3783 Petav.
1130 3745 1262 3783 Colon.
1289 3753 1350 3782 re·
1406 3753 1452 3781 τε
1477 3738 1659 3785 καλέσας
1697 3736 1757 3784 εἰς
1785 3731 2048 3788 δικαιοσύνην
2075 3738 2163 3776 edit.
2190 3739 2342 3784 Petav„

415 3801 492 3849 pet.
1406 3798 1539 3838 invitis
1560 3797 1668 3835 libris
1694 3797 1780 3834 vett.
1838 3790 2022 3842 καλέσας
2053 3792 2113 3841 εἰς
2139 3791 2341 3837 δικαίοσιν
