2508 4134
247 753 331 790 pag.
353 742 427 778 836.

227 1670 340 1727 Κεφ.
363 1667 419 1726 γ’.

454 279 520 329 52
1177 282 1383 324 SANCTI
1411 282 1693 324 EPIPHANII

455 382 516 438 οὗ
539 383 783 446 κτισθεὶς,
834 378 894 434 ού
934 381 1192 445 ποιηθεὶς,
1240 373 1360 431 ἀλλά
1393 378 1471 431 ἀεὶ
1509 377 1605 444 ῶν,
1659 380 1734 432 ἀεὶ
1775 378 2143 446 συμβασιλεύων
2181 387 2249 454 τῷ
2275 388 2387 455 θεῷ

449 471 534 522 καὶ
567 469 742 535 πατρὶ,
796 458 857 518 οὗ
893 471 981 532 τῆς
1006 465 1252 532 βασιλείας
1288 461 1414 516 κατά
1450 462 1541 532 τῆν
1571 469 1659 517 τοῦ
1689 462 1965 518 ἀποστόλου
1993 470 2265 535 μαρτυρίαν
2290 464 2387 520 ούκ

452 552 586 607 ἔσται
613 554 760 613 τέλος.
840 543 1001 611 Οὗτος
1033 548 1173 614 υἱός,
1225 542 1372 611 οὗτος
1404 549 1637 617 δύναμις,
1690 543 1837 612 οὗτος
1865 554 2046 617 σοφία,
2084 544 2233 623 οὗτος
2261 554 2389 614 ἴδιος

449 640 536 692 καὶ
569 635 763 705 ἀληθὴς
791 642 880 689 τοῦ
907 641 1034 688 θεοῦ
1064 635 1211 706 λόγος
1245 633 1275 689 ὅ
1305 634 1477 706 κύριος
1502 632 1645 702 ’ἡμῶν
1668 632 1856 703 Ἰησοῦς
1887 635 2124 706 Χριστός,
2175 627 2387 707 ἀδιαίρε-

450 746 535 786 τος
573 722 785 790 δύναμις
823 728 912 775 τοῦ
940 727 1091 787 θεοῦ,
1145 719 1206 774 δι’
1235 714 1298 774 οὗ
1324 720 1385 774 τά
1411 719 1573 773 πάντα
1599 719 1660 772 τά
1687 719 1928 790 γενόμενα
1963 722 2161 792 γέγονε,
2211 720 2389 783 καθώς

446 807 502 862 τό
533 806 813 878 εὐαγγέλιον
850 813 1112 877 μαρτυρεῖ,
1172 808 1375 876 6λέγον,
1424 803 1518 858 Ἐν
1551 804 1681 879 ἀρχῇ
1708 799 1772 873 ἦν
1799 803 1830 859 ό
1854 804 2026 877 λόγος,
2075 808 2160 861 καὶ
2185 804 2223 860 ὅ
2243 805 2390 877 λόγος

445 888 509 963 ἦν
533 891 662 962 πρὸς
687 890 771 946 τὸν
793 891 943 957 θεόν,
981 896 1066 946 καὶ
1087 890 1209 954 θεός
1235 886 1298 961 ἦν
1325 890 1355 946 ὅ
1374 892 1541 962 λόγος·
1579 891 1743 944 πάντα
1769 888 1830 944 δι’
1856 891 2014 946 αὐτοῦ
2040 893 2228 962 ἐγένετο
2246 934 2262 958 ,
2301 892 2388 946 καὶ

444 980 594 1049 χωρὶς
620 977 778 1032 αὐτοῦ
807 979 991 1048 ἐγένετο
1022 977 1140 1031 οὐδὲ
1167 979 1231 1031 ἕν.
1312 971 1474 1040 Οὗτός
1500 980 1627 1031 ἔστιν
1656 975 1686 1031 ὅ
1716 975 1861 1047 λόγος
1897 979 2010 1045 περὶ
2040 971 2102 1031 οὗ
2136 979 2218 1031 καὶ
2250 983 2388 1031 Λου-

445 1071 539 1126 κᾶς
580 1061 610 1117 ὅ
655 1061 992 1134 εύαγγελιστῆς
1038 1070 1295 1133 μαρτυρεῖ,
1351 1065 1530 1133 λέγων,
1593 1061 1786 1126 Καθῶς
1827 1065 2124 1132 παρέδωκαν
2170 1061 2292 1131 ἡμῖν
2338 1064 2391 1116 οἱ

445 1150 672 1219 ἀπαρχῆς
714 1147 954 1202 αὐτόπται
991 1151 1075 1202 καὶ
1116 1146 1359 1220 ’ὑπηρέται
1396 1148 1649 1219 γενόμενοι
1691 1154 1781 1202 τοῦ
1805 1147 1971 1219 λόγου.
2049 1151 2178 1220 Περὶ
2206 1148 2385 1203 τούτου

445 1238 530 1290 καὶ
558 1236 723 1304 Δαβὶδ
750 1237 873 1302 ἔφη,
910 1232 1226 1304 Ἐξηρεύξατο
1261 1232 1295 1303 ἦ
1321 1238 1501 1305 καρδία
1529 1258 1625 1303 μου
1654 1233 1801 1305 λόγον
1830 1232 2041 1304 ἀγαθόν.
2122 1233 2267 1288 Οὕτω
2295 1235 2383 1288 καὶ

445 1320 476 1376 ὅ
510 1320 681 1392 κύριος
720 1317 863 1387 ἡμῶν
893 1319 1088 1387 Ἰησοῦς
1131 1319 1346 1390 Χριστός
1394 1318 1527 1388 ἡμᾶς
1571 1319 1793 1373 διδάσκει
1832 1318 1914 1372 διὰ
1956 1325 2048 1373 τοῦ
2087 1317 2384 1390 εὐαγγελίου,

446 1409 661 1478 7λέγων,
707 1406 836 1476 Ἐγώ
871 1407 925 1459 ἐκ
953 1411 1043 1459 τοῦ
1075 1404 1259 1476 πατρός
1286 1408 1520 1474 ἐξῆλθον,
1573 1407 1658 1458 καὶ
1684 1404 1806 1473 ἥκω.
1886 1398 2046 1468 Οὗτος
2073 1403 2147 1458 ἐπ’
2175 1403 2387 1473 ἐσχάτων

445 1499 547 1547 τῶν
572 1490 775 1560 ’ἡμερῶν
793 1489 1045 1544 κατελθών
1073 1489 1156 1544 διά
1183 1490 1274 1559 τὴν
1302 1489 1543 1561 ἡμετέραν
1567 1494 1837 1561 σωτηρίαν,
1877 1493 1960 1545 καὶ
1991 1493 2046 1545 ἐκ
2072 1497 2160 1559 τῆς
2187 1491 2382 1562 παρθέ-

445 1601 537 1633 νου
576 1580 785 1647 Μαρίας
819 1578 1099 1646 γεννηθεὶς,
1138 1575 1225 1630 τὸν
1262 1574 1534 1648 ἄνθρωπον
1575 1579 1730 1645 ἔλαβε.

588 1661 815 1715 Πιστεύω
844 1656 936 1715 οὗν
981 1668 998 1698 ¹
1018 1664 1086 1723 εἰς
1113 1661 1239 1716 θεόν
1275 1661 1675 1733 παντοκράτορα,
1728 1663 1814 1715 καὶ
1851 1665 1920 1725 εἷς
1951 1661 2167 1733 Χριστόν
2192 1661 2384 1731 Ἰησοῦν

441 1748 528 1803 τὸν
558 1748 672 1802 υἷόν
708 1745 863 1800 αὐτοῦ
898 1745 983 1800 τόν
1026 1755 1292 1818 μονογενῆ,
1341 1747 1428 1802 τόν
1468 1746 1640 1817 κύριον
1664 1746 1832 1816 ἡμῶν,
1883 1746 1971 1802 τόν
2000 1749 2295 1818 γεννηθέντα
2328 1749 2382 1802 ἐκ

442 1833 722 1902 πνεύματος
759 1830 902 1903 άγίου
940 1834 1024 1885 καὶ
1053 1837 1258 1903 Μαρίας
1292 1840 1380 1902 τῆς
1410 1836 1697 1903 παρθένου,
1752 1832 1837 1887 τόν
1861 1835 1942 1887 ἐπὶ
1971 1838 2193 1887 Ποντίου
2226 1831 2382 1888 Πιλά-

441 1944 531 1975 του
571 1919 950 1988 σταυρωθέντα,
1000 1919 1081 1971 καὶ
1121 1920 1364 1985 ταφέντα,
1415 1922 1500 1973 καὶ
1537 1926 1596 1994 τῇ
1635 1923 1772 1994 τρίτῃ
1812 1917 1972 1991 ἡμέρᾳ
2018 1917 2294 1972 ἀναστάντα
2323 1921 2379 1974 ἐκ

440 2013 538 2060 τῶν
571 2010 785 2074 νεκρῶν,
837 2001 1091 2075 ἀναβάντα
1132 2006 1201 2066 είς
1242 2003 1361 2066 τοῦς
1399 2003 1667 2075 οὐρανούς,
1721 2007 1805 2058 καὶ
1843 2003 2127 2072 καθήμενον
2166 2006 2218 2058 ἐν
2248 2008 2383 2079 δεξιᾷ

444 2097 535 2145 τοῦ
575 2087 786 2159 πατρὸς,
846 2087 970 2142 ὅθεν
1021 2091 1204 2158 ἔρχεται
1247 2094 1432 2160 κρίνειν
1475 2096 1657 2155 ζῶντας
1694 2092 1779 2144 καὶ
1816 2089 2043 2160 νεκρούς·
2097 2092 2184 2143 καὶ
2221 2093 2291 2153 εἰς
2325 2089 2380 2146 τό

445 2177 587 2248 ἅγιον
614 2181 836 2242 πνεῦμα,
875 2171 1019 2244 άγίαν
1050 2177 1326 2242 ἐκκλησίαν,
1365 2173 1543 2241 ἄφεσιν
1574 2173 1843 2246 ἁμαρτιῶν,
1882 2173 2067 2245 σαρκός
2094 2172 2381 2241 ἀνάστασιν,

443 2261 573 2330 ζωὴν
600 2260 817 2314 αἰώνιον.
882 2259 1188 2328 Ἀὃιαίρετον
1214 2257 1340 2314 εἶναι
1361 2258 1452 2328 τῆν
1477 2260 1693 2329 θεότητα
1717 2267 1805 2315 τοῦ
1829 2259 2017 2331 πατρὸς
2045 2262 2131 2314 καὶ
2155 2266 2244 2315 τοῦ
2271 2260 2388 2314 υἱοῦ

441 2345 577 2418 παρὰ
608 2352 706 2399 τῶν
738 2349 892 2398 θείων
924 2344 1281 2413 μεμαθήκαμεν
1316 2353 1538 2416 γραφῶν.
1614 2349 1685 2399 Εἰ
1704 2345 1797 2418 γάρ
1826 2369 1899 2409 τις
1926 2350 2110 2414 χωρίζει
2136 2344 2222 2399 τόν
2253 2343 2382 2410 υἱόν,

439 2434 659 2488 τουτέστι
704 2430 792 2485 τόν
834 2430 983 2502 λόγον
1018 2437 1109 2484 τοῦ
1151 2431 1549 2503 παντοκράτορος
1589 2439 1743 2498 θεοῦ,
1799 2430 1988 2502 ἀνάγκη
2034 2429 2187 2484 αὐτόν
2220 2429 2256 2499 ἢ
2290 2429 2382 2485 δύο

441 2517 598 2581 θεοὺς
619 2515 745 2570 εἶναι
771 2519 1000 2584 νομίζειν,
1039 2515 1158 2586 ὅπερ
1186 2515 1439 2588 ἀλλότριον
1469 2524 1556 2586 τῆς
1581 2522 1726 2581 θείας
1750 2520 2067 2580 διδασκαλίας
2093 2514 2219 2571 εἶναι
2245 2514 2380 2570 νενό·

443 2623 623 2674 μισται,
650 2601 684 2670 ἢ
709 2600 796 2655 τὸν
818 2600 962 2672 λόγον
988 2600 1055 2669 μῆ
1080 2599 1205 2656 εἶναι
1235 2601 1359 2656 θεὸν
1386 2601 1659 2674 ὁμολογεῖν,
1699 2603 1821 2674 ὅπερ
1855 2605 1939 2657 καὶ
1971 2601 2094 2657 αὐτὸ
2123 2600 2382 2673 ἀλλότριον

438 2696 527 2758 τῆς
556 2685 717 2759 ὀρθῆς
749 2691 955 2750 πίστεως
994 2685 1119 2741 εἶναι
1149 2692 1405 2754 φαίνεται,
1460 2694 1548 2743 τοῦ
1579 2687 1959 2760 θεύαγγελιστοῦ
1987 2689 2236 2759 λέγοντος,
2278 2688 2380 2741 Καὶ

441 2773 563 2837 θεὸς
588 2767 651 2842 ῆν
679 2771 707 2826 ὅ
735 2771 894 2844 λόγος.
959 2772 1091 2843 Ἐγώ
1122 2774 1175 2827 δὲ
1204 2772 1423 2845 ἀκριβῶς
1449 2774 1717 2843 μεμάθηκα
1741 2774 1816 2828 ὅτι
1844 2773 2118 2843 ἀδιαίρετος
2143 2775 2229 2827 καὶ
2255 2770 2380 2841 ἀχώ-

443 2858 608 2932 ριστός
651 2860 780 2912 ἐστιν
821 2856 855 2925 ’ἦ
886 2859 1092 2927 δύναμις
1132 2865 1220 2913 τοῦ
1262 2858 1449 2930 πατρός
1485 2857 1515 2914 ὅ
1543 2858 1667 2923 υἱός.
1754 2858 1922 2922 Αὐτός
1950 2851 2058 2930 ᾈγάρ
2102 2857 2131 2913 ὁ
2158 2856 2319 2930 σωτὴρ
2350 2855 2379 2912 ὅ

441 2946 617 3016 κύριος
657 2942 800 3012 ἡμῶν
831 2942 1019 3012 Ἰησοῦς
1063 2944 1277 3014 Χριστός
1311 2963 1458 3012 φησι,
1508 2943 1591 2999 Ἐν
1620 2947 1731 3013 ἐμοὶ
1757 2943 1788 2999 0‘
1815 2943 2005 3015 πατὴρ,
2059 2941 2195 3014 κάγῶ
2227 2946 2279 2998 έν
2309 2953 2379 3017 τῷ

442 3034 612 3101 πατρί·
649 3031 765 3093 καὶ,
803 3027 926 3099 Ἐγώ
957 3031 1042 3082 καὶ
1068 3028 1098 3083 ὅ
1122 3028 1281 3099 πατὴρ
1312 3032 1364 3083 ἕν
1390 3033 1555 3098 ἔσμεν·
1593 3033 1705 3097 καὶ,
1741 3029 1797 3083 Ὁ
1826 3031 1908 3099 ἐμὲ
1935 3028 2167 3100 ἑωρακώς
2192 3028 2378 3101 ἑώρακε

441 3116 527 3171 τόν
558 3117 757 3186 πατέρα.
839 3114 1035 3183 Ταύτην
1071 3117 1155 3168 καὶ
1195 3114 1330 3186 παρὰ
1371 3122 1468 3170 τῶν
1500 3120 1654 3170 θείων
1690 3122 1897 3186 γραφῶν
1936 3113 2151 3183 εἰληφώς
2179 3113 2269 3183 τῆν
2296 3118 2376 3168 πί-

443 3220 573 3267 στιν,
611 3202 696 3255 καὶ
721 3199 857 3271 παρὰ
882 3207 979 3254 τῶν
1002 3199 1125 3254 κατὰ
1150 3201 1274 3255 θεὸν
1293 3201 1549 3272 προγόνων
1573 3202 1849 3269 διδαχθεὶς,
1888 3202 1941 3253 ἕν
1967 3221 2017 3253 τε
2042 3206 2103 3273 τῇ
2127 3206 2218 3254 τοῦ
2243 3206 2376 3255 θεοῦ

444 3290 673 3360 ἐκκλησίᾳ
703 3285 954 3356 κηρύττω,
1006 3287 1090 3339 καὶ
1122 3285 1251 3357 πρός
1283 3287 1335 3340 σὲ
1364 3294 1458 3340 νῦν
1485 3289 1731 3358 γέγραφα,
1769 3284 1825 3339 τό
1857 3285 2162 3356 ἀντίγραφον
2188 3283 2370 3340 τούτου

445 3370 557 3438 παρ’
588 3374 779 3444 ἐμαυτῷ
806 3370 1072 3439 κατασχών.
1149 3374 1252 3425 Καὶ
1289 3370 1408 3436 ἀξιῶ
1445 3371 1498 3426 τὸ
1533 3368 1798 3425 ἀντίτυπόν
1838 3388 1891 3432 σε
1925 3369 2106 3424 τούτου
2141 3377 2202 3444 τῇ
2240 3368 2366 3441 πρός

443 3455 561 3518 τοῦς
588 3455 889 3519 ἐπισκόπους
917 3459 1143 3531 ἐπιστολῇ
1173 3456 1446 3527 ἐγγράψαι,
1482 3460 1563 3510 ἵνα
1590 3455 1658 3525 μή
1684 3476 1810 3518 τινες
1838 3461 1936 3508 τῶν
1962 3455 2182 3527 ἀκριβῶς
2209 3454 2278 3524 μὴ
2309 3458 2372 3510 εἰ·

445 3539 606 3594 δότων
632 3539 761 3607 ἡμᾶς
786 3540 1034 3605 κάκείνοις
1064 3550 1168 3605 τοῖς
1192 3540 1276 3595 ὑπ’
1306 3549 1469 3597 αυτῶν
1495 3549 1722 3614 γραφεῖσι
1754 3542 2070 3612 προςέχοντες
2098 3539 2370 3610 ἀπατηθῶ·

445 3642 536 3679 σιν.
595 3623 873 3694 Ἴδρζἱωσθεο

589 3709 924 3781 Πεπλήρωται.
