2508 4134
617 274 757 317 T0M1
786 273 995 315 Pmoms
1025 273 1159 315 PARS
1189 272 1502 316 PosTEmoR.
1904 260 2002 312 673

108 372 175 419 ἵνα
199 373 295 429 εἴπῃ
320 370 398 422 τὰς
422 371 563 429 ψυχάς
583 374 665 417 τῶν
689 370 974 427 ἐγηγερμένων
1004 369 1210 426 σωμάτων
1225 403 1235 422 ,
1280 363 1391 414 οὗτοι
1428 368 1507 425 γὰρ
1545 361 1655 423 ἦσαν
1681 369 1717 412 οἱ
1740 368 1905 422 δέσμιοι
1928 367 2009 422 τῆς

108 442 398 499 παρεμβολῆς,
434 444 472 486 οἱ
498 442 540 486 ἐν
568 437 654 500 ᾅδῃ
683 440 972 495 πεπεδημένοι.
1028 441 1116 484 Καί
1143 455 1294 496 φησιν,
1338 438 1521 494 Ὁμοίως
1545 437 1642 488 τοὺς
1667 436 2009 493 παραπικραίνον-

109 528 185 561 τας
210 509 307 560 τοὺς
333 513 624 560 κατοικοῦντας
652 510 693 555 ἐν
716 507 889 565 τάφοις,
918 510 986 554 ἵνα
1012 511 1108 566 εἴπῃ
1137 509 1188 554 τὰ
1214 508 1392 564 σώματα
1413 512 1495 553 τῶν
1519 505 1804 559 ἀναστάντων,
1835 507 1908 551 καὶ
1933 502 2011 550 οὐκ

113 578 223 624 εἶπεν
239 614 251 636 ,
280 579 393 630 Τοὺς
417 579 883 635 παραπικραινομένους,
915 574 1044 633 ἀλλὰ,
1075 577 1189 628 Τοὺς
1214 579 1620 634 παραπικραίνοντας.
1675 577 1905 634 Ὀφθέντες
1930 574 2009 632 γὰρ

112 650 153 694 ἐν
173 651 227 707 τῇ
255 648 373 694 πόλει
394 653 557 700 πολλοῖς
581 650 618 693 οἱ
639 644 874 704 πρόσφατον
899 645 1222 703 τελευτήσαντες
1248 649 1354 704 μετὰ
1374 651 1456 692 τῶν
1480 646 1777 693 παλαιοτάτων.
1835 647 2011 702 Νομίζω

111 718 192 776 γὰρ
219 715 285 763 ἔτι
314 717 394 764 ἀπὸ
423 721 495 764 τοῦ
534 716 675 774 ’Δδάμ
706 714 869 774 ,ἤρξατο
896 715 973 773 τήν
1012 713 1236 762 ἀνάστασιν
1263 720 1495 770 ποιεῖσθαι,
1536 719 1574 761 οἱ
1598 718 1645 762 δὲ
1671 716 1905 773 πρόσφατοι
1930 718 2012 760 τῶν

113 788 249 833 αὐτῶν
279 787 509 845 σωμάτων,
553 788 838 844 τεθαμμένους
861 786 1012 838 αύτούς
1052 788 1092 832 ἐν
1117 791 1177 846 τῷ
1194 787 1388 844 Γολγοθά
1411 787 1527 846 τόπῳ
1556 786 1618 831 ἐπ’
1649 783 1772 832 αύτόν
1810 787 1909 844 (nisi
1938 801 2010 828 ex-

114 861 287 903 ciderint
315 860 472 915 aliquot
497 860 633 912 verba,
661 859 837 901 fortasse
863 859 968 900 haec
990 859 1048 900 ita
1071 867 1166 899 sunt
1195 859 1449 900 emendanda
1474 867 1515 899 et
1541 859 1828 900 constituenda
1852 882 1902 889 -
1927 872 2015 901 ποι-

113 931 282 980 εῖσθαι,
327 931 363 973 οἱ
391 928 439 974 δὲ
467 927 695 985 πρόσφατοι
722 930 804 973 τῶν
833 924 968 972 αὐτῶν
1002 928 1234 984 σωμάτων,
1277 928 1537 984 τεθαμμένοι)
1574 924 1700 972 αὐτοῦ
1731 927 1772 973 ἐν
1800 929 1861 986 τῷ
1889 928 2014 982 Γολγ.

111 999 256 1055 τόπῳ,
301 996 365 1043 ἐπ’
406 997 531 1043 αὐτοῦ
566 1000 626 1039 Cf.
663 1000 774 1040 haer.
805 997 874 1051 46,
908 1002 969 1051 5.)
999 998 1256 1053 σταυρωθεὶς
1300 998 1372 1041 καὶ
1413 999 1581 1053 πληρῶν
1626 997 1672 1042 τὸ
1717 997 2013 1054 γεγραμμένον,

103 1066 302 1125 ’Έγειραι
339 1066 362 1113 0‘
388 1068 606 1114 καθεύδων
642 1069 756 1124 (cod.
793 1064 977 1124 ἔγειρεᾶ
1017 1066 1249 1114 καθεύδων.
1292 1069 1394 1124 Eph.
1421 1070 1461 1120 5,
1494 1068 1608 1124 14),
1651 1069 1724 1112 καὶ
1763 1065 1926 1112 ἀνάστα
1968 1066 2017 1110 ἐκ

113 1141 195 1184 τῶν
221 1140 402 1193 νεκρῶν,
432 1139 504 1182 καὶ
529 1138 751 1195 ἐπιφαύσει
775 1153 839 1182 σοι
866 1135 889 1182 ὁ
914 1137 1099 1193 Χριστὸς
1125 1135 1148 1182 ό
1176 1136 1314 1182 ἐπάνω
1344 1153 1416 1182 σου
1444 1138 1767 1194 ἐσταυρωμένος.
1824 1138 1913 1182 Καὶ
1939 1133 2017 1181 ἅλ-

115 1213 196 1254 λων
232 1205 320 1264 μετ’
363 1205 500 1253 αὐτῶν
538 1209 587 1253 ἐκ
621 1210 702 1252 τῶν
731 1209 845 1253 ἰδίων
884 1207 1290 1263 ἐπιγινωσκομένων,
1335 1209 1495 1263 πρῶτον
1534 1207 1606 1263 μὲν
1644 1208 1886 1262 ἐξέπληττον
1921 1205 2019 1256 τοὺς

116 1277 312 1334 ὁρῶντας,
344 1279 381 1322 εἰ
408 1278 458 1324 δέ
484 1294 546 1328 τις
573 1279 767 1335 συνέτυχε
789 1276 928 1333 πατὴρ
955 1278 1087 1334 τέκνῳ
1112 1274 1357 1331 ἀναστάντι,
1389 1276 1420 1332 η’
1446 1274 1631 1334 ἀδελφὸς
1656 1276 1828 1334 ἀδελφῷ
1857 1272 1888 1332 ἦ
1920 1292 2019 1331 συγ-

115 1354 230 1405 γενεῖ
251 1349 363 1403 (cod.
397 1350 600 1404 συγγενῆ)
628 1347 705 1402 πρὸ
737 1351 820 1392 τῶν
849 1350 981 1392 εἴκοσι
1005 1343 1037 1403 ἦ
1065 1348 1171 1393 δέκα
1195 1342 1549 1402 τελευτησάντων,
1580 1348 1653 1392 καὶ
1683 1348 1731 1391 ἐκ
1754 1349 1826 1392 τοῦ
1854 1344 2020 1401 θαύμα-

116 1434 186 1468 τος
209 1418 468 1474 ἐρωτῶντες,
513 1415 607 1462 Ούκ
632 1416 669 1462 εἶ
699 1416 749 1462 σύ
779 1415 801 1462 ὁ
826 1422 941 1463 δεῖνα
966 1416 989 1463 ὁ
1017 1417 1057 1462 ἐν
1084 1419 1197 1476 τῶδε
1232 1418 1294 1474 τῶ
1323 1417 1440 1475 τόπῳ
1464 1419 1614 1475 ταφεὶς
1642 1415 1713 1473 ὑφ’
1740 1415 1889 1472 ημῶνς
1930 1417 2021 1465 πῶς

116 1487 295 1543 ἀνέστης
318 1488 391 1532 καὶ
412 1481 567 1543 τῖλθες;
592 1485 910 1543 ἀνερωτώμενος
935 1489 1140 1544 (fortasse
1165 1483 1521 1543 ἀντερωτῶμενοι)
1548 1488 1594 1534 δὲ
1620 1486 1698 1532 ύπό
1723 1488 1795 1531 τοῦ
1822 1483 2022 1531 ἀναστάν-

117 1574 186 1608 τος
221 1559 340 1603 πάλιν
380 1555 467 1613 ὅτι,
511 1558 568 1602 Τί
597 1557 786 1614 ἐπράχθη
819 1558 998 1602 ἐνταῦθα
1026 1556 1105 1614 πρὸ
1139 1559 1263 1614 τριῶν
1297 1556 1470 1613 ἡμερῶν
1499 1556 1594 1614 παρ’
1622 1557 1767 1614 ὑμῶν,
1811 1553 1884 1601 ’ὅτε
1907 1553 1937 1612 τί
1964 1556 2020 1611 γῆ

119 1627 344 1680 ἐκλονεῖτο;
388 1628 460 1672 καὶ
485 1628 670 1684 λέγοντες
699 1625 786 1679 ὅτι,
827 1626 989 1673 Πλάνον
1014 1626 1103 1672 τινὰ
1130 1627 1354 1673 ἀπατῶντα
1379 1628 1449 1673 τὸν
1476 1628 1599 1684 λαὸν,
1640 1626 1808 1683 Ἰησοῦν
1835 1624 2023 1682 όνόματι,

120 1698 404 1755 κρατήσαντες
439 1696 786 1754 ἐσταυρῶσαμεν,
827 1698 900 1742 καὶ
934 1698 1144 1743 ἐπαύσατο
1181 1697 1213 1754 η“
1240 1698 1400 1754 πλάνη,
1446 1700 1601 1743 ἐκείνου
1633 1697 1681 1744 δὲ
1711 1697 1846 1742 λοιπὸν
1872 1695 2023 1753 ὁμολο-

118 1771 286 1826 γοῦντος
309 1767 384 1826 τὴν
410 1766 525 1825 χάριν
548 1769 620 1812 τοῦ
642 1769 783 1823 κυρίου
807 1768 880 1812 καὶ
902 1767 979 1824 την
1008 1766 1234 1824 ἀληθειαν,
1265 1769 1338 1813 καὶ
1365 1769 1575 1824 λέγοντος,
1608 1765 1719 1812 Ούαὶ
1749 1766 1843 1823 ύμῖν
1869 1764 1933 1812 ὅτι
1952 1765 2023 1811 τὸν

121 1836 305 1896 ἀρχηγὸν
332 1840 404 1883 τοῦ
430 1834 592 1892 κόσμου
618 1840 697 1893 τῆς
726 1840 937 1894 σωτηρίας
963 1836 1212 1894 τίρνησασθε
1239 1840 1312 1882 καὶ
1337 1839 1651 1895 ἐσταυρώσατε,
1680 1839 1834 1887 ἐκεῖνος
1859 1836 1938 1893 γὰρ
1966 1832 2026 1892 η’-

120 1925 254 1966 γειρεν
279 1907 397 1964 ημᾶς
425 1908 465 1952 ἐν
489 1910 543 1965 τῇ
573 1906 700 1952 αὐτοῦ
726 1910 874 1966 ἰσχυρᾷ
899 1906 1073 1964 δυνάμει
1101 1910 1180 1965 τῆς
1207 1907 1408 1964 θεότητος
1432 1910 1503 1954 καὶ
1529 1909 1907 1965 ἐνανθρωπῆσεως,
1952 1906 2025 1951 καὶ

122 1978 258 2024 λοιπὸν
288 1978 515 2034 ἐπληροῦτο
542 1976 574 2033 η
605 1979 700 2022 θεία
724 1977 865 2034 γραφη
893 1978 939 2023 τὸ
954 2011 966 2033 ,
1010 1976 1196 2034 Ὁμοίως
1216 1978 1314 2029 τοὺς
1338 1981 1732 2035 παραπικραίνοντας
1759 1977 1859 2028 τοὺς
1882 1993 2024 2022 κατοι-

121 2051 294 2098 κοῦντας
314 2048 355 2092 ἐν
370 2047 528 2104 τάφοις.
567 2045 810 2098 Ἀκούοντες
837 2047 915 2104 γὰρ
938 2047 1050 2104 παρὰ
1076 2050 1158 2093 τῶν
1186 2049 1472 2106 ἐγηγερμένων
1500 2046 1566 2095 ’ὅτι
1592 2049 1663 2096 διὰ
1691 2051 1763 2094 τοῦ
1781 2049 1922 2104 κυρίου
1937 2045 2026 2102 Ἰη-

124 2122 197 2163 σοῦ
227 2115 481 2173 ἀνέστησαν,
526 2119 886 2174 παρεπικραίνοντο
922 2119 1002 2168 ἕως
1030 2117 1231 2171 θανάτου,
1277 2120 1614 2177 ἐπιχειρήσαντες
1640 2120 1708 2165 τὸν
1734 2117 1919 2177 ἀρχηγὸν
1948 2119 2027 2171 τῆς

126 2192 240 2244 ζωῆς
263 2187 528 2245 ἀρνησασθαί
554 2204 600 2232 τε
628 2189 700 2232 καὶ
727 2190 974 2244 σταυρῶσαι.
1034 2187 1159 2246 Τάχα
1185 2189 1233 2235 δὲ
1258 2190 1330 2234 καὶ
1353 2192 1474 2235 τοῦτο
1502 2192 1561 2241 εἰς
1585 2188 1788 2247 ῶφέλειαν
1817 2191 1900 2234 τῶν
1929 2191 2028 2232 θεα-

127 2259 313 2315 σαμένων
336 2258 431 2308 τοὺς
457 2258 757 2314 ἐγηγερμένους
782 2258 1004 2315 εἰργάσατο
1029 2257 1051 2303 ό
1080 2260 1369 2315 φιλάνθρωπος
1392 2259 1543 2316 κύριος.
1599 2262 1837 2316 Νομίζομεν
1863 2258 1942 2315 γὰρ
1965 2255 2029 2303 ὅτι

125 2328 377 2385 θεασάμενοι
412 2327 508 2378 τοὺς
535 2329 837 2384 ἐγηγερμένους
872 2329 945 2373 καὶ
971 2331 1267 2385 κατανυγέντες
1296 2326 1583 2386 ῶφεληθησάν
1608 2347 1655 2375 τε
1681 2331 1754 2375 καὶ
1782 2330 2029 2374 ἐπίστευσαν

124 2399 276 2444 πολλοί.
336 2397 407 2443 Διό
434 2399 506 2443 καὶ
528 2397 672 2454 ὑμεῖς,
701 2397 1029 2454 Ὠριγενιασταὶ,
1060 2400 1325 2457 ἐλεγχθέντες
1346 2402 1549 2460 πείσθητε
1572 2402 1645 2446 καὶ
1663 2401 1929 2455 πιστεύσατε,
1958 2398 2031 2443 καὶ

129 2468 187 2526 μή
214 2467 385 2519 πολλοὺς
410 2466 642 2525 ἀπολέσητε
665 2470 720 2527 τῇ
750 2467 866 2525 ύμῶν
894 2466 1043 2528 πλάνῃ.
1099 2468 1284 2528 Ἀρκέσῃ
1315 2473 1414 2527 (sic)
1444 2488 1514 2527 μοι
1535 2473 1667 2515 ταῦτα
1689 2475 1776 2515 κτλ.
1807 2496 1858 2504 -
1916 2472 1944 2514 1.
1962 2471 2028 2513 25.

125 2540 194 2585 τὸν
233 2536 573 2595 ἓτεροφιλόσοφον
605 2535 704 2594 Ὠρ.
746 2543 850 2582 Ven.
878 2565 933 2574 --
989 2542 1015 2582 1.
1038 2542 1104 2586 27.
1145 2542 1245 2592 καὶ,
1290 2551 1387 2597 post
1412 2539 1603 2594 ἀτοπίαν,
1646 2557 1726 2584 om.
1755 2544 1862 2584 Ven.
1919 2542 2031 2583 Idem

127 2612 156 2652 1.
176 2611 243 2654 28.
273 2606 488 2664 ὀλεθρίαν,
532 2619 575 2651 et
602 2610 629 2651 l.
649 2610 715 2653 29.
745 2611 1051 2667 διασκέψομαι,
1099 2610 1357 2668 ἐπιπόθητοι.
1390 2637 1446 2646 --
1500 2614 1529 2655 1.
1551 2614 1618 2656 31.
1649 2612 1819 2668 μάταιον
1842 2615 1946 2657 ven.
1976 2636 2033 2644 —-

128 2681 154 2722 1.
186 2682 342 2737 penult.
371 2680 591 2735 γυμνασίον
623 2682 724 2722 Ven.

241 2753 372 2808 Pag.
393 2751 518 2796 3²¹4.
573 2750 601 2791 1.
627 2752 664 2793 1.
696 2752 797 2806 τῆς,
838 2760 935 2807 post
960 2752 1166 2808 ταυτησὶ,
1191 2776 1193 2779 ·
1214 2768 1294 2795 om.
1320 2756 1422 2796 Ven.
1481 2755 1594 2795 Idem
1620 2755 1649 2796 l.
1665 2756 1705 2796 2.
1736 2754 1908 2810 praebet
1931 2756 2034 2797 πολ-

130 2823 208 2878 λῆς
234 2822 412 2876 κωκυτῷ
440 2820 512 2864 καὶ
531 2822 668 2877 φωνῇ.
699 2845 753 2852 -
808 2822 834 2862 l.
855 2822 893 2865 6.
923 2823 1031 2877 τῶν,
1061 2832 1157 2864 ante
1183 2826 1352 2876 παθῶν,
1399 2840 1481 2866 om.
1512 2826 1614 2867 Ven.
1671 2825 1785 2865 Idem
1810 2824 1946 2879 pergit
1976 2822 2035 2872 ῶς

132 2890 233 2948 ὑπὲρ
259 2889 386 2935 αύτοῢ
410 2889 581 2947 πάσχων
610 2890 682 2934 καὶ
705 2889 909 2942 στενάζων
936 2889 1038 2946 ὑπὲρ
1067 2890 1195 2937 αύτοῦ
1224 2894 1338 2948 (sic).
1377 2919 1429 2927 —
1485 2895 1515 2935 l.
1536 2896 1577 2939 7.
1623 2893 1779 2943 πόσους
1810 2894 1857 2939 δὲ
1886 2890 2035 2942 ἄλλους

131 2965 234 3006 ven.
265 2987 317 2994 —-
374 2962 401 3003 l.
426 2963 489 3003 11.
522 2960 589 3004 ἐπὶ
614 2959 659 3004 τὸ
689 2959 788 3004 adr&
820 2964 921 3003 Ven.
982 2963 1091 3003 Idem
1118 2964 1147 3004 1.
1169 2962 1233 3006 14.
1278 2964 1407 3007 σίτεα.
1437 2989 1494 2996 -
1551 2965 1577 3005 1.
1603 2965 1665 3008 17.
1706 2967 1852 3020 δηλητ.
1896 2960 2036 3013 αύτοῐς

131 3035 234 3076 ven.
292 3032 406 3072 Idem
434 3031 460 3071 1.
488 3031 550 3073 18.
594 3023 632 3074 ῶ
668 3028 882 3086 Ὠριγένη.
914 3056 966 3064 -
1023 3033 1052 3072 l.
1076 3033 1138 3076 19.
1185 3032 1388 3089 ἐξέμεσας
1432 3033 1492 3078 ἰὸν
1537 3033 1626 3090 (τὸν
1670 3035 1807 3087 deest)
1848 3035 1951 3076 Ven.
1983 3057 2037 3066 —-

132 3104 161 3144 l.
181 3103 248 3145 21.
278 3099 374 3150 τοὺς
403 3101 599 3149 πλείονας.
622 3103 724 3142 Ven.
785 3104 830 3142 In
855 3102 997 3143 adnot.
1026 3117 1116 3143 nro.
1139 3099 1177 3145 4.
1204 3118 1245 3158 p.
1269 3104 1363 3148 375.
1388 3105 1464 3146 col.
1491 3107 1525 3147 l.
1553 3105 1580 3146 l.
1603 3105 1637 3146 1.
1669 3114 1764 3160 post
1788 3101 2038 3159 πλημμελη-

136 3188 266 3217 σασαν
292 3172 443 3213 excidit
469 3163 516 3214 οὗ
540 3168 669 3227 χάριν,
699 3180 743 3212 ut
767 3187 896 3227 nuper
911 3172 1010 3212 mihi
1025 3172 1250 3214 indicatum
1275 3183 1338 3214 est
1365 3175 1415 3215 ab
1441 3190 1491 3216 eo
1522 3175 1589 3230 qui
1619 3175 1708 3215 cod.
1726 3177 1827 3216 Ven.
1857 3174 2039 3227 scriptu-

134 3259 204 3286 rae
233 3242 547 3297 discrepantiam
584 3242 720 3282 denuo
746 3251 869 3297 atque
898 3242 949 3283 de
975 3243 1136 3299 integro
1164 3245 1464 3298 excerpendum
1494 3245 1593 3285 mihi
1622 3243 1791 3285 curavit.
1850 3243 2040 3284 Subscri-

134 3316 224 3370 ptio
252 3314 342 3356 cod.
368 3315 469 3356 Ven.
497 3322 560 3353 est
584 3310 707 3355 Κατὰ
734 3308 975 3367 Ὠριγένους
998 3313 1070 3355 τοῦ
1093 3312 1166 3355 καὶ
1189 3308 1477 3367 Ἀδαμαντίου.
1499 3315 1515 3371 ΙΙ
1537 3314 1667 3363 Τέλος
1694 3315 1861 3369 εἴληφεν
1890 3311 2041 3356 Πανά-

139 3399 219 3439 ριον
247 3384 398 3441 βιβλίον
419 3381 639 3438 ἱερώτατον
660 3382 758 3424 καὶ
751 3384 858 3436 ιεροῢ
885 3387 1095 3436 ποιμαῖνος
1115 3382 1227 3437 (sic).
1250 3383 1265 3439 fl
1297 3380 1497 3439 Ἑγράφη
1520 3383 1627 3440 χειρὶ
1642 3381 1835 3427 Ἰωάννου
1862 3387 2043 3439 πρεσβυ-

136 3454 254 3508 τέρου
281 3453 322 3497 ἐν
351 3453 446 3507 ἔτει,
475 3457 532 3506 5·
546 3466 581 3512 φ
602 3453 657 3535 ’ἶ
666 3451 702 3500 ε’
724 3453 823 3502 ἰνδ.
846 3452 898 3502 ι’·
916 3453 962 3518 ᾇ,
983 3452 1095 3509 (sic)
1121 3451 1137 3509 ΙΙ
1158 3452 1323 3503 Πάντες
1346 3453 1453 3499 δὲοὶ
1478 3452 1828 3509 ἀναγινώσκοντες
1857 3449 2039 3510 ευχεσθε

141 3520 241 3579 υπὲρ
272 3523 372 3579 ἐμου
404 3521 474 3568 διοὶ
504 3520 573 3566 τὸν
605 3521 768 3577 κύριον;
799 3542 883 3556 Ν

254 3596 384 3651 rag.
402 3595 526 3638 380.
582 3593 610 3633 l.
639 3594 698 3635 10.
746 3595 914 3648 corrige
955 3594 1002 3638 ἐκ
1028 3591 1236 3651 διαβόλου.
1272 3619 1321 3627 -
1378 3597 1443 3636 De
1482 3596 1607 3637 Paulo
1643 3598 1843 3637 Samosat.
1879 3596 2045 3637 Nicetas

145 3666 272 3705 Chon.
303 3664 498 3705 Thesaur.
527 3664 698 3704 Orthod.
726 3663 814 3703 Fid.
850 3666 927 3717 IV,
956 3664 1021 3706 32.
1050 3665 1178 3705 habet
1204 3666 1330 3706 haec:
1363 3658 1499 3714 Οὗτος
1527 3663 1551 3708 ό
1578 3666 1747 3714 Παῦλος
1773 3662 1943 3721 ὥρμητο
1973 3666 2045 3721 μὲν

144 3734 192 3778 ἐκ
212 3730 476 3788 Σαμοσάτων
499 3734 579 3787 τῆς
602 3734 936 3788 Μεσοποταμίας.
997 3734 1151 3789 Γέγονε
1175 3734 1223 3778 δὲ
1246 3734 1444 3790 πρόεδρος
1467 3732 1717 3792 Ἀντιοχείας
1739 3737 1820 3790 τῆς
1844 3737 2045 3791 μεγάλης,

147 3802 250 3859 μετὰ
276 3801 562 3858 Δημητριανόν
590 3802 659 3847 τὸν
685 3804 1049 3849 πεντεκαιδέκατον
1086 3802 1244 3860 ταύτης
1273 3804 1504 3850 ἐπίσκοπον.
1564 3805 1813 3861 Θεραπεύων
1840 3806 1887 3851 δὲ
1912 3808 2048 3862 Ζηνο-

231 3872 375 3917 Corpus
395 3871 621 3907 Haereseol.
654 3872 700 3907 11.
723 3874 754 3908 3.
1647 3882 1711 3932 43
