2508 4134
586 280 808 320 PANAnu
842 281 942 320 Lm.
966 281 1037 319 iu.
1065 281 1199 321 ToM.
1231 282 1279 320 u.
1312 280 1471 320 HAER.
1499 280 1697 320 Lxxix.
1995 270 2095 319 455

197 386 300 439 rat,
356 394 497 428 nemo
539 386 590 428 ut
633 386 973 429 sacrosanctae
1018 377 1219 444 virginis
1265 378 1612 428 vehementiori
1653 378 1853 445 quadam
1892 376 2097 427 admira-

198 461 325 511 tione
355 470 597 528 permotus
627 479 737 511 sese
762 461 818 512 ad
850 461 977 511 illius
1009 461 1222 511 haeresis
1254 479 1406 527 nugas
1438 479 1492 512 ac
1523 462 1688 511 deliria
1721 469 2048 512 converteret.

336 543 425 594 Est
454 545 579 595 enim
621 554 717 596 tota
758 546 849 596 ista
879 545 1091 595 narratio
1121 562 1236 595 sane
1271 562 1407 611 quam
1438 544 1665 608 ridicula,
1724 554 1772 595 et
1800 545 2094 595 anicularum
2146 546 2245 600 cap.
2268 546 2317 586 V·

195 627 527 679 lucubratione
553 629 714 696 digna.
794 628 983 680 Etenim
1014 646 1217 696 quanam
1254 629 1301 678 in
1332 628 1598 696 scripturae
1626 637 1759 697 parte
1787 629 2097 680 continetur?

195 710 319 778 Quis
350 711 684 779 prophetarum
716 731 921 781 unquam
943 751 955 774 ‚
999 713 1075 763 vel
1107 712 1345 762 bominem
1378 712 1597 774 adorari,
1641 713 1810 763 nedum
1846 713 2095 763 mulierem

194 795 445 863 permisit?
518 794 819 865 Quamquam
858 797 983 847 enim
1033 796 1263 847 selectum
1306 796 1538 863 quoddam
1572 813 1656 845 vas
1691 805 1831 863 atque
1863 796 2093 846 eximium

191 879 283 941 sit,
326 877 633 931 nihilominus
665 881 835 931 mulier
869 890 971 944 est,
1012 880 1321 946 eiusdemque
1360 897 1463 930 cum
1496 880 1671 929 ceteris
1703 889 1928 941 naturae,
1984 880 2097 930 licet

188 962 347 1012 animo
377 971 518 1031 atque
547 982 691 1015 sensu
722 965 1026 1033 amplissimis
1052 963 1312 1014 honoribus
1339 964 1510 1014 affecta
1541 963 1632 1025 sit,
1675 964 1870 1031 perinde
1899 981 1955 1014 ac
1982 965 2095 1015 reli-

191 1065 389 1115 quorum
434 1057 707 1099 sanctoruni
750 1066 984 1116 corpora,
1039 1057 1121 1098 aut
1157 1047 1195 1098 si
1225 1048 1332 1114 quid
1378 1048 1433 1098 ad
1474 1048 1672 1114 gloriam
1702 1066 1758 1097 ac
1788 1047 2093 1115 splendorem

189 1131 421 1182 illustrius
453 1133 677 1183 attulero.
757 1130 1167 1199 Quemadmodum
1210 1130 1372 1193 Elias,
1429 1131 1505 1198 qui
1548 1131 1606 1181 ab
1638 1140 1743 1181 ortu
1775 1149 1862 1181 suo
1892 1130 2092 1198 virgini·
2115 1140 2144 1174 4.
2168 1139 2260 1184 Reg·
2283 1140 2315 1174 ²·

191 1223 332 1266 tatem
364 1225 596 1283 perpetuo
626 1217 868 1280 servavit,
913 1226 959 1266 et
989 1216 1037 1266 in
1066 1217 1250 1266 coelum
1284 1224 1481 1265 evectus
1512 1223 1603 1264 est.
1681 1213 1744 1266 Ut
1778 1213 1984 1265 loannes
2011 1234 2093 1283 po-

189 1308 320 1361 stea,
373 1304 458 1365 qui
481 1304 527 1349 in
548 1311 711 1366 peetus
736 1304 912 1350 domini
934 1302 1171 1358 recubuit,
1232 1318 1361 1365 quem
1395 1301 1622 1364 diligebat
1653 1303 1800 1348 Iesus.
1881 1296 1945 1350 Ut
1983 1316 2092 1349 san·
2136 1303 2265 1383 1103211313

188 1383 400 1433 ctissima
445 1384 520 1434 illa
552 1383 766 1446 Thecla,
823 1383 899 1434 cui
944 1392 1101 1434 tamen
1143 1384 1284 1451 longe
1330 1392 1403 1433 est
1449 1384 1781 1451 anteponenda
1825 1380 1986 1433 Maria
2029 1382 2089 1433 ob
2121 1395 2158 1424 et
2181 1374 2235 1434 ²31,
2258 1372 2311 1425 2'0·

188 1467 400 1518 coeleste
438 1467 549 1518 illud
590 1470 868 1537 mysterium
911 1468 1033 1536 quod
1078 1468 1123 1517 in
1165 1467 1268 1517 eius
1301 1476 1438 1517 utero
1473 1469 1736 1535 perfectum
1772 1476 1864 1517 est.
1942 1466 2092 1534 Atqui

188 1568 276 1602 nec
315 1550 448 1601 Elias
490 1552 762 1603 adorandus
791 1561 894 1615 est,
938 1550 1127 1602 tametsi
1157 1552 1310 1602 adhuc
1340 1560 1588 1620 superstes
1618 1551 1708 1614 sit,
1763 1568 1916 1618 neque
1950 1549 2093 1601 loan-

188 1652 300 1697 nes,
354 1635 466 1686 licct
496 1636 717 1703 precibus
750 1645 949 1686 mortem
981 1653 1116 1686 suam
1145 1635 1474 1686 admirabilem
1507 1653 1562 1686 ac
1593 1635 1885 1702 singularem
1918 1635 2092 1685 effece-

188 1720 276 1782 rit,
330 1720 405 1770 vel
438 1720 481 1770 id
512 1720 668 1788 potius
702 1719 864 1770 divino
893 1720 956 1770 sit
986 1719 1218 1769 beneficio
1250 1729 1557 1770 consecutus.
1634 1717 1731 1769 Sed
1762 1737 1851 1769 nec
1881 1718 2088 1781 Thecla,

186 1812 268 1854 aut
295 1802 415 1854 alius
444 1804 677 1872 quispiam
703 1822 729 1855 e
758 1803 940 1856 sanctis
971 1805 1215 1853 adoratur.
1293 1802 1407 1854 Non
1437 1804 1561 1853 enim
1594 1812 1732 1853 vetus
1759 1803 1896 1853 nobis
1922 1820 2091 1871 super-

186 1887 317 1938 stitio
347 1888 699 1952 dominabitur,
753 1898 802 1938 ut
831 1889 944 1938 vivo
969 1889 1059 1938 deo
1088 1888 1348 1949 derelicto,
1391 1905 1511 1955 quae
1541 1887 1599 1938 ab
1630 1905 1688 1937 eo
1720 1887 1952 1937 fabricata
1978 1895 2092 1937 sunt
2113 1896 2223 1932 Rom.
2242 1897 2340 1943 1,25-

186 1973 388 2023 adorare
419 1972 641 2023 velimus.
720 1976 1018 2031 Servierunt,
1060 1972 1231 2039 inquit,
1271 1982 1319 2020 et
1350 1975 1560 2020 venerati
1580 1982 1692 2021 sunt
1720 1981 1982 2020 ereaturam
2002 1990 2091 2036 po-

186 2060 277 2106 tius
302 2074 435 2121 quam
467 2067 747 2116 creatorem,
810 2067 858 2105 et
876 2059 1007 2121 futui
1037 2060 1213 2105 redditi
1238 2066 1362 2105 sunt.
1441 2054 1567 2106 Nam
1601 2055 1641 2105 si
1672 2072 1730 2105 ne
1758 2055 1959 2122 angelos
1986 2054 2089 2122 qui-

184 2142 289 2190 dem
319 2140 510 2192 adorari
543 2140 803 2209 permittit,
857 2148 1034 2208 quanto
1074 2140 1229 2190 minus
1268 2140 1311 2190 id
1347 2140 1521 2189 Annae
1559 2139 1682 2189 filiae
1715 2138 1855 2189 tribui
1886 2156 2088 2189 conces-

182 2223 319 2286 serit,
349 2242 487 2292 quam
519 2224 584 2275 illi
612 2242 637 2275 e
667 2223 877 2275 loacimo
906 2225 978 2273 dei
1007 2224 1196 2274 bonitas
1223 2223 1451 2275 indulsit?
1489 2242 1623 2292 quam
1651 2223 1893 2291 precibus,
1937 2222 2090 2273 omui-

184 2326 276 2375 que
304 2309 448 2358 animi
479 2308 636 2359 studio
672 2327 726 2358 ac
759 2308 1097 2368 contentione,
1142 2325 1316 2376 parens
1354 2317 1556 2376 uterque
1592 2308 1888 2376 promeruit?
1925 2306 1990 2356 ita
2020 2315 2090 2356 ta-

184 2409 290 2441 men
330 2400 380 2443 ut
417 2410 512 2443 non
555 2392 690 2443 aliam
723 2410 861 2461 quam
893 2393 1041 2443 ceteri
1074 2393 1302 2443 mortales
1331 2392 1557 2442 nascendi
1591 2390 1913 2441 conditionem
1942 2390 2089 2442 habu-

183 2476 304 2538 erit,
360 2477 442 2526 sed
486 2485 535 2526 ut
565 2477 630 2526 illi
670 2494 696 2526 e
737 2477 859 2527 virili
903 2486 1010 2526 satu
1053 2494 1108 2526 ac
1149 2476 1315 2527 matris
1354 2485 1492 2526 utero
1524 2477 1771 2544 prodierit.
1851 2473 2087 2541 Quamvis

183 2568 339 2610 autem
371 2577 434 2609 ex
462 2557 651 2610 Mariae
681 2560 876 2611 historia
909 2579 963 2611 ac
1000 2561 1254 2611 traditione
1290 2561 1402 2610 illud
1433 2561 1693 2621 habeatur,
1739 2557 1947 2609 loacinio
1981 2560 2087 2610 eius

183 2644 302 2711 patri
337 2643 563 2694 divinitus
608 2645 695 2693 hoc
725 2643 771 2693 in
801 2646 992 2694 deserto
1026 2644 1293 2695 nuntiatum
1324 2645 1500 2695 fuisse:
1559 2643 1698 2696 Uxor
1726 2651 1805 2694 tua
1837 2644 2083 2712 concepit!

183 2746 276 2778 non
320 2728 383 2778 ita
426 2736 583 2777 tamen
616 2728 940 2795 accipiendum
983 2737 1056 2778 est
1098 2729 1231 2795 quasi
1263 2730 1352 2779 hoc
1383 2731 1502 2780 citra
1542 2728 1796 2797 nuptialem
1835 2728 2087 2779 consocia-

182 2813 359 2862 tionem
402 2830 457 2862 ac
492 2811 679 2861 virilem
713 2821 864 2861 satum
899 2812 1145 2863 acciderit.
1223 2812 1406 2864 Verum
1434 2815 1557 2881 quod
1594 2815 1802 2863 futurum
1839 2822 1944 2863 erat
1974 2812 2087 2862 mis-

182 2914 264 2947 sus
295 2914 320 2946 a
352 2896 442 2946 deo
487 2896 773 2962 significavit
813 2896 1039 2962 angelus,
1094 2913 1154 2946 ne
1196 2915 1285 2964 qua
1326 2897 1556 2947 dubitatio
1593 2899 1717 2948 foret
1750 2906 1944 2965 propter
1971 2895 2086 2945 illud

181 2981 305 3048 quod
346 2997 521 3030 revera
557 2979 604 3029 in
643 2979 794 3029 lucem
829 2979 1033 3041 editum,
1090 2990 1136 3030 et
1168 2999 1194 3030 a
1225 2982 1313 3031 deo
1342 2982 1682 3045 constitutum,
1740 2999 1795 3030 ac
1824 2982 1949 3030 iusto
1977 2978 2084 3030 viro

182 3073 341 3116 natum
382 3066 556 3115 fuerat.

322 3146 449 3215 Quin
481 3148 632 3197 eidem
662 3147 731 3196 rei
759 3164 925 3197 sacras
959 3147 1123 3197 literas
1149 3149 1426 3217 adstipulari
1454 3149 1690 3200 videmus.
1751 3148 1878 3199 Nam
1906 3146 2081 3198 Esaias
2124 3150 2308 3205 Cap.VI.

182 3233 239 3283 de
267 3233 362 3282 lilio
394 3232 467 3282 dei
500 3233 569 3282 sic
596 3232 916 3282 vaticinatur:
971 3235 1093 3279 Eece
1121 3236 1253 3296 virgo
1280 3237 1327 3282 ia
1358 3243 1488 3282 utero
1516 3238 1744 3297 concipiet
1768 3243 1813 3282 et
1834 3237 1993 3298 pariet
2006 3235 2078 3297 fi·
2100 3248 2203 3283 Esai.
2226 3249 2260 3292 τ,
2282 3248 2334 3285 14.

182 3320 292 3366 lium
325 3326 370 3365 et
403 3318 629 3365 vocabunt
665 3334 825 3365 nomen
857 3320 955 3364 eius
985 3319 1271 3365 Emmanuel.
1352 3316 1416 3366 Et
1445 3317 1666 3383 quoniam
1697 3316 1918 3383 genitura
1944 3316 2083 3384 virgo

182 3400 456 3462 dicebatur,
514 3409 563 3450 et
589 3408 727 3450 utero
756 3399 968 3449 mulieris
996 3401 1257 3465 gestandus
1284 3400 1362 3449 ille
1392 3400 1527 3450 cuius
1566 3417 1738 3450 nomen
1767 3400 1890 3450 idem
1921 3410 2080 3463 sonat,

182 3501 237 3533 ac
265 3486 515 3533 Nobiscum
557 3488 697 3544 deu-5,
752 3501 811 3534 ne
845 3501 935 3550 qua
967 3483 1014 3532 in
1052 3483 1309 3550 prophetae
1339 3484 1498 3534 animo
1527 3485 1583 3533 de
1615 3484 1682 3533 rei
1714 3483 1919 3534 veritate
1948 3483 2083 3535 dubi-

182 3567 297 3618 tatio
325 3569 589 3626 resideret,
645 3568 855 3618 oblatum
885 3566 975 3617 sibi
1008 3567 1160 3616 visum
1190 3567 1450 3634 instigante
1479 3568 1648 3635 spiritu
1682 3578 1849 3619 sancto
1880 3569 2083 3637 prophe-

235 3764 274 3803 Q,
306 3762 365 3805 ἔτι
391 3766 551 3804 correxit
586 3766 778 3807 Petamus.
839 3766 945 3804 Libri
983 3765 1098 3814 vulgo
1128 3760 1207 3805 ἐπὶ.
