2508 4134
447 263 549 316 388
1156 271 1361 314 SANcT1
1390 270 1672 314 ΕΡΙΡΗΑΝΠ

447 369 755 441 θρωπήσεως
797 366 879 437 (ού
921 367 1008 422 τὸν
1038 374 1232 435 φαῦλον
1269 369 1417 439 λέγω,
1467 368 1585 423 ἀλλά
1611 368 1697 424 τόν
1728 371 1811 424 έπὶ
1835 376 1897 443 τῇ
1926 368 2112 441 εὐλόγῳ
2147 373 2283 442 χρείᾳ
2310 390 2380 423 τε-

449 456 718 526 ταγμένον,
755 453 1145 525 συμπρεπόντως
1176 460 1235 528 τῇ
1261 453 1510 524 θεότητι),
1548 460 1656 518 πῶς
1682 453 1899 523 ἠδύνατο
1925 453 2181 519 πεινάσαι,
2218 453 2253 523 ἢ
2274 457 2380 508 δια-

445 546 696 609 νοηθῆναι
722 547 923 608 πεῖναν,
1002 539 1179 593 Πόθεν
1204 539 1258 593 δὲ
1288 539 1566 609 λελύπηται,
1602 542 1707 611 λέγε
1735 562 1846 609 μοι,
1885 545 2051 609 ψυχῆς
2081 536 2149 607 μή
2179 538 2384 608 ἐχούσης

445 631 568 680 νοῦν
592 626 677 678 καὶ
708 623 762 679 τό
791 628 1094 695 λογίζεσθαι,
1144 623 1326 695 ἀλόγου
1364 631 1531 693 ψυχῆς
1570 624 1747 694 οὔσης,
1795 626 1830 694 ἢ
1855 624 2040 697 σαρκὸς
2068 622 2268 693 ἀψύχου
2296 623 2381 678 οῦ-

447 729 560 780 σηςὶ
602 708 715 764 οὔτε
746 707 843 764 ὑπὸ
866 709 1029 779 λύπην
1055 707 1346 775 ύπέπιπτεν,
1385 708 1499 763 οὔτε
1529 713 1597 773 εἷς
1625 708 1864 778 ἀθυμίαν.
1940 712 2042 763 Καὶ
2070 708 2225 764 πολλά
2252 712 2383 764 ἐστιν

447 796 480 850 ἃ
503 794 595 868 χρὴ
621 793 755 865 ἡμᾶς
779 797 1173 865 διανοουμένους
1200 797 1394 860 εἰδέναι,
1433 794 1509 849 ὅτι
1532 793 1593 848 τά
1616 793 1880 863 σοφιστικοὶ
1910 794 2110 867 περιττοὶ
2138 793 2381 866 τυγχάνει,

446 884 534 936 καὶ
566 883 763 950 πλήττει
802 889 982 951 μᾶλλον
1015 880 1133 945 τούς
1168 879 1294 951 ὑπὲρ
1326 878 1381 934 τό
1409 882 1523 934 δέον
1552 881 1886 949 βουλομένους
1915 883 2247 947 διανοεῖσθαι,
2297 882 2382 935 καὶ

447 965 516 1036 μὴ
549 974 739 1038 μετρεῖν
774 965 983 1030 ἑαυτούς
1021 970 1072 1022 ἐν
1110 972 1178 1040 τῷ
1213 968 1372 1039 μέτρῳ
1409 970 1477 1038 τῷ
1506 963 1627 1034 ’ἡμῖν
1662 963 1789 1020 κατά
1823 969 2111 1037 παραίνεσιν
2142 968 2382 1041 εἰρημένῳ

448 1051 548 1107 ἀπὸ
582 1058 674 1106 τοῦ
718 1049 998 1124 ἀγιωτάτου
1042 1050 1322 1106 ἀποστόλου
1359 1057 1448 1105 τοῦ
1473 1050 1724 1120 φήσαντος
1749 1049 1818 1120 μή
1852 1048 2186 1124 ὑπερφρονεῖν
2209 1049 2324 1123 παρ’
2352 1051 2383 1106 δ

396 1171 405 1178 »-
446 1141 525 1192 δεῖ
557 1146 776 1210 φρονεῖν.

220 1504 308 1540 vag.
333 1493 429 1550 1⁰35.
602 1482 819 1553 Φέρουσι
850 1480 903 1533 δὲ
930 1476 1053 1547 ἡμῖν
1076 1481 1161 1533 καὶ
1192 1482 1340 1544 λέξεις
1375 1479 1537 1545 τινάς,
1587 1479 1689 1547 ὅτι,
1750 1485 1765 1516 ¹
1785 1481 1938 1548 φησὶ,
1988 1477 2153 1549 Ἡμεῖς
2180 1480 2384 1535 δὲ“νοῦν

191 1538 304 1596 Κεφ”
338 1541 417 1596 λβ’
451 1573 671 1638 Χριστοῦ
710 1568 903 1634 ἔχομεν·
957 1566 1068 1631 καὶ,
1124 1567 1304 1632 φασὶν,
1356 1563 1512 1639 Ὁρᾷς
1541 1565 1614 1620 ὅτι
1643 1571 1733 1619 τοῦ
1768 1570 1988 1636 Χριστοῦ
2017 1563 2048 1619 o‘
2074 1571 2193 1629 νοῦς
2220 1567 2383 1638 ἕτερος

447 1652 586 1725 παρά
608 1650 693 1706 τὸν
719 1649 979 1721 ἡμέτερον,·
1057 1653 1155 1704 Καὶ
1190 1644 1230 1704 αἶ
1259 1649 1414 1720 πολλὴ
1449 1649 1523 1720 ²⁹5
1547 1658 1647 1705 τῶν
1677 1650 1966 1723 ἀνθρώπων
1997 1650 2268 1721 ἀφελότης,
2307 1650 2381 1706 ὅτι

446 1743 516 1803 εἰς
557 1738 585 1793 ὃ
629 1736 858 1808 ἑκάτερος
895 1734 1122 1805 βούλεται
1163 1740 1338 1803 κλίνει,
1394 1739 1479 1791 καὶ
1518 1739 1570 1791 ἐν
1609 1730 1649 1810 ᾦ
1689 1740 1831 1791 δοκεῖ
1863 1740 2158 1804 σοφίζεσθαι
2200 1743 2382 1805 μᾶλλον

448 1824 637 1893 ἰδιότης
670 1821 955 1895 εὑρίσκεται.
1027 1818 1192 1891 Ἡμῶν
1235 1821 1327 1894 γάρ
1358 1821 1513 1877 ὄντων
1556 1825 1766 1876 ἰδιωτῶν
1798 1829 1864 1897 τῷ
1901 1823 2055 1897 λόγῳ,
2107 1821 2206 1877 ἀλλ’
2234 1820 2297 1878 ού
2321 1829 2382 1897 τῇ

445 1910 646 1983 γνώσει,
684 1908 809 1964 κατά
835 1907 890 1963 τὸ
920 1909 1204 1981 εἰρημένον,
1242 1911 1464 1980 βραχέων
1492 1909 1546 1963 δὲ
1567 1908 1763 1980 σφόδρα
1787 1908 1970 1975 ὄντων,
2023 1907 2383 1978 θαυμαζόντων

446 1998 500 2051 δὲ
539 2003 636 2051 τῶν
677 1994 918 2051 τοιούτων
971 1993 1259 2066 ἀνθρώπων
1297 1996 1381 2048 καὶ
1435 1993 1535 2048 ἀπὸ
1580 1993 1737 2065 λόγων
1780 1993 2079 2066 ὁρμωμένων
2121 1992 2209 2048 τόν
2244 1999 2382 2060 νοῦν,

446 2083 660 2154 ἀπορίας
698 2081 817 2152 ἡμῖν
858 2081 1152 2144 κατάστασις
1187 2083 1298 2152 περὶ
1326 2079 1414 2149 τὴν
1451 2078 1680 2135 διάνοιαν
1706 2084 1991 2153 συμβαίνει,
2043 2080 2119 2134 ὅτι
2148 2078 2203 2134 τό
2231 2078 2383 2151 ῥητόν

444 2176 591 2223 τοῦτο
636 2171 706 2232 εἰς
733 2167 1038 2240 παράστασιν
1074 2173 1162 2235 τῆς
1201 2167 1433 2234 τοιαύτης
1470 2165 1633 2220 αὐτῶν
1678 2163 1846 2228 ἀπλῶς
1887 2163 2043 2237 ἀργῆς
2082 2169 2383 2232 φιλονεικίας

445 2253 781 2325 λαμβάνουσιν
808 2254 950 2320 ὅλως,
989 2259 1079 2306 τοῦ
1107 2251 1393 2324 πράγματος
1420 2250 1486 2321 μὴ
1511 2254 1704 2321 ἔχοντος
1728 2254 1942 2320 ἔμφασιν
1965 2255 2383 2306 έπικοινωνοῦσαν

445 2348 508 2416 τῇ
535 2340 739 2412 τοιαύτῃ
768 2341 934 2409 σχέσει.
1007 2337 1172 2407 Ἡμεῖς
1201 2336 1326 2409 γάρ,
1378 2340 1529 2405 φησὶ,
1580 2345 1701 2392 νοῦν
1732 2343 1950 2409 Χριστοῦ
1979 2339 2162 2406 ἔχομεν.
2244 2341 2301 2391 Τί
2328 2337 2382 2391 δὲ
2427 2326 2433 2333 “

447 2425 544 2498 ἀρα
573 2430 648 2495 εἴη
676 2424 705 2480 ὅ
735 2424 973 2496 Χριστὸς,
1011 2422 1127 2496 παρ’
1157 2421 1325 2486 αὐτοῖς
1351 2425 1643 2493 έρωτητέον,
1695 2423 1732 2492 ἢ
1758 2422 1787 2478 ό
1816 2430 1937 2486 νοῦς
1969 2428 2187 2495 Χριστοῦ
2213 2426 2259 2476 τί
2284 2420 2382 2494 ἄρα

446 2515 535 2581 εἷἠ.
602 2513 862 2565 Ἐνταῦθα
890 2511 943 2564 δὲ
970 2508 1338 2577 ύπσφαίνουσιν
1368 2511 1532 2581 ἕτερον
1558 2508 1644 2564 τὸν
1678 2507 1898 2581 Χριστόν
1925 2506 2054 2584 1εἶναι
2078 2507 2382 2577 νενοηκότες,

444 2600 531 2652 καὶ
569 2599 736 2668 ἑτέραν
776 2595 866 2664 τὴν
909 2595 1067 2649 αὑτοῦ
1101 2595 1330 2663 θεότητα.
1405 2598 1477 2648 Εἰ
1505 2594 1596 2667 γάρ
1639 2594 1747 2649 ἀντὶ
1785 2601 1876 2649 τοῦ
1913 2601 2006 2649 νοῦ
2043 2594 2129 2649 τόν
2162 2593 2382 2667 Χριστόν

446 2681 888 2752 ύπολαμβάνουσι,
947 2679 1161 2752 Χριστόν
1198 2682 1251 2734 δὲ
1282 2679 1371 2749 τήν
1395 2684 1631 2753 ἕνσαρκον
1657 2681 1816 2750 μόνην
1847 2687 2067 2752 Χριστοῦ
2104 2684 2381 2752 παρουσίαν

449 2768 775 2839 ὀνομάζουσιν
787 2812 801 2835 ,
856 2765 954 2839 ἄρα
1004 2766 1152 2821 πάλιν
1201 2770 1269 2830 εἰς
1307 2769 1475 2839 ἑτέραν
1521 2766 1713 2836 ζήτησιν
1757 2766 1891 2836 ἡμᾶς
1928 2765 2065 2837 ἄγειν
2101 2773 2377 2838 πειρῶνται.

450 2857 550 2909 Καὶ
575 2854 652 2910 ὅτι
677 2856 763 2923 μὲν
791 2848 882 2908 οῦν
907 2852 1007 2907 ἀπὸ
1038 2860 1125 2922 τῆς
1162 2853 1403 2923 ένσοῖρκου
1432 2857 1707 2925 παρουσίας
1733 2852 1854 2916 θεός
1877 2851 2020 2923 λόγος
2046 2854 2129 2905 καὶ
2154 2851 2265 2915 υἷὸς
2289 2859 2379 2907 τοῦ

447 2947 574 2995 θεοῦ
613 2941 928 3011 ἑρμηνεύεται
941 2983 955 3005 ,
1005 2943 1168 3008 δῆλον.
1257 2942 1329 2992 Εἰ
1365 2941 1449 2993 καὶ
1495 2946 1716 3010 προῆγον
1757 2941 1867 3010 περὶ
1911 2936 2065 2991 αὐτοῦ
2099 2943 2376 3010 μαρτυρίαι,

448 3025 535 3081 τὸν
565 3026 782 3098 Χριστὸν
814 3024 966 3079 αὐτὸν
1007 3032 1263 3079 καλεῖσθαι
1296 3027 1378 3079 καὶ
1422 3023 1518 3096 πρὸ
1556 3032 1645 3094 τῆς
1689 3024 1928 3095 ένσάρκου
1974 3027 2271 3094 παρουσίας,
2326 3027 2379 3078 έν

448 3120 508 3187 τῇ
537 3116 786 3185 παρουσίᾳ
811 3110 1179 3182 πεπλήρωνται,
1234 3110 1352 3180 μήτε
1388 3117 1476 3179 τῆς
1506 3110 1745 3179 θεότητος
1785 3107 1926 3171 ἐκτός
1962 3113 2181 3179 Χριστοῦ
2219 3107 2378 3181 ύπαρ-
2420 3177 2424 3183 ·

448 3198 631 3268 χούσης
662 3197 938 3267 ὀνόματος,
991 3196 1109 3266 μήτε
1144 3196 1384 3267 ἐνσάρκου
1420 3201 1692 3267 παρουσίας
1731 3197 1815 3249 καὶ
1854 3194 2011 3247 αὐτοῦ
2052 3194 2379 3266 ἑνανθρωπή-

452 3303 600 3351 σεως,
639 3282 759 3338 ἄνευ
789 3290 877 3353 τῆς
902 3283 1130 3351 τοιαύτης
1161 3283 1428 3351 ὀνομασίας
1456 3281 1833 3351 ὀνομαζομένης.
1903 3277 1990 3342 Ὡς
2013 3279 2138 3334 κατά
2164 3279 2217 3334 τό
2248 3283 2374 3353 εἰρη-

453 3372 627 3439 μένον,
667 3370 762 3438 Μὴ
788 3373 931 3444 εἴπῃς
958 3371 1010 3423 έν
1034 3375 1092 3443 τῇ
1121 3372 1302 3442 καρδίᾳ
1332 3386 1443 3435 σου,
1489 3373 1572 3433 Τίς
1598 3365 1895 3435 ἀναβήσεται
1921 3367 1988 3427 εἰς
2015 3364 2101 3419 τόν
2129 3365 2374 3436 οὗρανόνς

451 3458 668 3510 τουτέστι
718 3455 934 3527 Χριστὸν
977 3461 1294 3525 καταγαγεῖν,
1350 3453 1385 3521 ἢ
1423 3458 1493 3517 τίς
1534 3451 1859 3521 καταβήσεται
1903 3453 1971 3513 εἰς
2002 3450 2091 3519 τὴν
2131 3449 2374 3519 ἄβυσσον,-

451 3543 668 3595 τουτέστι
696 3540 912 3613 Χριστόν
935 3540 1200 3611 ἀναγαγεῖν
1226 3542 1279 3593 ἐκ
1305 3546 1504 3610 νεκρῶν.
1580 3540 1679 3591 Καὶ
1706 3537 1849 3590 πάλιν
1870 3534 1900 3590 ό
1921 3535 2071 3599 αὐτὸς
2092 3538 2240 3607 λέγει,
2261 3535 2375 3590 Ἵνα

451 3627 727 3696 γινώσκωσί
764 3647 815 3682 σε
844 3627 931 3682 τόν
974 3626 1128 3696 μόνον
1170 3624 1410 3693 ἀληθινόν
1449 3623 1600 3690 θεὸν,
1650 3625 1739 3704 καὶ.
1770 3622 1827 3677 ὃν
1863 3622 2150 3686 ἀπέστειλας
2181 3620 2373 3690 Ἰησοῦν

513 3771 608 3811 Cap.
633 3774 822 3814 XXXII.
854 3798 907 3803 -—
970 3772 1001 3813 1.
1034 3776 1212 3814 Fortasse
1242 3770 1360 3826 φασὶ.

508 3828 546 3869 2.
582 3825 612 3881 τί
643 3829 852 3871 articulum
886 3833 1035 3871 restitui
1070 3842 1118 3870 ex
1151 3831 1263 3870 codd.
1293 3840 1385 3869 mss.
1443 3831 1554 3869 Abest
1582 3830 1684 3868 enim
1712 3829 1761 3867 ab
1789 3828 1909 3868 editis.
