2508 4134
542 286 768 326 PANARII
801 286 904 326 mn.
928 287 1002 326 111.
1030 288 1166 327 ToM.
1191 289 1239 328 11.
1268 288 1431 328 ΗΑΕΒ.
1454 289 1673 330 Lxxvn.
1951 276 2052 327 347

156 386 214 435 ad
250 373 516 452 virginem,
571 383 655 434 sed
686 384 744 433 ad
786 400 888 433 eam
923 383 1159 449 virginem
1193 403 1311 451 quae
1335 390 1426 436 iam
1462 386 1567 436 viro
1598 388 1835 454 desponsa
1872 386 2047 448 suerat,
2073 396 2163 431 Luc.
2182 395 2214 438 1,
2231 396 2283 432 2⁷.

155 477 206 518 ut
234 468 336 536 ipsa
367 466 534 535 sponsi
560 467 1016 517 commemoratione
1043 465 1251 517 Mariam
1287 486 1403 519 vere
1446 470 1685 520 hominem
1717 470 1865 520 fuisse
1896 470 2054 520 decla-

153 559 246 602 ret.
322 549 449 601 Hinc
480 559 527 602 et
557 550 771 619 pariendi
813 551 992 600 mentio
1024 551 1073 600 in
1104 550 1341 618 scriptura
1376 554 1499 603 facta
1537 562 1582 603 et
1598 557 1772 621 sascz'zis
1812 557 2055 604 znvolvzlsse
2075 564 2164 599 Luc.
2187 564 2222 608 2,
2243 563 2276 598 7.

153 634 352 697 dicitur,
409 643 457 685 et
495 635 635 685 beata
666 634 1002 703 praedicantur
1042 637 1211 694 ubera,
1267 653 1384 700 quae
1429 640 1688 697 lactarunt,
1748 656 1802 688 ac
1847 638 2051 706 denique
2073 647 2303 693 Luc.11‚2‘1.

151 719 441 769 sacrificium
469 719 699 781 oblatum,
741 728 963 786 tanquam
988 719 1033 768 id
1067 720 1190 786 quod
1222 729 1382 769 natum
1413 729 1519 770 erat
1542 721 1730 770 vulvam
1760 722 2048 790 aperuisset.

154 801 291 869 Quae
324 803 482 853 omnia
515 804 743 871 parientis
770 802 973 869 virginis
1002 802 1176 852 indicia
1205 804 1414 854 fuerunt.
1492 804 1691 855 Adhaec
1727 804 1923 856 Gabriel
1949 806 2052 873 ipse

152 894 288 936 caute
320 903 378 936 ac
407 888 670 954 prudenter
702 887 749 937 in
787 886 912 938 felici
949 886 1031 937 illo
1059 886 1225 937 nuntio
1248 889 1539 955 perferendo
1566 889 1756 939 locutus
1782 899 1874 939 est.
1951 888 2054 940 Ne-

153 986 244 1037 que
280 969 405 1020 enini
440 970 592 1033 dixit,
646 974 778 1034 Quod
811 981 1031 1020 nascetur
1058 975 1105 1020 z'n
1133 981 1201 1030 te,
1258 989 1317 1021 ne
1345 974 1652 1023 extrinsecus
1683 974 1730 1022 in
1758 974 1883 1024 illam
1913 976 2050 1025 indu-

151 1063 277 1104 ctum
309 1072 482 1122 corpus
514 1072 624 1106 esse
660 1064 932 1123 putaretur,
973 1056 1086 1117 sed,
1126 1059 1206 1105 Eoe
1234 1066 1304 1116 te,
1347 1057 1498 1119 dixit,
1540 1065 1591 1106 ut
1623 1059 1745 1124 quod
1774 1068 2054 1109 nasceretur

152 1155 217 1189 ex
242 1139 344 1206 ipsa
377 1138 614 1207 prodiisse
657 1140 910 1190 manifeste
951 1140 1248 1190 crederetur.
1325 1138 1621 1191 Praesertim
1660 1160 1764 1191 cum
1805 1142 1850 1192 id
1884 1151 2053 1193 natura

152 1222 294 1273 etiam
321 1223 423 1290 ipsa
471 1224 797 1286 demonstret,
859 1241 952 1273 non
997 1241 1139 1292 posse
1179 1224 1382 1291 virginis
1422 1242 1625 1292 corpus,
1682 1244 1803 1293 quae
1843 1228 2049 1277 nondum

150 1307 419 1375 pepererit,
474 1307 547 1358 lac
577 1307 864 1375 concipere,
921 1316 1016 1357 tum
1059 1307 1205 1358 nihilo
1237 1310 1389 1375 magis
1424 1310 1526 1359 fieri
1563 1327 1705 1377 posse
1737 1319 1785 1360 ut
1816 1311 1937 1360 lacte
1966 1329 2053 1361 nu·

150 1391 352 1454 triatur‚
411 1400 492 1442 aut
531 1390 693 1440 fasciis
722 1391 1010 1442 obvolvatur
1041 1410 1214 1460 corpus
1245 1393 1356 1442 illud
1386 1395 1507 1460 quod
1542 1394 1747 1444 naturali
1773 1403 1912 1462 partu
1942 1404 2053 1445 ante

150 1493 247 1525 non
277 1475 413 1526 sitin
444 1475 598 1525 lucem
629 1475 824 1525 editum.
901 1474 1036 1542 Ergo
1065 1477 1177 1527 illud
1211 1477 1361 1545 ipsum
1391 1486 1464 1527 est
1495 1479 1618 1545 quod
1650 1488 1821 1528 octavo
1851 1480 1926 1530 die
1963 1480 2055 1529 cir-

150 1558 464 1621 cumciditur,
515 1559 638 1608 idem
666 1577 694 1609 a
725 1557 954 1611 Simeone
988 1560 1036 1610 in
1069 1561 1206 1612 ulnas
1248 1571 1530 1630 exceptum,
1590 1562 1713 1612 idem
1746 1581 1865 1631 puer
1901 1565 2055 1614 factus
2106 1575 2195 1610 Luc.
2218 1574 2249 1610 2.

150 1651 252 1706 est,
308 1651 355 1693 et
386 1643 622 1706 adolevit,
675 1652 723 1693 et
751 1644 979 1695 decennis
1023 1645 1208 1706 evasit,
1266 1654 1313 1695 et
1345 1647 1401 1696 ad
1431 1646 1724 1697 tricesimum
1766 1666 1941 1698 annum
1978 1666 2055 1698 us-

150 1743 242 1794 que
272 1726 513 1795 pervenit.
589 1725 704 1778 Non
739 1727 863 1777 enim
883 1767 895 1789 ‚
955 1738 1009 1779 ut
1031 1719 1256 1780 'nonnulli
1287 1730 1520 1798 suspicati
1549 1740 1690 1794 sunt,
1745 1731 1891 1782 divini
1921 1732 2055 1783 verbi

149 1811 416 1862 substantia
441 1810 546 1879 ipsa
578 1820 756 1862 mutata
789 1812 1072 1863 circumcisa
1101 1823 1204 1875 est,
1264 1832 1385 1882 quae
1422 1816 1597 1865 mutari
1629 1817 1943 1884 convertique
1972 1835 2055 1867 ne-

149 1903 317 1962 queat,
370 1912 476 1944 cum
509 1895 724 1944 salvator
763 1895 867 1963 ipse
909 1898 1066 1960 dicat,
1126 1902 1282 1947 Videte
1321 1917 1417 1958 me,
1473 1903 1686 1964 quoniam
1718 1919 1803 1964 ego
1828 1920 1956 1961 sum,
2009 1911 2055 1950 et
2075 1912 2305 1955 Lu0.24‚39.

147 1998 239 2029 non
279 1997 379 2028 snm
420 1989 646 2038 mutatuS,
703 1977 883 2031 Paulus
925 1999 1042 2031 vero
1075 1981 1141 2032 ita
1185 1983 1406 2051 scripsit:
1459 1988 1590 2032 Iesus
1625 1987 1836 2034 Christus
1874 1955 2305 2041 herz‘ettliiiilr‘.31'3‘‚⁵'6.

149 2068 312 2124 hodie,
355 2067 470 2113 idem
501 2067 549 2113 in
578 2067 793 2113 saecula:
851 2082 1018 2116 verum
1046 2066 1093 2116 in
1126 2084 1183 2116 00
1212 2085 1444 2135 corpore,
1488 2069 1611 2135 quod
1645 2077 1693 2118 et
1719 2068 2051 2119 circumcisum

151 2158 255 2211 est,
298 2156 345 2198 et
372 2155 611 2215 gestatum
632 2188 645 2212 ,
687 2148 810 2215 quod
842 2150 1050 2199 comedit
1080 2160 1127 2200 et
1157 2150 1404 2218 fatigatum
1436 2161 1541 2214 est,
1581 2154 1630 2202 in
1657 2170 1800 2203 cruce
1833 2155 2054 2204 suffixum

151 2241 296 2301 atque
341 2249 565 2302 passum,
620 2232 695 2283 dei
740 2233 940 2284 verbum
982 2234 1168 2297 inerat,
1228 2237 1350 2303 quod
1391 2237 1630 2304 passionis
1673 2237 1870 2305 perinde
1912 2247 2054 2306 atque

151 2318 368 2384 corporis
410 2325 486 2367 est
525 2333 723 2385 expers.
801 2316 933 2368 Idem
975 2336 1148 2387 corpus
1189 2320 1239 2370 in
1281 2329 1590 2371 monumento
1640 2321 1906 2390 depositum
1952 2330 2054 2386 est,

152 2419 245 2469 quo
273 2410 487 2469 tempore
518 2400 733 2465 scilicet,
774 2412 829 2451 ut
854 2405 1097 2467 spei-itibus
1126 2407 1249 2464 illes,
1291 2409 1377 2470 qul
1398 2409 1444 2454 z'n
1474 2410 1683 2455 custodia
1713 2409 2051 2467 detinebantur,
2074 2422 2236 2467 1.Pet.3‚
2254 2422 2305 2456 19.

144 2489 469 2550 praedicaret,
511 2489 574 2534 ad
606 2477 682 2535 eos
719 2490 942 2546 accessit,
986 2488 1055 2538 uti
1092 2485 1269 2539 Petrus
1310 2497 1532 2540 testatur.

292 2568 371 2619 Ex
403 2586 496 2636 quo
531 2568 720 2619 illorum
766 2571 1064 2637 potissimum
1110 2573 1381 2624 declaratur
1418 2574 1607 2625 insania
1650 2575 1727 2642 qui
1757 2575 1957 2629 verbum
1985 2577 2060 2628 dei
2098 2580 2309 2634 Cap.V111.

150 2654 197 2704 in
237 2670 347 2703 ossa
393 2669 683 2720 carnemque
720 2664 1059 2705 commutatum
1106 2666 1350 2712 asserunt.
1426 2657 1553 2709 Nam
1584 2659 1625 2709 si
1653 2660 1718 2709 ita
1749 2661 2053 2728 contigisset,

150 2754 561 2805 supervacaneum
592 2747 948 2788 monumentum
975 2739 1088 2789 illud
1119 2740 1320 2805 fuisset,
1361 2742 1401 2792 si
1429 2743 1617 2809 quidem
1649 2744 1800 2810 ipsum
1832 2762 1918 2812 per
1946 2762 2055 2795 sese

150 2839 325 2889 corpus
369 2820 676 2889 praedicandi
716 2823 871 2888 gratia
913 2824 968 2871 ad
1008 2840 1092 2873 eos
1134 2825 1332 2892 spiritus
1375 2828 1630 2877 accederet
1671 2828 1750 2895 qui
1793 2828 1840 2877 in
1886 2828 2055 2879 inferis

151 2905 489 2958 versabantur.
564 2903 709 2955 Nunc
736 2914 892 2955 autem
923 2908 1226 2973 praedicandi
1256 2909 1358 2976 ipse
1387 2910 1543 2976 gratia
1570 2912 1627 2961 ad
1660 2929 1742 2961 eos
1772 2911 1905 2975 adiit,
1947 2931 2051 2961 eor·-
2115 2927 2242 2961 Ioann.

141 3009 234 3055 pus
270 3000 420 3039 autem
460 2993 651 3038 sindone
681 2991 939 3038 obvolutum
979 2994 1200 3056 Iosephus
1241 2997 1286 3042 z‘n
1322 2997 1550 3058 Golgotlza
1588 2998 1825 3060 deposuz't5
1880 3004 2050 3062 estque
2122 2970 2174 3013 19⁹
2196 2970 2248 3003 ’ὅθ’

150 3074 302 3143 palam
331 3074 442 3125 illud
471 3061 693 3123 omnibus
726 3075 920 3134 factum,
963 3074 1160 3124 verbum
1191 3076 1344 3143 ipsum
1378 3096 1675 3145 nequaquam
1712 3096 1822 3129 esse
1855 3097 2050 3147 corpus,

149 3159 233 3208 sed
274 3159 333 3209 ad
364 3157 561 3208 verbum
602 3175 776 3225 corpus
815 3158 1126 3225 pertinuisse.
1204 3158 1465 3211 Praeterea
1507 3161 1723 3212 Thomas
1755 3163 1866 3213 illud
1897 3164 2047 3230 ipsum
2079 3180 2208 3215 Ioann.
2230 3181 2283 3215 20.

149 3260 354 3311 corpus,
413 3251 723 3310 posteaquam
755 3260 782 3292 a
815 3242 1016 3292 mortuis
1050 3244 1313 3294 excitatum
1347 3254 1447 3308 est,
1508 3246 1726 3296 manibus
1756 3248 2050 3311 attrectavit,

149 3335 197 3377 et
223 3326 271 3376 in
304 3344 362 3377 eo
393 3327 639 3376 clavorum
667 3325 918 3376 cicatrices
947 3327 1165 3394 aspexit,
1209 3346 1327 3394 qnos
1360 3346 1464 3379 cum
1494 3330 1539 3378 in
1578 3347 1781 3397 corpore
1813 3348 1900 3380 suo
1928 3333 2052 3382 suffi-

147 3428 239 3462 xos
267 3410 499 3472 vidisset,
552 3419 722 3479 sponte
758 3410 1011 3472 sustinuit,
1067 3427 1221 3477 neque
1252 3429 1358 3461 cum
1393 3421 1558 3479 posset
1588 3413 1841 3480 prohibere
1871 3416 2049 3477 voluit3

147 3494 242 3544 imo
279 3511 397 3545 vero
430 3495 649 3563 proprias
690 3494 763 3545 sui
796 3494 1012 3560 corporis
1056 3495 1366 3557 affectiones,
1423 3497 1555 3546 velut
1585 3496 1658 3546 sui
1686 3497 1832 3564 ipsius
1863 3498 1911 3548 in
1941 3516 2052 3551 sese

148 3611 200 3646 est
238 3618 286 3646 ex
325 3608 407 3646 cod.
434 3609 499 3646 illo
528 3610 594 3657 qui
628 3609 724 3658 siylo
757 3609 800 3646 M
824 3609 951 3646 notari
980 3618 1071 3645 con·
1189 3606 1282 3645 CAP.
1315 3607 1421 3644 tht.
1457 3630 1510 3637 -—
1571 3608 1603 3647 l.
1637 3607 1734 3660 μὲν,
1775 3612 1876 3660 quod
1905 3613 2052 3651 deside-

146 3665 283 3715 sueuit.
1127 3666 1238 3701 ratur
1280 3664 1320 3701 in
1360 3664 1495 3712 editis,
1540 3666 1686 3704 restitui
1727 3678 1773 3705 ex
1812 3669 1922 3707 codd.
1961 3681 2049 3708 mss.

206 3718 267 3756 12.
299 3714 522 3770 ἐπορεύθη,
550 3715 608 3770 μή
637 3718 862 3773 χωρισὲῑεὶς
887 3714 1012 3760 αὐτοῦ
1030 3720 1073 3758 Β.
1131 3722 1300 3767 utroque.

148 3784 195 3813 ex
223 3775 367 3827 aliquot
396 3776 502 3813 libris
528 3786 616 3814 mss.
1185 3776 1222 3813 2.
1256 3770 1278 3818 ὁ
1308 3771 1429 3831 λόγος
1459 3771 1480 3819 ὂ
1513 3769 1650 3833 οἷσώμ.
1683 3779 1727 3819 Β.
