2508 4134
417 248 519 302 770

1171 255 1352 298 INDEX
1381 255 1590 308 RERUM.

415 356 601 399 Platonis
641 355 759 396 locus
789 368 840 396 ex
867 347 1094 397 Phaedone*
1119 354 1173 396 de
1203 354 1351 397 mortis
1401 356 1636 411 Prophetae
1660 355 1827 398 Davidis
1849 360 2039 398 excessus
2056 357 2186 414 qualis
2210 344 2338 398 fuerit

471 425 715 468 definitione
744 428 840 467 580.

412 496 883 539 Pneumatomachorum
906 495 1087 538 haeresis
1109 500 1178 539 54.
1202 496 1350 551 ordine

471 566 777 622 septuagesima
798 575 945 622 quarta
971 569 1064 608 886.
1083 591 1139 599 -
1191 566 1273 623 ipsi
1298 582 1349 609 ex

471 636 632 679 Arianis
659 646 703 679 et
731 636 947 679 catholicis
974 638 1144 679 conflati
1169 641 1265 680 887.
1295 662 1346 671 -

471 711 525 753 de
551 724 650 753 vera
689 709 773 750 fide
812 717 856 750 et
879 708 1028 764 spiritu
1069 709 1271 765 quaedam
1298 723 1350 750 ex

469 785 683 824 Ancorato
715 779 936 836 Epiphanii
963 787 1164 835 excerpta
1194 783 1288 820 888.

412 852 675 895 Poenitentia
694 850 819 907 lapsis
838 850 1100 902 conceditur,
1129 850 1348 906 exemplis-

470 938 549 979 que
586 937 684 965 vere
724 921 1032 977 poenitentium
1064 921 1110 962 id
1146 922 1350 978 probatur

469 997 568 1035 500.
604 1017 654 1025 -
725 993 874 1048 quibus
914 992 1051 1035 verbis
1093 992 1136 1033 in
1177 992 1349 1034 Cantico

470 1065 686 1120 eleganter
721 1063 972 1120 depingatur
1011 1066 1107 1105 501.
1140 1087 1192 1096 —
1250 1072 1350 1120 post

467 1145 648 1177 mortem
676 1134 963 1191 poenitentiae
986 1135 1121 1176 nullus
1148 1142 1213 1176 est
1233 1134 1349 1177 locus

470 1210 566 1250 502.

413 1277 722 1321 Poenitentiam
766 1290 851 1318 non
898 1290 1022 1318 unam
1072 1277 1162 1319 dari
1204 1287 1351 1319 contra

471 1350 700 1402 Novatum‚
731 1347 807 1388 sed
820 1347 983 1403 saepius
1006 1347 1164 1401 iterari,
1192 1357 1236 1390 et
1260 1362 1349 1389 esse

467 1419 704 1462 hominibus
742 1419 1016 1462 necessariam
1055 1423 1154 1461 493.
1183 1443 1241 1451 -
1297 1419 1351 1461 de

471 1505 520 1532 ea
547 1489 778 1545 explicatur
815 1490 1000 1546 apostoli
1024 1490 1141 1531 locus
1166 1494 1263 1532 494.
1295 1515 1349 1523 -

407 1600 409 1602 .
469 1576 544 1603 cur
593 1561 769 1603 ecclesia
810 1560 1115 1617 poenitentiam
1153 1561 1352 1604 admittat

468 1632 568 1674 ibid.
745 1620 749 1623 ⁴

413 1704 573 1746 Poetae
602 1703 781 1759 gentiles
818 1703 939 1745 initio
981 1718 1155 1760 operum
1194 1704 1348 1757 Musas,

473 1773 697 1835 Christiani
711 1788 855 1816 verum
873 1775 1071 1817 invocant
1091 1776 1212 1817 deum
1233 1781 1272 1818 2.
1294 1801 1344 1808 --

471 1845 655 1888 omnium
674 1860 814 1887 rerum
830 1845 1003 1888 scientia
1020 1847 1101 1888 soli
1125 1846 1204 1888 deo
1226 1862 1344 1889 com·

468 1916 579 1972 petit
609 1921 648 1959 2.

413 1987 667 2043 Polyandria
688 1987 904 2044 sepulcra,
950 2002 1055 2044 qnae
1081 1997 1126 2029 et
1156 1988 1225 2030 ubi
1253 1997 1348 2030 sunt

470 2062 566 2102 132.

414 2130 662 2173 Pontificum
697 2130 979 2171 Romanorum
1010 2145 1137 2187 usque
1161 2130 1217 2172 ad
1242 2130 1346 2172 Ani-

470 2210 607 2243 cetum
634 2201 840 2243 successio
872 2204 967 2242 107.

412 2272 680 2329 Porphyrius,
710 2281 756 2313 et
775 2272 845 2314 alii
867 2272 1043 2327 gentiles
1073 2271 1348 2328 evangelistas

469 2343 828 2399 reprehenderunt
857 2347 954 2386 429.

412 2414 653 2455 Potamonis
675 2415 717 2455 in
741 2415 962 2456 Eusebium
988 2414 1195 2457 libertatis
1219 2414 1347 2471 plena

472 2499 555 2526 vox
587 2489 682 2526 723.

413 2555 651 2597 Potestates
677 2571 702 2597 a
729 2556 811 2598 deo
831 2557 1100 2607 constitutae,
1130 2566 1173 2597 et
1199 2558 1240 2597 in
1271 2570 1347 2596 eo-

471 2626 566 2668 dem
593 2640 722 2682 regno
751 2628 960 2669 stabilitae
986 2627 1055 2668 uni
1092 2636 1229 2668 tamen
1259 2627 1348 2682 regi

470 2707 622 2755 parent
653 2701 751 2739 294.

412 2769 739 2824 Praeceptorum
783 2783 1055 2824 quorumnam
1110 2769 1348 2811 observatio

470 2840 525 2881 sit
553 2841 784 2882 necessaria
806 2844 903 2882 507.

415 2910 654 2967 Presbyteri
680 2911 767 2953 fieri
794 2927 880 2953 non
904 2920 1077 2967 possunt
1098 2912 1277 2963 uxorati,
1308 2920 1352 2952 et

471 2982 533 3035 de„
552 2982 792 3024 clericorum
819 2982 1022 3024 caelibatu
1043 2982 1229 3024 notanda
1253 2985 1349 3023 496.

473 3077 528 3085 -
571 3068 644 3095 cur
682 3054 870 3094 nonnulli
909 3053 1141 3110 presbyteri
1180 3053 1352 3110 aliisque

478 3126 522 3166 in
551 3124 765 3166 ordinibus
794 3124 1013 3166 constituti
1041 3124 1193 3166 liberos
1221 3125 1353 3166 susci-

478 3196 597 3252 piant
626 3211 676 3237 ex
705 3196 899 3237 uxoribus
928 3195 1029 3237 ibid.

414 3267 641 3323 Presbyter
667 3281 753 3308 non
783 3275 846 3308 est
877 3281 952 3322 par
976 3266 1176 3322 episcopo
1208 3274 1354 3308 contra

471 3339 638 3379 Aetium
671 3341 767 3379 906.

413 3409 619 3465 Principia
648 3410 731 3452 duo
775 3409 895 3450 simul
946 3423 1035 3450 esse
1065 3424 1150 3451 non
1178 3418 1352 3465 possunt

477 3484 572 3523 300.

419 3550 626 3606 Principia
670 3565 759 3593 esse
796 3552 916 3607 plura
953 3566 1038 3593 non
1080 3558 1256 3606 possunt
1299 3565 1352 3592 ne

474 3635 599 3663 unum
626 3622 802 3664 alterum
831 3622 1018 3664 destruat
1049 3625 1143 3664 392.

417 3691 598 3732 Privatio
628 3693 772 3748 quibus
802 3694 923 3756 rebus
952 3693 1122 3750 proprie
1148 3692 1353 3735 tribuatur

475 3764 570 3802 960.

1459 429 1556 467 408.
1580 451 1636 458 -—
1691 426 1792 467 item
1823 435 1867 467 et
1893 426 2005 467 Petri
2031 426 2075 468 in
2101 427 2205 470 actis
2233 425 2335 469 ibid.

1404 497 1638 552 Prophetae
1663 495 1927 538 Antiochiam
1950 497 2172 553 migrantes
2197 497 2337 539 famen

1461 567 1705 609 nuntiarunt
1733 571 1830 609 409.

1405 637 1642 694 Prophetae
1667 637 1766 679 olim
1785 639 2022 690 necessarii,
2048 638 2124 680 sed
2143 647 2241 694 post
2263 638 2338 681 ad·

1464 718 1632 751 ventum
1676 708 1832 750 Christi
1873 718 2109 760 cessarunt,
2154 709 2338 765 quanvis

1465 794 1550 820 non
1587 779 1806 821 necessarii
1838 788 1980 822 tamen
2007 794 2093 822 non
2117 779 2340 836 spernendi

1465 849 1579 905 quod
1605 850 1825 907 multiplici
1851 850 2121 893 similitudine
2148 850 2338 892 declarat-

1465 927 1533 962 tur
1564 924 1660 962 696.

1408 991 1736 1047 Prophetarum,
1764 992 2055 1048 apostolorum
2082 1000 2127 1035 et
2155 1005 2338 1048 evange·-

1463 1063 1652 1105 listarum
1690 1063 1907 1105 consensio
1945 1064 1990 1105 in
2018 1079 2115 1107 vera
2147 1063 2230 1106 fide
2259 1063 2340 1105 tri-

1464 1134 1608 1176 nitatis
1637 1139 1736 1177 486.

1408 1206 1646 1261 Prophetae
1674 1206 1763 1248 veri
1792 1221 1816 1247 a
1847 1206 1954 1248 salso
1996 1206 2214 1260 discrimen
2243 1208 2340 1247 404.

1410 1277 1646 1333 Prophetae
1685 1277 1748 1319 sui
1778 1286 2018 1334 compotes,
2069 1265 2115 1331 et
2150 1291 2199 1318 ea
2235 1290 2340 1332 quae

1463 1347 1652 1390 dicerent
1690 1348 1970 1404 intelligentes
2005 1347 2220 1391 vaticinati
2246 1353 2342 1389 sunt

1464 1422 1562 1460 403.

1408 1491 1660 1545 prophetiae
1712 1505 1784 1533 cur
1826 1492 2053 1547 loquantur
2098 1489 2151 1532 de
2196 1489 2340 1531 futuro

1463 1576 1539 1618 per
1565 1570 1728 1618 tempus
1756 1562 2025 1619 praeteritum
2055 1562 2120 1604 vel
2147 1574 2341 1617 praesens

1452 1636 1589 1675 ι1063.

1408 1704 1699 1759 prophetissae
1731 1703 1917 1746 Priscilla
1954 1713 1998 1746 et
2030 1703 2280 1753 Maximilla,
2314 1717 2338 1744 a

1462 1771 1619 1817 Ioanne
1644 1775 1687 1816 in
1707 1775 1957 1831 Apocalypsi
1977 1775 2213 1831 praedictae
2243 1776 2340 1816 456.

1404 1844 1626 1903 Propheta'
1651 1846 1694 1887 in
1735 1846 1867 1888 veteri
1895 1855 2148 1888 testamento
2190 1843 2343 1887 dicitur

1461 1917 1606 1959 videns
1635 1920 1732 1959 405.

1405 1989 1569 2030 Prunici
1611 1989 1778 2030 nomine
1826 1987 1924 2043 quid
1963 1988 2242 2043 intelligatur,
2294 1991 2337 2028 et

1461 2060 1660 2102 Prunicae
1694 2059 2012 2115 pulchritudinis
2037 2072 2118 2101 vox
2150 2057 2249 2114 quid
2279 2057 2340 2099 si-

1461 2131 1629 2186 gnificet
1661 2133 1725 2172 78.

1406 2202 1556 2243 Psalmi
1598 2205 1666 2242 63.
1714 2201 1826 2243 locus
1873 2200 2102 2256 explicatur
2144 2202 2241 2242 573.
2286 2224 2341 2232 -

1463 2273 1565 2313 item
1594 2271 1745 2313 Psalmi
1775 2276 1871 2313 123.
1904 2271 2108 2327 expositio
2138 2270 2240 2312 ibid.

1406 2343 1636 2386 Ptolemaei
1672 2358 1788 2384 error
1814 2342 1965 2399 impius
1995 2341 2100 2384 circa
2137 2341 2241 2397 legis
2265 2356 2343 2383 au·-

1465 2424 1624 2456 ctorem
1661 2418 1754 2455 221.
1784 2438 1843 2446 --
1901 2413 1986 2454 eius
2013 2413 2215 2455 refutatio
2246 2416 2342 2455 222.

1462 2494 1504 2526 et
1530 2499 1642 2541 seqq.
1663 2509 1716 2517 —
1758 2499 1863 2541 quae
1887 2484 2086 2526 confinxit
2112 2483 2165 2526 de
2190 2483 2343 2539 triper-

1461 2555 1543 2597 tita
1564 2556 1664 2611 legis
1683 2554 1887 2597 divisione
1904 2555 2152 2596 refelluntur
2180 2558 2343 2597 224.-

1462 2642 1486 2668 a
1514 2627 1755 2669 Ptolemaeo
1795 2626 1848 2667 de
1884 2627 1977 2681 lege
2005 2626 2064 2667 sic
2104 2625 2340 2667 disseritur:

1462 2698 1529 2739 lex
1575 2698 1708 2740 omnis
1747 2697 1953 2739 trifariam
1997 2695 2219 2738 distributa
2257 2704 2338 2748 est,

1463 2783 1566 2825 quae
1592 2769 1772 2825 quinque
1811 2762 1929 2810 libris
1959 2768 2119 2824 Moysis
2146 2767 2341 2809 contine-

1463 2850 1531 2882 tur
1561 2844 1655 2882 217.
1688 2865 1738 2871 -
1799 2854 1934 2895 neque
1960 2853 1985 2880 a
2007 2839 2100 2880 solo
2125 2837 2207 2880 deo
2233 2853 2337 2895 pro-

1465 2912 1606 2962 fecta,
1652 2911 1727 2952 sed
1766 2911 1918 2966 partim
1948 2925 1972 2952 a
2001 2911 2150 2968 Moyse
2189 2909 2343 2966 partim

1465 2982 1734 3024 asenioribus
1758 2981 1858 3024 ibid.
1884 3005 1938 3014 -
1967 2981 2034 3022 lex
2048 2981 2226 3037 coniugii
2242 2995 2343 3037 per—

1465 3062 1594 3110 petuo
1620 3051 1828 3094 retinendi
1854 3061 1918 3093 est
1941 3067 1964 3093 a
1990 3051 2096 3107 deo,
2127 3051 2342 3108 repudium

1466 3141 1489 3166 a
1519 3126 1669 3181 Moyse
1702 3127 1797 3164 218.
1829 3147 1883 3156 -
1939 3137 2077 3164 rursus
2105 3122 2173 3164 lex
2199 3137 2223 3163 a
2249 3121 2340 3164 solo

1466 3195 1546 3237 deo
1572 3195 1766 3251 profecta
1792 3194 1834 3235 in
1864 3194 1944 3234 tria
1979 3193 2161 3235 membra
2187 3191 2340 3233 dividi-

1461 3275 1530 3308 tur
1554 3270 1651 3310 219.
1675 3290 1729 3298 -
1784 3265 1852 3306 lex
1877 3264 2066 3319 decalogi
2091 3262 2219 3319 qualis
2236 3259 2338 3302 ibid.

1466 3363 1520 3370 —
1550 3337 1650 3393 quid
1677 3337 1721 3377 in
1747 3336 1882 3378 veteri
1921 3335 2014 3390 lege
2045 3334 2228 3376 Christus
2253 3331 2337 3372 im-

1465 3408 1642 3464 pleverit
1664 3407 1766 3449 ibid.
1796 3431 1850 3438 —
1907 3405 2010 3460 legis
2034 3412 2193 3461 partem
2219 3402 2338 3458 typi-

1468 3494 1556 3522 cam
1582 3494 1632 3521 ac
1662 3477 1932 3534 symbolicam
1965 3474 2145 3518 Christus
2173 3471 2228 3514 ad
2254 3472 2338 3528 spi-

1466 3550 1628 3592 ritalem
1644 3563 1809 3590 sensum
1823 3545 2046 3596 transtulit,
2077 3551 2240 3585 tantum
2255 3559 2338 3586 non

1465 3619 1632 3662 sustulit
1661 3623 1758 3661 220.

1409 3691 1751 3734 Ptolemaitarum
1775 3686 1969 3735 haeresis,
1997 3699 2102 3740 quae
2128 3693 2192 3727 est
2218 3686 2336 3728 xm.

1465 3770 1563 3817 post
1588 3758 1940 3802 Christianismum
1964 3759 2060 3797 214.
2082 3781 2133 3789 -
2178 3757 2231 3799 ab
2259 3771 2336 3799 au—
