2508 4134
296 841 382 879 pag.
403 830 476 866 132.

499 283 600 334 546
1204 289 1412 332 SANCTI
1441 290 1731 354 EPIPHANH

501 391 663 441 αἰτίαν
683 388 768 440 καὶ
796 388 1006 457 μέροπες
1031 388 1296 454 κέκληνται,
1337 385 1420 440 διά
1447 385 1537 452 τὴν
1563 387 1914 456 μεμερισμένην
1939 386 2127 454 φωνήν.
2185 385 2426 458 ’Ὕστερον

500 474 554 526 δὲ
582 470 612 526 ὅ
637 471 949 540 Ἑλληνισμός
977 474 1045 534 εἰς
1069 473 1278 541 αἱρέσεις
1303 472 1606 538 κατεστάθη,
1642 472 1898 540 κατωτέρω
1921 477 2019 525 τῶν
2045 471 2257 541 χρόνων,
2297 475 2426 541 φημὶ

499 559 551 610 δὲ
587 561 973 628 Πυθαγορείων,
1012 559 1096 610 καὶ
1127 563 1391 624 Στωϊκῶν,
1429 559 1516 610 καὶ
1557 562 1913 622 Πλατωνικῶν,
1951 558 2034 609 καὶ
2060 555 2425 629 Ἐπικουρείων,

497 645 582 696 καὶ
609 649 809 696 λοιπῶν.
889 646 1175 710 Θεοσεβείας
1206 644 1258 696 δὲ
1285 640 1605 712 43χαρακτήρ
1646 639 1863 710 ὑπῆρχεν
1906 639 2009 708 ἅμα
2046 640 2076 695 ὅ
2101 642 2227 696 κατά
2273 643 2426 709 φύσιν
2506 669 2508 671 ·

498 726 652 795 νόμος
691 727 1091 795 πολιτευόμενος,
1137 727 1237 781 ἀπὸ
1281 727 1468 781 τούτων
1505 733 1603 779 τῶν
1639 728 1804 779 ἐθνῶν
1841 725 2016 780 ἑαυτὸν
2046 725 2426 799 ἆφορίζωνκᾶπὸ

499 820 590 881 τῆς
630 813 819 880 κόσμου
860 817 1134 880 καταβολῆς
1177 815 1261 866 καὶ
1301 816 1446 882 δεῦρο
1489 813 1635 879 μέσος
1676 809 1927 880 τυγχάνων
1959 816 2309 882 Βαρβαρισμοῦ
2345 815 2428 867 καὶ

500 904 799 967 Σκυθισμοῦ
825 900 912 950 καὶ
937 895 1278 966 Ἑλληνισμοῦ,
1317 900 1410 959 ἕως
1435 896 1555 950 ὅτου
1586 895 1826 964 συνήφθη
1853 903 1914 970 τῇ
1940 903 2030 950 τοῦ
2055 895 2277 968 Ἀβραοὶμ
2313 907 2428 952 θεο-

498 988 674 1057 σεβείᾳ.
751 986 852 1036 Καὶ
883 984 1135 1051 μετέπειτα
1157 981 1482 1049 Ἰουδαϊσμὸς
1509 980 1608 1034 ἆπὸ
1638 988 1735 1034 τῶν
1762 981 1954 1051 χρόνων
1982 980 2204 1054 Ἀβραάμ
2232 983 2318 1038 τόν
2345 1005 2428 1053 χα-

498 1077 718 1141 ρακτῆρα
757 1067 991 1136 εἰληφώς,
1035 1071 1120 1121 καὶ
1162 1071 1213 1121 ἕν
1256 1072 1482 1140 Μωϋσῇ,
1542 1065 1737 1140 ἑβδόμῳ
1783 1066 1882 1121 οἷπό
1920 1065 2170 1137 Ἁβραάμ,
2221 1067 2304 1122 διὰ
2340 1075 2429 1122 τοῦ

498 1157 737 1217 δοθέντος
775 1155 932 1223 νόμου
963 1153 1062 1208 ύπὸ
1090 1159 1216 1206 θεοῦ
1248 1154 1571 1219 πλατυνθεὶς,
1629 1150 1727 1205 άπὸ
1754 1153 1807 1205 δὲ
1833 1159 1923 1206 τοῦ
1953 1151 2145 1221 Ἰούδα,
2193 1153 2426 1225 τετάρτου

497 1244 617 1294 υἱοῦ
654 1246 819 1294 44τοῦ
854 1238 1060 1308 Ἰακώβ,
1111 1245 1197 1292 τοῦ
1240 1244 1298 1275 4⁵
1320 1240 1401 1292 ἐπὶ
1435 1236 1657 1307 Ἰσραὴλ,
1695 1235 1778 1291 διά
1806 1240 1972 1306 Δαβὶδ
1997 1245 2085 1292 τοῦ
2113 1238 2312 1310 πρῶτον
2341 1243 2427 1308 βα-

497 1325 804 1387 σιλεύσαντος
845 1324 944 1378 ἀπὸ
986 1332 1076 1392 τῆς
1110 1330 1198 1377 τοῦ
1234 1323 1390 1377 αὐτοῦ
1433 1321 1679 1377 46Ἰούδα
1707 1329 1868 1392 φυλῆς
1892 1322 2106 1387 τὸτέλος
2130 1326 2429 1396 κεκληρωμέ-

497 1434 595 1475 νος.
664 1409 908 1478 Ἑλλήνων
946 1411 998 1463 δὲ
1035 1411 1273 1479 διαφοραὶ
1311 1412 1444 1462 αἵδε·

647 1494 1016 1565 Πυθαγόρειοι,
1068 1493 1102 1562 ἢ
1132 1496 1550 1564 Περιπατητικοὶ,
1604 1493 1693 1562 τὴν
1735 1492 1931 1562 μονάδα
1959 1495 2044 1547 καὶ
2073 1494 2162 1562 τὴν
2189 1493 2430 1565 πρόνοιαν

501 1583 588 1635 καὶ
612 1580 667 1635 τό
699 1577 906 1634 κωλύειν
933 1579 1157 1633 θύεσθαι
1189 1588 1332 1642 θεοῖς
1361 1583 1752 1650 δογματίζοντες,
1807 1579 2045 1648 ἐμψύχων
2086 1579 2154 1648 μὴ
2196 1586 2430 1648 μεταλαμ-

498 1667 692 1735 βάνειν,
750 1664 849 1719 οἷπὸ
884 1669 1027 1719 οἴνου
1054 1666 1106 1718 δὲ
1134 1665 1527 1736 ἐγκρατεύεσθαι.
1601 1665 1919 1736 47Διώριζον
1945 1666 1998 1718 δὲ
2026 1663 2129 1733 ἅμα
2162 1664 2262 1719 ἀπὸ
2294 1664 2429 1734 σελή-

495 1774 583 1820 νης
623 1754 708 1805 καὶ
749 1749 854 1806 ἅνω
902 1750 1132 1804 ἀθάνατα
1160 1753 1480 1822 48λέγοντες,
1532 1749 1592 1803 τά
1624 1752 1675 1804 δὲ
1707 1749 1942 1827 ύποῐκάτω
1977 1749 2155 1818 θνητά.
2230 1756 2429 1820 Μεταγ-
2472 1798 2478 1805 .

496 1837 705 1908 γισμούς
749 1838 801 1890 δὲ
829 1843 1005 1906 ψυχῶν
1045 1835 1143 1890 άπὸ
1184 1835 1429 1904 σωμάτων
1456 1838 1525 1898 εἰς
1552 1835 1753 1904 σώματα
1799 1835 1908 1906 ἄχρι
1940 1835 2078 1900 ζώων
2113 1838 2198 1889 καὶ
2238 1834 2425 1890 κνωδά.

497 1930 608 1976 λων.
682 1929 900 1976 Σιωπῶν
938 1923 990 1975 δὲ
1028 1920 1058 1976 ὅ
1085 1922 1275 1976 τούτων
1313 1921 1606 1984 διδάσκαλος
1646 1921 1956 1993 Πυθαγόρας
1993 1921 2166 1976 ἓαυτὸν
2201 1920 2340 1975 θεόνΥ
2365 1920 2425 1974 05-

496 2008 695 2077 νόμασε.

643 2095 959 2147 Πλατωνικοὶ
989 2094 1041 2146 δὲ
1071 2092 1195 2146 θεὸν
1234 2095 1319 2146 καὶ
1347 2092 1467 2160 ὅλην
1497 2094 1581 2145 καὶ
1610 2090 1762 2157 εἶδος,
1815 2093 1899 2145 καὶ
1925 2090 2008 2144 τόν
2041 2091 2229 2160 κόσμον
2259 2112 2427 2162 γεννη-

496 2179 581 2234 τὸν
618 2182 703 2233 καὶ
739 2177 972 2249 φθαρτὸν
1006 2176 1269 2248 ὑπάρχειν,
1323 2177 1414 2246 τήν
1452 2179 1504 2230 δὲ
1539 2176 1707 2245 ψυχὴν
1739 2178 2003 2247 ἀγέννητον
2044 2179 2128 2229 καὶ
2172 2176 2427 2230 ἀθάνατον

497 2267 582 2318 καὶ
609 2269 768 2318 θείαν.
844 2262 992 2317 Εἶναι
1019 2265 1072 2317 δὲ
1098 2262 1250 2331 αὐτῆς
1278 2267 1386 2333 τρία
1419 2264 1566 2333 μέρη,
1606 2261 1828 2332 λογικόν,
1879 2261 2102 2329 θυμικὸν
2135 2263 2218 2314 καὶ
2248 2263 2426 2333 ἐπιθυ-

498 2350 719 2418 μητικόν.
801 2348 902 2411 Τάς
941 2351 992 2402 δὲ
1034 2357 1271 2419 γυναῖκας
1307 2346 1480 2410 κοινάς
1518 2356 1621 2410 τοῖς
1650 2354 1772 2400 πᾶσι
1816 2350 2066 2417 γίνεσθαι,
2119 2348 2201 2400 καὶ
2241 2348 2427 2416 μηδένα

498 2440 615 2503 μίαν
644 2437 766 2504 ἔχειν
790 2433 1000 2505 γαμετὴν
1028 2437 1155 2486 ἰδίαν
1171 2476 1183 2497 ,
1223 2439 1284 2470 4⁹
1303 2432 1421 2486 ἀλλὰ
1444 2431 1561 2495 τούς
1584 2435 1821 2494 θέλοντας
1841 2440 1948 2495 ταῖς
1974 2433 2291 2500 βουλομέναις
2313 2450 2425 2485 συν-

497 2528 637 2573 εῖναι.
713 2517 1068 2589 Μεταγγισμόν
1114 2519 1166 2571 δὲ
1205 2516 1434 2581 ῶςαύτως
1466 2525 1642 2586 ψυχῶν
1674 2521 1742 2580 εἰς
1772 2517 2009 2587 σωμάτων
2041 2515 2288 2588 διαφοράς
2315 2515 2425 2588 ὄίχρι

495 2603 791 2669 κνωδάλων,
849 2602 1033 2671 ὁμοίως
1072 2605 1124 2657 δὲ
1167 2607 1252 2657 καὶ
1292 2603 1444 2666 θεούς
1480 2606 1534 2658 ἐκ
1573 2610 1660 2658 τοῦ
1704 2602 1814 2665 ἓνὸς
1844 2601 2053 2666 πολλούς
2089 2605 2175 2657 καὶ
2209 2602 2425 2657 wadre)

498 2689 836 2760 ἒδογμάτισαν.
1727 2745 1731 2748 ,

639 2776 860 2827 Στωϊκοὶ
900 2780 1039 2841 σῶμα
1079 2773 1134 2828 τὸ
1171 2780 1270 2827 πᾶν
1307 2777 1673 2849 δογματίζοντες
1711 2776 1795 2827 καὶ
1832 2773 1919 2827 τὸν
1965 2772 2209 2840 αἰσθητόν
2250 2779 2425 2828 τοῦτον

496 2859 685 2927 κόσμον
718 2859 842 2912 θεὸν
887 2864 1187 2927 νομίζοντες,
1243 2860 1368 2921 τινὲς
1409 2862 1463 2912 ἐκ
1498 2865 1585 2927 τῆς
1619 2865 1710 2912 τοῦ
1740 2858 1899 2930 πυρός
1937 2859 2109 2921 οὐσίας
2147 2858 2236 2926 τὴν
2273 2858 2425 2925 φύσιν

497 2945 663 2998 αὐτῶν
695 2942 923 3015 ὁρίζουσι.
1001 2947 1102 2997 Καὶ
1141 2943 1225 2998 τὸν
1256 2945 1343 3012 μὲν
1379 2943 1502 2997 θεὸν
1541 2951 1662 2997 νοῦν
1702 2948 2064 3015 δογματίζουσι,
2115 2945 2199 2996 καὶ
2232 2941 2299 3005 ῶς
2325 2959 2420 3011 ψυ-

496 3029 588 3098 χὴν
617 3029 801 3093 παντός
825 3037 916 3083 τοῦ
947 3029 1087 3092 ὄντος
1112 3030 1318 3094 κύτους,
1373 3029 1593 3100 οὐρανοῦ
1623 3032 1705 3083 καὶ
1732 3037 1836 3100 γῆς.
1911 3034 2067 3096 Σῶμα
2098 3029 2150 3081 δὲ
2182 3029 2338 3082 αὐτοῦ
2367 3028 2421 3083 τὸ

496 3122 619 3180 πᾶν,
661 3113 728 3177 ῶς
760 3118 917 3183 ἔφην,
955 3118 1038 3169 καὶ
1069 3114 1370 3183 ὀφθαλμούς
1395 3113 1510 3177 τούς
1550 3122 1827 3186 φωστῆρας.
1909 3113 2008 3181 Τὴν
2037 3114 2088 3166 δὲ
2116 3113 2274 3185 σάρκα
2302 3112 2422 3167 πάν-

496 3224 594 3255 των
631 3199 970 3266 ἀπόλλυσθαι,
1023 3203 1107 3253 καὶ
1135 3199 1223 3269 τὴν
1249 3199 1416 3269 ψυχὴν
1443 3198 1642 3253 πάντων
1671 3203 2035 3272 μεταγγίζεσθαι
2072 3198 2172 3252 ἆπὸ
2199 3197 2424 3268 σώματος

498 3289 567 3349 εἰς
603 3293 757 3354 σῶμα.

630 3371 970 3442 Ἐπικούρειοι
1012 3369 1170 3439 ἄτομα
1221 3372 1302 3423 καὶ
1348 3370 1502 3440 ἆμερῆ
1543 3370 1769 3438 στόματα,
1823 3370 1907 3422 καὶ
1948 3366 2216 3440 ὁμοιομερῆ
2255 3391 2305 3423 τε
2337 3373 2422 3423 καὶ

496 3452 675 3527 ἄπειρα
703 3455 791 3525 τὴν
818 3455 971 3528 άρχην
1001 3454 1122 3509 εἶναι
1155 3462 1177 3493 ⁵
1195 3462 1211 3492 ¹
1229 3462 1327 3509 τῶν
1354 3455 1553 3508 πάντων
1581 3453 1939 3522 ὑπεστήσαντο,
1989 3455 2075 3506 καὶ
2102 3457 2236 3517 τέλος
2266 3455 2417 3509 ⁵²⁸5-

552 3596 620 3640 43.
654 3596 676 3642 ὁ
704 3598 922 3656 χαρακτὴρ
952 3603 1046 3641 editi
1075 3603 1174 3641 libri.
1543 3597 1610 3642 46.
1638 3595 1784 3642 Ἰούδα
1810 3601 1937 3639 omiss.
1964 3600 2004 3639 in
2028 3600 2116 3639 edit.
2133 3602 2268 3640 Petav.
2287 3601 2419 3641 Colon.

552 3652 619 3696 44.
648 3658 722 3699 τοῦ
752 3662 880 3699 omiss.
926 3661 967 3699 in
995 3660 1083 3698 edit.
1115 3660 1249 3699 Petav.
1296 3659 1428 3699 Colon.
1485 3661 1600 3707 repet.

495 3716 611 3760 repet.
1543 3710 1609 3755 47.
1640 3707 1846 3765 διάρριζον
1865 3712 1947 3751 cod.
1967 3713 2044 3751 Ien.
2090 3709 2317 3767 διάρροιζον
2335 3714 2420 3754 cod.

554 3764 621 3806 45.
651 3771 827 3811 Fortasse
866 3769 1037 3823 ἐπίκλην
1076 3765 1266 3824 Ἰσραὴλ.
1325 3771 1432 3809 Edita?
1489 3770 1647 3820 Rhedw·

498 3822 586 3861 libr,-
610 3825 749 3865 habent
776 3825 849 3868 καὶ
876 3821 1062 3881 Ἰσραὴλ,
1545 3821 1610 3866 48.
1642 3825 1741 3864 Edit.
1773 3824 1927 3865 Petavii
1955 3827 2133 3867 mendose
2162 3824 2362 3881 λέγοντος.
