2508 4134
427 295 653 337 PANARII
682 295 879 335 LIB.IlI.
908 294 1114 335 ToM.11.
1161 295 1356 335 EXPOS.
1388 295 1493 334 FID.
1525 294 1759 335 CATHOL.
1941 283 2041 333 497

283 394 389 446 Hae
415 403 527 446 sunt
552 393 696 461 igitur
718 390 926 443 LXXX
952 393 1248 443 concubinae
1266 432 1279 455 ‚
1334 411 1532 460 quarum
1561 409 1789 443 numerus
1815 389 2045 459 exprimi·
2077 389 2173 443 Cap.
2202 389 2274 429 IX.

144 491 252 543 tur,
304 477 503 546 reginae
534 493 720 544 quoque
748 476 857 526 illae
886 475 1016 542 ipsae
1042 485 1183 539 sunt,
1239 477 1343 527 sive
1375 477 1593 539 animae,
1636 493 1757 544 quae
1787 492 1872 542 per
1897 491 2046 541 gene-

145 564 356 615 rationes
385 571 731 622 recensentur,
785 560 874 610 hoc
902 569 976 610 est
1002 559 1092 609 viri
1122 569 1263 627 atque
1294 560 1615 628 patriarchae.
1693 560 2045 610 Adolescentu-

146 649 219 698 lae
248 664 419 716 porro,
473 662 670 713 quarum
697 642 807 694 iniri
838 661 1066 694 numerus
1098 661 1192 693 non
1224 652 1412 711 potest,
1466 645 1626 695 varias
1656 643 2046 712 philosophorum

146 739 331 792 sectas,
374 746 495 797 quae
523 730 572 778 in
602 729 823 779 mundum
847 729 1150 778 introductae
1178 736 1315 791 suut,
1368 745 1424 777 ac
1453 728 1646 778 diversa
1673 728 2047 794 uniuscuiusque

147 815 336 867 vivendi
366 814 584 863 instituta
607 812 901 880 significant,
943 830 1143 879 quorum
1172 812 1311 862 laude
1338 811 1480 878 digna
1512 812 1604 861 alia
1634 820 1764 874 sunt,
1806 812 1897 861 alia
1926 811 2049 861 vitu-

146 899 375 967 peranda.
451 896 633 963 Ecquis
662 896 788 947 enim
818 896 977 946 mundi
1011 896 1148 946 huius
1187 896 1471 946 varietatem
1502 897 1817 963 percenseat?
1892 894 2050 962 Quam

147 983 322 1034 multae
350 982 473 1050 apud
497 981 702 1048 gentiles
728 980 850 1031 aliae
879 988 1040 1030 sectae
1068 988 1174 1048 post
1204 980 1626 1030 manifestissimas
1657 979 1761 1029 illas
1793 980 1850 1030 de
1880 979 2051 1046 quibus

147 1067 333 1135 egimus
373 1075 575 1133 quatuor
611 1065 933 1133 pullularunt?
1007 1062 1282 1131 Quinetiam
1326 1072 1432 1131 post
1472 1064 1579 1114 illas
1617 1064 1847 1114 haereses
1887 1081 1942 1113 ac
1975 1079 2052 1113 se-

147 1159 350 1219 quentes
389 1149 567 1200 diversi
609 1149 848 1199 hominum
893 1148 1037 1199 animi
1083 1157 1130 1198 et
1167 1147 1418 1215 opiniones
1457 1148 1656 1199 iuvenili
1691 1148 1894 1215 quodam
1930 1148 2056 1197 fastu

149 1234 517 1302 arrogantiaque
557 1233 768 1301 privatas
811 1242 969 1284 sectas
1010 1250 1093 1299 pro
1140 1250 1224 1283 sua
1262 1232 1437 1300 quique
1478 1233 1671 1283 libidine
1715 1232 2050 1282 condiderunt.

147 1317 327 1387 Utputa
359 1315 620 1386 Pyrrhonii
656 1317 844 1384 quidam
881 1317 1208 1385 appellantur,
1263 1317 1438 1384 aliique
1481 1318 1750 1385 complures
1786 1324 1898 1366 sunt
1939 1334 2056 1382 quo-

150 1421 252 1453 rum
292 1402 484 1452 nomina
525 1419 581 1452 ac
612 1401 805 1450 decreta
846 1401 1122 1469 singillatim
1167 1411 1214 1450 et
1243 1402 1411 1452 ordine
1446 1403 1676 1452 referam.
1753 1400 1829 1450 Ac
1858 1401 1972 1451 licet
1998 1401 2055 1450 de

151 1487 310 1538 multis
337 1487 567 1536 hactenus
593 1486 926 1552 cognoverim,
969 1494 1113 1552 quota
1148 1503 1256 1552 pars
1287 1495 1447 1536 tamen
1482 1504 1646 1536 eorum
1679 1494 1772 1547 est,
1804 1502 1924 1552 quae
1956 1493 2056 1534 toto

154 1571 270 1622 orbe
304 1571 592 1621 versantur?
631 1568 712 1620 Ex
740 1569 800 1619 iis
832 1587 975 1638 porro
1007 1570 1153 1620 sectis
1183 1569 1432 1637 gentilium
1460 1570 1548 1620 hae
1579 1569 1800 1638 propriae
1831 1570 2055 1632 fuerunt3

150 1656 278 1706 iuter
320 1672 439 1722 quas
479 1653 700 1704 Thaletis
739 1651 920 1704 Milesii
972 1653 1245 1721 opinionem
1298 1672 1354 1705 ac
1393 1656 1564 1723 dogma
1602 1655 1762 1723 priore
1801 1654 1908 1704 loco
1949 1671 2059 1722 pro—

152 1757 345 1808 ponam.

294 1823 477 1874 Thales
504 1823 666 1890 itaque
687 1819 910 1872 Milesius
940 1841 1065 1872 unus
1090 1840 1114 1873 e
1146 1821 1242 1873 Vll
1268 1822 1565 1890 sapientibus
1590 1822 1871 1891 principium
1898 1839 2059 1872 rerum

153 1908 360 1959 omnium
395 1924 564 1974 aquam
594 1923 703 1957 esse
735 1906 874 1957 dixit.
952 1905 1081 1957 Nam
1109 1924 1173 1957 ex
1204 1925 1326 1975 aqua
1351 1907 1467 1957 oriri
1498 1908 1685 1971 omnia,
1740 1917 1788 1958 et
1814 1908 1860 1957 in
1891 1923 2060 1974 aquam

154 1992 312 2042 omnia
351 1991 550 2042 resolvi.

292 2075 679 2138 Anaximander,
718 2073 994 2125 Praxiadae
1022 2075 1164 2138 filius,
1206 2074 1431 2126 Milesius
1461 2084 1508 2125 et
1536 2076 1640 2144 ipse
1669 2076 1903 2127 inlinitum
1934 2075 2063 2144 prin-

156 2160 327 2228 cipium
371 2160 580 2211 omnium
627 2159 892 2210 constituit.
941 2159 1054 2227 ,Ex
1095 2178 1152 2211 eo
1192 2161 1316 2211 enim
1358 2160 1518 2210 omnia
1561 2160 1725 2223 nasci,
1787 2170 1834 2211 et
1873 2161 1919 2210 in
1950 2160 2063 2210 illud

156 2261 308 2312 aeque
347 2245 564 2295 dissolvi.

295 2328 660 2391 Anaximenes,
703 2327 953 2396 Eurystati
984 2328 1137 2393 filius,
1177 2327 1430 2391 Milesius,
1484 2333 1644 2379 aerem
1679 2329 1960 2397 principium
1988 2346 2066 2380 re-

160 2432 262 2465 rum
301 2431 412 2464 esse
450 2413 638 2476 definit,
680 2413 736 2463 ab
776 2429 930 2479 eoque
971 2413 1198 2464 universa
1240 2431 1452 2465 manare.

299 2490 645 2565 AnaxagoraS,
689 2496 984 2565 Hegesebuli
1012 2498 1154 2562 fitius,
1198 2496 1562 2561 ClazomeniuS,
1594 2498 1931 2549 similitudines
1961 2515 2067 2567 par-

164 2582 276 2632 tium
316 2581 598 2650 principium
635 2598 797 2631 rerum
837 2582 1044 2632 omnium
1087 2600 1196 2634 esse
1235 2584 1419 2634 statuit.

305 2666 578 2727 Archela0,
637 2665 951 2732 Apollodori,
1011 2667 1115 2718 sive
1171 2677 1222 2718 ut
1270 2667 1376 2718 aliis
1433 2668 1620 2737 placet,
1672 2665 1896 2718 Miltonis
1950 2667 2066 2731 filio,

166 2749 460 2802 Atheniensi
490 2767 544 2799 ac
575 2748 802 2817 physico,
843 2750 1000 2817 placet
1025 2751 1083 2801 ab
1114 2760 1243 2802 terra
1273 2752 1433 2803 omnia
1462 2752 1700 2819 proficisci
1720 2792 1733 2816 ,
1774 2753 1917 2820 idque
1951 2753 2070 2802 adeo

165 2853 327 2886 rerum
367 2851 478 2885 esse
517 2832 819 2901 principium.

310 2916 571 2981 Socrates,
627 2916 847 2984 Elbagli,
904 2918 1007 2969 sive
1049 2917 1363 2988 Sophronisci
1398 2930 1446 2971 et
1474 2919 1807 2972 Phaenaretae
1846 2918 2072 2970 obstetri-

169 3005 237 3055 cis
273 3004 426 3065 filius,
482 3002 678 3052 moralis
713 3001 1022 3069 philosophus
1059 3022 1179 3071 quae
1223 3006 1281 3055 ad
1319 3022 1429 3056 sese
1461 3006 1703 3074 pertinent
1746 3005 1847 3055 sola
1893 3003 2073 3054 homini

168 3088 452 3156 inquirenda
492 3087 640 3150 dixit,
683 3103 838 3153 neque
879 3096 1133 3154 praeterea
1172 3089 1444 3157 quicquam.

309 3169 620 3240 Pherecydes
660 3187 847 3237 quoque
887 3179 1063 3221 terram
1105 3173 1324 3223 omnibus
1365 3174 1572 3242 priorem
1614 3190 1724 3224 esse
1763 3173 1961 3223 deliniit.

311 3253 612 3324 Pythagoras
631 3293 643 3317 ,
688 3252 881 3305 Samius
899 3294 912 3318 ,
952 3253 1237 3306 Mnesarchi
1264 3258 1388 3308 filius
1413 3259 1552 3309 deum
1580 3275 1689 3308 esse
1719 3258 1972 3307 monadem
1999 3274 2077 3307 as-

175 3341 353 3403 seruit,
408 3356 564 3407 neque
605 3339 855 3406 quicquam
898 3340 1002 3389 sine
1041 3340 1143 3408 ipsa
1188 3342 1486 3408 productum.
1563 3341 1790 3408 Negabat
1831 3341 1921 3391 diis
1967 3357 2076 3391 esse

177 3424 401 3475 animalia
433 3424 776 3487 sacrificanda,
818 3432 902 3474 aut
929 3423 1154 3475 animatis
1179 3426 1502 3488 vescendum,
1544 3443 1600 3476 ac
1630 3443 1690 3475 ne
1725 3425 1857 3476 fabas
1889 3426 2077 3492 quidem

179 3509 529 3570 comedendas,
589 3525 742 3575 neque
790 3508 887 3565 vini
935 3517 1095 3576 potum
1150 3509 1445 3576 sapientibus
1495 3510 1810 3559 adhibendum
1864 3510 2075 3578 putabat.

180 3590 313 3643 Idem
342 3610 464 3660 quae
494 3593 618 3642 infra
649 3593 807 3642 lunam
837 3601 948 3643 sunt
977 3592 1188 3660 patibilia
1228 3610 1336 3643 esse
1369 3592 1557 3643 dicebat
1586 3594 1770 3656 omnia,
1829 3594 2081 3663 superiora

156 3735 226 3788 *de
255 3745 296 3773 eo
319 3735 493 3783 nomine,
536 3735 638 3782 quod
666 3745 713 3772 ex
739 3730 1004 3786 ἓρμαγλὺφου
1039 3735 1105 3773 de·
1164 3735 1352 3774 Thesauro
1380 3736 1454 3773 vol.
1473 3735 1531 3783 11,
1559 3746 1651 3784 pa9.
1684 3732 1773 3776 137.

182 3793 321 3829 tortum
350 3800 425 3828 esse
455 3790 631 3838 videtur,
662 3790 810 3830 Ludov.
852 3791 1028 3839 Dindorf.
1070 3794 1109 3830 in

269 3857 413 3900 Corpus
436 3854 655 3890 Haereseol.
671 3853 717 3888 11.
733 3855 765 3888 3.
1683 3864 1749 3914 32
