2508 4134
552 280 776 322 PANARH
804 281 907 321 LIB.
929 281 1002 321 ΙΙΙ.
1030 281 1166 321 ΤΟΜ.
1185 282 1216 321 Ι.
1246 281 1409 323 HAER.
1441 281 1638 321 LXXVI.
1948 268 2048 319 273

148 398 334 432 omnem
365 397 423 431 ac
448 378 683 431 rationem
720 378 1097 446 corruptibilium
1129 379 1414 447 praesertim
1445 379 1688 429 hominum
1721 386 1945 447 superat,
2001 386 2053 428 ut

144 465 224 516 vel
259 464 439 516 invitus
476 464 580 533 ipse
619 463 874 514 confitetur
911 462 1114 526 Ae'tiuS,
1157 462 1388 513 stultitiae
1427 481 1522 514 non
1562 462 1857 514 adscribunt.

281 631 414 684 Aetii
447 629 606 701 Caput
630 628 782 682 XIX.
861 628 916 682 Si
945 630 1147 698 ingeniti
1186 648 1286 681 vox
1327 631 1645 697 privationem
1675 632 1725 682 in
1752 631 1841 682 deo
1871 630 2052 699 signifi—

145 726 250 782 cat,
292 716 503 785 nihilque
535 717 675 785 plane
704 715 768 766 sit
793 714 1096 782 ingenitum,
1141 732 1375 782 quaenam
1409 714 1533 765 ratio
1568 715 1626 764 ab
1660 732 1746 778 e0,
1801 716 1923 783 quod
1956 733 2054 766 non

145 810 246 865 est,
296 801 413 851 nihil
453 800 606 869 possit
649 801 877 851 auferre?
950 797 1039 851 Sin
1081 799 1303 850 existens
1344 797 1580 866 quicpiam
1618 809 1784 862 sonat,
1842 799 1948 867 quis
1995 798 2053 849 ab

145 903 235 950 eo,
277 886 400 953 quod
442 893 517 936 est
553 884 754 954 idipsum
795 884 918 953 quod
959 894 1063 948 est,
1121 884 1211 935 hoc
1260 891 1335 934 est
1370 882 1523 951 ipsum
1563 901 1589 933 a
1629 883 1919 952 semetipse,
1977 900 2055 933 se-

148 971 350 1021 cernat?

286 1051 487 1105 Confut.
529 1050 680 1103 XlX.
758 1050 800 1102 1.
843 1050 982 1119 Quae
1022 1052 1261 1121 privantia
1304 1051 1568 1102 dialecticis
1615 1052 1950 1114 nominantur,
2006 1052 2055 1101 in

146 1138 355 1189 medium
380 1137 518 1188 nobis
551 1138 695 1188 affert
727 1136 932 1199 Αέῑὶιιε,
986 1146 1035 1188 et
1065 1138 1122 1188 ad
1151 1137 1225 1188 dei
1255 1136 1509 1187 scientiam
1534 1144 1677 1204 atque
1708 1135 2057 1203 intelligentiae

147 1224 352 1274 fructum
399 1222 603 1290 aliquem
655 1222 921 1273 transferre
967 1231 1187 1272 conatur.
1281 1218 1378 1272 Sed
1422 1221 1535 1270 illud
1579 1220 1798 1289 inprimis
1843 1220 2054 1287 ignorat,

147 1308 318 1375 quibus
362 1306 508 1357 rebus
557 1305 886 1374 significandis
934 1306 1221 1374 privationis
1257 1305 1544 1356 vocabulum
1587 1323 1614 1356 a
1644 1304 1936 1373 philosophis
1970 1304 2058 1354 im-

145 1392 353 1461 positum
397 1391 478 1442 si-t.
553 1389 729 1458 Neque
768 1390 894 1441 enim
934 1389 1206 1459 privatione
1249 1390 1421 1441 affecta
1461 1389 1733 1459 promiscue
1766 1388 1858 1440 dici
1900 1389 2060 1440 omnia

148 1476 507 1527 dialecticorum
543 1475 740 1543 regulae
776 1474 1048 1543 patiuntur,
1106 1476 1190 1525 sed
1222 1491 1279 1525 ea
1308 1474 1463 1525 solum
1505 1491 1626 1542 quae
1655 1482 1828 1525 natura
1857 1491 1942 1525 sua
1974 1472 2059 1524 ali-

147 1578 241 1629 qua
267 1577 323 1611 re
359 1559 575 1629 praedita
618 1567 750 1610 sunt.
827 1558 963 1610 Haec
996 1560 1121 1610 enim
1153 1577 1257 1610 cum
1293 1567 1495 1610 naturae
1535 1576 1651 1610 suae
1682 1559 1980 1609 contrarium
2010 1557 2058 1607 iu

147 1653 323 1695 statum
352 1644 609 1712 aliquando
637 1644 945 1711 redigantur,
986 1653 1085 1695 tum
1121 1644 1309 1694 demum
1344 1643 1525 1712 privari
1565 1643 1813 1708 dicuntur,
1856 1660 2057 1710 quorum

146 1745 266 1781 vero
291 1727 524 1779 naturalis
552 1727 633 1779 illa
662 1728 872 1778 conditio
899 1729 1074 1779 mutari
1106 1747 1199 1779 non
1229 1736 1419 1797 potest,
1461 1728 1516 1778 ad
1547 1745 1605 1778 ea
1630 1746 1732 1778 vox
1757 1727 1850 1778 ista
1882 1744 2061 1794 nequa-

151 1831 292 1881 quam
319 1812 565 1864 convenit.
643 1810 717 1863 Ita
751 1812 952 1881 lapidem
976 1831 1126 1877 >nemo
1153 1830 1349 1863 caecum
1381 1810 1714 1881 appellaverit.
1794 1810 1902 1861 Hoc
1932 1810 2058 1861 enim

149 1897 435 1949 vocabulum
478 1897 521 1947 ei
555 1896 645 1947 soli
691 1896 916 1948 tribuitur
956 1898 1034 1965 qui
1068 1915 1208 1965 quem
1242 1915 1269 1947 a
1305 1905 1476 1947 natura
1517 1897 1716 1947 sortitus
1756 1905 1831 1946 est
1867 1894 2062 1946 videndi

152 1999 349 2034 sensum
401 1981 646 2046 amiserit,
706 1981 773 2032 uti
829 1982 1087 2046 volucreS,
1147 1982 1398 2045 homines,
1459 1982 1695 2049 pecudeS,
1757 1996 1879 2047 quae
1930 1979 2057 2042 visu,

152 2084 292 2135 quem
333 2066 566 2117 habenta
598 2074 798 2130 natura,
854 2067 1053 2134 spoliata
1097 2065 1334 2135 privativa
1380 2083 1502 2115 voce
1548 2083 1694 2116 caeca
1730 2063 2059 2114 nominantur.

155 2149 240 2204 Sic
280 2160 329 2202 et
363 2150 674 2214 iracundiae,
727 2150 806 2202 vel
844 2151 1083 2214 malitiae,
1137 2151 1215 2203 vel
1253 2150 1464 2201 invidiae
1505 2150 1708 2219 lapidem
1754 2166 1896 2200 nemo
1936 2148 2063 2198 dicat

154 2244 434 2306 expertem,
495 2234 719 2303 quoniam
757 2236 814 2286 ad
863 2235 980 2286 haec
1028 2243 1199 2286 natura
1236 2235 1431 2285 minime
1470 2243 1773 2303 comparatus
1813 2241 1906 2284 est.
1984 2231 2063 2283 Ad

154 2319 396 2372 hominem
426 2338 576 2384 vero,
627 2321 732 2371 sive
769 2321 1028 2389 pecudem,
1083 2337 1204 2388 quae
1234 2319 1514 2370 iracundiae
1544 2320 1736 2388 capacia
1763 2325 1902 2382 suut,
1957 2334 2065 2367 cum

156 2421 213 2455 ea
243 2404 503 2468 carebunt,
562 2404 800 2472 privantia
834 2404 915 2456 illa
957 2405 1152 2456 nomina
1193 2405 1448 2456 transferri
1489 2412 1746 2473 poterunt,
1804 2405 1861 2454 ad
1900 2412 2064 2455 cetera

156 2506 253 2540 uon
291 2488 426 2539 item.

299 2570 367 2623 ll.
442 2570 628 2623 Eodem
671 2573 812 2623 modo
842 2581 891 2623 et
920 2573 967 2623 in
995 2574 1085 2624 deo
1124 2574 1251 2625 istud
1283 2573 1613 2642 accipiendum
1649 2581 1742 2623 est.
1818 2572 1981 2641 Atque
2014 2582 2067 2623 ut

159 2657 216 2708 ad
246 2656 442 2708 A'etium
475 2667 640 2708 nostra
674 2666 987 2707 convertatur
1023 2658 1207 2721 orati0‚
1260 2658 1375 2708 libet
1405 2657 1529 2708 hunc
1557 2658 1605 2708 in
1636 2657 1828 2707 modum
1856 2659 2066 2708 interro-

157 2758 293 2809 gare.
370 2740 462 2792 Dic
493 2741 636 2794 sodes
657 2780 669 2803 ,
724 2741 869 2804 Ae‘ti,
910 2739 1194 2793 Utrumnam
1226 2742 1356 2792 illum
1386 2760 1492 2792 cum
1524 2741 1700 2792 ceteris
1734 2741 1955 2792 omnibus
1988 2740 2063 2808 qui

160 2827 325 2877 eadem
355 2843 381 2877 e
413 2826 679 2877 substantia
708 2843 803 2875 non
836 2834 948 2875 sunt
980 2826 1246 2894 comparari
1275 2834 1414 2895 putas
1447 2843 1621 2895 posse,
1663 2843 1721 2875 an
1755 2843 1861 2876 cum
1890 2825 1948 2875 iis
1982 2841 2067 2874 au-

160 2928 416 2962 uumerare
458 2929 555 2961 uon
584 2909 808 2961 dubites?
882 2906 936 2960 Si
969 2909 1014 2959 in
1050 2910 1252 2961 aliorum
1290 2919 1479 2961 coetum
1510 2926 1856 2976 numerumque
1887 2909 2066 2959 retule-

158 2995 228 3046 ris
254 2994 333 3063 qui
366 3013 462 3046 non
493 3012 557 3046 ex
587 2994 738 3064 ipsius
779 2993 1048 3044 substantia
1084 3003 1227 3058 sunt,
1282 2994 1366 3044 sed
1395 3011 1422 3044 e
1452 2993 1600 3044 nihilo
1636 3011 1722 3062 per
1761 3010 1870 3044 eum
1899 2993 1975 3060 qui
2007 2992 2065 3043 ab

160 3079 368 3149 ipsomet
400 3079 663 3131 secundum
701 3077 1016 3129 substantiam
1058 3086 1192 3128 ortus
1236 3087 1311 3129 est
1350 3078 1408 3128 ab
1445 3078 1527 3128 illo
1565 3076 1807 3145 procreati
1847 3085 1985 3139 sunt,
2039 3092 2067 3125 a

162 3164 332 3232 quibus
362 3164 494 3216 solus
528 3162 815 3214 eximendus
840 3170 914 3211 est
943 3161 1067 3211 fitius
1100 3179 1205 3212 cum
1239 3161 1411 3230 spiritu
1441 3170 1640 3223 sanct0,
1682 3160 1761 3228 qui
1790 3176 1855 3211 ex
1884 3160 2069 3210 incom-

163 3247 390 3317 parabilis
423 3248 572 3318 patris
601 3257 648 3299 et
679 3245 912 3313 unigeniti
955 3246 1059 3295 eius
1100 3245 1180 3295 lilii
1208 3245 1474 3296 substantia
1505 3245 1768 3312 processit:
1826 3243 1865 3294 si
1902 3245 1959 3293 ad
1988 3261 2068 3293 ce-

165 3339 408 3398 terorum,
448 3333 669 3402 inquam,
711 3330 1034 3382 conditionem
1065 3328 1330 3392 abieceris,
1374 3329 1490 3379 nihil
1520 3329 1626 3378 fidei
1658 3327 1959 3396 professione
1988 3335 2066 3378 tua

167 3433 276 3468 esse
303 3426 461 3485 potest
487 3417 760 3468 absurdius,
839 3412 937 3480 Qui
962 3413 1088 3463 enim
1118 3430 1239 3462 unus
1271 3430 1334 3462 ex
1362 3413 1582 3462 omnibus
1613 3411 1733 3474 erit,
1775 3428 1803 3461 a
1835 3428 1927 3479 quo
1958 3419 2071 3462 sunt

168 3517 194 3551 e
223 3500 373 3552 nihilo
401 3510 572 3552 cuncta
601 3499 864 3570 producta?
935 3495 1066 3548 Fieri
1097 3496 1210 3547 illud
1238 3498 1399 3562 utique
1431 3514 1526 3546 non
1554 3503 1742 3563 potest3
1783 3511 1940 3562 neque
1970 3504 2070 3545 tute

168 3671 378 3719 Petamus,
423 3674 492 3709 aut
523 3666 846 3721 ἐναριὲῑμήσειας
875 3678 946 3716 pro
978 3661 1093 3717 οἷριὲ-
1215 3680 1242 3705 1.
1275 3661 1399 3706 αὑτοῦ
1442 3666 1575 3703 vitium
1607 3669 1660 3704 est
1688 3666 1744 3704 ed.
1776 3665 1911 3705 Petav.
1942 3666 2072 3704 colon.

170 3721 376 3778 μῆσειας,
407 3726 507 3775 quod
534 3728 623 3774 pari
653 3727 734 3764 iure
766 3725 901 3763 licebit.
1151 3725 1264 3770 repet.

1210 3778 1247 3816 ὅ.
1285 3774 1525 3829 γεγέννηται
1553 3779 1635 3818 cod.
1666 3777 1822 3826 Rhediy.

256 3848 401 3892 Corpus
424 3846 647 3882 Haereseol.
670 3846 717 3880 ΙΙ.
742 3847 774 3879 3.
1676 3850 1737 3899 18
