2508 4134
549 323 775 365 PANARn
807 323 912 363 Lm.
935 323 1008 362 111.
1040 323 1175 363 ToM,
1202 324 1233 362 1.
1265 322 1430 362 HAER.
1458 321 1659 361 Lxxvi.
1962 306 2062 357 205

155 440 241 475 ex.
269 430 434 491 patre,
462 460 465 462 -
493 422 734 490 perfectus
787 437 850 471 ex
888 420 1135 488 perfecto,
1195 422 1437 487 perfectus
1491 418 1654 468 itidem
1709 414 1906 485 spiritus
1957 430 2066 465 san-

156 516 262 558 ctus
301 516 393 557 est.

294 587 432 657 Quae
471 607 577 640 cum
614 588 678 639 ita
720 588 845 652 sint,
899 586 1083 637 duobus
1121 585 1335 636 tribusve
1372 585 1660 636 testimoniis
1698 585 1885 636 illorum
1925 583 2058 634 dete·
2088 587 2314 643 Cap.V111.

154 674 342 742 gendos
372 692 514 726 error
541 682 634 725 est.
709 670 835 723 Nam
865 670 905 722 si
936 671 1148 738 genitum
1187 670 1245 719 ab
1275 669 1356 719 illo
1386 670 1528 719 lilium
1575 669 1770 719 omnino
1808 669 2062 729 fateamur,

155 759 356 809 eundem
396 766 443 809 et
476 756 683 826 genitori
728 755 929 807 similem
975 754 1252 806 necessario
1292 753 1563 803 fatebimur.
1639 751 1953 820 Perspicuum
1983 767 2066 801 au-

154 850 249 893 tem
281 851 385 905 est,
426 860 532 893 cum
574 840 723 892 verbo
752 849 895 890 tenus
933 838 1146 907 genitum
1191 854 1301 887 esse
1347 837 1472 886 dicat
1513 835 1688 898 lilium,
1740 835 1897 903 reipsa
1929 850 2065 885 crea-

156 935 310 976 turam
345 925 631 976 existimare
663 940 718 975 ac
752 923 983 986 credere,
1025 922 1088 972 ita
1122 930 1171 972 ut
1196 921 1298 971 sola
1329 920 1403 970 dei
1434 920 1586 988 gratia
1618 919 1741 969 filius
1771 919 2064 986 appelletur,

156 1027 279 1079 quae
321 1018 395 1060 est
437 1008 718 1060 coelestium
763 1006 967 1058 finitoris
1005 1006 1160 1069 illium,
1215 1014 1264 1055 et
1300 1022 1467 1055 eorum
1500 1020 1623 1071 quae
1658 1002 1802 1053 dividi
1831 1020 1925 1052 non
1957 1018 2067 1070 pos-

156 1103 270 1145 sunt
314 1092 570 1156 divisoris,
630 1101 678 1143 et
722 1099 916 1142 nostrae
965 1108 1051 1159 per
1094 1087 1339 1142 Christum
1383 1088 1551 1139 salutis
1597 1085 1833 1138 mensoris
1885 1085 2064 1152 opinio.

155 1176 340 1229 Verum
372 1177 580 1228 omnium
608 1176 810 1227 istorum
854 1175 1010 1225 oratio
1046 1174 1184 1225 facile
1225 1173 1475 1235 concidet,
1531 1172 1608 1239 qui
1648 1189 1732 1240 pro
1762 1179 1983 1221 creatura
2011 1170 2066 1219 il—

156 1262 250 1313 lum
281 1261 420 1312 nobis
449 1261 740 1324 obtrudunt,
782 1269 923 1327 atque
953 1259 999 1309 in
1031 1258 1194 1327 primis
1219 1257 1449 1308 haeretici
1479 1256 1645 1320 buiuS‚
1687 1272 1824 1322 quem
1859 1254 1931 1304 his
1957 1271 2068 1305 ver-

157 1346 231 1398 bis
259 1346 430 1397 merito
463 1345 597 1396 affari
625 1361 768 1414 posse
801 1343 915 1395 mibi
945 1343 1132 1394 videor.
1207 1340 1300 1393 Dic
1332 1341 1474 1403 mihi,
1527 1356 1737 1408 quaeso,
1794 1339 1903 1406 quid
1934 1338 1990 1387 de
2018 1339 2069 1387 fi-

157 1430 223 1482 lio
253 1430 328 1481 dei
352 1429 562 1493 sentiaS,
603 1437 651 1478 et
679 1437 945 1479 utrumnam
969 1436 1237 1477 creaturam
1268 1444 1326 1477 an
1358 1427 1538 1476 foetum
1566 1424 1625 1474 ab
1653 1425 1820 1475 eodem
1854 1422 2068 1490 genitum

161 1514 433 1564 arbitrere?
504 1510 633 1564 Nam
666 1512 704 1562 si
733 1520 1002 1563 creaturam
1032 1528 1141 1562 esse
1169 1519 1381 1572 statuam,
1436 1509 1602 1560 desine
1636 1509 1769 1560 virus
1794 1507 1909 1558 illud
1939 1516 2070 1557 tuum

163 1597 334 1649 callida
370 1595 751 1647 dissimulatione
791 1605 984 1663 tegere,
1043 1604 1091 1646 et
1121 1613 1146 1645 a
1177 1603 1312 1663 patre
1343 1594 1555 1662 genitum
1597 1592 1727 1644 illum
1767 1610 1889 1643 voce
1933 1599 2071 1642 tenus

159 1681 491 1751 pronuntiare.
569 1678 762 1730 Etenim
807 1680 1026 1748 quicquid
1064 1688 1276 1730 creatum
1311 1688 1414 1743 est,
1471 1678 1682 1746 genitum
1723 1694 1831 1727 esse
1858 1694 1954 1727 non
1986 1693 2070 1744 po-

159 1774 284 1829 test,
341 1774 389 1815 et
418 1764 458 1816 si
493 1763 706 1830 genitum
745 1773 845 1829 est,
888 1773 1101 1815 creatum
1132 1782 1225 1814 non
1255 1772 1346 1814 est.
1424 1760 1747 1829 Quamobrem
1776 1762 1986 1830 genitum
2015 1761 2070 1811 il-

158 1850 253 1901 lum
283 1850 432 1901 verbo
473 1850 724 1902 nominare
762 1848 949 1899 desine.
1025 1847 1139 1899 Non
1172 1847 1295 1899 enim
1340 1848 1479 1898 decet
1517 1856 1566 1898 te
1601 1847 1673 1898 vel
1705 1847 1811 1915 ipso
1843 1863 2070 1897 sermone

159 1933 380 1989 veritatis
413 1952 560 1985 voces
591 1934 886 2003 exprimere.
964 1931 1093 2000 Quin
1124 1932 1281 2001 potius
1322 1932 1534 1983 fraudem
1565 1940 1693 1982 tuam
1727 1948 1915 1982 omnem
1944 1931 2071 1981 edis-

160 2036 299 2081 sere,
339 2019 494 2087 utqui
524 2019 592 2070 sis
620 2034 916 2086 cognoscere
946 2018 1214 2086 possimus,
1256 2034 1312 2067 ac
1340 2015 1628 2067 malitiosum
1659 2024 1788 2066 tuum
1818 2014 2068 2066 artificium

159 2104 404 2171 effugere,
445 2121 474 2153 o
505 2110 721 2171 captator
748 2102 1013 2152 animarum
1031 2141 1045 2165 ,
1087 2118 1349 2168 eorumque
1378 2118 1499 2169 quos
1524 2100 1679 2168 diligis
1704 2099 1937 2150 insidiose
1966 2115 2071 2148 cor-

160 2187 353 2256 ruptor!
433 2185 531 2240 Sed
569 2188 681 2247 illud
714 2186 799 2237 abs
829 2195 873 2237 te
909 2203 1090 2254 quaero
1123 2186 1265 2236 filium
1304 2185 1379 2236 dei
1417 2186 1588 2235 adores
1621 2185 1807 2235 necne?
1879 2183 2068 2246 Adoro,

159 2271 330 2339 inquit.
410 2271 516 2339 Age
564 2272 702 2323 deum
748 2271 952 2334 adoraS,
1011 2289 1070 2321 an
1113 2272 1245 2321 non?
1318 2268 1423 2337 Ego
1461 2286 1608 2331 vero,
1663 2269 1844 2336 inquit,
1898 2270 2067 2319 adoro.

160 2352 254 2406 Ubi
281 2355 427 2423 igitur
457 2356 536 2406 ille
567 2356 683 2407 deus
710 2364 813 2417 est,
870 2372 1008 2423 quem
1051 2364 1100 2405 tu
1132 2364 1344 2405 creatum
1376 2353 1765 2421 adorandumque
1790 2352 2072 2422 praedicas?

160 2437 289 2489 Nam
322 2439 362 2489 si
392 2456 536 2489 nnum
566 2440 802 2490 duntaxat
835 2439 1065 2490 colendus
1104 2438 1386 2489 adoratione
1424 2439 1540 2488 deus
1573 2447 1683 2498 ajse
1714 2447 1927 2489 creatum
1959 2438 2072 2488 ado-

161 2522 262 2574 rari
303 2523 485 2586 voluit,
539 2532 699 2574 cetera
741 2541 860 2575 vero
895 2524 1052 2574 omnia
1085 2523 1163 2573 ille
1204 2523 1306 2591 ipse
1339 2523 1415 2590 qui
1446 2522 1658 2573 condidit
1690 2521 1883 2572 adorari
1917 2530 2068 2586 vetat,

163 2615 212 2658 et
240 2624 325 2658 eos
356 2608 549 2658 damnat
584 2606 663 2674 qui
691 2616 878 2658 creatas
906 2625 984 2658 res
1011 2607 1292 2658 adoratione
1319 2616 1642 2669 venerantur,
1695 2625 1801 2657 cum
1829 2608 1895 2657 ita
1933 2623 2073 2675 prae-

162 2691 356 2742 seribit:
410 2695 517 2741 Non
529 2694 686 2756 sactes
714 2693 802 2740 tibi
823 2694 965 2740 ullam
992 2695 1334 2741 similitudinem
1350 2729 1364 2752 ‚
1422 2702 1467 2740 et
1490 2693 1708 2740 adorabis
1741 2709 1837 2740 eam
1855 2729 1868 2751 ‚
1925 2709 2070 2757 neque
2096 2704 2322 2748 Exod.2o‚4.

163 2779 211 2826 in
244 2779 372 2825 coelo
385 2814 397 2837 ,
452 2795 597 2842 neque
624 2780 671 2825 in
710 2785 863 2835 terra,
920 2794 1064 2841 neque
1099 2780 1146 2825 in
1183 2780 1334 2841 aquis.
1412 2774 1509 2827 Sed
1549 2784 1596 2826 et
1628 2776 1901 2843 apostolus,
1954 2778 2066 2824 Ser·
2086 2790 2193 2823 Rom.
2216 2789 2247 2833 1,
2268 2788 2322 2824 25.

163 2864 373 2920 vz‘erunt,
432 2861 616 2928 inquit,
671 2869 916 2909 creaturae
944 2864 1103 2924 potius
1137 2878 1271 2925 quam
1296 2865 1521 2919 creatori,
1573 2870 1618 2909 et
1642 2863 1782 2908 stulti
1795 2862 1920 2926 sacti
1939 2869 2066 2909 sant.

165 2942 363 3011 Quaero
393 2943 541 3012 igitur
569 2961 654 2994 cur
684 2943 873 2993 adorari
915 2943 1071 2993 omnia
1107 2943 1187 2994 illa
1227 2943 1508 3012 prohibeat?
1577 2942 1708 2994 Num
1747 2945 1863 2994 deus
1905 2960 2071 3011 perso-

165 3045 334 3078 narum
369 3029 601 3079 rationem
636 3028 807 3078 habet?
880 3025 1082 3077 Minime
1120 3045 1259 3078 vero.
1337 3026 1501 3095 Quare
1536 3028 1625 3077 hoc
1654 3028 1758 3094 ipso
1793 3028 1915 3094 quod
1947 3045 2069 3077 unus

164 3113 434 3163 adorandus
468 3121 570 3175 est,
611 3111 751 3162 alium
785 3111 909 3161 hunc
939 3128 966 3162 a
992 3120 1263 3161 creatarum
1286 3129 1443 3161 rerum
1477 3110 1751 3162 conditione
1781 3127 1889 3161 esse
1921 3111 2071 3178 signi-

164 3196 304 3258 ficat,
346 3205 394 3247 et
418 3205 688 3248 creaturam
719 3195 960 3258 vicissim,
1015 3212 1137 3261 quae
1162 3195 1351 3245 adorari
1383 3195 1689 3263 prohibetur,
1740 3195 1797 3244 ab
1828 3195 2070 3245 adorando

167 3280 358 3331 domino
390 3281 561 3347 deique
589 3279 682 3330 filio
712 3287 760 3329 et
786 3297 811 3329 a
840 3288 972 3347 patre
1011 3278 1174 3344 genito
1207 3278 1465 3330 diversam.
1544 3276 1684 3344 Quod
1724 3278 1849 3328 enim
1881 3278 1939 3329 ab
1966 3279 2069 3348 ipso

165 3363 358 3432 genitus
387 3373 461 3414 est
495 3364 598 3414 eius
637 3363 805 3414 similis
843 3362 1149 3429 aequalisque
1180 3362 1332 3426 filins,
1383 3363 1491 3412 ideo
1525 3362 1583 3411 ab
1614 3362 1833 3413 omnibus
1867 3364 2070 3414 adoran-

167 3449 254 3498 dus
292 3456 384 3498 est.
459 3451 548 3497 Per
592 3451 713 3497 hune
757 3450 906 3496 omnia
934 3448 1078 3512 feeit,
1131 3456 1179 3494 et
1206 3450 1304 3495 sine
1346 3450 1443 3510 ὴλςο
1471 3448 1658 3512 saetam
1696 3455 1765 3494 est
1799 3450 1934 3496 nihil.
2016 3444 2067 3499 ln
2092 3464 2305 3512 loann,1‚c.

166 3530 302 3600 ipso,
343 3532 563 3600 inquam,
616 3549 704 3582 nec
730 3549 824 3581 non
858 3539 904 3580 et
931 3538 1098 3580 sancto
1130 3546 1217 3579 suo
1246 3529 1444 3596 spiritu,
1498 3529 1574 3596 qui
1607 3546 1631 3578 a
1659 3546 1711 3580 se
1739 3532 1981 3598 procedit,
2024 3542 2072 3583 et

168 3614 227 3665 de
261 3615 356 3665 lilio
397 3615 595 3683 accipit,
653 3613 864 3665 condidit
900 3631 956 3663 ac
1002 3613 1205 3663 firmavit
1231 3614 1477 3663 universa.
1557 3614 1702 3662 Verbo
1736 3618 1854 3664 enim
1890 3620 2318 3681 domz'm'rsalm.32,6.

167 3702 289 3748 coeli
295 3701 490 3764 firmati
513 3709 650 3761 sant,
693 3709 742 3748 et
762 3702 932 3763 spir-ita
958 3700 1053 3746 oris
1078 3700 1176 3745 eius
1204 3701 1349 3745 omnis
1372 3700 1522 3746 virtus
1552 3716 1725 3748 eoram.
1773 3740 1777 3742 Ἴ
1803 3698 1931 3751 Nam
1960 3719 2068 3752 cum

170 3811 378 3850 Gornarius
404 3810 584 3864 ipsorum
608 3813 731 3850 vertit.
777 3812 820 3850 ln
845 3811 954 3850 editis
977 3810 1091 3859 vulgo
1120 3813 1171 3849 est
1201 3803 1338 3850 αὐτοῦ.
