2508 4134
221 1507 313 1543 pag.
331 1498 405 1535 957.

433 282 534 336 266
1139 295 1340 338 SANCTl
1369 297 1650 338 EPn’HANn

431 388 554 444 εἶναι
585 390 726 461 ὃίγιον
755 396 962 459 πνεῦμα.
1043 397 1115 465 Τῇ
1144 390 1236 462 γάρ
1267 392 1429 463 τριάδι
1463 393 1610 447 οὐδὲν
1639 391 1752 447 ἄλλο
1789 393 2184 464 συγκριθήσεται.
2257 396 2358 449 Καὶ

431 475 513 529 ὃιά
542 481 683 529 τοῦτο
723 474 977 544 ἀληθινῶς
1005 475 1277 544 ὅμοούσιόν
1312 479 1410 532 ἐστι
1439 477 1492 531 τό
1527 484 1613 546 τῆς
1656 476 1915 549 ὁμολογίας
1956 476 2099 547 ἡμῶν
2141 481 2356 549 ἔρεισμα,

429 562 514 614 καὶ
549 558 610 614 οὕ
637 560 722 614 διὰ
747 567 1010 632 προφορᾶς
1038 568 1123 629 τῆς
1155 568 1179 599 ⁵
1199 560 1281 616 διά
1305 569 1394 617 τοῦ
1419 567 1644 633 γίνεσθαι
1670 565 1756 616 καὶ
1784 563 1852 632 μὴ
1877 568 2101 634 γίνεσθαι
2133 561 2361 635 ἀναιρου-

430 647 596 713 μένης,
636 643 704 708 ιᾶς
734 643 768 713 ἡ
789 652 879 700 τοῦ
904 644 1090 700 Ἀετίου
1116 649 1228 718 περὶ
1258 646 1446 718 πατρός
1471 649 1606 713 δόξα,
1645 651 1727 702 καὶ
1754 652 1887 714 υἱοῦ,
1923 651 2008 702 καὶ
2039 646 2182 720 ἆγίου
2209 647 2358 703 πνεύ·

430 753 597 798 ματος.
655 729 798 784 ’Ἐστι
834 731 929 803 γαρ
971 731 1126 796 ὅντως
1165 731 1325 803 πατὴρ
1356 732 1623 801 ἀληθινός,
1672 735 1756 786 καὶ
1787 733 1896 797 υἷὸς
1922 732 2078 796 ὅντως
2103 732 2358 803 ἀληθινός,

429 818 515 869 καὶ
554 822 746 885 πνεῦμα
786 814 930 887 ἅγιον
974 816 1240 886 ἀληθινόν,
1294 816 1387 870 κῖίν
1412 839 1463 871 τε
1500 821 1707 888 μυρίους
1740 817 2088 889 συλλογισμοὺς
2121 823 2362 888 ματαίους

429 899 732 976 ὑποσπείρῃ·
773 900 841 965 ὥς
869 920 989 969 φησι
1018 900 1047 956 6
1074 910 1217 965 θεῖος
1241 901 1386 974 λόγος
1411 904 1524 972 περὶ
1553 909 1651 956 τῶν
1679 902 1920 958 τοιούτων
1942 905 2094 974 λέγων
2122 904 2215 970 ὅτι,
2259 903 2362 973 Τὴν

426 986 621 1040 σύνεσιν
659 993 758 1041 τῶν
797 976 1007 1041 συνετῶν
1032 987 1290 1056 ἀθετήσω,
1338 989 1423 1041 καὶ
1454 987 1554 1053 ὅτι,
1611 986 1730 1041 Οἶόε
1754 987 1926 1060 κύριος
1948 989 2064 1052 τούς
2092 988 2360 1061 λογισμούς

425 1077 522 1126 τῶν
559 1071 848 1143 ἀνθρώπων
884 1072 961 1127 ὅτι
997 1076 1088 1127 εἰσὶ
1127 1072 1350 1141 μάταιοι,
1398 1074 1483 1125 καὶ
1517 1071 1578 1126 τοὶ
1614 1075 1740 1141 ἑξῆς.

564 1155 751 1212 Ἀετίου
774 1157 943 1225 κεφάλ.
972 1158 1040 1223 ιζ.
1114 1160 1186 1211 Εἰ
1205 1158 1363 1226 μηδὲν
1390 1159 1538 1211 πλέον
1567 1160 1701 1226 νέμει
1731 1160 1799 1220 εἰς
1830 1156 2077 1229 ὑπεροχήν
2102 1158 2276 1223 οὐσίας
2301 1157 2356 1214 τό

426 1242 688 1313 ἀγέννητον
727 1242 853 1314 πρός
893 1242 947 1297 τό
998 1241 1289 1314 1γεννητὸν,
1342 1249 1576 1316 προφορᾷ
1613 1242 1768 1311 μόνον
1804 1241 2158 1314 ὑπερεχόμενος
2188 1242 2218 1299 6
2248 1243 2361 1308 υἷός

425 1331 648 1396 βελτίους
682 1330 859 1382 ἑαυτοῦ
889 1327 1125 1398 γνώσεται
1151 1327 1267 1390 τούς
1292 1327 1795 1399 προςαγορεύσαντας,
1835 1327 1896 1383 οὗ
1922 1328 2008 1383 τόν
2033 1351 2360 1402 προςαγορευ-

426 1414 585 1467 θέντα
623 1412 748 1467 θεόν
786 1412 943 1468 αὐτοῦ
980 1415 1063 1467 καὶ
1099 1415 1299 1483 πατέρα.

563 1499 758 1570 Ἀνατρ.
837 1497 1018 1562 Οὐδεὶς
1057 1497 1263 1567 εὐσεβὴς
1291 1497 1436 1570 λόγος
1463 1495 1814 1570 συγχωρήσειε,
1866 1498 1959 1554 κόίν
1987 1521 2036 1554 τε
2063 1504 2215 1571 μυρία
2244 1504 2359 1570 δρα-

427 1583 751 1655 ματουργήσει
778 1582 898 1653 ἡμῖν
921 1585 1136 1647 Ἀέτιος,
1173 1583 1409 1651 ἀμείνους
1434 1581 1559 1638 εἶναι
1582 1583 1699 1647 τούς
1722 1583 1776 1638 τὸ
1811 1582 1932 1639 εἶναι
1961 1583 2097 1657 παρὰ
2122 1592 2209 1640 τοῦ
2238 1591 2265 1624 ²
2281 1584 2361 1640 ὅν-

425 1692 508 1733 τος
548 1669 821 1738 εἰληφότας.
896 1668 973 1723 Δι’
999 1667 1152 1723 αὐτοῦ
1181 1667 1272 1739 γάρ
1309 1671 1394 1723 καὶ
1426 1667 1580 1732 αὐτὸς
1613 1668 1843 1741 ὁμολογεῖ
1873 1670 1992 1734 τούς
2021 1670 2205 1735 αὐτοῦς
2231 1692 2375 1742 γεγε-’

426 1762 625 1824 νῆσθαι.
705 1754 780 1809 Οῦ
806 1776 855 1808 τε
895 1754 986 1826 γάρ
1013 1753 1138 1808 κατά
1163 1754 1431 1825 προφορὰν
1469 1753 1655 1826 3λόγου
1694 1758 1826 1809 ἴσασι
1853 1755 1908 1810 vd
1938 1758 2154 1828 γέννημα
2180 1763 2359 1822 καλεῖν,

427 1840 543 1896 ἀλλά
576 1839 817 1909 ἀληθινόν
846 1843 895 1904 ἐξ
929 1839 1177 1909 ἀληθινοῦ
1208 1842 1580 1911 γεγεννημένον,
1629 1843 1681 1894 οἱ
1705 1843 1754 1905 ἐξ
1782 1839 1938 1895 αὐτοῦ
1964 1840 2362 1913 εὐεργετηθέντες

423 1931 792 1995 καταξιωθῆναι
821 1928 1129 1997 Χριστιανοὶ,
1167 1931 1236 1999 τῷ
1262 1928 1442 1980 εἰδέναι
1471 1923 1620 1978 αὐτόν
1649 1928 1699 1979 έν
1727 1925 1951 2000 ἀληθείᾳ,
1991 1930 2077 1982 καὶ
2105 1929 2362 1997 διδαχθέν-

423 2034 500 2076 τες
530 2011 612 2066 (Sto)
637 2011 842 2083 πατρὸς,
878 2014 962 2065 καὶ
991 2009 1084 2066 οὐκ
1114 2009 1212 2064 ἀπὸ
1238 2010 1420 2083 σαρκός
1448 2013 1533 2064 καὶ
1562 2014 1796 2078 αἵματος,
1834 2015 1918 2066 καὶ
1944 2012 2027 2068 δια
2056 2020 2202 2069 τοῦτο
2230 2014 2358 2068 εἶκό·

424 2122 523 2162 τως
547 2096 939 2169 μακαριζόμενοι,
979 2095 1046 2160 ῶς
1074 2095 1104 2151 6
1130 2096 1249 2164 μετα
1277 2095 1571 2167 προςθήκης
1596 2104 1685 2151 τοῦ
1712 2104 1891 2162 ζῶντος
1917 2097 2029 2153 υίόν
2054 2106 2180 2154 θεοῦ
2209 2096 2362 2155 αὐτόν

424 2184 689 2256 ἐπιγνούς,
744 2182 839 2237 κάν
883 2204 932 2236 τε
973 2188 1314 2251 πνευματικῶς
1358 2181 1800 2252 4ἀνακρινόμενοι,
1852 2181 1882 2237 6
1922 2190 2116 2253 πνεῦμα
2163 2183 2233 2239 ῶν
2275 2188 2360 2240 καὶ

425 2269 724 2341 μονογενὴς,
776 2268 862 2323 τόν
886 2267 1103 2337 ψυχικόν
1126 2266 1309 2320 Ἀέτιον
1338 2267 1406 2335 μὴ
1432 2267 1834 2337 παραδεχόμενον
1859 2268 1919 2322 τά
1947 2277 2039 2324 τοῦ
2065 2270 2359 2339 πνεύματος,

424 2354 521 2409 κᾶν
544 2377 595 2409 τε
632 2359 786 2420 εἴποι,
819 2354 1121 2424 Ἀπέρχομαι
1148 2351 1274 2423 πρὸς
1295 2350 1383 2405 τόν
1407 2354 1593 2423 πατέρα
1618 2376 1715 2421 μου
1740 2356 1825 2408 καὶ
1850 2357 2038 2426 πατέρα
2065 2353 2229 2423 ὑμῶν,
2275 2359 2361 2410 καὶ

424 2441 549 2494 θεόν
579 2463 677 2509 μου
705 2442 791 2495 καὶ
819 2438 942 2493 θεὸν
970 2436 1129 2506 ὑμῶν,
1165 2444 1265 2491 τῶν
1296 2437 1592 2508 ἀμφοτέρων
1619 2438 1806 2492 τούτων
1833 2440 2119 2509 ὀνομασιῶν
2147 2440 2274 2511 πρὸς
2299 2441 2361 2494 τοὶ

424 2526 658 2596 ἀλλογενῆ
684 2526 904 2594 ὀνόματα
931 2522 998 2592 μὴ
1028 2525 1312 2591 δυναμένων
1343 2525 1653 2588 ἐξισοῦσθαι,
1698 2531 1786 2593 τῆς
1811 2523 2051 2594 ἀληθείας
2077 2526 2156 2581 ἀεὶ
2185 2526 2359 2594 μενού-

422 2630 538 2679 σης,
592 2613 677 2664 καὶ
705 2613 911 2677 ἑκάστης
938 2608 1206 2679 χρειώδους
1232 2607 1415 2671 τάξεως
1442 2610 1493 2662 ἐν
1523 2612 1617 2682 υἱῷ
1648 2616 1774 2663 θεοῦ
1803 2613 1854 2664 ἐν
1881 2610 2090 2685 ἀληθεία
2120 2610 2175 2665 τό
2207 2613 2362 2680 σαφὲς

426 2695 767 2765 διδασκούσης.
848 2694 973 2748 Οὔτε
1000 2693 1120 2765 γάρ,
1183 2695 1383 2764 Πατέρα
1414 2715 1511 2761 μου
1547 2697 1630 2748 καὶ
1665 2698 1850 2766 πατέρα
1887 2695 2054 2765 ὑμῶν,
2111 2696 2234 2751 κατὰ
2270 2696 2361 2766 τὴν

426 2781 583 2853 σάρκα
626 2784 695 2844 εἷς
731 2779 915 2843 αὐτοῦς
957 2781 1254 2850 πληρωτέον.
1348 2784 1469 2841 Πῶς
1510 2777 1604 2851 γάρ
1645 2780 1805 2852 πατὴρ
1850 2781 2033 2852 σαρκός
2067 2780 2096 2835 6
2131 2781 2277 2848 θεός,
2331 2780 2361 2837 6
2419 2843 2421 2845 ,

425 2868 583 2938 σάρκα
611 2867 679 2936 μὴ
707 2866 1063 2934 ένδυσοίμενοςς
1145 2863 1288 2929 Οὔτε,
1342 2863 1441 2918 Τὸν
1468 2865 1592 2918 θεόν
1620 2888 1717 2934 μου
1756 2869 1840 2920 καὶ
1869 2865 1993 2921 θεὸν
2031 2864 2189 2935 ὖμῶν,
2233 2865 2359 2923 κατά

427 2953 515 3021 τὴν
551 2959 639 3007 τοῦ
669 2956 783 3007 υἱοῦ
822 2951 1060 3019 θεότητα,
1108 2953 1193 3004 καὶ
1228 2948 1353 3004 κατά
1381 2949 1471 3018 τὴν
1499 2958 1742 3019 μαθητῶν
1773 2955 2031 3005 υἱοθεσίαν
2058 2955 2358 3024 πληρωτέον,

426 3038 543 3092 ἀλλά
576 3037 703 3092 Θεόν
734 3060 831 3106 μου
860 3039 942 3091 καὶ
972 3035 1095 3089 θεὸν
1130 3034 1296 3104 ὑμῶν,
1349 3033 1431 3089 διά
1460 3034 1551 3103 τὴν
1583 3033 1821 3106 ἡμετέραν
1854 3036 2238 3106 ένανθρῶπησιν
2268 3061 2356 3106 μυ-

425 3128 709 3195 στηριωδῶς
761 3122 789 3177 6
828 3121 1094 3191 ἀληθεύων
1135 3123 1186 3175 ἐν
1227 3120 1382 3174 ἅπασι
1430 3120 1547 3183 τούς
1592 3121 1821 3190 μαθητάς
1868 3122 2174 3190 ἠσφαλίζετο.
2251 3129 2359 3176 Πα-

426 3212 541 3281 τέρα
580 3213 635 3264 δέ
670 3232 768 3278 μου
802 3210 885 3262 καὶ
914 3209 1101 3277 πατέρα
1140 3204 1308 3273 ὑμῶν,
1361 3205 1443 3259 διὰ
1465 3205 1519 3260 τό
1548 3209 1670 3275 ἐμοῦ
1700 3206 1827 3277 πρός
1863 3204 2013 3260 αὐτόν
2038 3206 2162 3260 κατά
2188 3207 2356 3275 φύσιν,

424 3297 510 3350 καὶ
545 3298 665 3363 ε’μοῦ
692 3293 820 3366 πρὸς
850 3292 978 3362 ὖμᾶς
1019 3299 1043 3330 ⁶
1066 3294 1436 3356 έπικοινωνίας,
1487 3285 1548 3359 ἧς
1576 3291 1670 3362 ἐγώ
1705 3294 1791 3360 μὲν
1818 3290 1943 3345 κατά
1976 3298 2358 3365 φιλανθρωπίαν

480 3442 519 3481 5.
552 3443 674 3492 Vulyo
701 3435 755 3483 δι’
785 3435 927 3482 αὐτοῦ.
986 3439 1219 3480 Emendavit
1245 3439 1361 3480 Peta-
1417 3440 1574 3478 turbata
1594 3441 1708 3487 atque
1725 3441 1812 3487 post
1833 3430 1910 3479 κᾶν
1931 3450 1977 3479 τε
2003 3437 2110 3480 εἴποι
2127 3441 2357 3480 collocanda

426 3500 524 3538 vius
1417 3496 1576 3534 censuit.
1622 3495 1834 3533 Carnarius
1859 3497 2079 3544 suspicatus
2101 3507 2180 3536 esse
2204 3497 2358 3536 videtur

485 3554 520 3594 1.
552 3556 685 3604 Supra
710 3552 908 3623 γέννημα.
1419 3545 1747 3603 ἀνακρινόμενος.
1810 3553 1926 3590 Vertit
1966 3554 2066 3591 enim
2110 3551 2206 3591 Sive
2247 3550 2356 3592 enim

482 3610 522 3649 2.
553 3614 730 3650 Fortasse
760 3605 894 3657 ὅντως
923 3623 1049 3657 οντος.
1419 3605 1687 3670 spititualiter
1732 3614 2024 3659 percunctetur
2062 3607 2230 3661 spiritus
2261 3607 2352 3648 exi-

482 3665 521 3706 3
553 3663 673 3718 λόγον
703 3668 887 3706 mendum
915 3671 968 3707 est
992 3668 1081 3706 edit.
1110 3667 1245 3708 Petav.
1419 3672 1531 3704 stens
1554 3661 1798 3716 unigenitus,
1830 3661 2048 3703 animalem
2064 3664 2223 3704 ,uitium
2251 3678 2354 3729 qqae

485 3718 523 3761 4.
546 3724 645 3762 Huic
671 3726 751 3763 loco
775 3728 917 3763 cerlam
939 3735 1018 3774 qua
1041 3734 1269 3763 succurram
1295 3734 1361 3762 ra·
1419 3719 1586 3773 spiritus
1628 3727 1723 3757 sunt
1769 3733 1853 3758 non
1894 3719 2214 3773 suscipientem,
2267 3720 2353 3760 sive

429 3782 568 3818 tionem
620 3791 695 3817 ηοη
746 3781 877 3818 habeo.
950 3781 1134 3820 Petavius
1175 3780 1293 3818 verba
1339 3774 1361 3820 ὁ
1419 3776 1555 3824 dicat,
1598 3774 1717 3815 vado
1758 3775 1811 3814 ad
1837 3784 1997 3829 patrem
2036 3791 2172 3817 meum
2207 3784 2251 3817 et
2275 3792 2353 3831 pa·-

428 3835 592 3889 πνεῦμα
630 3828 686 3875 ὧν
727 3833 799 3876 καὶ
829 3832 1053 3890 μονογενὴς
1081 3838 1163 3876 loco
1187 3847 1257 3875 suo
1285 3845 1361 3875 esse
1417 3840 1528 3875 trem
1553 3839 1747 3884 vestrum,
1779 3839 1819 3872 et
1849 3833 1971 3874 deum
1998 3847 2133 3875 meum
2161 3841 2204 3875 et
2230 3832 2353 3875 deum
