2508 4134
561 326 783 367 PANARH
813 325 913 366 me.
933 326 1005 366 111.
1036 328 1166 368 ΤοΜ.
1186 329 1216 369 1.
1247 328 1407 369 nasa.
1427 328 1624 370 Lxxnr.
1956 313 2023 367 89

119 423 338 495 quoniam
371 425 555 474 verbum
583 426 892 492 earofisctum
920 434 1004 473 est.
1063 425 1188 475 ldem
1217 436 1373 476 autem
1404 426 1544 477 homo
1572 444 1665 476 non
1702 433 1823 489 erat,
1857 434 2024 494 quate·

118 527 206 562 uus
235 518 504 560 ceterorum
537 525 670 559 more
699 519 837 558 natus
867 526 960 558 11011
989 509 1172 570 fuerat,
1233 509 1320 558 hoc
1347 519 1420 559 est
1444 528 1470 560 e
1497 511 1620 560 virili
1650 518 1786 572 satu,
1827 518 1876 560 et
1904 509 2024 560 utri-

121 611 269 662 usque
299 593 635 644 coniunctione
661 609 832 644 sexus·
909 594 976 642 lta
1006 592 1157 654 filins,
1211 592 1288 659 qui
1319 595 1512 643 saecula
1553 595 1813 645 antecessit
1839 593 2019 657 omnia,

119 679 236 728 dens
266 685 369 740 est,
410 685 646 744 quatenus
677 676 750 727 dei
776 676 928 739 filius,
971 675 1166 745 perinde
1195 684 1336 744 atque
1365 676 1504 727 honio
1534 687 1633 740 est,
1674 688 1909 746 qnatenus
1940 678 2024 729 110-

118 761 259 813 minis
291 761 444 824 filius3
505 762 588 811 sed
618 779 711 812 non
746 760 869 811 idem
903 769 979 811 est
1009 760 1203 811 omnino
1236 778 1341 811 cum
1374 760 1463 810 deo
1494 770 1658 829 patre,
1712 780 1739 812 a
1769 781 1861 831 qno
1887 763 2023 831 geni-

118 854 195 897 tus
228 854 332 907 est,
387 846 780 913 quemadmodum
820 863 913 896 non
946 845 1068 895 idem
1102 854 1175 896 est
1206 863 1310 895 cum
1341 844 1530 895 homine
1558 855 1790 913 quatenns
1819 847 1925 898 sine
1952 846 2023 897 vi-

118 930 192 980 rili
225 939 333 980 satu
361 938 437 980 est
464 947 520 980 ac
552 930 795 998 voluptate
836 940 1146 998 propagatus.
1225 926 1354 979 ldem
1396 933 1552 979 earnis
1587 935 1773 993 peccati
1799 934 2015 981 sz'mz‘le'tu-
2038 946 2194 992 nome,
2216 945 2249 979 3.

116 1019 266 1065 dinem
307 1016 497 1075 habue't‚·
553 1014 934 1082 qnandoquidem
981 1015 1180 1077 famem,
1239 1014 1397 1076 sitim,
1453 1031 1508 1064 ac
1537 1031 1756 1063 somnum
1800 1014 2022 1067 incarne

116 1099 370 1162 toleravit,
429 1098 599 1167 quibus
640 1097 976 1149 affectionibus
1018 1100 1074 1149 ad
1118 1099 1406 1166 peccandum
1455 1116 1656 1167 corpora
1699 1100 2021 1151 concitantur.

117 1181 298 1235 Verum
327 1183 435 1234 lieet
469 1183 626 1232 carnis
651 1183 935 1233 affectiones
960 1183 1191 1234 eiusmodi
1225 1183 1516 1246 sustineret,
1559 1182 1753 1233 minime
1781 1192 1936 1233 tamen
1967 1184 2024 1235 ab

115 1268 173 1319 iis
202 1269 258 1318 ad
292 1268 580 1334 peccandum
614 1266 844 1336 impulsus
875 1276 967 1318 est.
1045 1266 1228 1317 Eodem
1260 1268 1399 1317 modo
1430 1268 1556 1318 l'ilins
1587 1285 1613 1318 a
1647 1276 1781 1334 patre
1811 1268 2023 1335 genitus,

115 1370 171 1404 ac
193 1353 267 1403 dei
295 1355 443 1402 l'orma
474 1353 717 1421 praeditus
743 1352 1055 1420 aequalisque
1081 1353 1169 1403 deo
1201 1352 1463 1403 divinitatis
1493 1355 1811 1420 proprietates
1842 1352 2022 1416 liabnit,

117 1446 279 1506 utpote
309 1438 526 1505 eorporis
562 1438 823 1487 secundum
854 1437 1113 1488 essentiam
1142 1454 1348 1504 expers,
1405 1454 1460 1487 ac
1491 1437 1610 1504 patri
1645 1436 1893 1486 divinitate
1923 1436 2025 1505 ipsa

117 1530 165 1572 et
197 1523 480 1590 incorporea
522 1521 796 1571 conditione
841 1529 888 1571 et
927 1521 1114 1571 actione
1148 1521 1347 1584 similis,
1397 1522 1596 1590 perinde
1636 1538 1692 1570 ac
1722 1520 1892 1572 similis
1924 1529 2028 1571 erat

119 1608 310 1669 carnis,
368 1616 604 1674 qnatenus
633 1624 746 1656 caro
775 1606 886 1668 fuit,
945 1614 993 1656 et
1023 1605 1182 1655 carnis
1215 1606 1467 1674 passiones
1498 1604 1729 1673 suscepit.
1804 1604 1920 1656 Non
1957 1614 2026 1655 ta-

116 1709 223 1742 men
264 1692 386 1741 idem
431 1698 506 1740 est
543 1690 767 1753 omnino,
824 1690 1046 1757 quoniam
1081 1708 1170 1757 qua
1200 1691 1316 1741 dens
1351 1700 1452 1754 est,
1509 1708 1602 1740 non
1637 1691 1788 1741 forma
1823 1690 1896 1740 dei
1930 1699 2024 1752 est,

114 1776 196 1827 sed
228 1777 375 1826 deust
433 1792 520 1825 nec
558 1773 774 1842 aequalis
808 1775 926 1837 de0,
979 1778 1062 1824 sed
1098 1776 1242 1838 deus,
1297 1793 1454 1843 neque
1488 1774 1760 1843 principalis
1795 1783 1844 1825 nt
1870 1785 2024 1844 pater.

115 1859 560 1929 Quemadmodum,
603 1860 727 1927 quod
758 1862 812 1909 ad
844 1859 1213 1927 propensionem
1249 1860 1294 1910 in
1329 1869 1576 1928 peceatum
1610 1861 1843 1929 pertinet,
1887 1859 2027 1910 homo

117 1963 211 1995 non
245 1953 346 2007 est,
400 1945 483 1994 sed
516 1944 707 1994 actione
736 1943 912 1993 homini
951 1943 1139 1994 similis.
1219 1948 1345 2008 Quae
1373 1950 1491 1994 enim
1512 1948 1635 2010 facit
1651 1955 1817 2010 pater,
1873 1948 2025 1994 eadem
2050 1960 2280 2006 loaun.5,19.

111 2032 235 2097 facit
259 2039 304 2079 et
324 2031 483 2094 filius.
566 2027 698 2096 Ergo
737 2027 809 2078 liic
847 2029 1027 2096 absque
1074 2030 1258 2096 peccati
1299 2030 1526 2080 illecebra
1565 2029 1788 2080 similiter
1823 2037 1966 2097 atque
1997 2028 2030 2079 ii

117 2114 195 2182 qni
232 2131 377 2164 carne
422 2114 620 2180 praediti
665 2121 776 2163 sunt
814 2113 1120 2164 incitabatur.
1199 2114 1476 2164 Absurdnni
1520 2122 1594 2164 est
1628 2115 1752 2164 enim
1794 2113 1923 2164 illum
1969 2114 2027 2164 ab

117 2199 321 2249 naturali
351 2207 476 2250 statn
507 2200 563 2248 ad
591 2215 697 2248 enm
726 2197 803 2265 qui
835 2207 1025 2264 praeter
1051 2207 1266 2249 naturam
1301 2207 1402 2261 est,
1446 2215 1556 2249 esse
1585 2199 1862 2267 perductum
1883 2238 1896 2260 ‚
1940 2198 2030 2249 1100

117 2292 186 2334 est
222 2283 367 2333 l'ilinm
406 2282 611 2332 hominis
642 2299 667 2330 e
701 2283 789 2332 deo
821 2284 994 2333 sactum
1027 2283 1082 2333 iis
1115 2302 1314 2351 quornm
1347 2283 1580 2334 naturalis
1621 2291 1697 2333 est
1732 2283 1821 2334 iste
1851 2292 2027 2346 status,

115 2366 413 2417 naturalibus
439 2367 630 2435 inquam
659 2366 953 2430 hominibus,
997 2368 1042 2417 in
1073 2386 1130 2416 eo
1160 2369 1282 2436 qnod
1323 2377 1515 2435 praeter
1540 2376 1757 2418 naturam
1785 2385 1918 2418 snam
1949 2368 2030 2419 lia-

115 2452 257 2502 bebat
280 2452 481 2502 similem
519 2450 696 2513 fuisse,
753 2452 797 2501 in
833 2469 891 2502 eo
927 2471 1043 2502 vero
1072 2454 1194 2521 qnod
1238 2452 1327 2521 ipsi
1366 2452 1582 2503 naturale
1611 2462 1686 2503 est
1714 2452 1947 2503 naturalis
1974 2453 2030 2503 il-

57 2580 60 2584 .
115 2536 208 2586 lum
255 2536 403 2605 patris
446 2553 538 2586 non
581 2552 689 2585 esse
729 2536 966 2599 similem,
1023 2555 1126 2587 cuin
1167 2537 1401 2605 originem
1444 2539 1561 2587 deus
1603 2555 1629 2586 a
1665 2538 1754 2586 deo
1800 2538 2026 2588 traxerit.

115 2621 228 2671 lllud
261 2638 377 2671 vero
424 2620 560 2688 plane
601 2629 818 2685 constat,
873 2621 952 2689 qui
994 2622 1196 2672 similem
1239 2621 1452 2673 essentia
1489 2622 1609 2690 patri
1642 2622 1788 2672 fitium
1828 2631 2026 2689 negant,

113 2723 173 2755 ne
205 2705 351 2756 filium
385 2705 573 2772 quidem
600 2704 729 2754 illum
766 2706 929 2768 fateri,
971 2707 1053 2756 sed
1085 2717 1354 2757 creaturam
1386 2707 1648 2768 duntaxat,
1692 2715 1874 2774 patrem
1911 2724 2030 2756 vero

114 2808 207 2840 non
255 2798 467 2857 patrem,
521 2789 604 2839 sed
648 2797 936 2839 creatorem.
1016 2788 1204 2859 Quippe
1242 2790 1569 2842 similitudinis
1615 2791 1715 2859 ipsa
1759 2790 1890 2840 notio
1933 2808 2028 2840 non

113 2891 171 2924 eo
208 2874 352 2924 silium
398 2874 588 2923 adducit
627 2881 678 2922 ιιι
712 2873 835 2923 idem
880 2874 1075 2925 omnino
1120 2893 1223 2925 cum
1271 2886 1405 2944 patre
1443 2876 1532 2938 sit,
1586 2877 1669 2926 sed
1701 2883 1752 2926 ut
1783 2877 1935 2926 eidem
1968 2877 2032 2928 sit

113 2959 324 3009 essentia
356 2957 553 3020 similis,
607 2966 656 3007 et
688 2966 737 3016 ut
767 2957 824 3007 ab
857 2957 960 3025 ipso
994 2961 1261 3026 procedens
1292 2978 1516 3010 arcanam
1552 2960 1784 3027 quandam
1815 2979 1920 3011 cnm
1949 2961 2028 3011 illo

111 3043 477 3110 germanitatem
512 3041 742 3092 obtineat.
818 3040 977 3105 Nam,
1018 3051 1068 3093 ut
1097 3043 1220 3094 idem
1250 3045 1407 3095 denuo
1435 3053 1677 3112 repetam,
1721 3046 2029 3111 quemadmo-

112 3128 220 3177 dum
263 3145 367 3176 cum
408 3127 614 3177 hominis
660 3144 716 3177 ac
750 3125 909 3176 carnis
942 3128 1123 3194 peccati
1161 3128 1519 3179 similitudinem
1561 3137 1787 3195 gereret,
1844 3147 1938 3179 non
1969 3146 2028 3180 eo

112 3212 343 3262 deductus
372 3219 447 3262 est
475 3211 597 3261 idem
630 3220 679 3261 ut
712 3229 817 3270 cum
849 3211 1039 3262 homine
1069 3230 1268 3280 prorsus
1303 3215 1459 3277 foret,
1501 3214 1585 3263 sed
1619 3222 1668 3262 ut
1696 3222 1895 3262 naturae
1924 3230 2029 3263 ear-

114 3296 188 3346 nis
220 3304 349 3346 esset
379 3295 578 3358 similis,
632 3304 683 3345 ut
712 3313 771 3346 ex
804 3295 862 3345 iis
895 3312 1017 3362 quae
1060 3296 1289 3348 hactenus
1331 3298 1455 3348 dicta
1491 3306 1602 3346 sunt
1637 3306 1851 3364 apparet.
1930 3295 2029 3348 Eo-

112 3381 217 3431 dem
247 3381 388 3430 modo
420 3379 547 3430 lilius
577 3380 728 3448 patri,
783 3398 809 3430 a
837 3398 929 3447 quo
965 3381 1158 3447 genitus
1186 3390 1288 3443 est,
1345 3381 1556 3432 essentia
1595 3381 1764 3431 similis
1809 3398 1942 3431 suam
1973 3381 2028 3432 il-

113 3465 202 3515 lam
237 3464 495 3515 essentiam
540 3482 635 3515 non
667 3465 722 3514 ad
759 3465 1055 3515 identitatem
1088 3483 1195 3515 cum
1226 3474 1388 3533 patre,
1444 3466 1528 3515 sed
1584 3465 1640 3514 ad
1669 3464 2025 3516 similitudinem

146 3548 361 3598 erdncet.

112 3566 141 3616 p
251 3630 392 3699 Quod
431 3632 471 3682 si
521 3633 624 3699 quis
668 3634 826 3684 mundi
867 3632 1133 3701 sapientiae
1178 3632 1393 3695 deditus,
1454 3651 1590 3700 qnam
1635 3634 1751 3686 deus
1794 3635 2025 3686 stultitiae
2060 3651 2233 3706 Gap,X,

165 3772 204 3812 5.
237 3774 427 3821 Rescripsi
451 3770 551 3820 θεὸς
573 3785 620 3813 ex
646 3777 831 3813 emendat.
861 3776 1037 3815 Ceruarii
1149 3771 1190 3813 6.
1220 3772 1291 3814 καὶ
1319 3770 1421 3816 εἶναι
1456 3776 1593 3815 vitium
1622 3779 1675 3817 est
1700 3778 1758 3816 ed.
1790 3778 1921 3817 Petav.
1957 3778 2028 3816 Co·

109 3831 220 3878 alque
246 3830 410 3871 Patavii.
472 3831 579 3869 Libri
606 3831 744 3870 habent
768 3828 877 3878 :tedg-
1091 3831 1165 3873 lon.
1195 3834 1307 3880 repet.
