2508 4134
561 306 789 349 PANARH
817 307 924 347 Lm.
939 306 1013 348 111.
1038 305 1175 347 ΤοΜ.
1195 309 1226 348 ι.
1255 306 1418 348 HAER.
1438 307 1633 347 Lxxvl.
1951 292 2051 342 299

159 415 233 457 tus
259 413 336 456 est
362 402 666 456 affectionem
698 420 900 455 caussae
926 404 1127 454 sortitur
1152 404 1279 455 filius
1297 443 1309 466 ‚
1351 422 1441 455 nec
1467 404 1664 473 spiritus
1693 412 1907 467 sanctuS,
1945 419 2050 452 cum

155 507 183 541 a
209 497 345 558 patre
372 488 614 558 procedat.
692 486 884 539 Etenim
916 495 1052 555 pater
1080 504 1143 537 ex
1174 504 1233 536 eo
1260 489 1383 555 quod
1408 489 1600 555 genuit,
1643 497 1723 538 aut
1756 486 1916 538 emisit
1941 502 1967 536 e
1996 501 2051 536 se

152 573 286 641 ipso,
328 581 489 623 cetera
518 589 634 624 vero
662 579 771 640 post
800 571 949 622 silium
987 588 1042 622 ac
1072 570 1289 639 spiritum
1319 580 1536 621 sanctum
1568 573 1770 635 creavit,
1813 569 2054 621 affectioni

153 656 237 707 ulli
262 673 466 707 caussae
497 655 741 707 subiectus
773 664 874 719 est3
916 672 1199 723 quamquam
1240 654 1333 704 alia
1377 656 1533 704 omnia
1572 657 1617 705 in
1662 655 1870 705 creando
1903 670 2050 721 geue-

152 741 367 792 randove
396 739 639 808 patiantur
667 739 863 807 aliquid.
940 737 1247 807 Quapropter
1274 746 1438 807 pater,
1489 739 1615 789 filius
1644 747 1690 788 et
1719 738 1913 806 spiritus
1941 755 2052 788 san-

153 833 258 876 ctus
283 841 502 876 caussam
530 824 707 875 habent
730 823 923 874 nullam.
1000 820 1225 874 Omnium
1257 839 1374 873 vero
1404 839 1574 872 caussa
1598 831 1672 873 est
1704 823 1804 890 ipsa
1835 822 2047 884 trinitaS,

152 925 274 977 quae
302 907 462 959 omnia
488 907 582 959 ista
608 908 748 959 simul
778 916 912 958 creat
938 925 994 958 ac
1020 907 1230 970 molitur,
1273 906 1483 974 nihilque
1511 907 1559 956 in
1587 922 1697 957 sese
1727 915 1938 957 creatum
1970 915 2053 956 aut

152 992 434 1044 fabricatum
473 993 712 1060 agnoscit.

290 1076 425 1128 Aetii
467 1075 626 1146 Caput
658 1074 908 1128 XXVIII.
1000 1073 1054 1127 Si
1098 1075 1318 1144 quicquid
1362 1076 1641 1144 productum
1681 1083 1754 1125 est
1799 1074 1856 1124 ab
1899 1074 2050 1125 altero

151 1162 431 1230 productum
459 1170 561 1224 est,
615 1160 828 1229 ingenita
859 1178 977 1211 vero
1007 1159 1280 1228 hypostasis
1308 1177 1397 1210 nee
1426 1177 1452 1210 a
1482 1177 1535 1210 se
1569 1160 1701 1228 ipsa,
1755 1176 1843 1209 nec
1874 1159 1930 1209 ab
1962 1158 2051 1208 alia

152 1247 383 1314 producta
411 1254 503 1308 est,
544 1244 746 1313 ingeniti
775 1244 1010 1296 vocabulo
1045 1244 1307 1295 substantia
1338 1245 1441 1312 ipsa
1473 1244 1776 1311 significetur
1805 1251 2012 1312 oportet.

292 1326 494 1381 Confut.
526 1327 777 1380 XXVIII.
855 1328 1066 1380 Rursum
1107 1328 1246 1379 nobis
1286 1329 1412 1379 istud
1446 1327 1649 1392 Aetius,
1705 1338 1927 1396 tanquam
1967 1345 2052 1378 uo-

151 1431 261 1464 vum
293 1413 469 1481 aliquid
497 1422 545 1463 et
571 1413 835 1464 inauditum
861 1413 1052 1477 obiicit,
1105 1422 1155 1464 ut
1185 1413 1464 1464 dialecticae
1493 1413 1631 1463 istius
1663 1412 1939 1463 subtilitatis
1970 1429 2052 1462 au-

150 1506 255 1548 ctor
282 1514 392 1549 esse
425 1498 662 1549 videatur.
740 1494 904 1564 Quare
934 1514 1292 1567 supervacanee
1325 1498 1437 1548 illud
1468 1516 1613 1548 unum
1648 1497 1886 1560 inculcat,
1928 1497 2052 1564 quod

147 1581 197 1632 iu
224 1581 607 1633 controversiam
632 1581 827 1632 minime
855 1591 1129 1645 revocatur,
1175 1599 1329 1650 neque
1357 1583 1548 1632 veritati
1576 1590 1830 1650 repugnat,
1870 1590 1918 1631 et
1946 1598 2053 1649 per-

148 1675 292 1736 petuo
329 1666 565 1718 ecclesiae
610 1666 876 1716 catholicae
920 1667 1223 1735 professione
1259 1674 1470 1717 tenetur.
1549 1663 1784 1733 Quicquid
1825 1683 1942 1734 ergo
1983 1667 2053 1716 sa-

150 1759 275 1801 ctum
302 1760 396 1815 est,
437 1750 496 1801 ab
525 1749 678 1800 altero
712 1751 887 1800 factum
915 1752 978 1801 sit
1008 1759 1228 1819 oportet,
1280 1761 1328 1801 at
1357 1751 1571 1818 ingenita
1598 1751 1872 1819 hypostasis
1898 1768 2052 1818 neque

147 1852 173 1885 a
217 1851 270 1885 se
313 1835 446 1904 ipsa,
501 1851 656 1903 neque
701 1835 760 1884 ab
804 1834 926 1898 alia3
984 1836 1202 1903 quamvis
1243 1835 1444 1903 ingeniti
1494 1835 1688 1886 nomine
1737 1835 2050 1886 substantiam

148 1919 409 1986 significari
449 1936 651 1970 necesse
693 1918 773 1969 sit.
853 1916 980 1985 Quid
1017 1919 1142 1970 enim
1178 1921 1330 1988 magis
1360 1920 1440 1970 illo
1469 1920 1795 1970 necessarium
1830 1937 1940 1970 esse
1968 1938 2052 1988 po-

149 2005 278 2054 test?
348 2002 475 2054 Nam
521 2003 611 2055 hoc
652 2003 951 2054 substantiae
995 2004 1307 2068 vocabulum,
1361 2006 1483 2072 quod
1520 2005 1758 2054 Anomoei
1799 2013 1846 2054 et
1878 2003 2052 2055 Ariani

146 2087 195 2138 in
225 2104 314 2138 ore
354 2105 546 2156 semper
590 2088 790 2149 habent,
847 2087 1015 2138 callide
1058 2106 1113 2138 ac
1143 2090 1439 2139 veteratorie
1479 2089 1727 2157 usurpavit
1758 2088 1962 2152 Ae‘tiuS,
2006 2097 2054 2139 et

147 2171 331 2241 abipsa
354 2181 553 2223 coactus
578 2173 784 2224 veritate
809 2173 1062 2222 confessus
1091 2181 1182 2223 est.
1240 2171 1407 2240 Itaque
1436 2192 1542 2223 cum
1566 2173 1766 2241 ingeniti
1798 2174 1921 2224 ratio
1950 2174 2053 2242 ipsa

147 2255 414 2306 substantia
447 2256 538 2320 sit,
593 2257 854 2324 eademque
889 2273 914 2307 e
941 2274 995 2307 se
1022 2256 1154 2325 ipsa,
1209 2276 1303 2307 non
1333 2275 1359 2308 e
1389 2257 1566 2321 nihilo,
1621 2258 1724 2308 sine
1765 2258 1855 2308 ulla
1899 2258 2053 2325 inqui-

148 2339 343 2390 natione
372 2357 428 2390 ac
453 2341 677 2409 passione
723 2341 1018 2408 unigenitum
1050 2343 1302 2409 genuerit,
1360 2342 1489 2392 nullo
1520 2359 1674 2410 neque
1716 2351 1928 2410 tempore
1963 2359 2052 2393 nec

147 2422 314 2485 initio,
371 2424 587 2491 spiritum
628 2442 745 2475 vero
785 2433 1002 2475 sanctum
1041 2426 1257 2477 emiserit
1285 2443 1310 2476 e
1341 2427 1528 2495 seipsa,
1584 2445 1679 2478 non
1715 2444 1739 2477 e
1766 2427 1913 2477 nihilo
1945 2445 2053 2495 pro-

148 2507 370 2570 duxerit,
420 2507 724 2558 manifestum
762 2517 835 2558 est
862 2509 909 2558 in
940 2518 1106 2559 sancta
1138 2528 1193 2560 ac
1225 2510 1460 2561 catholica
1495 2511 1699 2561 ecclesia
1736 2511 2054 2562 consubstan-

149 2591 307 2641 tialem
337 2590 595 2641 trinitatem
634 2594 726 2642 rite
762 2593 1048 2659 praedicari.
1123 2593 1234 2660 Quo
1268 2594 1456 2662 quidem
1491 2595 1683 2646 nomine
1728 2605 1890 2646 creata
1925 2595 2050 2645 nulla

144 2692 225 2726 res
251 2675 588 2744 comprehendi
616 2685 800 2742 potest,
854 2694 912 2726 eo
944 2678 1067 2743 quod
1097 2695 1252 2746 neque
1285 2688 1483 2742 natura,
1539 2697 1692 2747 neque
1726 2680 1853 2730 cultu
1884 2698 1939 2731 ac
1966 2697 2050 2731 ve-

146 2760 397 2810 neratione
443 2769 600 2828 potest
641 2759 816 2827 aliquid
864 2760 1110 2827 unigenito
1151 2772 1233 2812 aut
1275 2763 1464 2831 spiritui
1506 2773 1673 2815 saneto
1716 2781 1825 2814 esse
1870 2764 2045 2814 simile.

147 2841 326 2896 Cetera
359 2844 484 2894 enim
517 2861 542 2894 e
577 2844 723 2894 nihilo
756 2852 945 2906 creata,
989 2861 1076 2894 nec
1105 2847 1385 2898 adoratione
1419 2849 1749 2916 prosequenda
1785 2858 1923 2909 sunt,
1968 2847 2051 2897 tri-

145 2929 268 2978 nitas
299 2944 419 2979 vero
448 2928 767 2996 sempiterna3
822 2935 956 2995 pater
986 2930 1255 2996 perfectus,
1309 2941 1445 2999 pater
1473 2941 1576 2996 εει,
1630 2932 1753 2982 filius
1788 2934 2046 2999 perfectu8‚

145 3013 269 3064 filius
295 3031 320 3064 a
344 3023 478 3082 patre
504 3013 715 3081 genituS,
758 3011 955 3079 spiritus
978 3022 1173 3064 sanctus
1198 3016 1461 3082 perfectus,
1504 3016 1698 3084 spiritus
1727 3035 1754 3064 a
1778 3025 1916 3080 patre
1938 3034 2049 3080 pro-

143 3101 334 3158 cedens,
388 3107 435 3147 εἰ
464 3099 620 3162 afilz'o
657 3100 903 3161 accipiens.
987 3095 1058 3146 Ita
1092 3098 1329 3165 scriptura
1365 3100 1519 3150 omnis
1558 3118 1693 3151 sacra
1735 3109 1780 3148 ει
1814 3100 2045 3149 catholica

147 3182 263 3233 fides
292 3182 558 3233 clarissima
590 3182 727 3232 nobis
760 3189 863 3243 est,
906 3197 1059 3247 neque
1091 3181 1342 3249 quiequam
1370 3183 1496 3233 inest
1524 3184 1783 3251 obliquum,
1825 3192 1904 3234 aut
1934 3202 2047 3233 con·

147 3266 375 3329 uarium,
416 3274 500 3316 aut
537 3266 741 3333 denique
782 3274 1068 3314 tortuosum.

283 3350 416 3400 Aetii
452 3347 609 3418 Caput
640 3347 845 3401 XXIX.
925 3346 977 3399 Si
1013 3347 1212 3415 ingeniti
1251 3351 1544 3414 substantia,
1603 3360 1821 3419 tanquam
1851 3369 2043 3416 caussa,

142 3524 211 3556 tor
254 3531 340 3557 esse
384 3517 595 3558 videatur:
640 3518 722 3558 hoc
762 3518 894 3571 ipsum
926 3516 1067 3556 deela-
1124 3518 1233 3570 apud
1258 3518 1366 3571 ipsos
1386 3521 1619 3559 Anomoeos
1644 3526 1685 3558 et
1709 3519 1879 3560 Arianos
1904 3521 2047 3563 dolose

142 3586 235 3612 rans
265 3572 316 3611 de
339 3587 420 3626 quo
444 3589 575 3628 neque
600 3574 815 3628 ambigitur
831 3605 842 3622 ‚
888 3582 928 3612 et
958 3573 1067 3626 quod
1124 3574 1320 3626 accipitur
1341 3576 1472 3627 ipsum
1496 3575 1693 3615 essentiae
1713 3590 1872 3625 nomen,
1907 3579 2044 3619 Aetius

141 3627 180 3667 in
226 3628 428 3670 catholica
468 3631 638 3671 eeclesia
679 3631 719 3670 in
755 3631 945 3670 confesso
977 3629 1066 3668 exi·
1125 3628 1231 3668 clare
1259 3638 1421 3669 coactus
1449 3645 1470 3668 a
1497 3630 1670 3670 veritate
1697 3633 1904 3674 consessus
1931 3643 2003 3675 est.

141 3683 227 3724 stit.
1178 3684 1216 3726 4.
1250 3684 1307 3738 μή
1339 3684 1446 3728 κατὰ
1477 3689 1557 3726 cod.
1587 3690 1746 3739 Rhediy.

198 3740 237 3781 3.
279 3743 452 3782 Fortasse
491 3740 685 3797 ἐξέλαβε,
727 3737 749 3784 ὃ
791 3739 948 3787 Ἀέτιος
985 3746 1065 3780 cett.
1181 3744 1215 3782 1.
1247 3744 1377 3794 Supra
1408 3742 1691 3798 συμφαίνεται.

143 3797 353 3837 Carnarius
386 3801 567 3839 convertit
606 3797 726 3847 Quod
763 3797 868 3837 enirn
905 3811 1066 3852 semper

2118 3022 2245 3058 Ioann.

2113 3066 2165 3110 15,
2185 3066 2237 3100 26.
