2508 4134
264 2437 349 2474 pag.
368 2427 444 2463 854.

238 3029 349 3082 Κεφ.
380 3028 437 3085 η’.

489 257 556 309 84
1203 265 1408 308 εΑΝοΤῐ
1436 267 1720 308 ΕΡῙΡΗΑΝΠ
1768 260 1770 262 ’

484 365 627 418 λίωσέ
653 384 736 431 με,
788 362 885 432 πρὸ
915 362 968 415 δὲ
994 360 1195 415 πάντων
1221 367 1367 436 γεννᾷ
1397 384 1481 431 με,
1532 361 1639 423 ἀντὶ
1666 365 1753 432 μὲν
1780 370 1890 429 τοῦ,
1934 361 2143 433 Ἀρχὴν,
2191 365 2360 433 ἔλαβεν
2394 363 2425 420 ὅ

489 447 761 510 άπόστολος
785 445 839 501 τό
859 464 886 512 ,’
915 453 1149 518 Πρῶτος,
1188 447 1297 501 ἀντὶ
1326 449 1380 502 δὲ
1407 456 1519 514 τοῦ,
1553 456 1712 523 Γεννᾷ
1745 470 1834 517 με,
1876 447 1960 514 τό,
2012 446 2193 514 Τόκος,
2231 449 2340 504 ἀντὶ
2371 451 2426 504 δὲ

486 541 576 588 τοῦ
599 533 716 588 ὄλου
745 531 875 600 ὁμοῦ
905 537 1061 598 2τοῦ,
1097 531 1296 587 ’Έκτισέ
1323 555 1381 602 με
1413 534 1570 603 ἀρχὴν
1599 533 1731 589 ὁδῶν
1760 532 1938 599 αὐτοῦ,
1992 535 2101 599 καὶ,
2152 539 2310 609 Γεννᾷ
2341 556 2417 603 με,

485 618 566 681 τό,
610 618 940 689 Πρωτότοκος
966 617 1129 687 πάσης
1155 623 1382 685 κτίσεως,
1439 619 1545 673 ἀντὶ
1573 621 1626 673 δὲ
1656 627 1770 686 τοῦ,
1823 618 2167 686 Ἐθεμελίωσε,
2221 617 2305 686 τὸ,
2341 618 2424 673 Ἐν

484 701 617 777 αὐτῷ
647 706 852 772 ἐκτίσθη
881 703 941 757 τά
966 703 1144 771 πάντα,
1182 703 1290 758 άντὶ
1321 706 1374 758 δὲ
1401 711 1507 771 τοῦ,
1546 703 1625 759 Δι’
1651 707 1798 773 ἐμοῦ,
1836 704 1913 770 τά,
1943 701 2055 756 Ἀπ’
2082 706 2286 770 αἰῶνος,
2325 706 2418 758 εἴτε

481 787 688 859 θρόνοι,
728 792 822 843 εἴτε
847 789 1154 861 κυριότητες,
1209 793 1303 844 εἴτε
1341 788 1509 860 άρχαὶ,
1549 794 1643 844 εἴτε
1671 793 1910 855 ἐξουσίαι,
1962 788 2022 842 τά
2052 788 2215 843 πάντα
2240 787 2303 843 δι’
2330 789 2419 845 αὗ,-

482 880 599 941 τοῦ,
650 878 736 928 καὶ
781 877 850 938 εἰς
889 874 1044 930 αὐτὸν
1082 879 1307 930 ἔκτισται.
1388 874 1602 929 Πάντων
1647 870 1741 930 οῦν
1780 874 1907 946 πρὸς
1943 877 2071 939 λέξιν
2110 875 2423 941 ἐξισαζόντων

482 961 827 1015 ἆποστολικῶν
870 960 941 1024 ὥς
966 960 1024 1014 τοὶ
1054 961 1190 1033 παρά
1219 968 1309 1030 τῆς
1334 964 1538 1027 σοφίας,
1590 962 1808 1015 τουτέστι
1843 967 1932 1014 τοῦ
1957 981 2007 1013 τε
2038 960 2193 1030 ἀρχὴν
2215 960 2343 1032 πρός
2366 959 2421 1016 τό

484 1051 720 1116 Πρῶτος,
771 1049 857 1101 καὶ
897 1054 987 1101 τοῦ
1019 1053 1177 1121 Γεννᾷ
1222 1046 1567 1118 πρωτότοκος,
1619 1048 1703 1100 καὶ
1747 1044 2136 1113 mom-'Eunai
2171 1068 2230 1115 με
2267 1045 2422 1117 ἀρχὴν

479 1130 613 1186 ὁδῶν
647 1132 803 1187 αὐτοῦ
843 1136 913 1196 εἰς
948 1135 1072 1204 ἔργα
1113 1131 1293 1198 αὐτοῦ,
1348 1131 1475 1203 πρὸς
1503 1130 1586 1197 τὸ,
1641 1130 1972 1202 Πρωτότοκος
2011 1131 2174 1201 πάσης
2201 1135 2419 1198 κτίσεως,

480 1216 586 1271 άντὶ
614 1219 666 1272 δὲ
692 1225 807 1285 τοῦ,
843 1216 1165 1287 Ἐθεμελίωσέ
1189 1240 1274 1286 με,
1313 1216 1396 1284 τὸ,
1428 1217 1517 1271 Ἐν
1545 1215 1680 1291 αὐτῷ
1706 1219 1940 1284 ἐκτίσθη,
1979 1217 2089 1270 ἀντὶ
2117 1219 2170 1272 δὲ
2193 1225 2298 1284 τοῦ,
2338 1218 2418 1273 Δι’

479 1305 627 1371 ἐμοῦ,
668 1301 778 1367 4αῗς
807 1303 931 1374 πρὸς
959 1302 1032 1369 τὸ,
1072 1301 1154 1358 Δι’
1179 1302 1355 1368 αὐτοῦ,
1395 1300 1640 1372 φανερόν,
1678 1304 1763 1356 καὶ
1800 1299 1834 1370 ἦ
1861 1300 2008 1355 εἰκών
2037 1303 2131 1356 οὐκ
2163 1305 2218 1357 ἐν
2241 1303 2414 1368 πάθει,

476 1386 575 1443 α’λλ’
601 1389 711 1443 ἀντὶ
736 1396 854 1455 τοῦ,
899 1387 1029 1460 Ἐγώ
1061 1387 1094 1457 ἦ
1120 1393 1299 1456 σοφία,
1348 1392 1697 1459 παρείληπται,
1754 1388 1853 1440 Καὶ
1881 1384 1950 1449 ὥς
1972 1385 2006 1455 ἦ
2033 1391 2187 1454 σοφία
2214 1395 2305 1442 τοῦ
2334 1407 2416 1444 σο-

478 1481 581 1542 φοῦ
613 1474 722 1538 υἷὸς
759 1475 905 1529 οὐσία
938 1472 1136 1540 οὐσίας,
1186 1474 1345 1537 οὕτως
1385 1472 1418 1542 ἡ
1448 1472 1594 1527 εἰκών
1639 1471 1809 1535 οὐσίας
1848 1470 1996 1541 ὁμοία
2027 1475 2139 1527 ἐστί.
2213 1473 2307 1528 Διό
2333 1476 2416 1528 καὶ

478 1559 624 1614 εἰκών
664 1559 854 1629 ἐνοήθη
897 1566 985 1614 τοῦ
1026 1567 1154 1614 θεοῦ
1193 1566 1322 1614 5τοῦ
1363 1557 1579 1628 ἀοράτου
1592 1602 1607 1624 ,
1658 1557 1715 1622 ὅς
1751 1561 1878 1613 ἐστιν
1916 1557 2039 1622 υἷός.
2115 1560 2216 1613 Καὶ
2248 1561 2420 1628 ἔχομεν

477 1645 791 1711 ἐξισαζούσας
811 1645 898 1709 τοὶς
921 1648 1069 1710 λέξεις
1097 1644 1286 1711 πάσας,
1343 1644 1453 1699 άντὶ
1483 1645 1571 1713 μὲν
1597 1650 1686 1698 τοῦ
1714 1650 1879 1712 σοφοῦ
1909 1643 1991 1711 τό,
2041 1644 2188 1711 Θεὸς,
2228 1645 2340 1699 ἀντὶ
2365 1645 2418 1699 δὲ

473 1738 562 1800 τῆς
589 1736 771 1799 σοφίας
807 1730 893 1797 τὸ,
946 1729 1145 1798 Εἰκών,
1197 1731 1309 1784 ἀντὶ
1349 1731 1403 1784 δὲ
1444 1736 1534 1784 τοῦ
1571 1728 1742 1802 Ἀρχὴ,
1798 1736 2028 1801 Πρῶτος,
2054 1774 2057 1778 f
2081 1728 2192 1784 ἀντὶ
2234 1731 2288 1785 δὲ
2325 1740 2416 1785 τοῦ

473 1822 658 1894 Γεννᾷ,
696 1816 778 1884 τό,
827 1815 1010 1883 Τόκος,
1050 1814 1160 1870 άντὶ
1192 1817 1244 1870 δὲ
1271 1815 1390 1870 ὅλου
1423 1813 1571 1884 ὁμοῦ,
1621 1816 1784 1883 φαμὲν
1820 1813 1967 1869 6οἶντὶ
1996 1822 2113 1880 τοῦ,
2155 1814 2338 1887 Ἀρχὴν
2363 1813 2415 1870 ὅ·

472 1906 576 1956 δῶν
599 1901 754 1957 αὐτοῦ
782 1904 938 1957 ἕκτισέ
964 1924 1022 1971 με
1052 1905 1121 1965 εἰς
1155 1904 1272 1973 ἔργα
1299 1902 1483 1967 αὐτοῦ,
1542 1904 1653 1967 καὶ,
1710 1907 1758 1953 Γ
1753 1907 1873 1975 εννᾷ
1899 1922 1981 1970 με,
2019 1900 2098 1965 τό,
2154 1900 2415 1970 Πρωτότο-

470 2011 559 2052 κος
581 1989 744 2058 πάσης
773 1993 999 2054 κτίσεως,
1039 1985 1148 2043 οἷντὶ
1175 1989 1227 2042 δὲ
1252 1993 1364 2054 τοῦ,
1410 1985 1732 2055 Ἐθεμελίωσέ
1763 2007 1846 2055 με,
1897 1985 1979 2052 τὸ,
2010 1986 2099 2040 Ἐν
2126 1984 2261 2061 αὐτῷ
2293 1989 2413 2041 ἐκτί-

469 2082 598 2143 σθη,
635 2075 744 2128 ἀντὶ
777 2076 830 2129 δὲ
859 2081 977 2141 τοῦ,
1018 2072 1095 2127 Δι’
1124 2077 1272 2142 ἐμοῦ,
1318 2072 1388 2126 Τά
1415 2073 1574 2126 πάντα
1600 2070 1661 2126 δι’
1686 2070 1840 2126 αὐτοῦ
1861 2073 1947 2125 καὶ
1971 2074 2039 2135 εἰς
2064 2070 2230 2127 αὐτόν.
2299 2078 2411 2126 ,Φα-

466 2158 609 2231 νερὸν
639 2158 706 2222 οἷς
734 2159 900 2214 εἰκόνα
927 2158 1207 2222 ἀκούοντας
1241 2156 1327 2212 τόν
1360 2156 1473 2212 υἷὸν
1512 2164 1601 2212 τοῦ
1635 2164 1764 2211 θεοῦ
1798 2163 1887 2211 τοῦ
1916 2155 2159 2226 ἀοράτου,
2214 2157 2410 2213 καὶοῦ-

470 2268 568 2308 τως
596 2242 812 2308 άναιδῶς
842 2249 1134 2313 σοφίζεσθαι
1167 2243 1257 2313 τὴν
1285 2242 1387 2297 κατ’
1415 2244 1589 2298 οὐσίαν
1620 2241 1886 2312 ὁμοιότητα
1909 2249 1999 2296 τοῦ
2024 2246 2139 2297 υἱοῦ
2167 2241 2292 2313 πρὸς
2314 2266 2404 2298 πα-

467 2332 584 2400 τέρα
609 2333 993 2401 ἐπιχειροῦντας,
1053 2336 1193 2393 7τοῖς
1231 2336 1382 2383 πᾶσιν
1422 2331 1596 2400 ἐλέγχει
1633 2327 2021 2400 παραπεσόντας.
2100 2326 2176 2382 Οὔ
2207 2330 2410 2392 Παῦλός

475 2421 566 2485 8γε
603 2415 778 2484 μόνος,
832 2415 949 2469 ἄλλα
983 2419 1067 2470 καὶ
1099 2415 1196 2481 πρὸ
1224 2414 1400 2470 τούτου
1427 2414 1678 2483 Ἰωάννης,
1733 2411 1762 2468 ὅ
1790 2412 1899 2476 υἷὸς
1924 2413 2079 2477 ὅντως
2105 2418 2315 2484 βροντῆς
2345 2421 2407 2490 τῇ

468 2503 626 2574 οἰκείᾳ
665 2506 1037 2575 μεγαλοφωνίᾳ,
1081 2508 1103 2540 ⁹
1124 2501 1270 2572 ὅςπερ
1302 2504 1357 2555 ἔκ
1385 2523 1532 2555 τινων
1558 2505 1774 2567 νεφελῶν
1806 2505 1904 2553 τῶν
1932 2505 2019 2568 τῆς
2043 2504 2226 2568 σοφίας
2253 2503 2403 2571 αἰνιγ-

465 2585 658 2654 μάτων,
711 2585 1014 2656 τήνεῦσεβῆ
1046 2585 1165 2657 ἡμῖν
1202 2589 1395 2641 ἔννοιαν
1430 2593 1519 2641 τοῦ
1556 2589 1668 2640 υἱοῦ
1717 2584 1843 2639 κατά
1879 2583 1966 2639 τόν
2002 2584 2178 2654 ὅμοιον
2213 2588 2403 2658 τρόπον

466 2670 667 2741 άνῆκεν.

594 3013 726 3085 ’Ὅρα
750 3012 844 3085 γάρ
873 3013 948 3068 ὅτι
978 3016 1063 3067 καὶ
1096 3013 1246 3077 αὐτὸς
1285 3014 1317 3066 ἃ
1347 3014 1585 3084 ἐδιδάχθη
1613 3015 1749 3087 παρά
1787 3022 1874 3085 τῆς
1917 3018 2117 3081 σοφίας,
2169 3022 2324 3070 ταῦτα
2352 3017 2404 3071 ἐν

463 3105 533 3173 τῷ
574 3097 688 3171 παρ’
730 3099 886 3154 αὐτοῦ
917 3101 1214 3170 κηρυχθέντι
1250 3097 1405 3167 Ῑῆμῖν
1435 3100 1693 3175 εὐαγγελίῳ
1731 3103 2100 3168 ἳπαραδέδωκε.
2183 3106 2282 3169 Τῆς
2309 3099 2401 3173 γάρ

468 3189 666 3250 Σοφίας
695 3184 953 3253 εἰπούσης,
976 3183 1176 3238 ’Έκτισέ
1206 3206 1264 3252 με
1293 3184 1448 3254 ἀρχὴν
1477 3184 1609 3240 ὁδῶν
1645 3186 1825 3250 αὐτοῦ,
1879 3183 1961 3250 τὸ,
1997 3183 2078 3238 Ἐν
2105 3183 2253 3260 ἀρχῇ,
2306 3189 2401 3251 ἐξέ-

466 3279 586 3324 θετο
601 3314 615 3337 ,
654 3270 828 3336 εἰπών,
865 3270 945 3324 Ἐν
970 3271 1095 3344 ἀρχῇ
1123 3264 1186 3338 ἦν
1208 3269 1238 3324 ὁ
1260 3269 1421 3341 λόγος,
1460 3271 1570 3324 ἀντὶ
1592 3271 1644 3324 δὲ
1670 3276 1783 3336 τοῦ,
1807 3268 2003 3324 ’Έκτισέ
2029 3292 2112 3339 με,
2153 3274 2253 3325 Καὶ
2279 3270 2402 3336 θεὸς

465 3349 556 3423 ἧν,
607 3359 690 3409 ’ἵνα
718 3356 785 3426 μὴ
816 3355 902 3411 τὸν
932 3359 983 3410 ἐν
1010 3361 1276 3429 προφορᾷ,
1333 3353 1452 3425 ἄλλά
1480 3355 1565 3410 τόν
1593 3358 1644 3410 ἐν
1669 3353 1932 3409 ὑποστάσει
1961 3360 2114 3429 παγία
2141 3353 2320 3426 άπαθῆ
2346 3359 2401 3412 ἐκ

466 3440 652 3510 πατρὸς
674 3441 798 3496 θεὸν
827 3442 974 3514 λόγον
1000 3441 1277 3510 νοήσωμεν·
1319 3438 1423 3494 α’ντὶ
1451 3442 1505 3496 δὲ
1532 3464 1646 3507 του,
1691 3438 1888 3509 3’Ήμην
1915 3439 2026 3513 παρ’
2049 3447 2076 3479 4
2093 3441 2274 3512 αὐτοῦ,
2322 3441 2396 3509 τό,

518 3584 558 3625 2.
592 3588 697 3626 Libri
725 3589 864 3629 habent
891 3586 951 3631 τὸ.
1519 3587 1559 3630 6.
1590 3589 1698 3628 Libri
1725 3588 1842 3638 vulyo
1871 3583 1963 3631 ἀντὶ
1990 3586 2039 3632 δὲ
2069 3588 2155 3631 τοῦ.

518 3640 558 3683 3.
592 3644 698 3682 Libri
725 3646 862 3685 habent
890 3643 953 3687 τὸ,
1518 3644 1556 3687 7.
1588 3646 1761 3684 Fortasse
1790 3640 1885 3691 τοὺς
1914 3644 2048 3688 πᾶσιν.

521 3697 560 3738 4.
594 3700 780 3749 Suspicor
806 3704 1068 3752 reponendum
1094 3712 1172 3743 esse
1193 3697 1255 3750 ὥς
1279 3698 1406 3756 πρός·
1517 3701 1556 3741 ὅ.
1588 3701 1773 3750 Suspicor
1801 3698 1850 3743 δὲ
1879 3699 2013 3755 μόνος.

464 3754 561 3807 Ξεν,
599 3752 647 3797 τὸ
668 3787 678 3803 ,
710 3753 770 3797 Δι’
801 3756 929 3799 αὐτοῦ
960 3764 1044 3799 cett.
1516 3752 1558 3797 9·
1586 3758 1764 3797 RescribO
1793 3751 1943 3812 ὥςπερ·

521 3814 561 3853 ὁ.
592 3812 665 3854 τοῦ
697 3825 771 3853 om.
802 3815 861 3854 ed.
892 3816 1031 3856 Petav.
