2508 4134
966 297 1143 340 INDEX
1171 297 1378 340 RERUM.

2024 283 2125 334 757

284 396 492 450 quomodo
534 395 576 437 in
615 409 666 438 00
707 394 882 437 humana
927 402 1070 436 natura
1101 395 1156 437 sit
1203 396 1386 438 Gentiles
1411 410 1434 437 a
1460 395 1665 451 Babylone
1688 394 1730 436 in
1743 394 1964 437 Samariam
1987 400 2127 435 trans-

280 477 400 519 passa
429 479 510 507 non
541 464 738 507 diviuitas
773 467 898 506 1099.

228 532 343 574 Fidei
385 534 612 576 catholicae
649 548 698 576 00
735 533 983 590 apostolicae
1011 534 1146 576 brevis

284 603 486 658 expositio
527 607 645 646 1078.

229 672 350 714 Fides
378 688 474 715 vera
502 674 612 716 nulla
651 687 721 725 re,
768 672 956 729 nullaque
1000 673 1038 714 vi
1070 688 1146 715 ex-

281 743 452 798 pugnari
480 751 616 799 potest
641 745 738 785 479.

227 811 318 853 Filii
347 812 414 854 dei
442 827 492 854 an
517 813 600 854 sint
628 812 737 863 duo,
779 812 959 855 obiectio
989 821 1031 854 et
1060 813 1144 854 eius

281 882 434 925 solutio
469 885 560 923 896.

226 950 350 992 Filius
392 951 600 1008 quomodo
641 951 801 994 dicatur
839 952 974 1008 imago
1018 952 1144 1008 patris

282 1024 376 1062 880.
401 1046 455 1054 —-
497 1036 568 1063 cur
591 1020 695 1063 filius
721 1022 845 1064 creati
869 1022 1040 1064 dicatur
1062 1022 1143 1063 ibi-

287 1091 394 1133 dem.

224 1159 349 1203 Filius
379 1169 512 1202 utrum
539 1161 751 1203 voluntate
780 1161 834 1202 sit
862 1162 1023 1216 genitus
1051 1165 1142 1204 751.

224 1230 347 1272 Filius
373 1230 579 1287 quomodo
602 1231 744 1272 similis
766 1230 820 1272 sit
843 1231 952 1286 patri
977 1234 1071 1273 864.
1095 1256 1141 1263 —-

278 1300 399 1342 variis
419 1301 552 1342 modis
574 1300 801 1356 explicatur
826 1301 1051 1343 similitudo
1072 1302 1144 1343 filii

279 1378 321 1412 et
348 1370 477 1426 patris
505 1373 599 1413 865.
628 1395 681 1403 -
738 1371 838 1412 item
874 1371 1048 1426 qualiter
1083 1371 1143 1412 si-

278 1440 383 1482 milis
413 1441 468 1481 sit
505 1440 609 1482 filius
647 1440 773 1482 homo
816 1440 978 1496 reliquis
1005 1441 1144 1483 homi-

276 1510 396 1551 nibus
424 1509 525 1551 ibid.

222 1580 345 1622 Filius
375 1579 466 1630 dei,
510 1594 591 1636 quo
634 1589 755 1636 pacto
797 1581 852 1621 sit
894 1580 1140 1632 iustificatio‚

274 1649 570 1700 sanctificatio,
614 1658 656 1691 et
693 1650 923 1706 redemptio
964 1650 1143 1691 fidelium

276 1723 370 1760 889.
401 1742 453 1751 -
522 1719 746 1761 similitudo
775 1734 853 1775 qua
885 1720 1035 1762 Christi
1064 1735 1141 1762 na-

275 1789 414 1831 tivitas
444 1789 670 1845 explicatur
697 1789 796 1830 ibid.

220 1859 345 1900 Filius
371 1859 478 1915 patri
519 1859 660 1901 similis
690 1868 754 1901 est
782 1861 1009 1915 praestanti
1039 1875 1143 1917 qua-

274 1929 369 1970 dam
409 1929 567 1971 ratione
596 1933 690 1971 914.
721 1956 775 1964 -
844 1931 956 1986 quod
999 1932 1141 1973 multi-

273 1998 370 2054 plici
412 1998 677 2041 similitudine
718 2000 943 2056 explicatur
971 2001 1068 2042 ibid.
1100 2009 1143 2042 et

276 2072 371 2110 918.

219 2139 342 2180 Filius
370 2138 547 2180 hominis
575 2154 648 2195 per
665 2139 998 2196 anticipationem
1019 2148 1138 2182 ante-

274 2224 394 2265 quam
422 2218 657 2251 nasceretur
684 2219 747 2252 est
775 2210 909 2253 dictus
937 2214 1034 2252 487.

218 2279 343 2320 Filius
386 2279 551 2335 proprie
594 2288 637 2321 et
679 2289 821 2322 natura
863 2289 924 2322 est
972 2281 1139 2323 verbum

273 2349 341 2390 dei
375 2353 468 2392 741.

218 2419 363 2460 Filium
392 2420 460 2476 qui
493 2419 738 2462 dehonestat
767 2428 813 2461 ut
841 2421 974 2473 Arius,
1003 2422 1138 2463 deho-

274 2498 409 2530 nestat
449 2497 491 2531 et
529 2498 692 2545 patrem
719 2493 811 2531 804.

219 2559 364 2601 Filium
393 2574 531 2601 verum
561 2573 649 2601 0330
690 2560 836 2612 deum,
880 2561 1039 2603 scilicet
1063 2577 1139 2604 ve-

271 2644 367 2672 ram.
386 2629 518 2670 lucem
548 2644 571 2670 e
598 2629 690 2671 luce
722 2633 814 2671 756.

217 2700 434 2742 Foeminae
484 2699 682 2752 dilectae,
738 2708 780 2741 et
830 2701 1138 2744 contubernales

243 2784 245 2787 ’
273 2770 517 2811 damnantur
541 2773 663 2811 1043.

218 2840 382 2881 Fratres
421 2848 464 2880 et
501 2853 659 2881 sorores
699 2839 881 2896 domini,
920 2856 971 2883 ex
1008 2842 1138 2897 prima

272 2923 398 2952 uxore
427 2910 586 2965 losephi
616 2913 740 2952 1041.

653 3080 706 3120 G.

217 3191 378 3237 Garizin
419 3205 536 3232 mons
575 3191 679 3232 ultra
708 3190 924 3232 Iordanem
953 3190 1005 3232 ad
1036 3192 1138 3234 leri-

271 3262 467 3303 chontem
499 3264 568 3303 26.

219 3332 329 3373 Gaza
349 3331 548 3372 Hebraice
569 3331 804 3372 thesaurum
822 3330 1023 3385 significat
1042 3334 1135 3372 130.

219 3402 349 3444 Gebal
379 3416 494 3442 mons
524 3401 578 3442 ad
609 3400 880 3442 ierichuntem
911 3403 975 3441 29.

219 3472 439 3514 Generatio
469 3471 618 3527 duplex
648 3480 690 3512 et
718 3470 844 3526 qualis
873 3479 1043 3526 utraque
1070 3471 1137 3512 in-

271 3542 479 3598 telli'gatur
509 3546 606 3583 655.

220 3612 387 3654 Genesis
418 3628 568 3667 parva,
609 3612 712 3653 liber
754 3626 804 3653 eo
833 3611 959 3653 modo
988 3612 1133 3653 inscri-

273 3691 366 3737 ptus
404 3687 498 3725 287.

219 3752 372 3794 Gentes
415 3753 568 3809 angelis
596 3753 800 3794 subiectae
842 3767 891 3793 ex
920 3753 1065 3808 Moyse
1095 3761 1137 3793 et

273 3823 519 3881 Apocalypsi
548 3826 644 3865 456.

1257 465 1411 520 portati
1443 469 1508 506 22.

1206 534 1389 576 Gentiles
1417 534 1458 575 in
1496 535 1715 576 Samariam
1759 533 1948 575 translati
1974 548 1997 575 0
2026 532 2124 574 feris

1258 604 1399 645 laniati
1429 608 1496 645 22.

1205 673 1373 728 Georgii
1413 674 1682 715 Alexandriae
1726 674 1905 729 episcopi
1945 672 2126 729 ignomi-

1258 743 1373 784 niosa
1410 743 1616 784 traductio
1647 746 1741 786 912.
1773 767 1821 775 -
1881 757 1992 786 mors
2029 756 2123 786 cru·

1257 812 1462 853 delissima
1482 813 1580 854 ibid.
1602 836 1651 844 -
1692 822 1848 869 martyr
1875 821 2013 855 tamen
2040 827 2123 855 non

1259 881 1339 923 fuit
1374 882 1473 923 ibid.
1502 906 1557 914 -
1614 882 1699 924 eius
1740 883 1908 925 avaritia
1944 886 2041 925 913.
2074 905 2124 915 -

1258 952 1418 992 Αο1111111
1446 952 1768 994 haeresiarcham
1804 952 2022 995 diaconum
2051 965 2124 995 or-

1258 1021 1470 1062 dinaverat
1498 1021 1597 1062 ibid.

1203 1090 1401 1146 Georgius
1430 1091 1585 1147 legatus
1611 1091 1839 1133 Constantii
1866 1093 1919 1134 ab
1942 1092 2122 1134 Alexan-

1257 1160 1383 1202 drinis
1403 1162 1571 1213 occisus,
1604 1170 1802 1203 crematus
1825 1170 1869 1203 et
1889 1162 1973 1204 eius
1993 1161 2124 1218 sparsi

1258 1230 1414 1280 cineres
1445 1235 1537 1272 726.

1202 1300 1399 1355 Gigantes
1430 1310 1614 1356 tempore
1642 1302 1876 1343 Nembroth
1907 1306 1941 1342 7.

1203 1370 1491 1413 Gnosticorum
1519 1371 1697 1413 haeresis
1732 1380 1846 1412 sexta
1875 1379 1972 1427 post
1999 1371 2124 1414 chri-

1256 1439 1454 1482 stianismi
1493 1450 1680 1484 exortum
1708 1445 1845 1482 82.--
1883 1457 1907 1483 0
1947 1442 2123 1484 Ν100100

1257 1511 1336 1551 orti
1365 1510 1463 1551 ibid.
1486 1534 1539 1542 —-
1595 1526 1736 1553 eorum
1756 1511 1882 1553 Noria
1904 1526 2007 1567 quae
2028 1512 2123 1554 fue-

1255 1579 1309 1620 rit
1332 1580 1431 1622 ibid.
1454 1604 1501 1611 —
1537 1582 1715 1623 Barcaba
1733 1595 1874 1638 eorum
1903 1582 2121 1637 propheta,

1257 1658 1298 1690 et
1338 1650 1435 1705 quid
1482 1665 1529 1692 ea
1584 1666 1663 1693 vox
1718 1651 1919 1706 significet
1960 1655 2026 1693 83.
2067 1675 2123 1684 —-

1255 1719 1345 1760 libri
1389 1721 1677 1762 Gnosticorum
1711 1721 1811 1762 ibid.
1856 1744 1912 1753 —-·
1980 1736 2123 1763 eorum

1255 1789 1442 1830 doctrina
1472 1790 1676 1832 ebriorum
1705 1791 1958 1833 sermonibus
2005 1805 2120 1834 com-

1254 1867 1395 1914 parata
1439 1863 1505 1900 84.
1548 1885 1602 1892 —-
1669 1862 1792 1902 verba
1836 1861 2032 1917 quaedam
2073 1876 2122 1902 ex

1255 1943 1396 1969 eorum
1420 1930 1634 1985 evaugelio
1657 1931 1754 1972 ibid.
1778 1955 1826 1963 -
1869 1931 2122 1986 promiscuos

1255 2008 1450 2054 usurpant
1481 2001 1718 2042 concubitus
1747 2010 1791 2042 et
1814 2001 1999 2042 humanis
2029 2016 2121 2043 car·

1254 2069 1371 2110 nibus
1401 2079 1618 2111 vescuntur
1644 2070 1744 2111 ibid.
1773 2093 1828 2103 --
1883 2071 1985 2112 dicti
2016 2074 2121 2113 Bor·

1253 2138 1428 2189 horiani,
1452 2139 1495 2180 id
1518 2148 1581 2181 est
1601 2140 1798 2182 coenosi:
1828 2141 1879 2182 ab
1902 2141 1991 2182 aliis
2008 2141 2122 2183 Cod-

1254 2208 1389 2259 diani,
1431 2217 1473 2250 et
1502 2210 1609 2250 unde
1636 2214 1700 2251 85.
1736 2234 1783 2242 --
1839 2211 1965 2252 iidem
2000 2211 2120 2253 variis

1254 2278 1483 2319 nominibus
1526 2281 1689 2334 vocati,
1741 2289 1785 2322 ut
1836 2281 2034 2323 militares
2077 2281 2120 2322 in

1255 2351 1469 2404 Aegypto,
1521 2364 1569 2391 00
1598 2349 1882 2401 Ρ1111>10111100,
1924 2351 2120 2392 zacchaei

1254 2426 1294 2458 01
1321 2418 1547 2460 Barbelitae
1566 2419 1663 2461 ibid.
1684 2444 1735 2450 —
1767 2420 1980 2476 disciplina
1999 2421 2118 2462 Gno-

1252 2487 1447 2529 sticorum
1477 2489 1575 2530 ibid.

1199 2558 1489 2600 Gnosticorum
1515 2560 1609 2601 libri
1638 2576 1757 2616 quam
1782 2562 1897 2616 impii
1921 2569 1963 2603 et
1989 2561 2119 2617 inepti

1253 2632 1317 2668 89.
1337 2653 1390 2660 --
1436 2644 1555 2685 quam
1579 2631 1753 2672 absurde
1780 2641 1820 2673 et
1842 2632 1991 2674 lascive
2014 2633 2120 2674 scri-

1251 2707 1392 2754 pturas
1432 2699 1756 2755 interpretantur
1798 2706 1864 2743 90.
1907 2725 1960 2735 -
2027 2702 2121 2744 aui-

1251 2785 1358 2811 mam
1386 2770 1603 2811 humanam
1643 2786 1732 2812 cum
1762 2772 1902 2813 bestiis
1932 2787 2121 2814 commu-

1250 2854 1344 2880 nem
1386 2855 1475 2881 esse
1517 2840 1658 2881 dicunt
1694 2841 1794 2883 ibid.
1824 2866 1876 2874 —
1936 2843 2121 2884 Gnostici

1252 2909 1509 2951 Phibionitae
1555 2925 1674 2965 quam
1715 2926 1818 2952 vaua
1869 2912 2027 2967 fingant
2067 2913 2119 2954 de

1250 2979 1500 3034 principibus
1529 2980 1635 3033 suis,
1667 2989 1709 3022 et
1739 2996 1842 3037 quae
1869 2983 1952 3024 sint
1978 2997 2119 3025 eorum

1250 3049 1412 3090 nomina
1451 3054 1515 3090 91.
1546 3074 1600 3081 -
1657 3062 1808 3106 negant
1840 3053 2043 3095 Christum
2066 3054 2118 3095 de

1251 3119 1380 3160 Maria
1409 3129 1549 3161 natum
1575 3120 1672 3163 ibid.
1702 3146 1756 3154 —
1813 3123 1900 3178 quis
1929 3126 1982 3164 sit
2010 3123 2119 3179 apud

1251 3188 1343 3228 illos
1377 3197 1420 3229 ct
1450 3190 1579 3244 qualis
1609 3190 1790 3233 Sabaoth
1819 3193 1917 3234 ibid.
1948 3217 2002 3225 -
2042 3208 2118 3235 co-

1251 3257 1381 3311 gnitio
1414 3259 1702 3301 Gnosticorum
1739 3262 1837 3304 ibid.
1869 3287 1920 3294 —
1978 3263 2119 3304 muudi

1251 3327 1477 3382 principem
1517 3329 1719 3371 ‘draconis
1773 3332 1911 3387 effigie
1962 3333 2119 3388 fingunt

1250 3397 1348 3437 ibid.
1379 3421 1435 3428 —
1491 3398 1654 3453 quidam
1695 3415 1744 3441 ex
1784 3402 1831 3442 iis
1859 3415 1995 3444 osores
2024 3418 2118 3444 mu-

1250 3467 1392 3507 lierum
1431 3467 1530 3508 ibid.
1559 3493 1613 3501 —
1684 3485 1764 3525 quo
1805 3473 1972 3529 quisque
2008 3473 2118 3529 apud

1253 3551 1323 3577 eos
1353 3537 1543 3578 lascivior
1572 3553 1622 3580 eo
1651 3542 1797 3583 melior
1826 3546 1892 3583 93.

1196 3607 1488 3648 Gnosticorum
1518 3609 1655 3651 fabula
1679 3611 1730 3652 de
1754 3614 1949 3656 Zacharia
1979 3618 2045 3656 94.
2065 3638 2115 3648 -

1250 3676 1457 3731 quomodo
1498 3678 1576 3732 ipsi
1609 3680 1879 3725 tintinnabula
1914 3684 2115 3739 pontificis

1249 3745 1614 3800 interpretarentur
1634 3754 1699 3793 94.
1727 3776 1777 3784 --
1808 3754 1977 3796 Levitae
1995 3756 2114 3797 Gno-

1250 3815 1444 3862 sticorum
1492 3820 1619 3876 turpis
1672 3823 1906 3866 commixtio
1949 3828 2015 3866 95.
2059 3848 2115 3862 —
