2508 4134
209 809 321 866 Κεφ.
352 805 398 851 ε’.

220 1585 306 1622 pag.
328 1576 400 1613 833.

218 2864 331 2919 Κεφ.
359 2861 406 2914 ς’.

434 267 505 317 46
1117 280 1121 286 ·
1149 270 1357 313 SANch
1387 271 1672 313 EPIPHANII

440 369 533 432 ῶν,
586 368 655 432 οἷς
702 367 851 433 θεὸς,
900 370 986 422 καὶ
1037 364 1113 428 ὥς
1151 364 1353 434 ἤμελλεν
1398 369 1600 430 ἕκαστος
1637 366 1738 421 άπὸ
1786 372 1873 435 τῆς
1921 365 2160 437 οἷληθείας
2196 368 2379 425 ἔαυτόν

441 454 714 523 ἐκβάλλειν,
767 456 897 522 ἔλεγε
945 450 1073 521 πρὸς
1107 450 1226 514 τούς
1256 450 1558 518 Ἰουδαίους,
1616 451 1776 506 Οὐδὲν
1825 451 1914 519 ἀφ’
1964 455 2145 508 ἑαυτοῦ
2181 453 2379 510 ποιεῖψό

436 539 575 605 υἰὸς,
615 538 702 592 ἐάν
737 536 805 605 μὴ
847 540 930 611 ἰ’δῃ
966 536 1053 591 τόν
1088 538 1276 607 πατέρα
1311 545 1566 591 ποιοῦντα.
1643 539 1743 590 Καὶ
1782 537 1875 605 οὐχ
1910 536 1991 591 ὅτι
2025 545 2226 607 πρῶτον
2262 537 2377 613 δρᾷ,

438 626 604 677 ἔπειτα
640 621 870 689 πράττει,
909 620 1030 676 ἀλλὰ
1067 621 1230 676 πάντα
1266 624 1319 676 ἐν
1354 624 1513 696 ἑαυτῷ
1550 625 1668 691 ἔχει,
1707 624 1789 676 καὶ
1827 621 2031 692 πράττει
2066 620 2101 676 ἃ
2137 623 2376 691 βούλεται.

591 798 714 855 Πῶς
745 786 838 846 οὖν
866 797 1021 846 ταῦτα
1050 794 1205 857 ἔσται,
1256 786 1295 845 ῶ
1338 794 1576 857 Φωτεινὲ,·
1626 791 1662 860 ἢ
1696 796 1770 855 τίς
1807 791 1836 846 ὅ
1873 795 1925 847 ἐν
1961 794 2041 847 σοὶ
2076 792 2224 847 πάλιν
2259 790 2381 861 ἡμῖν

439 877 838 948 προβαλλόμενος
868 883 1014 931 τοῦτο
1053 876 1108 930 τό
1160 876 1396 941 ζιζάνιον,·
1447 881 1520 939 τίς
1557 875 1586 931 ό
1621 877 1677 931 τὸ
1718 876 2014 948 δηλητήριον
2047 884 2195 932 τοῦτο
2232 899 2380 932 κατα-

437 962 681 1026 σκευάσας
715 969 784 1036 τῷ
821 966 940 1036 βίῳ,
979 963 1142 1016 πόθεν
1176 960 1231 1016 τὸ
1271 962 1493 1031 πονηρόν
1530 980 1608 1016 σοι
1636 965 1968 1031 ἐνθυμεῖσθαι
2004 961 2131 1016 κατὰ
2166 969 2257 1016 τοῦ
2293 985 2380 1017 κυ-

436 1052 548 1117 ρίου
585 1067 677 1103 σου
708 1047 1004 1117 βλάσφημον
1039 1051 1207 1115 λαβεῖν
1242 1045 1513 1112 ὑπόνοιαν,
1584 1047 1694 1100 Οὐκ
1722 1049 1883 1101 ἔπεισέ
1918 1065 1972 1100 σε
1995 1045 2238 1117 Ἀβραάμ,
2278 1045 2375 1114 ‹pol-

435 1151 570 1188 σκων
605 1133 734 1202 πρός
770 1131 922 1187 αὐτὸν
958 1135 1040 1187 καὶ
1077 1134 1254 1202 λέγων,
1300 1130 1355 1185 Ὁ
1389 1136 1576 1202 κρίνων
1599 1139 1761 1185 πᾶσαν
1797 1132 1888 1201 τὴν
1923 1139 2018 1203 γῆν
2054 1133 2115 1187 οὐ
2155 1131 2381 1200 ποιήσεις

435 1223 623 1289 κρίσιν,-
659 1217 944 1288 Ἐλὲγχθητι
969 1217 1061 1288 γάρ
1095 1215 1165 1279 ῶς
1187 1215 1301 1287 παρ’
1330 1215 1467 1289 αὐτῷ
1504 1215 1533 1270 ὁ
1570 1216 1680 1279 υἱός
1711 1220 2017 1286 ἐπεδήμησε,
2055 1219 2140 1272 καὶ
2170 1215 2232 1270 οὐ
2257 1238 2380 1287 προ-

437 1303 575 1373 φορά
613 1326 686 1366 τις
724 1303 820 1368 ῶν,
874 1298 972 1356 ἄλλ’
1010 1303 1371 1364 ἐνυπόσταστος
1406 1301 1527 1364 θεὸς
1561 1302 1721 1372 λόγος.
1795 1304 1898 1355 Καὶ
1929 1302 2068 1365 ὅπως
2104 1303 2304 1375 γνῴης,
2337 1295 2378 1357 οἶ

437 1388 733 1456 ἐθελόσοφε,
785 1388 838 1442 τὸ
880 1390 1034 1458 πέρας
1073 1394 1172 1441 τῶν
1211 1390 1259 1441 ἐν
1289 1387 1442 1460 ταύτῃ
1478 1393 1538 1460 τῇ
1566 1385 1808 1441 ὑποθέσει
1840 1389 2372 1458 πεπραγματευμένων,

437 1473 507 1538 οἷς
553 1477 606 1528 ἐν
641 1480 699 1548 τῇ
746 1477 862 1545 θείᾳ
897 1480 1068 1547 γραφῇ
1106 1471 1588 1542 ἐπισφραγισάμενος
1631 1470 1686 1526 τὸ
1730 1474 1912 1527 τέλειον
1942 1471 2057 1540 ἡμῖν
2083 1470 2373 1540 ἀπεφήνατο

438 1559 648 1627 φάσκων
672 1559 773 1624 ὅτι,
797 1557 1001 1628 Ἔβρεξε
1027 1558 1202 1628 κύριος
1238 1556 1318 1611 ἀπ’
1356 1555 1578 1627 ούρανοῦ
1616 1563 1717 1627 πῦρ
1756 1559 1842 1610 καὶ
1874 1565 2018 1612 θεῖον
2056 1559 2137 1612 ἐπὶ
2170 1558 2379 1625 Σόδομα

434 1647 521 1698 καὶ
558 1644 794 1714 Γόμορῤα
829 1642 966 1711 παρά
1013 1648 1219 1708 κυρίου,
1273 1644 1359 1696 καὶ
1408 1642 1504 1696 οὐκ
1553 1639 1716 1707 εἶπεν,
1769 1640 1825 1695 Ὁ
1863 1642 2009 1713 λόγος
2050 1648 2139 1697 τοῦ
2180 1646 2376 1713 κυρίου,

437 1728 587 1795 ἄλλά,
637 1728 830 1797 Κύριος
860 1728 996 1799 παρά
1024 1732 1226 1798 κυρίου·
1266 1725 1335 1790 ῶς
1362 1728 1448 1781 καὶ
1476 1730 1642 1796 Δαβὶδ
1668 1729 1816 1798 λέγει,
1856 1725 2020 1782 Εἶπεν
2050 1726 2081 1782 ό
2109 1727 2284 1797 κύριος
2311 1732 2380 1801 τῷ

433 1820 590 1889 κυρίῳ
632 1837 755 1883 μου,
807 1816 889 1868 καὶ
928 1817 1011 1867 ἵνα
1058 1821 1074 1851 ¹
1097 1813 1174 1867 ὅτι
1210 1812 1273 1866 ου’
1306 1811 1436 1880 μετὰ
1472 1811 1564 1880 τήν
1600 1814 1845 1883 ἕνσαρκον
1881 1817 2162 1882 παρουσίαν
2196 1811 2229 1868 o‘
2267 1811 2378 1876 υἰὸς

436 1900 592 1970 μόνον
619 1898 890 1970 εὑρίσκεται
919 1903 1182 1970 διηγεῖται,
1219 1899 1305 1952 καὶ
1342 1899 1451 1969 περὶ
1492 1904 1578 1966 τῆς
1615 1896 1698 1951 ἄπ’
1735 1895 1890 1967 α’ρχῆς
1921 1898 2015 1964 ὅτι,
2044 1899 2138 1952 Ἐκ
2166 1897 2380 1969 γαστρός

436 1986 534 2051 πρὸ
559 1983 854 2055 Ἑωςφόρου
885 1983 1120 2055 ἐγέννησά
1147 2002 1213 2037 σε.
1290 1985 1393 2036 Καὶ
1434 1985 1548 2051 περὶ
1573 1989 1665 2036 τοῦ
1696 1980 1840 2053 άγίου
1871 1982 2172 2051 πνεύματος,
2223 1977 2377 2038 ῶπ-πε·

436 2070 708 2141 ριττολόγε,
745 2072 830 2124 καὶ
859 2072 910 2124 ἐν
939 2068 1113 2140 ἀργοῖς
1140 2071 1225 2123 καὶ
1251 2070 1526 2139 περιέργοις
1559 2068 1834 2136 ταττόμενε,
1874 2067 2042 2132 οὐδεὶς
2072 2071 2257 2133 δέξεταί
2283 2087 2378 2124 σου

434 2155 520 2209 τὸν
550 2155 710 2226 λόγον.
789 2154 916 2209 Οὔτε
957 2153 1049 2226 γάρ
1083 2154 1358 2223 μειζότερον
1396 2151 1451 2207 τὸ
1484 2158 1703 2220 πνεῦμα,
1758 2151 1871 2207 οὔτε
1899 2152 2204 2224 μικρότερον,
2289 2159 2376 2217 Τίς

435 2240 529 2311 γάρ
557 2246 713 2293 ταῦτα
740 2240 1015 2309 ἐξεζήτησε,
1064 2241 1245 2307 φησὶν,
1294 2241 1349 2292 ἐκ
1386 2244 1486 2292 τῶν
1519 2244 1696 2309 χειρῶν
1725 2237 1894 2307 ὑμῶν,
1942 2237 2147 2310 Ἐλέγχει
2182 2258 2236 2294 σε
2261 2240 2316 2294 δὲ
2348 2237 2380 2295 ὅ

437 2323 588 2388 αὐτὸς
614 2324 755 2395 ἅγιος
788 2324 962 2396 λόγος,
1015 2323 1082 2386 ῶς
1111 2323 1296 2391 φάσκει
1323 2322 1496 2393 κύριος
1525 2326 1636 2392 περὶ
1666 2330 1755 2378 τοῦ
1785 2323 2064 2393 πνεύματος
2092 2331 2181 2381 τοῦ
2207 2323 2374 2396 άγίου·

437 2408 693 2481 ὁμολογῶν
722 2409 844 2464 αὐτό
873 2409 1078 2481 γνήσιον
1105 2415 1194 2477 τῆς
1221 2407 1377 2462 αὐτοῦ
1406 2407 1649 2478 θεότητός
1686 2427 1838 2478 φησι,
1899 2408 1964 2463 Τό
1993 2411 2049 2463 ἐκ
2072 2416 2164 2464 τοῦ
2191 2408 2378 2481 πατρὸς

437 2497 862 2567 ἐκπορευόμενον,
899 2497 985 2549 καὶ
1019 2501 1112 2549 τοῦ
1148 2496 1273 2563 ἐμοῦ
1307 2493 1530 2562 λήψεται.

582 2839 684 2894 Καὶ
726 2836 879 2894 πόσαι
919 2835 1055 2893 άλλαι
1099 2836 1395 2909 τυγχάνουσι
1438 2840 1697 2909 μαρτυρίαι
1710 2862 1725 2904 ,·
1776 2835 2027 2907 ἐπειδὴδὲ
2065 2844 2220 2892 πᾶσιν
2255 2834 2291 2907 ἦ
2313 2837 2378 2908 σὴ

435 2929 672 2996 ἐρεσχελία
715 2926 864 2995 δῆλός
904 2928 1005 2979 ἐστι
1033 2924 1224 2992 πλάνης
1253 2917 1379 2977 οὖσα
1416 2926 1501 2976 καὶ
1540 2922 1632 2978 οὐκ
1670 2924 1922 2991 ἀληθείας.
2012 2922 2379 2992 Φωραθήσεται

435 3013 488 3064 δὲ
516 3009 577 3065 οὕ
606 3010 764 3080 μόνον
789 3009 888 3064 άπδ
918 3016 1151 3075 συνετῶν,
1191 3007 1310 3062 άλλοὶ
1335 3011 1418 3062 καὶ
1450 3007 1549 3062 vind
1575 3015 1672 3062 τῶν
1698 3009 1877 3079 ὀλίγων
1901 3031 1947 3061 τι
1975 3014 2063 3076 τῆς
2093 3013 2238 3071 θείας
2263 3031 2378 3079 γρα-

439 3104 539 3164 φῆς
563 3095 654 3164 τήν
687 3095 1017 3150 άκολουθείαν
1041 3093 1495 3164 ἐπιγινωσκόντων,
1535 3091 1599 3148 δι’
1624 3093 1688 3161 ἣν
1715 3092 1808 3147 οὐκ
1839 3093 2231 3161 ἐπιδεηθήσομαι
2259 3100 2377 3148 πολ-

435 3187 532 3234 λῶν
571 3187 590 3218 ¹
612 3180 896 3251 μαρτύρων,
933 3179 968 3249 ἢ
995 3186 1177 3247 πολλῆς
1205 3177 1519 3249 ἀνατροπῆς·
1559 3177 1807 3233 εὐάλωτον
1835 3177 1928 3248 γάρ
1956 3198 2047 3231 σου
2073 3176 2127 3232 τό
2159 3177 2377 3248 διήγημα

438 3268 520 3318 καὶ
558 3263 593 3333 ἦ
630 3270 939 3319 κακδπιστία.
1016 3263 1110 3319 Διὸ
1142 3262 1361 3329 άρκετῶς
1400 3267 1567 3332 2ἔχειν
1597 3263 1656 3317 τά
1691 3261 1818 3333 πρὸς
1845 3263 1898 3315 σὲ
1935 3264 2193 3331 εἰρημένα,
2250 3260 2375 3328 3ὥς,

436 3347 535 3402 ἆπδ
576 3357 667 3419 γῆς
693 3349 1046 3416 άναφύσαντος
1080 3348 1339 3404 κνωδάλου
1380 3355 1406 3386 4
1425 3347 1609 3404 άτόνου
1642 3369 1693 3401 τε
1720 3349 1800 3401 καὶ
1832 3345 2119 3414 άδυνάμου,
2159 3353 2228 3419 τῷ
2255 3349 2377 3401 ποδὶ

435 3439 525 3486 τοῦ
549 3433 704 3504 λόγου
733 3439 1007 3507 συντρίψας
1045 3436 1130 3488 καὶ
1157 3440 1219 3508 τῇ
1245 3440 1332 3488 τοῦ
1362 3438 1489 3487 θεοῦ
1521 3432 1670 3504 λόγου
1698 3430 1906 3505 άληθείᾳ
1924 3474 1936 3497 ,
1992 3430 2026 3500 ἢ
2059 3429 2128 3494 ὥς
2157 3434 2374 3503 ἕλμιγγα,

2111 3547 2129 3571 ἱ

495 3604 591 3645 cip.
610 3607 659 3645 V.
679 3630 726 3637 --
766 3608 796 3645 1.
829 3610 1014 3649 Peravius
1037 3608 1149 3663 γνῷς
1173 3609 1380 3648 desiderat.
1437 3611 1605 3658 uterque.
1653 3605 1872 3659 μαρτυρῶν
1894 3605 1955 3645 ed.
1978 3606 2104 3655 princ.
2137 3605 2375 3659 μαρτυριῶν

434 3662 515 3703 Sed
531 3663 627 3702 nihil
641 3664 774 3712 deerit,
798 3666 831 3703 si
843 3663 910 3706 ἵνα
933 3666 1276 3714 interpretabimur
1299 3663 1379 3704 ubi.
1436 3664 1495 3703 ed.
1527 3665 1662 3704 Petav.

493 3717 590 3758 Cn.
615 3718 684 3760 VI.
711 3742 765 3749 --
830 3721 862 3760 l.
894 3717 1115 3774 μαρτύρων
1139 3721 1253 3762 codd.
1282 3732 1374 3761 mss.
1490 3721 1530 3762 2.
1563 3720 1671 3760 Libri
1695 3719 1835 3759 habent
1864 3715 1985 3773 ἔχειν.
