2508 4134
215 1938 300 1975 pag.
322 1929 393 1966 138.

435 269 536 320 556
1139 277 1342 320 SANCTI
1370 279 1651 321 EPIPHANII

436 376 516 428 καὶ
550 373 766 446 πλευράν
790 378 1084 446 νενυγμένην
1098 420 1110 444 ,
1150 373 1293 429 ο’στέα
1318 396 1367 428 τε
1395 377 1480 429 καὶ
1506 383 1681 448 νεῦρα,
1718 379 1801 431 καὶ
1828 376 1888 430 τά
1921 373 2061 444 ἄλλα,
2115 377 2184 442 οἷς
2203 380 2272 450 μὴ
2299 378 2362 436 εἷ-

438 482 519 514 ναι
551 463 828 528 φαντασίαν
857 459 910 514 τὸ
944 459 1221 532 ὁρώμενον,
1260 460 1467 523 πίστεώς
1491 483 1542 515 τε
1567 465 1652 516 καὶ
1678 465 1874 525 ἐλπίδος
1901 469 1990 531 τῆς
2015 461 2251 536 ἡμετέρας
2273 463 2363 534 τὴν

438 543 700 614 ὑπόσχεσιν
733 548 945 600 ἐποιεῖτο
978 544 1039 599 δι’
1067 549 1265 615 ἑαυτοῦ,
1313 544 1374 600 τά
1403 546 1492 600 ὅλα
1532 547 1806 615 τελειώσας,
1861 549 1946 600 καὶ
1973 554 2249 604 συνεσθίων
2273 553 2360 605 καὶ

435 630 867 699 συναυλιζόμενος,
908 630 968 684 οὗ
996 631 1218 700 δοκήσει,
1250 631 1348 685 ἀλλ’
1378 632 1609 705 ἀληθείᾳ·
1660 634 1911 686 παιδεύων
1935 654 1986 685 τε
2011 635 2200 698 ἐδίδαξε
2225 639 2360 704 βασι-

433 719 563 769 λείαν
598 715 851 787 οὐρανῶν,
904 715 1168 787 κηρύσσειν
1195 720 1247 771 ἐν
1274 718 1484 790 ἀληθεία
1513 716 1568 771 τὸ
1597 719 1718 788 μέγα
1746 719 1830 771 καὶ
1855 717 2249 789 κορυφαιότατον
2276 739 2359 790 ση-

433 804 621 869 μαίνων
648 809 751 864 τοῖς
775 810 1022 870 μαθηταῖς
1044 804 1127 856 καὶ
1151 805 1330 873 λέγων,
1368 801 1738 870 Μαθητεύσατε
1764 801 1823 856 τά
1850 805 1999 870 ἔθνη,
2037 806 2255 860 τουτέστι
2280 828 2361 875 με·

432 885 684 954 ταβάλλετε
721 885 780 940 τά
822 890 947 956 ἔθνη
988 887 1087 941 ἀπὸ
1128 892 1303 949 κακίας
1342 891 1411 949 εἰς
1447 886 1537 956 τὴν
1575 885 1840 956 άλήθειαν,
1893 886 1997 942 άπὸ
2028 891 2260 960 αἱρέσεων
2291 894 2362 955 εἷς

435 976 550 1040 μίαν
605 971 916 1040 92θεότητα,
982 977 1289 1041 βαπτίζοντες
1334 971 1519 1034 αὐτούς
1564 975 1633 1035 εἰς
1676 971 1836 1041 ὄνομα
1878 973 2067 1046 πατρός
2115 977 2200 1028 καὶ
2243 978 2360 1030 υἱοῦ

433 1060 516 1111 καὶ
540 1055 684 1128 άγίου
713 1057 1012 1127 πνεύματος,
1067 1063 1136 1121 εἰς
1163 1057 1253 1126 τήν
1289 1056 1534 1127 κυριακὴν
1562 1056 1836 1127 ὀνομασίαν
1867 1065 1954 1128 τῆς
1980 1059 2177 1131 τριάδος
2200 1059 2360 1132 άγίαν,

431 1145 515 1196 καὶ
551 1142 807 1212 βασιλικὴν
851 1148 1199 1215 93σφραγῖδα,
1250 1146 1333 1196 ’ἵνα
1368 1146 1500 1216 δείξῃ
1530 1146 1583 1197 ἐκ
1612 1150 1702 1197 τοῦ
1731 1143 1976 1212 ὀνόματος
2016 1149 2254 1214 μηδεμίαν
2281 1145 2361 1201 άλ-

431 1232 627 1283 λοίωσιν
655 1227 778 1283 εἶναι
805 1235 891 1297 τῆς
929 1235 1046 1297 μιᾶς
1075 1229 1312 1296 ἓνότητος.
1371 1227 1542 1282 ’Ὀπου
1573 1229 1664 1300 γάρ
1696 1233 1747 1283 οἷ
1769 1229 2113 1298 βαπτιζόμενοι
2139 1230 2358 1286 κελεύον-

433 1337 512 1368 ται
547 1317 614 1377 εἷς
644 1314 801 1383 ὄνομα
826 1314 1039 1385 πατρὸς,
1092 1316 1176 1368 καὶ
1206 1314 1515 1381 94ἆσφαλῶς
1547 1312 1582 1383 ἦ
1611 1318 1886 1386 δοξολογία·
1946 1319 2015 1380 εἷς
2046 1315 2205 1385 ὄνομα
2227 1320 2358 1386 υἴοῦ,

432 1401 526 1454 οὐκ
560 1407 617 1438 ⁹⁵
636 1399 949 1463 άποδεόντως
981 1398 1014 1468 ἡ
1043 1397 1319 1468 ἐπίκλησις·
1373 1402 1441 1462 εἰς
1465 1398 1623 1468 ὄνομα
1653 1398 1797 1472 άγίου
1825 1402 2122 1471 πνεύματος,
2162 1400 2224 1456 οὐ
2255 1406 2360 1472 διη-

438 1488 624 1557 ρημένη
662 1483 695 1555 ἦ
731 1488 926 1552 ἕνωσις,
966 1484 1081 1540 οὐδὲ
1118 1484 1547 1556 άπηλλοτριωμένη
1583 1492 1672 1555 τῆς
1708 1493 1823 1555 μιᾶς
1858 1486 2111 1557 θεότητος.

561 1915 849 1984 Ἀνελήφθη
889 1918 957 1978 εἰς
992 1913 1238 1986 οὐρανούς
1269 1918 1321 1970 ἐν
1349 1922 1406 1954 ⁹⁶
1424 1914 1558 1989 αὐτῷ
1588 1922 1658 1989 τῷ
1690 1915 1877 1984 σώματι
1902 1917 1987 1969 καὶ
2016 1922 2078 1990 τῇ
2107 1922 2246 1991 ψυχῇ
2273 1917 2358 1970 καὶ

429 2008 498 2075 τῷ
524 2008 621 2075 νῷ,
674 2002 949 2063 συνενώσας
989 2004 1056 2063 εἰς
1083 2004 1200 2069 μίαν
1231 2001 1432 2070 ἑνότητα
1463 2004 1546 2055 καὶ
1573 2005 1690 2070 μίαν
1716 2000 2047 2070 πνευματικὴν
2073 1999 2360 2069 ὑπόστασιν,

427 2089 510 2142 καὶ
549 2090 726 2141 ἔνθεον
759 2088 1055 2150 ἆποτελέσας
1090 2086 1321 2140 ἐκάθισεν
1349 2090 1401 2141 ἐν
1427 2090 1561 2160 δεξιᾷ
1594 2093 1682 2140 τοῦ
1713 2085 1924 2157 πατρὸς,
1976 2088 2182 2155 πέμψας
2210 2087 2363 2158 κήρυ-

428 2196 518 2236 κας
546 2176 613 2236 εἰς
641 2172 758 2241 ὅλην
786 2172 876 2241 τὴν
907 2174 1228 2241 οἰκουμένην,
1266 2177 1472 2241 Σίμωνα
1502 2174 1724 2242 Πέτρον,
1770 2170 2005 2243 ’Λνδρέαν
2034 2170 2121 2226 τόν
2146 2171 2363 2239 ἀδελφόν

429 2259 611 2324 αὐτοῦ,
657 2258 900 2328 Ἰάκωβον
930 2260 1014 2311 καὶ
1038 2256 1271 2326 Ἰωάννην
1298 2257 1417 2320 τούς
1443 2257 1586 2320 υἷοῦς
1619 2261 1914 2325 Ζεβεδαίου,
1969 2257 2056 2320 οὓς
2086 2257 2237 2312 πάλαι
2265 2260 2360 2322 ἐξε-

429 2346 622 2411 λέξατο,
675 2349 924 2398 Φίλιππον
961 2345 1045 2396 καὶ
1089 2349 1496 2413 Βαρθολομαῖον,
1556 2349 1832 2396 Ματθαῖον
1872 2345 1955 2396 καὶ
2008 2347 2220 2411 Θωμᾶν,
2275 2345 2361 2398 καὶ

427 2429 654 2498 Ἰούδαν,
695 2433 779 2483 καὶ
813 2433 1099 2493 Θαδδαῖον,
1131 2432 1335 2497 Σίμωνα
1366 2428 1455 2482 τὸν
1493 2428 1746 2498 Ζηλωτὴν,
1783 2427 1984 2481 Ἰούδαν
2012 2449 2062 2481 τε
2089 2426 2176 2482 τὸν
2201 2426 2362 2482 Ἰσκα-

430 2515 611 2585 ριώτην
637 2518 720 2569 καὶ
747 2515 998 2585 προδότην
1026 2513 1179 2567 αὐτοῦ
1207 2513 1497 2584 γενόμενον,
1552 2516 1637 2567 καὶ
1667 2513 1842 2576 ἄλλους
1871 2513 2208 2582 ἑβδομήκοντα
2247 2513 2359 2581 δύο,

430 2604 478 2666 ἐξ
511 2595 581 2654 ὧν
607 2595 733 2668 ἦσαν
762 2598 883 2653 ἕπτοὶ
913 2603 963 2653 οἷ
986 2601 1067 2653 ἐπὶ
1091 2606 1190 2653 τῶν
1215 2606 1405 2669 χηρῶν,
1445 2602 1728 2666 Στέφανος,
1772 2603 2041 2666 Φίλιππος,
2084 2598 2359 2670 Πρόχορος,

434 2685 699 2756 Νικάνωρ,
747 2690 941 2754 Τίμων,
983 2691 1273 2755 Παρμενᾶς,
1312 2687 1395 2739 καὶ
1422 2684 1694 2751 Νικόλαος,
1734 2684 1861 2756 πρὸς
1884 2686 2077 2746 τούτοις
2103 2688 2358 2749 Ματθίας,

432 2772 460 2828 ὅ
498 2774 607 2826 ἀντὶ
645 2770 817 2825 Ἰούδα
862 2772 1061 2838 ἔσχατον
1105 2772 1484 2839 συμψηφισθεὶς
1530 2769 1649 2839 μετά
1686 2777 1784 2824 τῶν
1822 2769 2012 2823 δώδεκα
2055 2766 2359 2836 άποστόλων,

431 2857 549 2928 μετά
582 2860 635 2911 δὲ
660 2856 847 2912 τούτων
873 2854 1074 2909 πάντων
1106 2855 1346 2927 Μάρκος,
1386 2863 1616 2922 Λουκᾶς,
1653 2855 1897 2920 Ἰοῦστος,
1938 2853 2226 2926 Βαρνάβας,
2275 2858 2362 2909 καὶ

424 2946 684 3012 Ἀπελλῆς,
735 2941 974 3009 Ῥοῦφος,
1032 2945 1214 3012 Νίγερ,
1266 2944 1351 2995 καὶ
1393 2945 1443 2995 οἱ
1477 2943 1639 2995 λοιποὶ
1681 2948 1779 2995 τῶν
1833 2940 2358 3009 97ἕβδομηκονταδύο.

433 3029 579 3083 Μετὰ
608 3027 814 3091 τούτους
842 3029 894 3081 δὲ
926 3026 1114 3090 πάντας
1147 3029 1232 3080 καὶ
1258 3026 1347 3080 σῦν
1384 3026 1553 3089 αὐτοῖς
1587 3033 1792 3080 Παῦλον
1824 3025 1908 3080 τὸν
1938 3023 2206 3096 ἁγιώτατον
2236 3025 2361 3080 ἀπό-

432 3122 628 3180 στολον,
681 3112 993 3181 ἐκλεξάμενος
1021 3111 1102 3166 διά
1142 3119 1315 3181 φωνῆς
1355 3116 1483 3175 ἰδίας
1509 3111 1593 3165 ἀπ’
1626 3111 1870 3183 ούρανοῦ,
1921 3110 2194 3164 ἀπόστολον
2231 3109 2361 3179 ὁμοῦ

431 3203 515 3254 καὶ
557 3199 751 3270 κήρυκα
798 3202 962 3253 ἐθνῶν
1006 3200 1088 3251 καὶ
1134 3197 1394 3267 πληρωτὴν
1435 3197 1761 3265 άποστολικῆς
1799 3200 2052 3257 διακονίας
2097 3197 2358 3252 ἀπέστειλε.

434 3288 536 3339 Καὶ
569 3284 778 3355 εὖρίσκει
806 3290 1017 3337 Λουκᾶν
1051 3290 1149 3337 τῶν
1182 3282 1609 3352 ἑβδομηκονταδύο
1653 3282 1771 3336 ὄντα
1814 3287 1910 3335 τῶν
1947 3283 2358 3351 ἐσκορπισμένων,

431 3374 515 3425 καὶ
556 3370 843 3424 ἀκόλουθον
880 3367 1034 3422 αὐτόν
1073 3371 1241 3437 ἔλαβε,
1294 3371 1377 3422 καὶ
1410 3367 1649 3438 συνεργὸν
1683 3373 1772 3421 τοῦ
1814 3367 2108 3436 εὐαγγελίου.
2188 3366 2360 3430 Οὕτως

432 3463 553 3526 γοῦν
578 3458 804 3523 ἐτελέσθη
842 3453 874 3522 ἦ
902 3461 1038 3507 πᾶσα
1075 3453 1358 3524 εὐαγγελική
1395 3457 1697 3523 πραγματεία
1724 3454 1816 3514 ἕως
1843 3450 2023 3504 τούτου
2048 3458 2140 3504 τοῦ
2161 3451 2358 3523 χρόνον.

558 3540 733 3594 ’Ἐσται
766 3542 819 3593 δέ
854 3562 938 3607 μοι
962 3538 991 3592 ὅ
1013 3540 1158 3610 λόγος
1180 3542 1272 3601 ἕως
1302 3534 1397 3592 ὧδε
1427 3541 1537 3609 περὶ
1568 3544 1667 3591 τῶν
1697 3539 1879 3590 εἴκοσιν
1905 3537 2139 3606 αἱρέσεων
2160 3540 2246 3591 καὶ
2271 3544 2358 3605 τῆς

487 3712 553 3753 9¹2.
591 3711 766 3767 ἑνότητα
795 3716 907 3754 habet
934 3716 1166 3754 Panarium.
1483 3706 1548 3752 94.
1580 3706 1776 3762 ἀσφαλής
1805 3711 1916 3749 habet
1946 3710 2095 3750 Panar.
2122 3723 2218 3761 pay.
2250 3711 2316 3751 50.

487 3768 554 3809 93.
589 3770 799 3823 σφραγῖδα
823 3773 936 3812 codd.
963 3783 1054 3811 mss.
1081 3776 1116 3811 et
1140 3772 1199 3810 ed.
1223 3771 1363 3819 princ„
1477 3765 1543 3807 95.
1575 3762 1839 3813 ἀποδεόντως
1862 3767 1943 3805 cod.
1965 3768 2040 3806 len.
2063 3771 2097 3807 et
2118 3769 2205 3806 edit.
2229 3770 2353 3817 princ.

433 3828 489 3867 uti
518 3830 742 3866 constanter.
1423 3818 1666 3870 ἀποδέοντας
1706 3823 1789 3863 cod.
1834 3824 1994 3874 Rhediy.
2037 3827 2071 3863 et
2099 3825 2188 3864 edit.
2218 3827 2353 3866 Petav·
