2508 4134
500 252 601 303 540
1212 256 1414 298 SANCTI
1445 256 1729 298 EPIPHANH

499 360 550 412 οἱ
589 357 673 411 καὶ
709 360 797 410 τοῦ
829 354 1185 424 Ἀδαμαντίου·
1242 352 1450 407 Παύλου
1495 359 1585 407 τοῦ
1620 354 1989 423 Σαμωσατέως,
2039 361 2339 424 Μανιχαῖοι,
2376 357 2430 410 οἱ

496 444 582 496 καὶ
618 446 676 478 ¹⁷
695 439 1033 505 Ἀκουανῖται,
1068 436 1348 510 Ἱερακῖται,
1387 441 1719 507 Μελητιανοὶ,
1758 443 1810 493 οἱ
1829 438 1933 493 κατ’
1962 442 2220 510 Αἴγυπτον
2251 442 2426 508 σχίσμα

496 526 647 594 ὅντες,
683 523 922 597 Ἀρειανοὶ
939 567 951 592 ,
992 526 1043 578 οἱ
1064 526 1150 578 καὶ
1178 522 1556 596 Ἀρειομανῖται,
1606 525 1875 578 Αὖδιανῶν
1899 523 1954 578 τό
1984 529 2180 594 σχίσμα,
2233 518 2290 564 1⁸
2312 529 2429 579 Φω-

499 613 757 679 τεινιανοὶ,
820 611 1213 681 Μαρκελλιανοὶ,
1264 608 1561 683 Ἡμιάρειοι,
1617 610 2052 680 Πνευματομοῖχοι,
2106 613 2159 665 οἱ
2191 609 2244 665 τό
2286 610 2428 682 ἅγιον

501 704 697 766 πνεῦμα
721 703 811 751 τοῦ
839 702 966 750 θεοῦ
994 699 1418 765 βλασφημοῦντες,
1462 696 1738 767 ’Λεριανοὶ,
1782 697 2053 763 Ἀετιανοὶ,
2104 699 2156 750 οἱ
2179 697 2266 750 καὶ
2290 694 2428 750 'Avo-

500 785 656 851 μοιοὶ,
712 780 788 844 οἷς
830 781 1121 835 συνάπτεται
1166 780 1516 849 19Εὗνόμιος·
1566 787 1874 852 Λιμοιρῖται,
1927 784 1979 836 οἱ
2013 781 2079 850 μή
2117 785 2298 836 τελείαν
2338 780 2429 850 τήν

506 873 724 939 Χριστοῦ
764 867 1144 938 ένανθρώπησιν
1184 865 1567 937 ὁμολογοῦντες,
1618 870 1670 920 οἱ
1705 857 2217 938 καὶ-Ἀπολιναρῖται,
2270 868 2430 921 οἱκαὶ

499 953 589 1022 τὴν
614 951 757 1024 ἁγίαν
787 956 995 1024 Μαρίαν
1031 951 1120 1021 τὴν
1165 951 1500 1022 ἆειπάρθενον
1537 953 1756 1023 λέγοντες
1791 951 1913 1021 μετα
1952 951 2081 1007 20τὸ
2112 951 2199 1006 τόν
2235 958 2431 1024 σωτῆρα

498 1039 835 1111 γεγεννηκέναι
861 1045 931 1113 τῷ
956 1037 1143 1106 Ἰωσὴφ
1172 1044 1458 1106 συνῆφθαι,
1512 1038 1739 1101 οῧςτινας
1766 1039 2057 1107 ἐκαλέσαμεν
2091 1038 2431 1106 Ἀντιδικομα-

504 1128 744 1197 ριανίτας’
783 1126 868 1178 καὶ
896 1127 948 1179 οἱ
975 1127 1044 1187 εἰς
1072 1122 1227 1191 ὄνομα
1255 1129 1343 1191 τῆς
1370 1123 1525 1191 αὐτῆς
1551 1128 1757 1195 Μαρίας
1782 1130 1871 1193 τῆς
1898 1122 2144 1178 θεοτόκου
2171 1126 2433 1195 κολλυρίδα

503 1212 891 1282 προςφέροντες,
929 1214 979 1263 οἳ
1008 1215 1267 1263 καλοῦνται
1308 1212 1703 1279 Κολλυριδιανοί·
1759 1211 2135 1278 Μασσαλιανοὶ,
2175 1207 2251 1272 οἷς
2286 1207 2435 1263 συνᾶ-

503 1319 706 1351 πτονται
737 1296 1102 1368 Μαρτυριανοὶ,
1142 1297 1193 1348 οἱ
1214 1291 1315 1349 α’πὸ
1338 1301 1436 1348 τῶν
1456 1293 1701 1364 Ἑλλήνων
1722 1298 1808 1349 καὶ
1835 1295 2131 1365 Εὗφημῖται
2150 1296 2235 1350 καὶ
2264 1300 2434 1348 21Σα-

508 1385 743 1437 τανιανοί.

637 1465 890 1520 Ἐπανιών
937 1467 990 1520 δὲ
1033 1459 1212 1532 αὖθις,
1262 1468 1348 1520 καὶ
1387 1465 1558 1520 διελών
1592 1466 1773 1530 ταύτας
1803 1466 1929 1521 κατὰ
1967 1470 2160 1536 βιβλίον
2193 1464 2435 1530 ὑποδείξω

507 1557 559 1608 ἐν
582 1552 734 1627 ταύτῃ
775 1558 833 1626 τῇ
872 1552 1294 1619 ἄνακεφαλαιώσει
1330 1553 1481 1606 πόσαι
1505 1552 1695 1606 τούτων
1735 1559 1832 1607 τῶν
1869 1552 2175 1625 ὁγδοήκοντα
2205 1553 2438 1623 αἱρέσεων

505 1643 558 1694 ἐν
587 1645 655 1713 τῷ
686 1638 864 1712 πρώτῳ
905 1640 1105 1712 βιβλίῳ,
1159 1640 1240 1692 καὶ
1271 1643 1490 1707 καθεξῆς
1527 1641 1579 1692 ἐν
1616 1645 1684 1712 τῷ
1714 1640 1949 1713 δευτέρῳ,
2004 1641 2096 1702 ἕως
2123 1644 2213 1692 τοῦ
2253 1641 2435 1709 τρίτου.

497 1724 643 1778 Ἀλλά
683 1727 770 1778 καὶ
808 1721 929 1777 καθ’
966 1725 1167 1778 ἕκαστον
1204 1730 1302 1777 τῶν
1342 1723 1465 1778 ἕπτοὶ
1491 1723 1655 1793 τόμων
1681 1731 1780 1778 τῶν
1809 1727 1859 1779 ἒν
1888 1726 2014 1796 τρισὶ
2043 1728 2251 1794 βιβλίοις
2275 1742 2439 1777 συντε-

502 1812 774 1882 ταγμένων,
825 1808 977 1863 πόσαι
1013 1811 1134 1863 εἰσὶν
1176 1812 1227 1864 έν
1262 1810 1476 1884 Μαῦτῷ
1517 1818 1835 1882 χωρισθεῖσαι
1875 1812 2097 1881 αἱρέσεις.
2173 1811 2274 1863 Καὶ
2310 1811 2439 1864 ἔστιν

302 1919 481 1966 pag.129.
507 1896 679 1959 οὕτως.
752 1893 834 1948 Ἐν
860 1896 948 1964 μὲν
974 1902 1040 1969 τῷ
1070 1895 1250 1970 πρώτῳ
1283 1899 1456 1970 βιβλίῳ
1484 1895 1626 1965 τόμοι
1652 1903 1804 1967 τρεῖς,
1844 1898 2051 1968 αἱρέσεις
2080 1894 2439 1967 τεσσαράκοντα

497 1987 581 2049 ἓξ,
620 1981 712 2036 σύν
741 1989 847 2044 ταῖς
877 1980 1166 2049 ὀνομασίαις
1194 1981 1410 2048 τούτων,
1464 1984 1592 2050 φημὶ
1624 1983 1676 2036 δὲ
1705 1980 2080 2053 Βαρβαρισμὸν,
2130 1983 2214 2035 καὶ
2245 1987 2438 2034 Σκυθι-

506 2068 655 2137 σμὸν,
709 2070 794 2121 καὶ
821 2066 1162 2136 Ἑλληνισμὸν,
1202 2070 1284 2121 καὶ
1308 2066 1645 2136 Ἰουδαϊσμὸν,
1682 2069 1766 2121 καὶ
1798 2065 2206 2138 Σαμαρειτισμόν.
2277 2064 2360 2119 Ἐν
2386 2065 2440 2118 δὲ

505 2160 574 2228 τῷ
603 2155 811 2227 δευτέρῳ
843 2156 1015 2226 βιβλίῳ
1043 2152 1186 2221 τόμοι
1216 2152 1336 2220 δύο,
1376 2155 1584 2224 αἱρέσεις
1612 2156 1765 2206 εἴκοσι
1793 2160 1934 2223 τρεῖς.
2001 2152 2090 2205 Ἐν
2117 2153 2169 2206 δὲ
2199 2157 2267 2226 τῷ
2293 2154 2437 2224 τρίτῳ

506 2243 676 2314 βιβλίῳ
701 2239 843 2308 τόμοι
873 2238 991 2304 δύο,
1030 2241 1237 2309 αἱρέσεις
1265 2241 1449 2292 ἕνδεκα.
1521 2237 1604 2291 Ἐν
1631 2242 1697 2311 τῷ
1725 2231 1817 2291 οὖν
1845 2237 2025 2311 πρώτῳ
2053 2241 2227 2311 βιβλίῳ
2259 2234 2441 2309 πρώτῳ

508 2329 642 2400 τόμῳ
666 2327 872 2396 αἱρέσεις
892 2323 954 2390 κ’,
993 2328 1050 2377 αι’
1065 2328 1186 2378 εἰσιν
1208 2328 1337 2378 αἵδε·
1378 2322 1742 2394 Βαρβαρισμὸς,
1770 2322 2080 2392 Σκυθισμὸς,
2111 2320 2441 2391 Ἑλληνισμὸς,

500 2410 831 2480 Ἰουδαϊσμός.
902 2409 1142 2478 Ελλήνων
1170 2411 1433 2480 διαφοραὶ,
1476 2409 1843 2481 Πυθαγόρειοι,
1898 2407 2052 2479 ἤγουν
2082 2411 2133 2462 οἱ
2165 2414 2444 2478 Περιπατη-

509 2499 661 2562 τικοὶ,
704 2498 1046 2561 Πλατωνικοι,
1083 2498 1328 2560 Στωϊκοὶ,
1359 2494 1707 2566 Ἐπικούρειοι.
1783 2492 2117 2564 Σαμαρειτική
2150 2497 2359 2565 αι’ρεσις,
2409 2490 2444 2560 ἦ

509 2578 636 2637 οὖσα
664 2584 716 2635 ἐκ
747 2588 834 2635 τοῦ
862 2582 1195 2649 Ἰουδαϊσμοῦ.
1269 2587 1593 2652 Σαμαρειτῶν
1619 2583 1746 2648 ε’θνη
1776 2582 1985 2650 τέσσαρα
2024 2579 2209 2645 οὕτως,
2271 2585 2329 2617 ²³
2349 2584 2444 2631 Γο-

512 2669 739 2739 ροθηνοὶ,
778 2671 1062 2735 Σεβουαῖοι,
1085 2667 1339 2735 Ἐσσηνοὶ,
1367 2670 1621 2721 Δοσίθεοι.
1688 2667 1947 2719 Ἰουδαίων
1973 2666 2181 2736 αἱρέσεις
2205 2664 2243 2728 ζ’
2269 2663 2444 2728 οὕτως,

514 2761 844 2823 Γραμματεῖς,
901 2759 1190 2823 Φαρισαῖοι,
1255 2756 1622 2817 Σαδδουκαῖοι,
1683 2751 2146 2822 Ἡμεροβαπτισταὶ,
2200 2750 2445 2814 Ὀσσαῖοι,

517 2847 814 2910 Νασαραῖοι,
851 2837 1158 2909 Ἡρωδιανοί.
1229 2837 1310 2892 Ἐν
1337 2839 1390 2891 δὲ
1415 2844 1483 2911 τῷ
1511 2839 1719 2911 δευτέρῳ
1751 2837 1884 2910 τόμῳ
1911 2842 1999 2890 τοῦ
2024 2834 2224 2905 πρώτου
2252 2836 2446 2902 βιβλίου

516 2925 748 2989 ώςαύτως
775 2926 983 2994 αἱρέσεις
1013 2924 1072 2995 ιγ’
1101 2924 1282 2989 οὕτως,
1322 2926 1653 2992 Σιμωνιανοὶ,
1693 2922 2095 2992 Μενανδριανοὶ,
2133 2925 2444 2989 Σατορνιλια-

513 3015 618 3078 νοὶ,
659 3013 1018 3076 Βασιλιδιανοὶ,
1059 3017 1375 3074 Νικολαΐται,
1417 3011 1716 3074 Γνωστικοὶ,
1754 3012 1807 3062 οἱ
1831 3009 1913 3061 καὶ
1944 3005 2323 3076 Στρατιωτικοὶ,
2359 3005 2448 3057 καὶ

520 3103 813 3168 Φιβιωνῖται
840 3100 892 3150 οἱ
919 3096 1083 3162 αὐτοὶ,
1122 3094 1257 3165 παρα
1287 3096 1341 3148 δέ
1355 3114 1449 3148 τισι
1475 3095 1861 3159 Σεκουνδιανοὶ,
1899 3090 2035 3162 παρὰ
2066 3090 2118 3143 δὲ
2145 3088 2307 3152 ἄλλοις
2338 3095 2449 3143 Σω-

516 3190 756 3254 κρατῖται,
793 3179 927 3252 παροὶ
952 3181 1004 3233 δὲ
1027 3182 1208 3252 ἑτέροις
1235 3188 1471 3249 Ζακχαῖοι
1490 3180 1807 3247 καλούμενοι·
1850 3177 2303 3247 Καρποκρατιανοὶ,
2344 3180 2448 3243 Κη-

519 3270 796 3340 ρινθιανοὶ,
848 3268 1007 3321 οἱκαὶ
1037 3268 1408 3337 Μηρινθιανοὶ,
1449 3271 1837 3335 ΜΝαζωραῖοι,
1886 3261 2195 3330 Ἐβιωναῖοι,
2240 3258 2450 3314 Οὐαλεν-

518 3363 662 3420 τῖνοι,
702 3354 1079 3418 Σεκουνδιανοὶ,
1118 3350 1195 3414 οἷς
1223 3352 1553 3405 συνάπτονται
1571 3348 1870 3417 Ἐπιφάνιος
1897 3348 1981 3400 καὶ
2013 3343 2275 3415 Ἰσίδωρος,
2319 3350 2449 3399 Πτο-

519 3447 722 3507 λεμαῖοι.
789 3441 877 3492 Ἐν
899 3440 950 3492 δὲ
973 3445 1041 3512 τῷ
1067 3442 1213 3511 τρίτῳ
1242 3436 1376 3510 τόμῳ
1402 3443 1490 3491 τοῦ
1524 3437 1680 3490 αὐτοῦ
1707 3434 1905 3503 πρώτου
1934 3434 2127 3499 βιβλίου
2158 3432 2369 3501 αἱρέσεις
2389 3428 2450 3500 ιγ’

522 3525 706 3590 οὕτως,
745 3524 1070 3594 Μαρκώσιοι,
1122 3523 1560 3594 25Κολορβοὶσιοι,
1597 3519 1990 3590 Ἡρακλεωνῖται,
2021 3516 2254 3582 Ὀφῖται,
2294 3521 2452 3570 Καϊα-

522 3614 628 3677 νοὶ,
666 3613 945 3679 Σηθιανοὶ,
991 3610 1328 3680 Ἀρχοντικοὶ,
1371 3607 1735 3679 Κερδωνιανοὶ,
1774 3605 2096 3672 Μαρκίωνες,
2133 3599 2450 3666 Ἀπελλιανοὶ,

585 3756 647 3797 17.
686 3759 806 3807 Vulyo
833 3753 1101 3798 Ἀκωανῖται.
1581 3748 1644 3791 19.
1675 3750 1783 3789 Libri
1810 3750 1928 3799 vulgo
1956 3742 2163 3799 ἀνόμοιος.

585 3812 646 3855 18.
679 3811 899 3867 φοτινιανοὶ
928 3815 1018 3854 edit.
1046 3814 1173 3863 princ.
1573 3805 1640 3849 20.
1662 3802 1727 3854 τὸ,
1748 3805 1851 3855 quod
1877 3816 1924 3846 ex
1944 3807 2120 3846 Panario
2146 3804 2307 3854 restitui,
2335 3804 2452 3853 vulyo
