2508 4134
545 295 769 337 PANARH
798 295 902 336 Lm.
927 297 997 336 [Η.
1022 297 1155 337 ΤοΜ.
1180 299 1213 337 1.
1243 298 1408 339 HAER.
1434 298 1630 360 Lxxvi.
1934 288 2027 338 291

138 396 358 459 trinitas,
398 411 519 462 quae
546 392 792 461 dignitatis
819 409 933 443 suae
964 393 1270 461 appellationi
1297 395 1467 462 cuique
1494 404 1820 448 consentanee
1849 412 2040 465 semper

138 480 323 531 existit.
395 476 524 530 Nam
554 495 639 546 per
662 476 844 545 ipsam,
885 485 934 527 et
961 494 1056 526 nou
1092 485 1262 540 extra,
1304 495 1425 544 quae
1458 480 1583 529 facta
1616 490 1753 544 sunt,
1807 498 1913 531 cum
1941 497 2038 530 non

138 571 333 626 esseut,
394 563 622 630 producta
665 569 797 611 sunt.
874 560 984 611 Ideo
1035 577 1192 627 neque
1238 561 1369 611 solus
1416 579 1501 629 per
1536 579 1646 613 sese
1689 573 1825 632 pater
1865 581 2038 615 caussa

134 655 211 698 est
246 645 545 699 conditarum
585 662 776 707 rerum,
833 644 922 694 sed
950 652 1087 712 pater
1117 653 1166 694 et
1214 644 1338 694 fili-us
1367 654 1415 694 et
1457 647 1659 713 spiritus
1689 657 1886 699 sanct-us
1929 665 2039 715 pro-

137 730 321 783 creavit
361 730 539 780 omnia.
615 726 759 795 Quod
793 728 833 778 si
863 728 1052 779 alienus
1091 736 1225 778 esset
1249 728 1402 791 filius,
1456 737 1598 796 atque
1632 748 1660 780 a
1686 732 1918 800 principio
1951 749 2040 783 suo

138 814 348 867 nondum
392 813 614 865 existens
652 812 888 880 originem
930 811 1204 874 habuisset,
1261 829 1366 862 cum
1414 813 1590 863 ceteris
1630 814 1850 865 omnihus
1888 816 1947 865 ab
1982 832 2040 866 eo

138 899 381 966 profectus
409 897 624 964 aequalis
655 904 787 948 esset
815 895 1065 959 o'mnibus3
1105 896 1230 946 unde
1257 904 1305 945 et
1333 895 1450 946 deus
1482 913 1576 946 non
1608 899 1915 963 generand0,
1955 900 2042 950 sed

137 982 440 1050 procreando
462 980 745 1049 principium
770 980 1048 1043 haberetur,
1088 980 1287 1047 fierique
1314 997 1408 1030 non
1437 988 1599 1047 posset
1624 981 1826 1048 amplius
1844 991 1896 1032 ut
1917 999 2041 1033 uuus

137 1065 328 1133 genitus
357 1083 412 1116 ac
443 1064 595 1128 filiuS,
650 1073 811 1116 cetera
853 1081 971 1115 vero
1003 1072 1254 1114 creaturae
1293 1064 1601 1127 dicerentur,
1656 1067 1740 1115 sed
1779 1066 1857 1116 vel
1884 1067 2043 1117 omnia

134 1149 284 1217 geniti
311 1150 506 1200 nomine
536 1147 927 1210 continerentur,
978 1149 1056 1198 vel
1094 1147 1223 1198 filius
1261 1147 1365 1216 ipse
1397 1148 1594 1216 perinde
1626 1166 1682 1199 ac
1713 1158 1873 1199 cetera
1906 1167 2043 1201 crea-

137 1242 244 1285 tura
278 1232 548 1296 diceretur,
603 1249 757 1300 neque
789 1231 1040 1299 quicquam
1068 1231 1116 1282 in
1147 1248 1205 1281 eo
1241 1241 1374 1282 esset
1403 1233 1664 1296 eximium3
1721 1250 1825 1283 cuni
1858 1233 1945 1284 hac
1977 1251 2043 1284 ex

136 1327 300 1386 parte,
354 1319 479 1387 quod
509 1334 572 1367 ex
601 1316 751 1371 nihilo
775 1317 1035 1383 productus
1067 1316 1220 1380 foret,
1277 1333 1399 1366 unus
1438 1315 1521 1367 ille
1552 1335 1657 1367 cum
1689 1317 1866 1368 ceteris
1900 1318 2043 1368 adae-

137 1410 367 1469 quaretur
393 1401 646 1465 omnihus3
683 1400 803 1452 adeo
832 1408 888 1450 ut.
915 1417 1010 1451 non
1037 1400 1178 1450 modo
1208 1400 1367 1467 angeli
1399 1417 1502 1450 cum
1536 1401 1786 1452 conditore
1818 1419 1874 1452 ac
1908 1419 2042 1452 crea-

136 1494 242 1536 tore
271 1503 358 1537 suo
387 1485 531 1539 unico
560 1483 637 1537 dei
661 1484 762 1534 filio
780 1522 794 1547 ,
835 1484 921 1534 sed
953 1491 1003 1534 et
1032 1483 1250 1534 homines
1282 1493 1329 1534 et
1354 1486 1561 1552 pecudes
1590 1487 1944 1553 adaequentur,
1986 1503 2043 1537 ac

136 1578 299 1624 cetera
337 1586 458 1637 quae
495 1569 559 1623 ah*
590 1568 717 1622 illius
754 1576 924 1623 natura
964 1584 1019 1618 ac
1055 1567 1284 1635 dignitate
1323 1567 1514 1619 infinito
1554 1570 1811 1620 intervallo
1842 1571 2039 1621 distant.

137 1651 292 1721 lgitur
318 1653 444 1704 lilius
470 1652 689 1703 existens
716 1670 820 1703 cum
847 1650 1092 1702 existente
1115 1660 1251 1720 patre
1278 1662 1505 1703 aeternus
1532 1661 1624 1717 est,
1666 1653 1725 1703 ab
1756 1671 1911 1721 eoque
1937 1654 2043 1705 sine

139 1746 383 1805 tempore,
425 1733 519 1787 non
549 1753 575 1786 e
604 1736 751 1786 nihilo
773 1774 786 1799 ,
828 1736 912 1786 sed
938 1752 1002 1786 ex
1030 1736 1136 1804 ipso
1164 1753 1216 1786 re
1241 1753 1358 1787 vera
1387 1737 1606 1804 genituS,
1647 1745 1816 1804 estque
1844 1737 2043 1806 spiritus

138 1821 240 1871 eius
268 1829 465 1872 sanetus
494 1819 551 1871 ab
577 1819 705 1870 illius
731 1828 903 1870 natura
929 1837 1025 1870 non
1052 1819 1258 1884 alieuuS,
1300 1837 1455 1888 neque
1486 1821 1615 1871 velut
1643 1820 1902 1872 adiumenti
1931 1839 2043 1889 gra-

136 1904 231 1969 tia,
271 1914 324 1955 ut
363 1904 534 1955 Ae'tius
572 1903 848 1967 existimat,
888 1921 918 1953 a
955 1904 1044 1954 deo
1083 1913 1406 1971 comparatus,

276 1988 410 2040 Aetii
443 1985 601 2056 Caput
625 1985 828 2040 XXIV.
906 1985 961 2039 Si
993 1987 1260 2055 ingenitum
1302 1989 1508 2056 privatio
1537 1990 1767 2056 quaedam
1810 1999 1913 2052 est,
1967 1999 2042 2040 est

137 2080 298 2127 autem
336 2072 545 2140 privatio.
581 2071 851 2125 affectionis
893 2071 1120 2135 amissio,
1173 2072 1369 2123 amissio
1407 2090 1549 2141 porro
1589 2075 1778 2142 penitus
1818 2091 1846 2125 e
1883 2074 2040 2124 medio

138 2157 346 2221 tollitur,
398 2164 481 2207 aut
525 2156 572 2206 in
613 2156 816 2206 alterum
854 2164 1204 2220 commutatur,
1259 2174 1465 2223 quonam
1504 2167 1641 2225 pacto
1677 2159 1933 2209 affectione
1963 2158 2045 2208 illa

138 2249 418 2297 transeunte
445 2249 529 2293 aut
554 2249 808 2308 pereunte,
849 2239 938 2290 hoc
965 2248 1040 2291 est
1063 2240 1266 2310 ingeniti
1289 2240 1628 2309 appellatione,
1670 2243 1747 2292 dei
1774 2242 2044 2295 substantia

140 2324 594 2393 cognominabitur?

281 2406 480 2461 Confut.
511 2405 712 2459 XXIV.
791 2405 845 2459 Si
873 2427 1000 2460 nunc
1027 2410 1227 2477 primum
1259 2427 1287 2459 a
1312 2418 1358 2461 te
1389 2418 1436 2461 et
1466 2428 1495 2461 a
1526 2411 1640 2473 tuis,
1682 2410 1816 2476 Aemi,
1859 2420 2043 2480 tempo·-

140 2493 275 2546 ribus
303 2501 437 2545 certa
474 2491 531 2545 de
564 2493 653 2541 deo
681 2492 842 2560 opinio
871 2492 966 2544 tuis
995 2510 1059 2544 ex
1089 2494 1381 2563 syllogismis
1413 2503 1488 2544 est
1515 2495 1571 2545 ad
1602 2495 1816 2546 eiusdem
1840 2497 2042 2563 gloriam

140 2579 468 2644 honoremque
489 2575 789 2650 deprompta,
815 2578 1207 2644 quemadmodum
1234 2586 1376 2634 antea
1402 2580 1652 2647 professus
1677 2596 1749 2643 eS,
1785 2597 1877 2648 ego
1902 2598 2041 2645 veru,

141 2662 221 2731 qui
249 2662 482 2716 adversus
510 2668 589 2723 te,
628 2660 718 2710 deo
747 2661 1009 2729 opitulante
1027 2700 1040 2725 ,
1082 2662 1290 2731 disputo,
1332 2663 1498 2714 eadem
1529 2681 1652 2730 quae
1676 2672 1726 2714 tu
1755 2664 1875 2718 dicis
1904 2682 2046 2716 usur-

142 2764 258 2816 pare
293 2754 489 2814 potero,
546 2761 652 2793 cum
695 2744 998 2811 antiquorum
1043 2763 1185 2796 nemo
1225 2755 1319 2797 tam
1361 2747 1409 2797 in
1441 2756 1608 2798 vetere
1651 2765 1791 2815 quam
1829 2749 1877 2799 in
1916 2767 2044 2800 novo

142 2839 459 2892 testamento,
513 2827 618 2879 sive
648 2844 712 2878 ex
738 2828 998 2895 apostolis,
1051 2830 1156 2879 sive
1198 2847 1263 2880 ex
1293 2831 1538 2899 prophetis
1576 2832 1640 2881 ita
1671 2832 1906 2894 senserit,
1963 2841 2044 2882 tuo

143 2925 190 2968 te
231 2914 406 2966 iudicio
455 2912 532 2965 vel
576 2912 680 2980 ipso
725 2912 814 2962 deo
853 2913 1252 2979 praestantiorem
1295 2931 1436 2979 esse,
1504 2924 1551 2966 et
1601 2915 1660 2966 ab
1703 2932 1870 2966 errore
1916 2915 2046 2965 omni

142 3008 399 3056 remotum.
473 2996 669 3047 Etenim
711 2996 796 3046 abs
838 3005 884 3045 te
925 2996 1156 3063 primum,
1207 3007 1254 3048 et
1300 3015 1365 3049 ex
1409 2999 1499 3049 hoc
1534 3007 1749 3067 tempore
1792 3000 1941 3063 deuS,
1997 3007 2048 3049 ut

143 3099 367 3140 asserere,
400 3081 611 3145 videris,
653 3089 783 3130 tuum
813 3079 924 3130 illud
955 3079 1231 3132 dialecticae
1271 3082 1545 3133 subtilitatis
1583 3082 1861 3145 artificium,
1914 3082 2048 3151 velut

145 3167 379 3235 quandam
423 3165 529 3216 fidei
559 3181 675 3215 suae
708 3163 1038 3213 accessionem
1067 3164 1269 3229 adiecit,
1322 3175 1375 3216 ut
1402 3175 1511 3234 puta
1547 3175 1695 3217 totam
1726 3167 1854 3216 illam
1886 3165 2047 3234 dispu-

144 3251 381 3302 tationem·
401 3250 459 3300 de
486 3246 687 3317 ingeniti
715 3247 1013 3315 privatione,
1055 3249 1207 3315 deque
1235 3250 1401 3317 genito
1429 3267 1485 3300 ac
1512 3250 1568 3300 de
1602 3250 1876 3300 affectionis
1902 3251 2049 3301 amis-

146 3335 284 3386 sione
326 3335 570 3403 perfecta,
623 3332 728 3383 sive
770 3331 1169 3395 commutatione,
1222 3350 1277 3385 ac
1315 3334 1372 3383 de
1413 3334 1729 3401 appellatione
1759 3333 1866 3397 dei,
1926 3351 2048 3402 quae

147 3419 445 3471 substantiae
468 3417 618 3486 ipsius
645 3416 888 3466 tribuitur.
945 3414 1139 3466 Etenim
1167 3433 1263 3466 non
1292 3416 1491 3480 idcirco,
1534 3418 1658 3484 quod
1690 3418 1806 3467 deus
1837 3418 2048 3469 omnium

146 3512 256 3572 post
279 3503 473 3558 unicum
511 3503 656 3555 filium
687 3518 741 3551 ac
774 3499 990 3569 spiritum
1031 3507 1249 3550 sanctum
1282 3509 1564 3568 procreator
1596 3501 1685 3563 sit,
1741 3518 1806 3552 ex
1837 3503 2049 3554 condita·—

145 3604 251 3641 rum
280 3604 441 3638 rerum
470 3586 833 3649 constitutione,
874 3592 955 3635 aut
981 3600 1147 3634 eorum
1179 3600 1300 3651 quae
1326 3584 1499 3635 absunt
1525 3602 1551 3634 a
1579 3585 1668 3635 deo
1697 3584 1921 3653 privatin,
1966 3598 2049 3638 aut

203 3724 242 3769 4.
272 3729 448 3768 Fortasse
477 3726 693 3780 >confflem-nc.
1180 3722 1218 3764 6.
1262 3722 1433 3778 κτίστην
1463 3726 1574 3765 codd.
1604 3737 1692 3766 mss.
1734 3730 1768 3766 et
1806 3728 1892 3767 edit.
1922 3730 2045 3777 princ.

204 3785 242 3823 5.
271 3778 534 3837 ἀλογιστικήν
562 3784 643 3823 cod.
668 3783 827 3832 Rhediy.
1125 3777 1294 3834 κτιστήν
1326 3782 1413 3821 edit.
1445 3783 1581 3823 Petav.

1589 3852 1711 3905 19*
