2508 4134
805 265 1340 306 ANACEPHALAEOSIS.
1923 246 2022 296 543

131 367 257 429 iani,
299 365 588 430 Severiani,
638 364 851 416 Tatiaui.
928 362 1065 413 Haec
1104 371 1177 411 est
1217 377 1399 411 summa
1444 367 1679 409 tomorum
1711 357 1848 407 trium
1888 354 2023 422 primi

129 451 258 502 libri.
334 449 546 502 Secundi
588 466 704 501 vero
735 448 840 498 libri
871 446 986 498 tomi
1012 448 1104 496 duo
1130 453 1268 506 sunt,
1311 444 1445 494 cuius
1483 443 1530 492 in
1563 443 1720 510 priore
1750 450 1905 501 tomo,
1947 437 2024 504 qui

131 544 326 603 quartus
357 543 458 598 est,
514 533 555 584 si
586 542 740 584 tomos
771 532 996 599 deinceps
1028 530 1085 579 ab
1118 529 1253 579 initio
1287 544 1539 587 numeres,
1596 526 1824 575 haereses
1850 520 2023 573 XVllI

130 619 437 669 eontinentur
483 618 572 667 hoe
611 618 769 668 modo.
850 614 1153 675 Encratitae,
1214 609 1577 678 Cataphryges,
1634 609 1711 676 qui
1757 618 1805 658 et
1831 605 2027 657 Mouta-

131 703 285 753 nistae
316 719 371 752 ac
402 700 812 769 Tascodrugitae,
853 696 1119 766 Pepuziani
1139 735 1152 758 ,
1195 697 1271 763 qui
1304 703 1352 744 et
1379 693 1693 760 Quintiliani,
1748 692 1917 758 quibus
1947 691 2028 740 ad-

128 786 389 853 iunguntur
419 785 739 853 Artotyritae‚
783 780 1380 840 Tessarescaedecatitac,
1423 778 1500 844 qui
1533 775 1719 827 Pascha
1750 777 1795 825 in
1830 775 2030 826 eandem

129 870 242 920 atini
273 869 397 919 diem
423 869 702 930 coniiciunt,
742 866 907 934 Alogi,
950 866 1027 933 qui
1057 874 1105 915 et
1128 862 1429 930 evangelium
1460 870 1508 910 et
1538 859 1862 928 Apocalypsin
1891 857 2031 909 loan-

131 954 204 1004 nis
230 953 511 1021 repudiant,
554 951 829 1014 Adamiani,
871 949 1141 1017 Sampsaei‚
1183 946 1261 1014 qui
1289 955 1338 997 et
1364 944 1640 1007 Helcesaei,
1684 942 2028 1004 Theodotiani,

129 1035 588 1098 Melchisedeeiani,
631 1034 1048 1094 Bardesianistae,
1090 1030 1351 1094 Noetiani,
1403 1028 1619 1090 Valesii,
1662 1025 1886 1089 Cathari,
1927 1026 2031 1076 An—

131 1122 300 1189 gelici‚
357 1120 658 1188 Apostolici,
712 1119 788 1186 qui
823 1118 965 1169 etiam
1009 1115 1309 1184 Apotactici‚
1369 1111 1661 1173 Sabelliani,
1719 1108 2031 1176 origenistae

134 1204 372 1255 foeditatis
401 1213 654 1266 auctoreS,
698 1200 1007 1270 Origenistae
1032 1200 1089 1249 ab
1116 1197 1317 1266 Origine
1347 1197 1657 1248 Adamantio.
1739 1194 1787 1244 ln
1819 1195 2031 1244 secundo

131 1298 290 1340 autem
318 1297 448 1339 tomo
477 1288 690 1339 eiusdem
722 1286 859 1349 libri,
902 1285 979 1353 qni
1009 1285 1168 1352 priore
1200 1284 1277 1333 illa
1307 1282 1588 1332 numerandi
1622 1282 1808 1330 ratione
1842 1278 2031 1345 quintus

132 1382 237 1436 est,
278 1372 509 1423 haereses
538 1372 745 1440 quinque
775 1378 907 1422 sunt.
985 1367 1122 1420 Pauli
1153 1365 1543 1428 Samosatensis,
1595 1361 1899 1424 Manichaei,
1955 1360 2032 1428 qui

133 1467 180 1508 et
214 1456 511 1520 Acuanitae,
553 1455 862 1517 Hieracitae,
904 1451 1186 1515 Meletiani,
1228 1452 1303 1519 qui
1334 1451 1380 1500 iu
1414 1451 1637 1518 Aegypto
1665 1447 1871 1499 schisma
1906 1448 2033 1495 fece-

131 1550 271 1604 runt,
313 1540 506 1591 Ariani.
587 1540 743 1607 Atque
775 1539 892 1589 haec
934 1546 1009 1588 est
1035 1547 1271 1588 tomorum
1301 1535 1407 1585 libri
1444 1532 1641 1584 secundi
1675 1549 1877 1583 summa.
1955 1528 2034 1580 Si-

132 1626 309 1676 militer
343 1633 390 1674 et
422 1625 470 1674 in
501 1623 642 1674 tertio
670 1624 792 1673 libro
826 1622 940 1673 tomi
977 1623 1068 1671 duo
1094 1629 1224 1672 suut.
1302 1619 1356 1670 In
1393 1618 1542 1687 primo
1588 1627 1717 1668 tomo
1744 1616 1870 1667 tertii
1905 1614 2030 1674 libri,

132 1718 277 1760 sexto
304 1717 461 1758 autem
489 1726 547 1758 eo
574 1726 712 1775 quem
742 1703 951 1758 diximus
982 1706 1177 1767 ordine,
1221 1705 1449 1754 haereses
1481 1701 1575 1754 Vll
1615 1709 1754 1763 suut,
1800 1699 2030 1757 Audiani,

133 1791 441 1855 Photiniani,
493 1790 831 1854 Marcelliani,
874 1789 1194 1852 Semiariani,
1245 1786 1698 1848 Pneumatomachi,
1740 1785 1815 1853 qui
1847 1783 2033 1852 spiritui

134 1886 302 1928 sancto
336 1876 681 1927 contumeliose
708 1875 991 1934 detrahunt,
1036 1873 1265 1936 Ae'riani,
1323 1872 1548 1935 Ae‘tiani,
1590 1871 1668 1938 qui
1698 1879 1745 1920 et
1772 1868 2032 1931 Auomoei,

133 1961 223 2012 hoe
254 1970 327 2011 est
353 1959 623 2010 Dissimiles
650 1960 967 2028 appellantur.
1029 1958 1082 2008 In
1111 1958 1321 2009 secundo
1353 1974 1471 2006 vero
1503 1965 1631 2006 tomo
1661 1954 1874 2005 eiusdem
1905 1952 2033 2003 tertii

134 2045 269 2109 libri,
310 2043 513 2112 septimo
540 2053 698 2094 autem
728 2061 793 2094 ex
822 2044 1059 2094 divisione
1085 2043 1162 2092 illa
1191 2059 1329 2109 quam
1364 2041 1600 2102 diximus,
1660 2039 1889 2089 haereses
1923 2055 2034 2105 qua-

135 2138 245 2180 tuor
280 2137 418 2193 sunt,
474 2126 804 2190 Dimoeritae,
868 2128 944 2195 qui
987 2145 1082 2177 nou
1132 2128 1391 2195 perfectam
1436 2121 1618 2176 Christi
1653 2123 2034 2173 incarnationem

135 2213 450 2274 confitentur,
507 2212 585 2279 qui
628 2212 770 2262 etiam
804 2211 1153 2278 Apollinaritae
1195 2211 1532 2269 nominantur,
1585 2218 1680 2259 tum
1713 2208 1791 2276 qui
1821 2216 2033 2257 sanctam

135 2295 339 2348 Mariam
368 2313 559 2365 semper
582 2287 838 2363 vi'rginem,
881 2306 1128 2364 postquam
1153 2295 1443 2345 salvatorem
1470 2293 1654 2361 genuit,
1698 2310 1801 2342 cum
1829 2291 2036 2358 Iosepho

136 2380 453 2432 consuevisse
482 2381 673 2443 dieunt,
717 2398 836 2448 quos
871 2378 1380 2430 Autidicomariauitas
1413 2378 1745 2440 nominamus,
1799 2385 1847 2427 et
1880 2376 1957 2443 qui
1987 2376 2036 2425 in

136 2483 308 2516 nomen
336 2464 549 2516 eiusdem
573 2462 759 2515 Mariae
787 2465 1043 2534 collyridas
1070 2464 1296 2527 offerunt,
1331 2463 1410 2530 qui
1438 2471 1670 2512 vocantur
1697 2458 2033 2530 Collyridiani,

134 2547 441 2601 Massaliani.
521 2547 707 2614 Quibus
740 2549 1240 2617 adiuncta-postremo
1273 2558 1347 2597 est
1378 2547 1644 2597 catholicae
1679 2545 1786 2596 fidei
1821 2563 1875 2595 ac
1910 2545 2038 2595 veri-

137 2634 250 2684 tatis
289 2633 641 2702 compendiaria
681 2633 917 2683 defensio.
997 2631 1049 2682 ln
1089 2650 1178 2700 qua
1210 2640 1377 2682 sancta
1419 2631 1654 2682 catholica
1693 2639 1742 2680 et
1774 2630 2035 2698 apostolica

136 2718 344 2769 ecclesia
380 2717 619 2768 consistit.

276 2885 527 2937 Eiusmodi
569 2894 644 2936 est
681 2904 861 2936 summa
907 2886 1272 2955 comprehensio
1310 2904 1364 2936 ac
1405 2885 1550 2937 totius
1596 2883 1755 2953 operis
1804 2883 2037 2935 adversus

139 2972 382 3039 octoginta
413 2971 642 3020 haereses
672 2971 948 3037 inscriptio,
992 2989 1096 3020 cum
1133 2971 1271 3022 unica
1302 2988 1357 3021 ac
1388 2971 1615 3038 singulari
1647 2969 1926 3019 defensioue
1955 2986 2037 3018 ve-

137 3054 320 3118 ritatis,
363 3056 452 3105 hoc
480 3064 553 3105 est
580 3055 717 3104 unius
748 3054 983 3104 ecclesiae
1020 3063 1160 3121 atque
1188 3055 1472 3105 catholicae.
1551 3052 1692 3120 Quod
1726 3071 1844 3121 opus
1880 3053 2038 3103 distri-

138 3138 302 3189 butum
333 3139 383 3189 in
412 3149 572 3208 partes
606 3149 703 3189 tres
736 3148 889 3188 tomos
924 3147 1104 3206 septem
1137 3138 1487 3207 complectitur.
1562 3136 1708 3187 Nunc
1739 3137 1876 3186 aliam
1906 3137 2038 3186 dein-

140 3240 252 3291 ceps
294 3223 408 3274 tomi
452 3224 626 3291 prioris
666 3222 769 3272 libri
811 3240 1042 3272 summam
1086 3241 1141 3272 ae
1184 3222 1513 3290 compendium
1554 3221 1888 3282 instituemus,
1945 3238 2036 3287 quo

140 3308 326 3374 quidem
370 3310 415 3358 in
448 3309 570 3358 libro
607 3306 775 3373 viginti
806 3306 1031 3356 haereses
1059 3307 1383 3357 continentur.
1459 3304 1683 3373 Inprimis
1715 3305 1838 3354 enim
1869 3305 2038 3354 haere-

141 3407 258 3440 seon
301 3393 512 3442 omnium
554 3400 732 3441 matres
770 3409 824 3440 ac
866 3390 1118 3458 primariae
1165 3389 1536 3458 appellationes,
1589 3406 1615 3438 a
1646 3388 1815 3455 quibus
1844 3397 2038 3438 ceterae

143 3474 470 3538 dimanarunt,
512 3485 623 3527 sunt
660 3474 911 3525 eiusmodi.

280 3557 647 3624 BarbarismuS,
703 3559 782 3627 qui
811 3576 895 3627 per
918 3558 1125 3626 seipsum
1173 3557 1230 3608 ab
1261 3557 1449 3607 Adamo
1478 3557 1535 3607 ad
1572 3557 1735 3607 decem
1764 3557 2037 3624 generatio-

199 3698 265 3739 30.
297 3700 416 3749 Vulyo
445 3698 662 3742 Φωτιανοὶ.
1119 3702 1249 3748 repet„
1276 3698 1465 3737 mendose.

198 3753 264 3795 31.
294 3751 640 3810 διαλαμβάνοντες
666 3757 754 3796 edit.
776 3757 908 3796 Petav.
932 3756 1062 3795 Coton.
