2508 4134
584 267 807 310 PANARn
836 267 938 308 Lm.
956 267 1027 308 111.
1058 268 1245 310 ToM.1.
1274 267 1439 308 HAER.
1464 266 1661 307 Lxxnr.
1975 254 2073 306 103

174 382 329 434 neque
369 364 524 430 filius,
582 365 668 417 sed
699 364 896 433 spiritus
922 372 1148 427 sanctuS,
1205 381 1343 433 quem
1386 382 1473 434 per
1503 365 1653 416 filium
1686 372 1823 433 pater
1850 361 2076 413 fidelibus

171 449 391 517 largitur.
467 447 634 517 Quare
675 448 847 499 merito
893 447 1204 499 subsistentis
1247 449 1598 517 existentisque
1640 448 1789 517 patris
1829 464 1887 498 ac
1916 446 2001 497 filii
2030 455 2079 498 et

170 534 367 602 spiritus
406 533 560 585 sancti
599 533 952 602 proprietateS,
1005 539 1058 582 ut
1080 530 1319 594 diximuS,
1360 533 1725 584 subsistentium
1760 547 2076 601 personarum

169 616 455 686 hypostases
484 614 762 669 Orientales
796 615 1072 678 nominant3
1127 632 1224 665 non
1273 623 1325 665 ut
1361 624 1461 666 tres
1500 617 1604 667 illas
1643 617 1931 685 hypostases
1984 614 2079 666 tria

169 701 428 771 principia,
470 710 635 753 tresve
668 701 785 752 deos
815 716 924 751 esse
956 700 1136 750 dicant.
1210 697 1339 749 Nam
1385 717 1470 750 eos
1509 700 1813 750 anathemate
1848 699 2078 750 damnant

169 785 248 853 qui
271 795 370 837 tres
395 786 513 836 deos
542 792 786 837 asserunt.
847 782 1024 851 Neque
1052 799 1171 834 vero
1198 791 1382 851 patrem
1415 792 1462 834 et
1488 783 1639 833 filium
1669 784 1788 834 duos
1819 800 1930 835 esse
1959 784 2077 835 deos

167 869 347 919 dicunt.
423 867 532 919 Hoc
562 868 688 919 enim
718 870 956 931 fatentur,
997 884 1139 918 unam
1169 884 1279 918 esse
1308 866 1625 931 divinitatem,
1666 883 1789 934 quae
1814 884 1901 935 per
1925 868 2076 918 filium

99 967 102 972 ·
166 953 212 1003 in
237 952 408 1021 spiritu
435 961 603 1004 sancto
630 952 879 1003 contineat
906 950 1162 1015 universa3
1192 969 1332 1002 unam
1361 951 1554 1019 inquam
1581 951 1899 1015 divinitatem,
1928 969 2075 1003 unum

164 1053 396 1104 regnum,
449 1045 592 1104 atque
635 1054 780 1087 unum
821 1034 1074 1104 imperium
1118 1052 1229 1086 esse
1261 1025 1584 1087 confitentur.
1660 1035 1723 1087 Et
1766 1034 2076 1087 nihilominus

164 1137 399 1188 personas
438 1120 487 1171 in
527 1120 856 1189 hypostaseon
898 1137 1093 1170 suarum
1135 1119 1508 1188 proprietatibus
1533 1121 1610 1189 pie
1644 1120 1952 1182 discernunt,
1994 1137 2075 1187 pa-

163 1213 283 1255 trem
327 1204 552 1256 videlicet
589 1205 639 1255 in
677 1212 876 1273 paterna
918 1203 1171 1254 maiestate
1213 1203 1587 1268 subsistentem3
1643 1204 1793 1255 filium
1823 1220 1943 1254 vero
1978 1221 2074 1254 uon

161 1297 343 1358 partem
381 1305 491 1340 esse
523 1288 672 1357 patris
701 1287 1000 1355 intelligunt,
1052 1288 1137 1338 sed
1177 1306 1202 1339 a
1232 1289 1449 1357 perfecto
1479 1297 1615 1358 patre
1644 1289 1907 1357 perfectum
1938 1287 2075 1354 geni-

163 1382 259 1424 tum
299 1390 354 1423 ac
403 1371 747 1423 subsistentem
802 1381 1091 1439 agnoscunt.
1179 1372 1256 1423 Ac
1306 1373 1511 1441 denique
1563 1373 1780 1442 spiritum
1831 1379 2069 1434 sanctum,

161 1473 300 1524 quem
331 1457 568 1526 scriptura
597 1473 737 1507 sacra
768 1453 1077 1506 Paracletum
1109 1465 1272 1519 vocat,
1315 1474 1341 1506 a
1370 1466 1505 1526 patre
1537 1449 1622 1526 per
1655 1456 1805 1507 filium
1834 1456 2073 1526 prodeun-

159 1549 254 1593 tem
286 1558 342 1592 ac
369 1541 712 1592 subsistentem
758 1539 1015 1591 definiunt.
1093 1539 1507 1607 Quemadmodum
1554 1541 1825 1610 paracletus
1863 1541 1944 1592 ille
1988 1556 2074 1591 ve-

158 1625 314 1676 ritatis
350 1624 547 1692 spiritus
589 1622 841 1675 veritatem
888 1625 1038 1693 ipsam
1070 1642 1159 1675 nos
1198 1626 1367 1689 docet,
1421 1643 1544 1694 quae
1583 1634 1659 1677 est
1700 1626 1848 1676 filius.
1924 1627 2323 1675 Netum-comm.

157 1714 274 1760 enim
298 1713 436 1769 dicit,
497 1712 718 1758 Dominus
745 1711 903 1772 IesuS,
944 1713 1041 1759 nisi
1062 1713 1109 1759 in
1138 1713 1309 1774 spiritu
1334 1720 1512 1760 saneto.
1595 1707 1679 1761 Sic
1714 1719 1763 1760 et
1791 1710 1951 1774 filius,
1993 1709 2073 1776 qui

158 1794 339 1845 veritas
365 1803 468 1859 est,
509 1793 649 1844 deum
675 1809 842 1844 verum
875 1802 1059 1861 patrem
1087 1811 1226 1844 suum
1255 1810 1364 1845 esse
1394 1794 1470 1862 pie
1503 1812 1591 1845 uos
1627 1793 1839 1857 edocuit,
1881 1794 2068 1857 dicenS,

158 1882 252 1942 ,Qui
272 1882 395 1928 videt
423 1896 493 1927 me
519 1880 641 1927 videt
666 1886 715 1926 ec
735 1886 934 1941 patrem.
1013 1875 1167 1945 Igitur
1196 1878 1345 1928 filium
1380 1879 1430 1929 iu
1465 1878 1634 1947 spiritu
1670 1887 1868 1944 sancto,
1910 1888 1961 1930 ut
1986 1896 2072 1947 par
2088 1884 2323 1932 ἱππ-Ἀθ.

157 1973 260 2025 est,
311 1961 649 2029 intelligimuS,
704 1961 754 2011 in
784 1961 1031 2029 unigenito
1062 1979 1183 2013 vero
1216 1962 1363 2013 filium
1399 1963 1504 2032 pie,
1557 1971 1606 2013 et
1637 1971 1690 2014 ut
1717 1980 1805 2032 par
1835 1972 1936 2027 est,
1988 1980 2071 2032 pa-

156 2055 275 2098 trem
307 2063 416 2098 esse
442 2062 717 2097 censemus.
795 2045 903 2097 Hoc
929 2055 1003 2096 est
1035 2046 1149 2097 fidei
1175 2046 1309 2097 velut
1340 2046 1547 2116 sigillum
1566 2088 1579 2112 ,
1633 2048 1683 2098 in
1710 2066 1803 2116 quo
1831 2047 2072 2116 baptizari

155 2148 245 2182 nos
275 2131 493 2183 salvator
523 2148 580 2182 ac
608 2130 829 2182 domiuus
858 2127 997 2181 lesus
1025 2127 1252 2182 Christus
1283 2131 1539 2199 aliquando
1567 2132 1729 2196 iussit,
1771 2132 1845 2184 his
1880 2131 2065 2196 verbis,

154 2218 333 2266 Euntes
355 2219 512 2266 docete
536 2233 691 2265 omnes
711 2224 877 2280 gentes
893 2253 907 2275 ,
950 2216 1243 2281 baptizantes
1269 2234 1348 2265 eas
1372 2219 1419 2265 in
1452 2220 1632 2266 nomine
1660 2221 1816 2282 patris
1831 2254 1845 2277 ,
1887 2226 1934 2266 et
1943 2218 2065 2282 filii,
2113 2207 2256 2296 ἒὲῗῗὲ·

154 2317 210 2349 ae
245 2304 440 2366 spiritus
475 2303 643 2350 saneti.

298 2465 529 2521 Ceterum
572 2486 679 2519 cum
718 2468 776 2518 de
817 2469 1032 2538 perfecta
1062 2467 1151 2519 filii
1181 2487 1287 2520 eum
1329 2477 1462 2538 patre
1491 2468 1802 2520 similitudine
1830 2469 1925 2521 alio
1959 2467 2067 2520 loco
2151 2471 2248 2525 cap.

156 2553 309 2605 fusius
357 2551 792 2622 disputaverimus,
848 2552 922 2603 hic
962 2561 1122 2604 tamen
1162 2554 1380 2605 breviter
1416 2554 1680 2606 observare
1722 2570 1818 2604 non
1863 2552 2064 2622 pigebit,
2126 2528 2262 2571 XVII·

155 2638 453 2706 apostolum,
495 2636 573 2705 qui
605 2637 679 2686 dei
714 2654 810 2687 non
835 2636 1141 2706 aspectabilis
1171 2638 1382 2707 imagine
1412 2638 1560 2689 filium
1591 2655 1700 2689 esse
1729 2637 1870 2702 dixit,
1912 2654 2066 2705 eoque

154 2722 295 2773 modo
321 2721 610 2790 patrisesse
639 2719 841 2771 similem
876 2722 1054 2785 docuit,
1096 2722 1192 2772 alio
1220 2723 1425 2791 quodam
1455 2724 1503 2774 in
1533 2723 1641 2774 loco
1669 2722 2065 2791 quemadmodum

155 2807 219 2858 sit
246 2806 588 2873 intelligendus
633 2805 761 2855 filius
792 2806 1062 2873 aperuisse.
1138 2805 1267 2858 Nam
1310 2810 1359 2858 in
1392 2808 1596 2877 epistola
1629 2825 1769 2876 quam
1801 2808 1859 2858 ad
1884 2805 2066 2874 Philip-

155 2908 330 2960 penses
369 2890 562 2958 scripsit
587 2889 653 2940 ita
681 2888 917 2956 loquitur:
971 2893 1064 2954 Qui
1090 2910 1191 2941 eum
1224 2897 1271 2942 in
1297 2895 1452 2959 forma
1479 2897 1558 2942 dei
1582 2902 1704 2942 esset
1727 2911 1818 2942 non
1846 2895 2057 2957 rapinam
2080 2903 2220 2950 Phim,
2243 2904 2276 2938 a.

154 2977 415 3024 arbitratus
443 2984 515 3024 est
548 2993 648 3023 esse
679 2992 729 3022 se
757 2976 991 3038 aequalem
1021 2978 1130 3036 deo,
1182 2980 1267 3027 sed
1302 2982 1591 3044 semetipsum
1633 2979 1892 3027 exinanivit
1899 3013 1913 3035 ,
1961 2976 2064 3040 sor-

153 3077 272 3109 mam
308 3063 437 3109 servi
467 3063 725 3124 aeczpiens,
783 3061 830 3106 in
854 3061 1198 3110 similitudinem
1228 3064 1459 3112 hominum
1488 3065 1668 3119 faetus:
1723 3061 1779 3110 ad
1811 3058 2063 3110 Romanos

154 3160 273 3195 vero
308 3142 554 3194 scribens:
614 3146 746 3207 Quod
771 3145 887 3191 enim
917 3152 1020 3191 erat
1048 3147 1326 3209 impossibile
1356 3149 1477 3212 legi,
1529 3151 1576 3196 in
1610 3165 1699 3212 quo
1737 3143 2065 3209 infirmabatur
2087 3157 2194 3193 Rom.
2213 3157 2295 3201 8,3.

148 3246 236 3293 per
276 3245 458 3278 earnem
472 3265 486 3287 ,
539 3231 650 3277 deus
674 3230 837 3293 filium
878 3245 1012 3276 suum
1054 3232 1238 3278 mittens
1277 3234 1324 3280 in
1361 3234 1664 3280 similitudine
1698 3231 1881 3287 earnis,
1937 3235 1987 3275 et
2009 3229 2065 3275 de

148 3321 341 3377 peccato
366 3315 684 3362 condemnavit
703 3321 943 3377 peecatum
973 3315 1020 3360 in
1053 3330 1210 3362 earne.
1290 3312 1376 3365 Sic
1412 3314 1559 3382 igitur
1596 3313 1686 3363 hoc
1717 3310 1892 3379 duplici
1928 3309 2064 3360 testi-

154 3397 315 3446 monio
360 3413 426 3446 ex
457 3396 684 3446 ambabus
721 3396 936 3463 epistolis
969 3396 1248 3465 deprompto
1287 3398 1344 3447 ab
1374 3414 1607 3466 corporea
1642 3404 1811 3446 natura
1844 3393 2065 3444 similitu-

155 3480 278 3530 dinis
317 3481 561 3531 notionem
602 3481 650 3530 in
678 3480 964 3548 incorporeo
1006 3487 1140 3547 patre
1173 3480 1364 3548 filioque
1396 3481 1733 3549 perdiscimus.
1812 3475 2061 3547 Siquidem

153 3593 225 3633 τοῦ
264 3589 494 3644 πνεύματος
532 3592 603 3635 τοῦ
640 3589 769 3645 ἁγίου.
831 3595 950 3642 Vulyo
981 3594 1079 3631 eni-m
1136 3594 1248 3632 codd.
1294 3605 1385 3633 mss.
1424 3597 1458 3633 et
1489 3593 1547 3632 ed.
1586 3594 1709 3643 princ.
1741 3593 1973 3646 μαρτυριῶν
2003 3592 2061 3633 ed.

154 3651 257 3687 extat
282 3643 543 3702 ὑπάρχοντος,
575 3647 648 3690 καὶ
675 3648 745 3690 τοῦ
772 3662 835 3689 πν.
864 3649 935 3690 τοῦ
962 3645 1079 3700 ἁγίου
1138 3649 1272 3689 Fetav.

153 3701 229 3750 τὰς
260 3702 469 3756 ἰδιότητας
493 3708 575 3744 cett.
1192 3703 1231 3743 2.
1263 3700 1338 3756 τὴν
1361 3699 1441 3746 ἀπὸ
1465 3706 1682 3754 suspicatus
1708 3710 1762 3746 est
1790 3707 1986 3748 Petavius.

212 3758 307 3798 CAP.
325 3759 460 3802 XV11.
493 3783 540 3792 —-
606 3760 640 3801 1.
673 3759 905 3812 μαρτυρίων
944 3761 1082 3803 habent
1191 3758 1230 3799 3·
1253 3756 1401 3804 ἔννοιαν
1425 3762 1656 3810 vocabulum
1681 3773 1754 3803 om.
1779 3764 1820 3803 in
1841 3763 1900 3803 ed.
1926 3763 2060 3818 Petavq
