2508 4134
231 697 318 735 pag.
349 688 423 724 825.

213 2223 325 2278 Κεφ.
347 2219 414 2277 ιγ’.

448 230 516 282 32
1159 236 1366 278 SANGTI
1394 237 1686 280 EPIPHANH

446 335 537 404 τήν
566 334 799 402 τοιαύτην
826 332 1074 388 ὑπόθεσιν
1102 333 1319 400 ἐχουσῶν
1348 332 1438 399 τήν
1466 336 1725 410 διοίκησιν.
1779 332 1907 389 Οῦτε
1935 335 2027 406 γάρ
2053 340 2104 402 ἐξ
2133 339 2388 402 7ἑξκαιδε-

445 419 602 488 κάτης
639 419 925 485 δυνάμεθα,
966 414 1079 470 οὔτε
1111 415 1210 471 ἆπὸ
1251 417 1467 485 δένάτης
1491 417 1698 486 σελήνης
1727 418 1991 488 δυνάμεθα
2026 421 2274 493 ἄρξασθαι
2300 430 2391 492 τῆς

447 504 726 572 ἑβδομάδος
761 508 848 569 τῆς
885 505 1197 571 ξηροφαγίας
1237 504 1323 556 καὶ
1364 503 1543 571 Πάσχα
1582 505 1889 572 καλουμένης
1914 503 2084 576 άγίας,
2130 505 2252 562 άλλᾶ
2287 507 2388 563 dud

449 588 656 654 δεκάτης
685 589 778 649 ἕως
803 586 1190 655 ἐπιφωσκούσης
1215 586 1674 655 πεντεκαιδεκάτης,
1712 589 2014 658 μεσαζούσης
2032 598 2132 645 τῶν
2157 592 2249 647 δύο
2274 592 2391 662 δρό-

448 694 578 741 μων,
634 669 812 733 νυκτός
850 692 900 724 τε
936 673 1023 724 καὶ
1059 669 1261 742 ἡμέρας.
1339 674 1441 725 Καὶ
1483 677 2050 743 συναναλαμβανομένου
2094 682 2184 731 τοῦ
2224 677 2392 732 αὐτῶν
2442 680 2448 686 ’

445 755 695 825 άριθμοῦ,
746 762 845 809 τῶν
873 755 1244 827 δεκατεσσάρων
1267 755 1465 828 ἡμερῶν
1493 763 1580 825 τῆς
1606 758 1838 826 σελήνης,
1875 757 1973 813 κὸἵν
1997 781 2049 813 τε
2074 761 2391 831 παράπτηται

445 845 513 903 εἰς
542 844 809 907 ἐπίψαυσιν
836 847 925 909 τῆς
953 842 1417 910 πεντεκαιδεκάτης,
1457 842 1540 896 διά
1566 841 1656 911 τήν
1683 846 1733 907 ἐξ
1763 842 1984 915 άνοῖγκης
2011 843 2268 915 άκρίβειαν
2298 854 2391 902 τοῦ

444 946 493 978 τε
535 923 748 994 ἡλιακοῦ
795 925 988 996 δρόμου
1029 926 1147 995 μετά
1176 926 1264 996 τήν
1303 930 1582 998 ἰσημερίαν,
1631 931 1716 982 καὶ
1754 934 1845 983 τοῦ
1874 937 2168 998 σεληνιακοῦ
2197 931 2392 1002 δρόμου

444 1010 528 1064 διά
566 1009 656 1080 τήν
695 1012 1249 1080 τεσσαρεςκαιδεκάτην,
1301 1015 1386 1066 καὶ
1423 1020 1513 1081 τῆς
1551 1013 1834 1082 ἑβδομάδος
1878 1017 2139 1088 9πλήρους
2177 1015 2261 1072 διὰ
2303 1016 2394 1086 τὴν

443 1095 687 1166 κυριακήν
726 1099 810 1151 καὶ
851 1097 936 1151 τόν
974 1095 1074 1150 ἆπὸ
1115 1096 1325 1165 δεκάτης
1366 1096 1553 1166 ἡμέρας
1588 1099 1791 1167 σελήνης
1832 1098 2083 1171 άριθμὸν,
2148 1101 2254 1170 ἥτις
2291 1104 2390 1157 ἐστὶ

445 1182 686 1250 σύλληψις
714 1189 802 1236 τοῦ
826 1182 1085 1253 προβάτου
1114 1185 1199 1235 καὶ
1228 1181 1508 1252 άκροστιχὶς
1534 1190 1624 1237 τοῦ
1657 1183 1898 1253 ὀνόματος
1926 1192 2016 1240 τοῦ
2041 1184 2224 1255 Ἰησοῦ,
2262 1190 2392 1241 ἒπει-

446 1267 509 1337 δὴ
547 1274 613 1340 τῷ
654 1266 860 1335 ὀνόματι
901 1266 1056 1321 αὐτοῦ
1106 1267 1229 1321 ι0τὸ
1270 1267 1543 1322 ἀντίτυπον
1583 1267 1738 1323 αὐτοῦ
1777 1270 2032 1341 πρόβατον
2074 1271 2390 1340 ἐλαμβάνετο,

445 1352 548 1408 άπό
583 1351 793 1421 δεκάτης
821 1352 983 1415 οὕτως
1009 1350 1323 1422 ὁριζόμενον·
1384 1359 1404 1390 ¹
1425 1360 1440 1390 ¹
1458 1352 1624 1408 οὐκέτι
1651 1356 1704 1408 δὲ
1736 1355 2121 1424 ἐπιφωσκούσης
2158 1358 2392 1421 12ἑξκαι-

447 1438 673 1507 δεκάτης,
713 1436 824 1491 οὕτε
850 1436 952 1491 άπὸ
995 1446 1010 1476 ¹
1029 1445 1051 1477 ³
1068 1437 1275 1506 ἐννάτης
1300 1437 1504 1507 σελήνης
1531 1438 1793 1507 δυνάμεθα
1824 1440 1914 1508 τήν
1943 1439 2099 1511 άρχήν
2124 1443 2250 1510 ἔχειν
2276 1441 2312 1510 ἢ
2336 1440 2393 1497 τδ

444 1526 594 1587 τέλος.
676 1527 741 1577 Οἱ
772 1522 867 1594 γάρ
908 1525 1154 1589 ἐνιαυτοὶ,
1205 1521 1611 1593 άνθυπερβάτως
1641 1522 1959 1596 ὑστεροῦντες
1999 1525 2083 1580 διά
2120 1524 2238 1589 τοῦς
2260 1530 2392 1595 διηλ-

443 1611 715 1680 λαγμένους
745 1607 872 1679 πρός
897 1606 1139 1677 ἀλλήλους
1165 1609 1384 1679 δρόμους
1402 1652 1415 1674 ,
1453 1608 1597 1677 ήλίου
1622 1631 1671 1664 τε
1695 1612 1777 1664 καὶ
1805 1611 2034 1681 σελήνης,
2081 1610 2268 1681 ταύτην
2303 1610 2393 1682 τὴν

446 1693 709 1763 άνισότητα
740 1696 1040 1761 ἐκτελοῦσιν,
1079 1694 1141 1749 οὐ
1195 1695 1544 1748 14σκάνδαλον
1584 1695 1721 1767 παρά
1761 1704 1891 1751 θεοῦ
1923 1695 2222 1767 ῶρισμένον,
2275 1696 2394 1752 ἄλλά

444 1786 532 1849 τῆς
560 1778 812 1851 άκριβείας
838 1779 1018 1848 ταύτης
1055 1782 1109 1834 ἐκ
1151 1786 1278 1834 θεοῦ
1303 1783 1643 1852 τεταγμένης,
1675 1780 1792 1850 μετά
1821 1781 1912 1851 τὴν
1936 1781 2205 1849 πάνσοφον
2236 1781 2394 1839 αὐτοῦ

446 1869 715 1933 διοίκησιν,
764 1864 828 1933 ἣν
856 1867 1114 1935 ἐχαρίσατο
1158 1872 1226 1938 τῷ
1267 1869 1376 1940 ἰδίῳ
1409 1869 1580 1933 αἰῶνι,
1619 1866 1736 1930 τοῦς
1763 1865 2003 1938 ὄρισμοῦς
2028 1867 2174 1932 τάξας
2198 1867 2395 1938 φωστή-

444 1973 544 2021 ρων
570 1972 620 2004 τε
647 1952 728 2003 καὶ
759 1957 947 2021 καιρῶν
982 1953 1064 2004 καὶ
1095 1957 1267 2019 μηνῶν
1297 1953 1383 2005 καὶ
1417 1954 1659 2006 ἐνιαυτῶν
1686 1955 1771 2006 καὶ
1796 1959 2022 2024 τροπῶν,
2078 1955 2160 2007 καὶ
2199 1960 2390 2026 1ὅπρο-

445 2033 680 2105 νοητικήν
717 2033 1012 2106 ἀνθρώποις
1050 2038 1104 2090 ἐκ
1142 2042 1230 2104 τῆς
1266 2035 1426 2092 αὐτοῦ
1461 2042 1846 2109 φιλανθρωπίας
1882 2040 2171 2107 ἐπιμέλειαν.

595 2212 696 2260 Τοῦ
736 2206 829 2277 γάρ
875 2209 1107 2260 ἐνιαυτοῦ
1152 2205 1277 2260 κατά
1319 2206 1408 2261 τόν
1455 2205 1662 2276 ήλιακὸν
1711 2208 1901 2280 δρόμον
1944 2211 2291 2280 πληρουμένου
2340 2212 2394 2265 έν

451 2297 468 2328 ¹
490 2294 793 2361 τριακοσίαις
832 2291 1069 2360 ἑξήκοντα
1113 2293 1255 2346 πέντε
1296 2290 1504 2362 ἡμέραις
1546 2295 1628 2347 καὶ
1662 2293 1814 2364 ὥραις
1853 2296 1977 2365 τρισὶ
2011 2299 2280 2364 συμβαίναι
2308 2293 2393 2349 διά
2438 2364 2447 2373 ‚

442 2375 497 2428 τὸ
541 2375 631 2444 τήν
671 2375 876 2445 σελήνην
910 2385 1069 2431 ποιεῖν
1112 2375 1200 2430 τὸν
1241 2377 1469 2432 ἐνιαυτόν
1509 2375 1716 2447 ἡμέραις
1751 2378 1791 2431 τ’
1824 2380 2131 2448 πεντήκοντα
2167 2382 2394 2450 τέσσαρσι

442 2464 699 2515 λείπεσθαι
731 2467 800 2534 τῷ
830 2463 918 2530 μὲν
950 2460 1075 2516 κατά
1099 2461 1190 2530 τήν
1215 2461 1420 2531 σελήνην
1451 2463 1621 2536 δρόμῳ
1650 2466 1824 2517 ἕνδεκα
1850 2462 2037 2535 ἡμέρας
2063 2467 2147 2519 καὶ
2175 2465 2311 2536 ῶρας
2333 2463 2390 2537 γ’.

447 2547 550 2598 Καὶ
593 2552 661 2618 τῷ
706 2547 794 2614 μὲν
835 2546 1016 2621 πρώτῳ
1062 2550 1273 2620 ἐνιαυτῷ
1314 2552 1530 2618 γίνονται
1566 2551 1621 2601 αἱ
1643 2550 1944 2618 καλούμεναι
1977 2552 2188 2604 έπακταὶ
2216 2552 2391 2606 ἕνδεκα

441 2632 527 2683 καὶ
552 2624 678 2700 ῶραι
702 2639 858 2702 τρεῖς,
898 2634 1109 2706 δευτέρῳ
1141 2635 1235 2686 ἔτει
1265 2630 1445 2703 ἡμέραι
1470 2636 1627 2687 εἴκοσι
1653 2634 1744 2688 δύο
1777 2629 1902 2703 ῶραι
1926 2639 2007 2701 ἓξ,
2057 2639 2203 2708 τρίτῳ
2230 2637 2392 2689 ἐνιαυ-

443 2721 512 2788 τῷ
538 2713 716 2786 ἡμέραι
743 2726 1132 2787 τριακοντατρεῐς
1164 2719 1248 2770 καὶ
1276 2711 1403 2786 ῶραι
1428 2717 1495 2771 θ’.
1573 2721 1675 2772 Καὶ
1711 2722 1934 2788 τέμνεται
1963 2719 1993 2774 ό
2016 2719 2087 2783 εἷς
2113 2719 2211 2789 μὴν
2240 2719 2390 2789 ἐμβό-

443 2807 585 2868 λιμος
625 2802 943 2870 καλούμενος.
1017 2802 1451 2871 Ἐμβολιμεύονται
1495 2803 1587 2874 γάρ
1629 2808 1683 2858 αἱ
1707 2805 1973 2875 τριάκοντα
2010 2803 2215 2876 ήμέραι,
2265 2803 2387 2859 ὖπο-

444 2889 694 2940 λείπονται
723 2888 775 2940 δὲ
803 2886 982 2958 ἡμέραι
1006 2896 1161 2958 τρεῖς,
1202 2881 1329 2957 ῶραι
1356 2887 1426 2952 θ’,
1467 2891 1647 2952 αἵτινες
1674 2893 2055 2959 προςτιθέμεναι
2082 2898 2190 2952 ταῖς
2214 2891 2388 2944 ἕνδεκα

441 2978 551 3034 ταῖς
589 2970 688 3025 dud
722 2972 956 3041 τετάρτου
995 2976 1164 3038 ἔτους,
1218 2974 1302 3026 καὶ
1331 2971 1482 3042 ῶραις
1511 2977 1639 3044 τρισὶ
1667 2980 1885 3045 γίνονται
1918 2974 2093 3046 ἡμέραι
2124 2975 2202 3039 ιδ’,
2258 2968 2386 3046 ῶραι

446 3056 525 3123 ιβ’.
600 3054 792 3111 ''AM-mv
836 3060 1008 3111 ἕνδεκα
1048 3059 1474 3127 προςτιθεμένων,
1524 3062 1607 3112 καὶ
1645 3059 1794 3130 ῶρῶν
1831 3066 2007 3130 τριῶν,
2059 3064 2276 3131 γίνονται
2317 3059 2386 3114 κε’

447 3142 658 3195 ἐπακταὶ
687 3144 770 3195 καὶ
800 3136 927 3213 ῶραι
959 3141 1027 3196 ιε’.
1105 3144 1203 3196 Καὶ
1233 3148 1300 3215 τῷ
1329 3145 1453 3216 ἕκτῳ
1482 3146 1686 3218 ἐνιαυτῷ
1714 3147 2115 3215 προςτιθεμένων
2140 3143 2296 3199 ἄλλων
2323 3144 2388 3200 ια’

447 3232 536 3278 τοῦ
575 3228 742 3292 ἔτους,
791 3229 875 3281 καὶ
905 3226 1053 3298 (δρῶν
1080 3226 1140 3298 γ’,
1193 3231 1410 3297 γίνονται
1439 3226 1616 3299 ἡμέραι
1644 3228 1709 3292 λς’
1733 3232 1818 3282 καὶ
1848 3224 1971 3300 ῶραι
1998 3228 2080 3297 ιη’,
2130 3233 2184 3282 αἳ
2207 3236 2383 3284 ποιοῦ-

445 3326 522 3362 σιν
552 3311 818 3379 ἐμβόλιμον
843 3319 975 3380 μῆνα
998 3314 1108 3378 ἕνα,
1147 3313 1232 3366 καὶ
1264 3318 1290 3349 2
1308 3313 1699 3382 ἐνεβολεύθησαν
1727 3316 1812 3367 καὶ
1833 3313 1958 3368 κατά
1986 3318 2097 3385 τρία
2124 3315 2207 3382 ἔτη
2236 3321 2387 3384 μῆνες

445 3391 563 3460 δύο,
602 3404 706 3458 τοῖς
729 3396 945 3467 πρώτοις
974 3399 1130 3469 τρισὶν
1154 3400 1278 3451 ἔτεσι
1306 3395 1404 3465 μὴν
1435 3395 1529 3464 εἷς,
1570 3400 1654 3452 καὶ
1682 3401 1734 3452 ἐν
1760 3407 1861 3461 τοῖς
1890 3396 2051 3461 ἄλλοις
2077 3400 2235 3470 τρισὶν
2261 3403 2386 3454 ἔτεσι

497 3534 537 3578 7.
569 3534 872 3595 ἑξκαιδεκάτης
896 3544 1009 3583 codd.
1033 3555 1123 3584 mss.
1151 3547 1322 3594 uterque,
1351 3546 1385 3583 et
1501 3541 1565 3584 10.
1594 3540 1666 3585 τοῦ
1691 3545 1827 3583 vitium
1853 3548 1908 3584 est
1928 3544 1987 3584 ed.
2010 3546 2145 3585 Petav.
2170 3547 2301 3587 Colore.
2321 3556 2384 3587 re-

444 3593 534 3634 edit.
560 3597 685 3643 princ.
746 3596 1053 3653 ἑκκαιδεκάτης
1081 3601 1140 3640 ed.
1172 3602 1305 3640 Petav.
1436 3604 1515 3650 pet.

498 3650 538 3690 ὅ.
570 3647 742 3705 ἐννάτης
768 3656 852 3694 cod.
880 3657 1041 3707 Rhediy.
1498 3654 1562 3696 11.
1590 3650 1761 3697 οὐκέστι
1787 3658 1899 3697 codd.
1932 3669 2022 3697 mss.
2054 3662 2224 3709 uterque.

498 3703 539 3745 9.
569 3700 734 3762 πλήρης
771 3711 884 3751 codd.
916 3723 1007 3753 mss.
1035 3716 1218 3764 uterque,
1259 3716 1294 3753 et
1319 3714 1379 3753 ed.
1503 3711 1561 3752 12.
1586 3709 1893 3766 ὲξκαιδεκάτης
1917 3714 2030 3753 codd.
2054 3725 2145 3754 mss.
2170 3719 2326 3766 uterque
2346 3718 2383 3756 et

438 3763 567 3813 princ.
1434 3770 1525 3810 edit.
1551 3769 1680 3818 princ.
1738 3766 2047 3824 ἑκκαιδεκάτης
2073 3772 2132 3811 ed.
2163 3773 2300 3813 Petav.
