2508 4134
475 264 576 316 588
1185 273 1391 315 SANcT1
1419 274 1702 316 EPIPHANII

475 369 657 442 σαρκός
683 372 957 442 ἕωρακυίας
983 368 1300 441 διαφθοράν,
1353 370 1695 440 ἀναστησάσης
1722 368 1878 438 αὐτὴν
1898 375 1986 437 τῆς
2009 367 2273 439 θεότητος,
2324 370 2404 425 ἀεὶ

473 455 717 524 συνούσης
742 456 894 530 αὐτῇ,
933 453 1234 519 ἀναστάντος
1261 454 1352 510 σύν
1382 456 1508 531 αὐτῇ
1538 463 1627 510 τοῦ
1661 464 1718 494 ⁶³
1736 459 1915 526 κυρίου
1945 456 2030 508 καὶ
2056 461 2180 510 θεοῦ
2208 456 2293 509 καὶ
2320 454 2399 510 λό-

471 563 562 611 γου
590 544 703 594 υἱοῦ
728 548 819 595 τοῦ
844 547 997 607 θεοῦ,
1035 540 1128 595 σῦν
1150 549 1289 616 ψυχῇ
1315 545 1398 597 καὶ
1427 541 1631 610 σώματι,
1669 544 1754 595 καὶ
1779 542 1925 594 παντὶ
1952 546 2024 613 τῷ
2047 540 2224 607 σκεύει,
2263 558 2402 595 συνε-

471 629 717 690 νωθέντος
742 625 896 681 αὐτοῦ
927 633 1016 696 τοῦ
1047 626 1257 690 σκεύους
1286 631 1356 691 εἷς
1387 634 1602 697 πνεῦμα,
1652 627 1773 681 αὐτὸ
1805 626 1859 680 τὸ
1892 632 2031 695 σῶμα
2066 624 2402 694 πνευματικόν

469 711 720 782 ὖπάρξαν,
758 711 814 766 τό
850 734 968 769 ποτε
1007 710 1115 787 ἀφῇ
1148 711 1475 782 ὑποκείμενον
1513 715 1598 767 καὶ
1630 712 1820 781 μάστιξι
1863 713 2152 783 παραδοθὲν
2191 713 2399 786 ἑκουσίῳ

469 804 557 867 τῆς
577 796 817 866 θεότητος
840 797 1098 867 θελήματι,
1138 801 1220 852 καὶ
1242 805 1576 870 πειρασθῆναι
1599 796 1698 851 ὖπὸ
1721 804 1812 851 τοῦ
1836 801 2038 851 Σατανᾶ
2062 797 2398 868 συγχωρηθὲν,

469 886 553 936 καὶ
590 887 809 959 64πείνῃ
837 883 1205 955 προςπελάζειν,
1244 887 1328 938 καὶ
1357 884 1519 957 ῦπνῳ,
1557 886 1642 937 καὶ
1668 882 1890 957 καμάτῳ,
1927 881 2058 958 λύπῃ
2084 903 2134 937 τε
2162 885 2247 936 καὶ
2279 880 2399 951 ἀδη-

469 973 629 1043 μονίᾳ.

607 1054 746 1109 Αὐτὸ
773 1054 828 1110 τό
863 1062 1004 1124 σῶμα
1045 1055 1099 1110 τό
1141 1056 1285 1128 ἅγιον
1314 1057 1596 1110 συνενωθὲν
1627 1054 1801 1110 λοιπὸν
1833 1061 1890 1093 ⁶⁵
1906 1061 1964 1130 τῇ
1996 1054 2222 1124 θεότητι,
2272 1053 2399 1109 ἀπα-

466 1145 733 1212 ραλείπτως
771 1147 858 1210 τῆς
900 1140 1141 1209 θεότητος
1182 1141 1500 1210 66συνούσης
1539 1146 1607 1214 τῷ
1645 1139 1703 1194 τά
1731 1147 1935 1195 τοιαῦτα
1968 1141 2248 1196 πεπονθότι
2274 1139 2398 1216 ἆγίῳ

465 1226 663 1296 στόματι.
733 1227 937 1296 Ἀνέστη
967 1226 1061 1298 γάρ
1094 1229 1179 1280 καὶ
1209 1226 1491 1296 συνήνωσεν
1525 1226 1646 1281 αὐτὸ
1681 1229 1748 1289 εἰς
1778 1225 1976 1292 ἑαυτὸν,
2018 1229 2165 1290 67εἶς
2188 1234 2396 1297 πνεῦμα,

465 1316 533 1376 εἰς
558 1317 673 1381 μίαν
701 1313 919 1380 ἑνότητα,
959 1315 1026 1375 εἰς
1059 1317 1175 1380 μίαν
1204 1316 1506 1384 δοξολογίαν,
1546 1316 1614 1376 εἰς
1642 1317 1756 1381 μίαν
1783 1314 1962 1367 ἑαυτοῦ
1992 1312 2221 1382 θεότητα.
2298 1315 2396 1367 Πέ-

464 1420 589 1467 φηνε
627 1399 714 1467 μὲν
743 1398 835 1470 γάρ
875 1402 926 1452 ἐν
962 1399 1196 1472 ἀληθείᾳ,
1251 1401 1335 1452 καὶ
1363 1399 1672 1468 ἐψηλαφήθη
1700 1396 1799 1453 find
1829 1404 1921 1452 τοῦ
1952 1402 2132 1468 Θωμᾶ,
2187 1401 2273 1452 καὶ
2295 1407 2399 1463 τοῖς

464 1482 755 1548 ἀποστόλοις
802 1491 858 1522 ⁶⁸
884 1486 1155 1555 συνέφαγε,
1213 1486 1298 1538 καὶ
1339 1488 1645 1554 συνηυλίσθη
1686 1482 1783 1553 μετ’
1825 1484 1992 1539 αὐτῶν
2038 1485 2398 1556 τεσσαράκοντα

459 1568 650 1640 ἡμέρας
691 1572 794 1623 καῖ
815 1570 1179 1640 τεσσαράκοντα
1208 1570 1410 1633 νύκτας·
1467 1568 1568 1626 ἀλλ’
1597 1573 1793 1639 εἰςῆλθε
1820 1577 1997 1642 θυρῶν
2029 1572 2396 1640 κεκλεισμένων,

462 1658 544 1709 καὶ
572 1654 690 1724 μετά
716 1656 770 1709 τὸ
799 1658 1031 1719 εἰςελθεῖν
1060 1658 1277 1710 ἐδείκνυε
1303 1662 1456 1727 νεῦρα
1481 1658 1566 1711 καὶ
1609 1664 1666 1694 ⁶⁹
1683 1656 1855 1722 ὀστέα,
1908 1655 2066 1710 τύπον
2103 1655 2259 1725 ἥλων,
2309 1659 2396 1711 καὶ

458 1741 616 1795 τύπον
655 1740 855 1812 λόγχης,
911 1741 987 1795 ὅτι
1027 1739 1147 1795 αύτὸ
1191 1737 1253 1810 ἦν
1294 1740 1498 1811 ἀληθῶς
1534 1742 1588 1796 τὸ
1622 1746 1775 1810 σῶμα.
1837 1741 1950 1795 ’Ὅτι
1977 1743 2030 1795 δὲ
2057 1741 2298 1811 συνήφθη
2327 1747 2398 1808 εἰς

258 1847 437 1895 pag.156.
463 1832 577 1897 μίαν
600 1827 840 1896 θεότητα,
881 1829 1050 1896 μηκέτι
1081 1828 1566 1899 70προςδοκω’μενον
1597 1836 1805 1894 παθεῖν,
1845 1829 2015 1897 μηκέτι
2046 1828 2394 1898 ἀποθνῆσκον,

460 1914 528 1977 ὥς
555 1932 707 1983 φησιν
747 1912 776 1968 o‘
807 1914 945 1985 ἅγιος
972 1913 1271 1980 ἀπόστολος,
1315 1915 1519 1983 Ἀνέστη
1549 1914 1748 1986 κύριος,
1787 1914 1953 1968 οὐκέτι
1983 1920 2042 1952 ⁷1
2061 1913 2393 1984 ἀποθνήσκει,

459 1998 683 2063 θάνατος
706 2000 862 2053 αὐτοῦ
887 1999 1050 2054 ούκέτι
1074 1999 1303 2071 κυριεύει.
1387 2000 1452 2054 Τό
1483 1999 1713 2069 παθητόν
1741 2006 1906 2054 72τοῦ
1936 1999 2188 2067 ἀπαθοῦς,
2224 2004 2310 2055 καὶ
2335 2001 2392 2056 τὸ

459 2084 655 2148 ἀπαθὲς
679 2083 753 2139 ἀεὶ
781 2091 841 2123 73
859 2087 1102 2153 διαμένει,
1141 2085 1195 2139 vd
1224 2084 1402 2140 θεϊκόν
1432 2085 1524 2139 σῦν
1561 2086 1747 2155 σώματι
1778 2088 1859 2140 καὶ
1894 2092 2032 2160 ψυχῇ
2059 2088 2144 2140 καὶ
2170 2086 2305 2162 πάσῃ
2330 2095 2391 2163 τῇ

460 2170 889 2242 74ἀνθρωπότητι
924 2170 1076 2234 αὐτὸς
1105 2171 1227 2234 θεὸς
1256 2170 1349 2239 (ὂν,
1404 2171 1633 2225 ἀνελθών
1661 2178 1720 2210 ⁷⁵
1740 2174 1808 2234 εἷς
1840 2170 2110 2241 οὐρανούς,
2161 2172 2393 2228 ἐκάθισεν

459 2260 511 2312 ἐν
541 2261 680 2331 δεξιᾷ
726 2263 813 2310 τοῦ
849 2255 1035 2328 πατρὸς
1064 2259 1116 2311 ἐν
1148 2255 1293 2331 δόξῃ,
1347 2257 1442 2311 οὐκ
1469 2255 1783 2326 ἀποθέμενος
1810 2256 1864 2312 τὸ
1893 2257 2035 2328 ἅγιον
2064 2264 2232 2328 σῶμα,
2271 2258 2393 2314 ἀλλά

461 2342 738 2406 συνενώσας
766 2346 833 2406 εἰς
865 2349 925 2381 ⁷⁶
944 2342 998 2396 τό
1027 2341 1374 2411 πνευματικὸν,
1413 2345 1466 2396 ἐν
1494 2342 1750 2411 τελειότητι
1776 2349 1892 2412 μιᾶς
1915 2343 2175 2414 θεότητος·
2216 2344 2285 2409 οἷς
2306 2349 2391 2402 καὶ

456 2428 516 2485 τά
556 2428 697 2498 ἡμῶν
741 2428 944 2496 σώματα
996 2435 1058 2466 77
1077 2430 1254 2496 μέλλει·
1319 2428 1390 2481 Τά
1431 2435 1522 2482 νῦν
1559 2428 1857 2499 σπειρόμενα
1896 2429 2086 2499 ψυχικά
2124 2433 2392 2502 ἐγείρονται

458 2513 779 2582 πνευματικοὶ,
819 2513 878 2566 τοὶ
907 2519 999 2567 νῦν
1022 2514 1313 2584 σπειρόμενα
1345 2516 1394 2567 ἐν
1427 2520 1605 2589 φθορᾷ
1637 2517 1902 2586 ἐγείρονται
1932 2519 1984 2570 ἐν
2011 2517 2292 2592 ἀφθαρσίᾳ,
2330 2518 2390 2573 τά

455 2607 547 2654 νῦν
571 2599 865 2670 σπειρόμενα
889 2602 940 2653 ἐν
959 2599 1162 2672 θανάτῳ
1190 2603 1457 2671 ἐγείρονται
1483 2603 1534 2655 ἐν
1562 2599 1827 2674 ἀθανασίᾳ.
1901 2604 1973 2654 Εἰ
1990 2606 2157 2656 τοίνυν
2183 2602 2244 2656 τά
2269 2602 2385 2673 ἦμέ-
2416 2621 2422 2626 ”

452 2708 567 2756 τερα
603 2686 786 2751 οὕτως,
835 2686 974 2758 πόσῳ
1026 2691 1284 2753 7ξ’μᾶλλον
1325 2688 1480 2740 ἐκεῖνο
1528 2685 1582 2740 τό
1619 2685 1760 2757 ἅγιον
1797 2689 1883 2740 καὶ
1918 2688 2272 2760 ἀνεκδιήγητον
2302 2692 2389 2744 καὶ

455 2770 751 2842 ἀσύγκριτον
776 2773 858 2825 καὶ
886 2769 1152 2841 ἀκραιφνὲς
1176 2778 1245 2844 τῷ
1273 2777 1380 2845 θεῷ
1409 2774 1773 2841 συνηνωμένον,
1826 2772 1880 2827 vd
1903 2777 1958 2827 ἓν
1989 2771 2047 2827 ὂν
2088 2775 2263 2829 λοιπόν
2299 2799 2385 2845 μο-

455 2860 662 2922 νοειδέςς
733 2855 821 2919 Ὡς
856 2860 941 2911 καὶ
980 2860 1030 2911 ἐν
1072 2856 1228 2931 τούτῳ
1272 2860 1593 2929 ἐπιμαρτυρεῖ
1621 2856 1650 2912 ό
1681 2857 1958 2920 ἀπόστολος
1988 2860 2165 2929 λέγων,
2212 2864 2278 2914 Εἰ
2302 2863 2386 2916 καὶ

455 2943 732 3014 ἐγνώκαμεν
769 2943 893 2996 κατά
931 2943 1088 3012 σάρκα
1124 2943 1365 3014 Χριστόν,
1417 2941 1536 2998 ἀλλά
1563 2950 1656 2997 νῦν
1693 2943 1857 2998 οὐκέτι
1883 2943 2199 3015 γινώσκομεν.
2281 2948 2384 3016 Οὐχ

455 3030 528 3084 ὅτι
559 3033 704 3084 διεῖλε
735 3027 824 3098 τὴν
858 3029 1018 3098 σάρκα
1055 3027 1153 3083 ἀπό
1181 3036 1267 3098 τῆς
1296 3029 1558 3098 θεότητος,
1609 3028 1727 3083 ἀλλά
1760 3029 1916 3099 αὐτὴν
1946 3035 2004 3067 ⁷⁹
2023 3031 2270 3099 μένουσαν
2298 3035 2384 3086 καὶ

451 3264 493 3302 in
537 3262 621 3302 cod.
652 3263 727 3302 Ien.
766 3262 923 3301 chartae
958 3262 1116 3301 macula
1148 3262 1257 3300 haud
1295 3263 1387 3301 sinit
1499 3260 1567 3303 66.
1596 3260 1891 3316 συνηνωμένης
1917 3262 2008 3301 edit.
2035 3262 2173 3302 Petav.
2189 3291 2203 3313 ,
2227 3267 2384 3314 praeter

451 3321 668 3369 diynoscere
707 3330 806 3368 quae
843 3320 989 3358 litterae
1020 3320 1191 3367 lateant,
1232 3320 1274 3357 in
1301 3319 1384 3358 cod.
1442 3321 1555 3359 codd.
1588 3332 1682 3360 mss.
1713 3321 1994 3359 auctoritatem.

447 3377 608 3426 Rhedi9.
639 3379 773 3414 contra
793 3377 977 3415 librarius
993 3377 1120 3414 omisit
1147 3377 1266 3424 plane
1287 3387 1387 3425 quae
1499 3374 1566 3419 67.
1599 3375 1659 3423 εἰς
1678 3373 1722 3418 ἓν
1743 3376 1907 3428 πνεῦμα
1930 3376 2041 3414 habet
2064 3376 2265 3425 Expositio
2291 3379 2380 3419 Fid.

448 3434 570 3482 leyere
602 3444 678 3471 non
701 3436 837 3481 posset.
897 3433 1100 3471 Lacunam
1131 3433 1243 3472 habet
1269 3434 1387 3471 etiam
1439 3446 1479 3484 p.
1506 3431 1623 3475 1099.

450 3490 540 3528 edit.
559 3491 701 3538 princ„
732 3485 790 3540 μή
817 3485 1019 3541 &afflatam
1042 3490 1236 3538 scriptura
1258 3492 1312 3529 est
1337 3490 1385 3527 ab
1499 3488 1566 3530 68.
1600 3488 1808 3542 συνέφαγε
1837 3486 1909 3529 καὶ
1936 3486 2100 3529 συνέπιε
2118 3519 2130 3536 ,
2174 3489 2248 3532 καὶ
2280 3504 2379 3535 συν-

449 3547 610 3584 Petavio
632 3549 785 3595 recepta
827 3557 875 3585 ex
919 3546 1120 3593 Pamm‘o,
1176 3542 1236 3598 μή
1277 3546 1386 3586 κλει·
1449 3545 1632 3600 ηυλίσξῖη
1665 3547 1839 3595 Exposit.
1869 3546 1958 3584 Fid.
1984 3557 2078 3595 pay.
2100 3545 2222 3587 1100.

452 3600 630 3654 &Seio-q:
656 3604 876 3651 suspicatus
902 3606 955 3641 est
977 3604 1049 3641 Ios.
1083 3603 1272 3653 Scali9er.
1499 3601 1565 3643 69.
1598 3598 1727 3645 ὀστέα
1763 3602 1875 3641 codd.
1915 3613 2007 3641 mss.
2048 3606 2083 3642 et
2117 3605 2208 3643 edit.
2249 3607 2377 3655 princ.

505 3656 572 3698 63.
602 3659 704 3697 Edit.
721 3660 853 3697 Petav.
882 3660 992 3698 habet
1020 3657 1162 3711 κυρίου
1190 3658 1290 3700 :5206
1319 3655 1387 3701 λό-
1446 3655 1553 3702 ὀστᾶ
1585 3661 1674 3699 edit.
1704 3661 1838 3698 Petav.

450 3726 522 3765 γου
551 3712 622 3754 καὶ
648 3714 737 3755 υἱοῦ
766 3715 864 3756 θεοῦ
884 3746 894 3762 ,
925 3717 1057 3756 invitis
1084 3717 1193 3755 libris
1215 3719 1303 3756 vett.
1495 3715 1562 3757 70.
1594 3711 1933 3767 προςδοκώμενον
1964 3716 2078 3755 codd.
2108 3729 2199 3758 mss.
2224 3721 2259 3758 et
2287 3719 2378 3759 edit.

505 3768 570 3808 54.
602 3769 722 3825 πείνᾳ
749 3773 838 3810 edit.
871 3774 1005 3811 Petav.
1439 3774 1564 3824 princ.
1624 3770 1861 3824 προςδοκῶν
1892 3772 1980 3812 edit.
2012 3773 2148 3814 Pelav.

505 3823 571 3867 65.
601 3826 655 3883 τῇ
684 3829 810 3868 omiss.
841 3830 882 3870 in
911 3830 999 3869 edit.
1022 3830 1159 3870 Petav.
