2508 4134
561 247 784 288 PANAan
815 248 916 288 me.
942 249 1011 288 ιιι.
1037 249 1170 289 ΤοΜ.
1195 250 1226 289 1.
1259 249 1421 290 ΗΑΕΒ.
1448 249 1644 289 Lxxvr.
1950 238 2041 288 231

157 345 329 396 nullam
360 345 439 396 vel
465 343 755 397 levissimam
789 345 1018 412 temporis
1049 346 1333 396 divisionem
1365 346 1611 396 admittat?
1683 344 1892 398 Proinde
1926 346 2051 396 scire

154 439 200 479 te
228 428 341 479 illud
372 436 589 496 oportet,
644 428 782 478 deum
810 428 946 478 initio
976 437 1250 491 carentem,
1299 439 1345 478 et
1379 447 1405 479 a
1435 430 1563 479 nullo
1595 431 1799 492 factum,
1848 429 2050 480 similem

151 512 240 563 sibi
273 512 411 563 deum
437 529 464 562 e
489 512 650 580 seipso
676 512 932 578 genuisse,
974 511 1188 578 adeoque
1218 513 1266 561 in
1296 512 1516 563 omnibus
1545 513 1814 581 aequalem.
1891 510 2050 580 Quem

151 595 338 662 quidem
370 595 563 646 minime
586 612 782 647 creasse
812 595 1011 658 dieitur,
1064 612 1124 646 ne
1155 595 1194 645 si
1226 604 1416 645 creatus
1449 604 1579 646 esset
1609 597 1811 664 ideoque
1843 595 2051 648 dissimi-

149 680 208 731 lis
237 680 391 742 foret,
444 679 720 731 diversitate
749 679 1078 746 varietateque
1106 696 1191 729 sua
1216 677 1292 728 dei
1323 679 1686 746 appellationem
1718 698 1744 731 e
1775 682 1932 731 medio
1962 681 2052 731 tol-

149 764 290 814 leret.
367 761 559 814 Etenim
601 763 703 813 fieri
743 781 837 813 non
878 771 1035 830 potest
1073 771 1125 813 ut
1155 762 1232 830 qui
1262 771 1463 829 generat
1502 763 1776 813 dissimilem
1810 764 1884 815 sui
1917 765 2050 815 inae-

149 847 429 915 qualemque
465 847 722 915 producat,
774 856 854 896 aut
881 855 929 897 ut
957 846 1148 914 genitus
1179 845 1457 914 generantis
1485 846 1548 895 sit
1575 846 1838 898 dissimilis,
1916 845 2050 914 Quo-

148 931 277 982 circa
301 930 564 981 naturalem
591 931 838 998 utriusque
866 930 1160 980 identitatem
1190 930 1367 980 retinet
1391 929 1434 978 id
1463 930 1585 996 quod
1612 931 1889 997 evangelico
1917 931 2049 982 testi-

148 1015 308 1066 monio
337 1016 517 1078 fertur,
573 1015 620 1065 in
657 1033 749 1083 quo
778 1014 841 1065 ita
871 1013 1100 1083 scriptum
1140 1022 1243 1064 est:
1303 1016 1463 1063 Omnia
1491 1030 1607 1078 quae
1630 1018 1782 1077 patris
1812 1026 1925 1065 sunt
1950 1033 2048 1065 mea

143 1108 278 1158 sunt,
320 1098 410 1148 hoc
438 1108 539 1162 est,
581 1099 698 1150 deus
725 1108 800 1149 est
827 1107 989 1166 pater,
1030 1115 1122 1165 ego
1149 1096 1311 1147 itidem
1340 1098 1485 1160 deus3
1528 1097 1625 1146 vita
1655 1105 1730 1147 est
1760 1106 1914 1165 pater,
1957 1117 2047 1167 ego

145 1183 288 1233 etiam
315 1182 443 1246 vita,
483 1190 532 1234 et
555 1191 717 1234 cetera
746 1184 902 1233 omnia
930 1199 1052 1250 quae
1080 1181 1230 1250 patri,
1273 1181 1366 1231 filio
1399 1189 1447 1231 et
1471 1179 1658 1248 spiritui
1685 1191 1852 1231 sancto
1882 1183 1928 1232 in
1956 1201 2047 1233 una

145 1266 395 1317 divinitate
423 1267 746 1330 conveniunt,
788 1284 892 1317 cum
921 1266 1037 1317 nihil
1072 1266 1134 1318 sit
1163 1265 1210 1315 in
1240 1264 1453 1316 trinitate
1486 1264 1758 1327 diversum,
1812 1282 1867 1315 ac
1897 1266 2047 1316 inani-

146 1339 269 1402 fesse
317 1350 454 1401 nobis
498 1351 806 1401 subsistentis
838 1350 943 1401 sine
983 1350 1079 1400 ullo
1117 1349 1255 1399 initio
1297 1366 1352 1412 ac
1397 1357 1611 1417 tempore
1653 1350 1835 1416 paterni
1887 1350 2042 1413 verbi,

144 1453 200 1487 ac
238 1434 459 1486 similiter
498 1434 806 1486 subsistentis
845 1433 1040 1501 spiritus
1078 1434 1260 1495 sancti,
1314 1432 1393 1501 qui
1437 1450 1500 1483 ex
1542 1441 1674 1500 patre
1719 1432 1895 1499 filiique
1938 1451 2046 1501 pro-

145 1518 260 1587 priis
299 1519 482 1581 oritur,
534 1519 743 1586 perfecta
777 1519 914 1570 nobis
948 1519 1104 1570 oblata
1134 1517 1343 1586 cognitio
1374 1516 1465 1580 sit,
1521 1525 1663 1585 atque
1702 1516 1829 1566 omni
1859 1518 2046 1568 ratione

144 1590 346 1654 firmata.

279 1686 411 1737 Aelii
431 1683 589 1756 Caput
613 1685 679 1737 ll.
723 1685 776 1738 Si
812 1687 1054 1754 ingenitus
1087 1687 1205 1737 deus
1235 1703 1405 1737 caussa
1440 1693 1514 1735 est
1541 1685 1668 1735 omni
1699 1685 2042 1753 praestantior,

141 1770 233 1821 erit
265 1772 405 1820 etiam
438 1771 752 1837 generatione
782 1771 883 1839 ipsa
926 1770 1278 1839 praestantior:
1322 1770 1382 1832 si,
1426 1770 1635 1837 inquam,
1678 1769 1863 1821 caussis
1893 1772 2045 1820 omni-

138 1854 228 1905 bus
271 1855 543 1919 antecellit,
595 1854 896 1923 generationi
939 1854 1100 1906 itidem
1133 1855 1406 1904 antecellet.
1483 1852 1657 1921 Neque
1697 1854 1821 1903 enim
1862 1862 1943 1904 aut
1985 1854 2043 1904 ab

145 1939 295 1989 altera
326 1947 497 1991 natura
527 1948 577 1990 ut
610 1949 742 1990 esset
768 1940 987 2007 accepit,
1029 1948 1109 1989 aut
1146 1939 1257 1988 illud
1297 1938 1399 2006 ipsc
1438 1937 1527 1989 sibi
1569 1938 1786 1988 contulit.

279 2019 480 2075 Confut.
516 2021 580 2073 ll.
641 2021 695 2075 Si
725 2023 968 2090 ingenitus
998 2040 1167 2073 caussa
1196 2031 1268 2073 est
1295 2022 1421 2072 omni
1456 2022 1807 2090 praestantior,
1848 2022 1904 2071 ab
1939 2022 2042 2091 ipso

137 2124 281 2176 porro
302 2108 493 2175 genitus
519 2107 641 2158 haud
671 2108 752 2158 illo
779 2107 919 2174 digne
945 2107 1135 2175 genitus
1163 2116 1256 2168 est,
1299 2124 1388 2157 nec
1418 2106 1649 2173 aequaliS,
1692 2115 1739 2156 et
1766 2116 1922 2157 tamen
1956 2125 2043 2158 ex-

137 2191 326 2243 cellenti
355 2191 435 2244 illa
469 2191 617 2260 patris
643 2191 960 2261 appellatione
993 2192 1295 2254 continetur,
1351 2208 1582 2241 summam
1613 2190 1820 2255 genitori
1850 2192 2040 2258 genitus

134 2275 443 2344 ignominiam
477 2276 635 2339 affert,
677 2275 754 2343 qui
786 2275 985 2325 alterius
1015 2293 1153 2343 qnam
1183 2283 1376 2325 creatae
1409 2292 1487 2325 res
1516 2284 1707 2325 ceterae
1738 2277 1944 2326 nominis
1972 2277 2040 2326 di-

135 2359 317 2427 gnitate
345 2360 577 2427 gaudeat',
620 2377 774 2427 neque
807 2369 855 2409 ut
883 2359 1167 2421 cetera'illa‚
1211 2377 1331 2426 quae
1365 2360 1486 2410 sacta
1511 2369 1640 2422 sunt,
1683 2360 1916 2410 conditori
1950 2378 2038 2409 suo

136 2444 312 2494 cultum
346 2452 394 2494 et
423 2443 652 2494 honorem
692 2444 930 2495 adhibeat.
1008 2442 1133 2494 Nam
1167 2444 1258 2494 alia
1290 2443 1507 2510 quidem,
1567 2461 1686 2511 quae
1730 2453 1868 2494 extra
1908 2444 2037 2494 illum

136 2536 276 2589 sunt,
331 2527 567 2578 conditori
597 2545 685 2578 suo
724 2528 869 2579 decus
911 2528 1239 2596 honoremque
1279 2528 1516 2592 tribuunt,
1574 2527 1648 2578 cui
1693 2545 1781 2578 nec
1820 2529 2040 2596 aequalia

136 2620 275 2674 sunt,
329 2629 418 2662 nec
447 2612 614 2662 eadem
646 2629 751 2662 cum
779 2612 861 2662 illo
890 2612 1206 2680 appellatione
1236 2621 1523 2675 censentur,
1579 2613 1662 2662 sed
1696 2613 1889 2662 servilis
1923 2630 2038 2662 con-

136 2695 330 2747 ditionis
372 2704 510 2758 sunt,
563 2704 704 2763 atque
748 2696 805 2746 ad
845 2696 1080 2746 creatoris
1117 2695 1318 2763 gloriam
1358 2696 1619 2764 producta,
1675 2714 1767 2763 quo
1814 2696 2036 2747 nimirum

137 2797 201 2831 ex
229 2779 494 2830 illustribus
532 2779 624 2830 illis
666 2788 713 2829 et
742 2779 953 2846 egregiis
994 2780 1096 2830 eius
1131 2781 1209 2847 qui
1239 2780 1501 2830 illustribus
1531 2780 1662 2830 hisce
1700 2780 1844 2830 rebus
1874 2780 2037 2831 condi-

135 2864 196 2916 tis
230 2864 452 2933 superior
480 2874 554 2914 est
583 2863 861 2931 dignitatem
890 2864 1321 2931 excellentiamque
1354 2864 1660 2932 proportione
1691 2865 1888 2931 quadam
1923 2882 2037 2914 con-

136 2949 437 3016 templemur.
514 2948 582 2998 At
618 2965 736 2998 vero
773 2948 921 3009 alter,
981 2947 1058 3014 qui
1104 2965 1192 2998 nec
1231 2949 1468 2998 communi
1511 2956 1781 2998 ceterorum
1827 2947 2036 3015 appella-

135 3032 269 3083 tione
300 3032 601 3094 continetur,
661 3040 708 3081 et
735 3049 820 3099 pro
859 3048 916 3081 eo
949 3031 1070 3097 quod
1104 3032 1360 3082 excellenti
1403 3033 1466 3082 illi
1507 3032 1928 3082 consubstantialis
1962 3040 2037 3082 est

137 3116 370 3168 eiusmodi
398 3116 629 3184 dignitate
657 3116 898 3183 praeditus
930 3124 1032 3177 est,
1088 3124 1140 3165 ut
1169 3115 1215 3164 in
1247 3117 1413 3165 eodem
1442 3134 1546 3166 cum
1580 3115 1660 3165 illo
1692 3116 1858 3165 ordine
1887 3115 2035 3166 collo-

137 3209 303 3263 cetur,
346 3199 388 3251 si
421 3219 561 3269 quam
590 3200 764 3251 habeat
796 3199 854 3248 ab
885 3199 1066 3249 eximio
1096 3199 1178 3248 illo
1216 3199 1571 3266 praestantique
1599 3199 1908 3261 varietatem,
1951 3216 2035 3249 ne-

136 3301 275 3335 cesse
306 3293 381 3335 est
408 3296 460 3335 ut
484 3286 542 3335 de
578 3285 790 3335 eiusdem
831 3283 1057 3349 dignitate
1094 3282 1266 3349 aliquid
1306 3284 1581 3345 imminuat,
1641 3282 1729 3332 hoc
1767 3283 1869 3349 ipso
1910 3284 2034 3349 quod

137 3368 530 3419 excellentissimi
575 3368 703 3419 illius
744 3367 793 3417 in
830 3367 994 3435 genito
1038 3366 1307 3433 splendoris
1348 3368 1618 3416 communio
1660 3367 1909 3417 varietatis
1948 3366 2035 3416 ali-

135 3452 242 3520 quid
277 3469 332 3502 ac
359 3453 652 3504 diversitatis
687 3452 877 3502 habeat.
939 3448 1104 3516 Quare
1133 3451 1334 3500 similem
1367 3452 1494 3500 illum
1529 3467 1555 3499 e
1585 3449 1747 3512 simili,
1785 3459 1831 3499 et
1858 3468 2034 3518 aequa-

134 3536 224 3585 lem
258 3553 322 3586 ex
346 3537 531 3604 aequali
564 3539 771 3593 l'oetum,
828 3553 922 3585 non
958 3552 1042 3602 pro
1072 3543 1210 3602 captu
1239 3551 1502 3602 corporeae
1537 3533 1736 3584 alicuius
1762 3534 2032 3602 intelligen-

136 3619 228 3668 tiae
253 3616 531 3671 Christiana
561 3620 649 3670 lide
682 3619 1003 3687 concipimus,
1062 3618 1145 3667 sed
1187 3626 1409 3685 tanquam
1439 3619 1577 3668 deum
1614 3635 1677 3668 ex
1701 3619 1820 3681 deo,
1874 3620 2032 3670 lumen

82 3751 84 3754 .
136 3704 192 3754 de
223 3703 427 3765 lumine,
488 3722 542 3756 ac
570 3705 768 3755 verbum
812 3701 958 3773 patris
999 3701 1295 3766 subsistenS,
1352 3703 1472 3756 adeo
1515 3711 1564 3755 ut
1593 3702 1876 3755 excellentis
1906 3703 2032 3764 illius

2109 1016 2236 1050 loann.

2114 1059 2167 1103 tu,
2191 1058 2241 1093 15.
