2508 4134
518 290 742 332 PANARH
770 290 874 332 Lm.
893 291 962 331 111.
995 292 1128 333 ΤοΜ.
1150 294 1181 333 1.
1209 292 1371 334 HAER.
1390 292 1586 333 Lxxm.
1910 278 2003 328 131

251 387 492 457 Quoniam
531 404 650 440 vero
678 387 895 439 nonnulli
931 405 1102 441 vocum
1143 389 1360 453 illarum,
1416 406 1536 458 quae
1567 389 1614 439 in
1644 386 1892 456 scripturis
1923 403 2010 437 ex·
2081 399 2176 452 cap.

112 480 242 536 tant,
296 489 491 524 sensum
523 472 894 540 detorquentes,
951 480 1093 540 atque
1123 472 1263 523 aliter
1295 491 1431 540 quam
1468 490 1554 542 par
1589 472 1652 524 sit
1688 472 2010 540 interpretau-
2036 455 2204 495 XXXI.

109 565 211 620 teS,
255 572 408 624 neque
439 564 522 607 aut
545 555 801 608 verborum
830 556 1169 625 proprietatem
1197 564 1278 606 aut
1310 573 1468 606 rerum
1495 564 1711 606 naturam
1740 556 2011 623 intelligen-

111 648 184 691 tes
213 639 294 690 filii
320 638 618 691 divinitatem
644 648 868 691 evertere
898 657 992 690 non
1033 639 1275 702 dubitant,
1330 648 1379 689 et
1405 640 1462 689 ad
1491 640 1602 692 illud
1633 639 1892 693 creationis
1925 656 2009 691 vo-

108 723 323 774 cabulum
352 723 619 786 offendunt,
653 724 776 792 quod
798 723 845 774 in
866 721 1146 775 Proverbiis
1171 724 1373 790 legitur:
1409 727 1649 788 Dominus,
1674 726 1844 792 inquit,
1876 741 2006 774 crea·
2028 731 2137 768 Prov·
2162 731 2261 778 &²²-

108 810 174 856 vz‘t
198 825 269 856 me
294 811 475 857 mitium
502 811 680 857 viarum
706 825 896 857 suarum
923 812 970 857 in
994 825 1132 873 opera
1157 811 1302 872 ipsius
1319 846 1331 870 ‚
1374 825 1493 875 quos
1523 809 1710 876 quidem
1740 808 2010 877 oportebat,

106 892 334 956 vivificum
351 895 518 967 potius.
533 895 746 957 spernam
760 929 774 952 ‚
817 909 951 957 quam
977 895 1251 941 occidentem
1275 894 1455 941 literam
1480 896 1637 957 seque'3
1675 896 1868 957 spiritus
1891 895 2008 941 enim
2029 900 2061 936 ²·
2078 900 2163 936 eor.
2175 901 2209 946 3,
2231 902 2263 937 6-

105 976 335 1040 vz'm’ficat:
386 991 477 1042 age
519 983 566 1025 et
598 985 685 1026 nos
717 975 774 1025 de
808 975 880 1025 bis
913 993 1062 1043 pauca
1102 975 1424 1043 disputemusg
1481 993 1573 1026 non
1604 977 1726 1044 quod
1757 993 1813 1026 ea
1846 994 1924 1027 res
1954 977 2012 1027 ab

105 1059 165 1111 iis
198 1059 408 1128 perfecte
438 1067 639 1110 tractata
666 1077 764 1110 -non
795 1058 940 1110 suerit
978 1060 1055 1128 qui
1084 1067 1195 1110 ante
1224 1077 1312 1109 nos
1344 1060 1589 1110 dixerunt.
1667 1057 1854 1110 Furere
1887 1061 2011 1110 enim

105 1142 234 1195 illum
278 1159 482 1194 necesse
514 1142 695 1211 estqui
731 1143 854 1194 istud
896 1152 1102 1195 asserat.
1178 1141 1352 1210 Neque
1391 1145 1514 1212 quod
1554 1144 1751 1195 doctore
1782 1160 1900 1211 opus
1931 1144 2013 1194 ha-

105 1227 277 1278 beatis.
353 1225 458 1278 Vos
502 1226 628 1278 enim
673 1227 763 1296 ipsi
802 1228 1034 1279 divinitus
1077 1228 1195 1279 estis
1231 1227 1406 1278 edocti.
1482 1225 1580 1279 Sed
1611 1237 1663 1279 ut
1694 1229 1751 1278 de
1781 1228 1919 1278 nobis
1952 1227 2015 1278 sit

103 1310 218 1361 illud
255 1309 304 1361 iu
337 1311 636 1362 conscientia
675 1319 839 1362 vestra
877 1312 1214 1376 manifestum,
1269 1328 1444 1380 cupere
1484 1329 1573 1363 nos
1619 1312 1813 1382 spiritus
1858 1312 2013 1363 sancti

106 1396 230 1447 dona
271 1395 626 1446 communicare
665 1395 934 1446 vobiscum.

245 1476 468 1547 Inprimis
493 1479 654 1547 itaque
682 1480 855 1543 crede,
897 1479 1013 1531 nihil
1040 1498 1128 1530 nec
1154 1480 1201 1530 in
1229 1480 1405 1531 ceteris
1435 1480 1702 1549 scripturae
1732 1481 1876 1544 locis,
1923 1497 2013 1531 nec

104 1563 151 1613 in
182 1579 271 1626 eo,
313 1564 371 1614 de
402 1580 496 1630 quo
525 1564 668 1613 modo
697 1563 911 1631 agimm,
953 1564 1048 1615 ulla
1074 1563 1162 1615 sibi
1190 1564 1399 1615 invicem
1429 1581 1538 1615 esse
1570 1565 1836 1633 scripturae
1865 1564 2012 1615 verba

104 1647 378 1710 contraria3
418 1646 610 1697 tametsi
640 1646 699 1697 iis
731 1648 992 1712 duntaxat,
1035 1648 1112 1716 qui
1141 1648 1220 1698 vel
1248 1666 1364 1699 sana
1395 1649 1483 1699 tide
1517 1649 1717 1716 praediti
1752 1667 1848 1700 non
1878 1658 2007 1713 sunt,

105 1731 180 1781 vel
210 1730 538 1781 imbecillioris
569 1731 750 1798 ingenii
780 1741 918 1795 sunt,
961 1749 1233 1801 repugnare
1263 1732 1534 1783 videantur.
1611 1731 1801 1783 Deinde
1832 1733 2011 1784 nullum

100 1814 151 1865 in
180 1815 357 1865 mundo
391 1815 661 1884 exemplum
700 1816 903 1884 reperiri
935 1834 1079 1885 posse
1119 1817 1241 1885 quod
1272 1817 1327 1867 ad
1359 1817 1818 1885 repraesentandam
1846 1817 2014 1884 unige-

104 1898 192 1949 niti
220 1908 437 1950 naturam
476 1916 563 1967 per
591 1916 702 1950 sese
733 1900 956 1951 sufficiat.
1034 1899 1190 1967 Quam
1223 1901 1281 1951 ob
1317 1919 1532 1951 caussam
1566 1902 1804 1969 scriptura
1839 1902 2011 1952 multas

105 1983 163 2034 ad
192 1982 237 2033 id
267 1983 569 2050 excogitatas
605 1983 818 2034 rationes
845 1993 895 2034 et
931 1985 1274 2053 appellationes
1310 1986 1669 2048 accommodat3
1726 1985 1766 2036 si
1794 2003 1886 2053 quo
1917 1987 2012 2035 for-

103 2076 234 2118 tasse
260 2067 403 2118 modo
434 2084 498 2118 ex
526 2067 628 2131 his,
682 2084 802 2136 quae
836 2068 974 2119 nobis
1007 2069 1261 2120 familiaria
1296 2078 1482 2119 suntet
1512 2070 1731 2137 cognita,
1784 2086 1904 2136 quae
1934 2086 2012 2119 ca-

103 2160 233 2221 ptum
260 2160 475 2203 nostrum
502 2160 731 2220 superant:
751 2152 1160 2220 comprehendere
1184 2153 1442 2221 possimuS,
1484 2162 1533 2204 et
1557 2171 1622 2205 ex
1647 2155 1852 2221 cognitis
1878 2156 2013 2222 igno-

104 2244 257 2287 tarum
285 2252 445 2287 rerum
475 2234 736 2287 informare
762 2237 1009 2300 notitiam,
1051 2254 1075 2287 a
1112 2238 1378 2306 perspicuis
1405 2238 1498 2288 illis
1527 2237 1815 2304 pedetentim
1853 2240 1908 2289 ad
1937 2257 2013 2289 ar-

107 2337 226 2372 cana
255 2320 536 2388 occultaque
565 2321 799 2389 perducti.
877 2318 1020 2388 Quod
1049 2321 1197 2390 igitur
1237 2339 1322 2373 eos
1359 2322 1435 2389 qui
1475 2323 1522 2373 in
1559 2319 1805 2374 Christum
1844 2324 2011 2373 crede-

105 2412 215 2455 rent
242 2404 442 2455 credere
474 2404 727 2472 oportebat
755 2405 958 2456 similem
997 2422 1106 2456 esse
1136 2406 1282 2474 patris
1315 2406 1488 2469 filium,
1541 2415 1705 2474 utpote
1746 2425 1852 2457 cum
1884 2407 2012 2459 illius

106 2488 187 2557 qui
219 2504 363 2557 supra
391 2487 550 2537 omnia
578 2497 653 2539 est
680 2489 837 2556 imago
868 2490 932 2541 sit
958 2489 1037 2540 ille
1065 2490 1142 2558 qui
1174 2490 1393 2559 pervadit
1416 2490 1605 2555 omnia,
1659 2499 1708 2541 et
1738 2509 1878 2559 quem
1906 2509 2015 2560 pro-

107 2573 250 2623 ducta
277 2580 389 2622 sunt
414 2574 603 2636 omnia,
658 2581 751 2623 tam
780 2573 827 2623 in
862 2574 998 2624 coelo
1037 2592 1176 2642 quam
1208 2574 1255 2624 in
1286 2583 1443 2638 terra,
1500 2574 1660 2642 imago
1702 2593 1846 2643 porro
1886 2576 2014 2626 eius-

108 2656 233 2707 modi
266 2673 362 2706 non
390 2655 542 2724 qualis
570 2664 645 2706 est
668 2656 864 2707 animati
892 2658 1041 2725 ligura
1060 2697 1072 2721 ‚
1114 2658 1158 2708 id
1190 2658 1313 2726 quod
1346 2658 1536 2709 animae
1569 2667 1643 2709 est
1669 2676 1845 2728 expers
1864 2698 1877 2722 ‚
1931 2677 2014 2709 ne-

107 2757 199 2809 que
230 2740 363 2791 velut
389 2740 508 2790 artis
535 2740 757 2803 effectio,
811 2749 891 2791 aut
915 2741 1181 2792 effectionis
1212 2759 1359 2810 opuS‚
1416 2743 1500 2792 sed
1531 2752 1751 2811 tanquam
1780 2743 2014 2811 genitoris

107 2825 153 2874 id
184 2824 307 2892 quod
331 2823 543 2891 genitum
578 2831 679 2885 est,
734 2841 936 2892 cumque
976 2835 1228 2893 praeterea
1256 2828 1391 2876 net'as
1423 2827 1486 2877 sit
1511 2828 1568 2877 ad
1604 2827 1836 2894 unigeniti
1865 2844 2013 2894 gene-

108 2908 371 2972 rationem,
423 2924 546 2975 quae
578 2907 786 2957 saeculis
827 2908 1046 2959 omuibus
1075 2910 1206 2977 prior
1243 2919 1346 2973 est,
1404 2927 1667 2978 corporeae
1700 2919 1745 2960 et
1778 2911 2011 2960 humanae

109 2991 436 3060 generationis
483 2990 701 3060 proprias
743 2999 881 3042 notas
925 2993 1320 3061 conditionesque
1362 2997 1652 3057 transferre,
1712 3012 1767 3043 ac
1809 2995 2014 3061 deniqne

110 3092 216 3126 cum
245 3075 302 3125 ad
332 3075 596 3144 sapientiae
619 3075 745 3127 illius
773 3075 1074 3144 exemplum,
1133 3095 1254 3143 qnae
1282 3077 1512 3128 humanas
1542 3078 1857 3144 cogitationes
1884 3097 2014 3128 com-

110 3159 362 3227 plectitur,
401 3159 466 3209 ita
499 3158 583 3210 filii
609 3161 673 3210 sit
702 3160 942 3227 exigenda
969 3160 1219 3226 generatio
1258 3171 1308 3211 ut
1339 3178 1424 3229 per
1445 3178 1555 3211 sese
1585 3161 1815 3211 subsistat
1843 3162 2014 3211 nihilo-

110 3242 267 3293 minus
296 3252 346 3293 et
373 3242 581 3294 existat:
622 3244 731 3294 ideo
759 3243 987 3294 ambabus
1010 3243 1103 3293 illis
1133 3243 1449 3309 dictionibus,
1491 3244 1751 3294 creationis
1781 3261 1836 3294 ac
1867 3262 2014 3311 gene-

110 3326 343 3390 rationiS,
397 3326 464 3378 uti
499 3327 736 3396 scriptura
771 3327 948 3389 voluit,
1005 3344 1109 3377 cum
1142 3330 1328 3377 Creavz‘t
1352 3329 1549 3396 perinde
1577 3328 1697 3377 dixit
1727 3346 1784 3378 ac
1816 3332 2009 3391 Gemuit,-

111 3428 206 3461 non
232 3419 284 3461 ut
310 3410 474 3461 eadem
500 3411 557 3461 de
583 3429 636 3462 re
660 3411 801 3462 simul
829 3409 1069 3462 contraria
1097 3410 1185 3460 dici
1212 3411 1484 3474 videantur,
1526 3412 1608 3461 sed
1638 3420 1685 3460 ut
1709 3429 1794 3479 per
1816 3416 2020 3463 Creande'

112 3493 395 3545 vocabulum
426 3494 766 3545 subsistentem
794 3513 849 3545 ac
878 3494 1093 3544 stabilem
1127 3494 1315 3544 unicum
1349 3512 1458 3544 esse
1496 3494 1570 3544 dei
1605 3495 1776 3558 tilium,
1835 3514 1920 3565 per
1948 3498 2015 3548 al-

111 3586 265 3629 terum
305 3594 455 3641 vero,
511 3581 703 3639 Genuz‘t,
756 3578 984 3629 eximium
1024 3594 1082 3627 ac
1124 3578 1364 3645 peculiare
1406 3577 1624 3645 quiddam
1668 3579 1845 3631 habere
1882 3599 2015 3632 mon-

114 3669 283 3712 staret.
369 3665 501 3727 Ego,
551 3661 731 3730 inquit,
781 3666 910 3712 exivi
941 3679 970 3710 a
1004 3670 1142 3726 patre
1178 3671 1225 3710 et
1260 3665 1390 3711 vado.
1482 3659 1780 3731 Quamquam
1821 3665 1899 3715 vel
1940 3683 2016 3716 sa·
2059 3674 2186 3752 {3³¹3}

111 3775 326 3824 iunyendus
363 3786 450 3814 cum
484 3774 564 3826 τῆς
606 3771 776 3826 σοφίας;
825 3776 1031 3813 subiectum
1060 3778 1112 3812 est
1140 3770 1385 3827 μονογενής,
1430 3775 1476 3814 de
1505 3778 1759 3816 enuntiatione
1795 3780 1988 3827 proxima.
2103 3744 2113 3761 '

1578 3846 1658 3897 9*
