2508 4134
513 290 615 341 434
1224 301 1428 343 SANCTI
1451 302 1733 345 EP1PHAN11

518 394 682 448 πόκου
724 397 775 449 έν
815 399 997 468 σοφίᾳ,
1050 394 1110 449 δι’
1153 395 1330 466 ἀρετῆς
1372 398 1759 466 αὐτοῦ’·ἔνδυμα
1802 398 2104 469 ἀφθαρσίας.
2174 399 2313 454 Ἀλλᾶ
2356 403 2441 455 καὶ

519 482 684 550 ἕτερον
723 482 834 550 περὶ
871 480 1058 534 τούτων
1095 485 1405 536 διανοεῖσθαί
1445 486 1542 539 ἔστι
1581 483 1899 552 θαυμαστόν,
1950 489 2061 554 περί
2099 507 2149 539 τε
2184 493 2270 554 τῆς
2300 485 2442 549 Εὔας

512 568 597 618 καὶ
624 572 712 632 τῆς
739 570 958 636 Μαρίας.
1031 564 1094 618 Ἡ
1118 567 1205 634 μὲν
1237 565 1329 638 γάρ
1359 567 1474 621 Εὔα
1500 567 1752 638 πρόφασις
1779 571 2058 638 γεγέννηται
2085 572 2310 624 θανάτου
2338 578 2443 633 τοῖς

512 648 825 721 ἀνθρώποις·
867 650 931 705 δι’
958 649 1109 719 αὐτῆς
1138 650 1231 722 γάρ
1254 655 1481 721 ,εἶςῆλθεν
1506 651 1535 706 ὁ
1563 652 1785 714 θάνατος
1816 656 1885 715 είς
1912 652 1999 706 τὸν
2027 652 2228 722 κόσμον.
2299 653 2363 708 Ἡ
2389 656 2442 708 δὲ

513 739 693 806 Μαρία
731 736 982 807 πρόφασις
1011 743 1161 805 ζωῆς,
1213 736 1274 791 δι’
1306 731 1364 806 ἧς
1392 737 1635 808 ἐγεννήθη
1666 735 1786 805 ἡμῖν
1812 737 1924 805 ζωή.
2001 741 2101 792 Καὶ
2132 737 2214 792 διά
2240 745 2386 794 τοῦτο
2412 736 2441 794 ὅ

509 819 620 882 υἷὸς
667 827 798 875 5τοῦ
836 828 963 875 θεοῦ
996 824 1283 892 παρεγένετο
1316 826 1384 885 εἰς
1422 821 1508 876 τὸν
1544 821 1759 888 κόσμον,
1811 824 1896 875 καὶ
1928 817 2003 876 Οὗ
2049 829 2071 860 ⁶
2093 824 2380 879 ἐπλεόνασεν
2405 822 2442 893 ’ἦ

511 903 748 976 άμαρτία,
798 905 1263 978 ’ὑπερεπερίσσευσεν
1288 906 1322 975 ἦ
1346 907 1510 978 χάρις·
1564 909 1649 960 καὶ
1689 906 1813 960 ὅθεν
1852 908 2017 978 γέγονε
2045 907 2292 975 θάνατος,
2342 912 2446 964 ἐκεῖ

508 993 780 1061 προέλαβεν
809 991 843 1061 ἡ
870 992 995 1060 ζωὴ,
1046 996 1130 1046 ἵνα
1162 992 1260 1061 ζωὴ
1301 992 1411 1046 ἀντὶ
1450 991 1675 1046 θανάτου
1718 993 1970 1062 γέννηται,
2028 996 2311 1048 έκκλείσασα
2354 993 2441 1049 τόν

508 1075 732 1131 θάνατον
771 1077 857 1131 τόν
892 1081 944 1131 ἐκ
975 1076 1238 1147 γυναικός,
1289 1077 1436 1130 πάλιν
1462 1075 1491 1130 ὁ
1517 1075 1600 1130 διὰ
1623 1076 1858 1148 γυναικός
1894 1075 2011 1146 ἡμῖν
2039 1078 2136 1148 ζωὴ
2160 1081 2438 1149 γεγεννημέ·

507 1184 608 1224 νος.
686 1165 787 1216 Καὶ
824 1162 993 1230 ἐπειδὴ
1038 1166 1139 1216 ἐκεῖ
1175 1163 1261 1229 μὲν
1295 1165 1366 1215 ἔτι
1405 1158 1532 1215 οὖσα
1568 1160 1882 1232 παρθένοςῆ
1914 1154 2027 1217 Εὕα
2063 1166 2115 1218 ἐν
2141 1164 2440 1237 παρεκβάσει

506 1256 766 1319 παρακοῆς
804 1252 997 1320 γέγονε,
1049 1248 1194 1301 πάλιν
1224 1246 1308 1301 διά
1334 1254 1421 1315 τῆς
1448 1250 1709 1316 παρθένου
1737 1251 1933 1319 γέγονεν
1958 1246 1991 1316 ἦ
2019 1247 2216 1318 ὑπακοὴ
2243 1257 2330 1319 τῆς
2354 1250 2438 1319 χά-

506 1355 640 1403 ριτος
656 1377 669 1399 ,
709 1334 1133 1405 εὐαγγελισθείσης
1160 1340 1246 1401 τῆς
1273 1332 1358 1386 ἀπ’
1390 1331 1609 1403 ούρανοῦ
1630 1332 1858 1387 καθόδου
1885 1333 2126 1404 ένσάρκου
2150 1341 2438 1405 παρουσίας,

285 1431 369 1469 pag.
394 1422 489 1458 1⁰51.
514 1420 598 1472 καὶ
625 1425 750 1488 ζωῆς
781 1423 999 1473 αἰωνίου.
1065 1418 1206 1471 Ἐκεῖ
1228 1416 1350 1488 γάρ,
1389 1420 1513 1486 φησὶ
1543 1417 1671 1489 πρός
1695 1417 1781 1472 τόν
1813 1417 1958 1485 ὅφιν,
2000 1422 2100 1473 Καὶ
2131 1422 2316 1489 ἔχθραν
2343 1421 2439 1489 θή-

506 1522 576 1557 σω
604 1504 854 1573 ἆναμέσον
880 1524 996 1567 σου,
1036 1504 1118 1557 καὶ
1149 1500 1392 1571 ἄναμέσον
1419 1503 1601 1571 αὐτῆς,
1654 1506 1739 1557 καὶ
1767 1504 2014 1572 ἆναμέσον
2042 1511 2131 1560 τοῦ
2161 1505 2440 1576 σπέρματός

506 1607 625 1657 σου,
678 1592 760 1642 καὶ
795 1588 1038 1656 ἆναμέσον
1064 1595 1154 1642 τοῦ
1176 1590 1452 1659 σπέρματος
1480 1589 1647 1657 αὐτῆς.
1728 1587 1968 1658 Οὖδαμοῦ
2005 1590 2059 1644 δὲ
2084 1591 2276 1661 σπέρμα
2312 1588 2438 1663 εὖρί-

505 1694 668 1727 σκεται
698 1674 955 1744 γυναικός·
1008 1674 1102 1727 ἀλλ’
1138 1673 1172 1741 ἢ
1197 1673 1322 1727 κατά
1363 1673 1416 1727 τὸ
1442 1677 1642 1744 αἴνιγμα
1684 1676 1767 1728 ἐπὶ
1795 1681 1883 1743 τῆς
1914 1673 2055 1738 Εὔας
2079 1674 2378 1744 λαμβάνεται
2405 1674 2439 1744 ἦ

505 1761 663 1830 ἔχθρα
703 1759 830 1831 πρὸς
871 1758 930 1812 τοὶ
975 1757 1059 1812 ὑπ’
1106 1760 1262 1828 αὐτῆς
1303 1759 1604 1830 γεννώμενα,
1652 1766 1741 1813 τοῦ
1776 1782 1824 1814 τε
1858 1759 2022 1826 ὄφεως
2062 1762 2148 1815 καὶ
2173 1767 2262 1816 τοῦ
2287 1764 2341 1816 ἐν
2370 1767 2439 1834 τῷ

507 1842 624 1911 ε’)’φει
664 1847 930 1915 γενομένου
971 1845 1206 1913 διαβόλου
1243 1847 1327 1899 καὶ
1365 1845 1587 1911 φθόνου,

276 2021 389 2078 Κεφ.
421 2018 488 2065 ιΞΥ.
652 2015 769 2070 Ἀλλ’
796 2013 887 2071 οὖν
912 2039 965 2089 γε
991 2016 1115 2071 κατὰ
1137 2016 1192 2071 τὸ
1221 2015 1518 2070 τελειότατον
1546 2015 1608 2070 οὐ
1639 2015 1844 2069 δύναται
1870 2018 1923 2069 έν
1951 2014 2076 2090 αὐτῇ
2104 2015 2160 2070 τὸ
2186 2023 2287 2070 πᾶν
2316 2024 2433 2086 πλη-

504 2108 762 2171 ρωθῆναι,
801 2106 1181 2172 πληρωθήσεται
1215 2103 1269 2155 δὲ
1302 2099 1369 2164 ὥς
1399 2100 1601 2168 άληθῶς
1631 2103 1684 2154 ἐν
1707 2108 1775 2174 τῷ
1803 2103 2042 2171 σπέρματι
2068 2108 2136 2174 τῷ
2164 2099 2313 2175 ἁγίῳ,
2365 2108 2436 2175 τῷ

504 2189 761 2262 ἐξαιρέτῳ,
812 2196 879 2262 τῷ
910 2187 1204 2260 μονωτάτῳ,
1254 2193 1320 2259 τῷ
1350 2185 1452 2240 &nd
1483 2190 1692 2255 Μαρίας
1720 2186 1870 2254 μόνον
1902 2184 2174 2256 εὑρεθέντι,
2225 2189 2310 2240 καὶ
2340 2185 2433 2241 οὐκ

503 2271 603 2326 (ind
650 2278 878 2345 συζυγίας
919 2275 1116 2343 ἀνδρός.
1201 2267 1359 2333 Οὗτος
1384 2271 1476 2342 γάρ
1506 2266 1660 2339 ἦλθεν
1699 2270 1881 2324 ἀνελεῖν
1914 2270 2004 2339 τήν
2028 2293 2078 2325 τε
2103 2271 2313 2341 δύναμιν
2344 2279 2434 2327 τοῦ

502 2357 776 2428 δράκοντος
812 2363 897 2413 καὶ
931 2366 1129 2413 σκολιοῦ
1168 2356 1332 2424 ὄφεως
1372 2356 1668 2427 φεύγοντος,
1721 2359 1805 2410 καὶ
1831 2355 1920 2425 τὴν
1947 2364 2110 2411 πᾶσαν
2137 2361 2434 2427 οἰκουμένην

501 2446 843 2512 κατειληφέναι
880 2447 1120 2514 λέγοντος.
1196 2442 1294 2496 Διά
1320 2449 1465 2497 τοῦτο
1498 2444 1787 2513 παρεγένετο
1820 2444 1874 2496 έκ
1910 2441 2144 2513 γυναικός
2171 2441 2201 2497 ὁ
2234 2464 2431 2514 μονογε·

501 2527 615 2597 νής,
655 2532 723 2592 εἷς
751 2528 997 2600 ἀναίρεσιν
1023 2530 1108 2597 μὲν
1132 2535 1219 2582 τοῦ
1253 2527 1445 2594 ὄφεως,
1482 2530 1700 2582 τουτέστι
1730 2534 1817 2596 τῆς
1845 2532 2311 2594 κακοδιδασκαλίας,
2348 2531 2432 2582 καὶ

502 2621 734 2685 φθορᾶς,
784 2618 868 2668 καὶ
894 2614 1116 2682 ἀπάτης,
1167 2613 1356 2681 πλάνης
1384 2636 1434 2667 τε
1459 2616 1542 2667 καὶ
1573 2612 1791 2680 οἷνομίας.
1872 2608 2034 2677 Οὗτός
2065 2617 2192 2669 ἔστιν
2229 2612 2434 2682 άληθῶς

503 2697 713 2771 ἀνοίγων
753 2699 944 2770 μήτραν
982 2699 1176 2770 μητρός.
1255 2698 1448 2762 Πάντες
1476 2698 1568 2770 γάρ
1602 2699 1710 2753 ὅσοι
1745 2699 2079 2770 ἐγεννήθησαν
2105 2699 2430 2769 πρωτότοκοι,

500 2788 583 2838 ’ἵνα
621 2787 706 2838 καὶ
747 2784 1036 2854 σεμνότερον
1081 2788 1317 2853 εἴπωμεν,
1366 2783 1458 2838 οὐκ
1488 2783 1819 2853 ἠδυνήθησαν
1857 2791 2000 2839 τοῦτο
2039 2791 2284 2855 πληροῦν,
2334 2782 2431 2838 ἄλλ’

499 2868 535 2938 ἢ
564 2869 717 2938 μόνος
749 2869 777 2925 ὁ
806 2870 1107 2941 μονογενὴς,
1145 2870 1334 2941 μήτραν
1362 2871 1621 2940 παρθένον
1651 2869 1859 2934 ἀνοίξας.
1930 2869 2012 2923 Ἐν
2039 2870 2195 2943 τούτῳ
2224 2868 2316 2940 γάρ
2342 2869 2431 2938 μό·-

504 2977 574 3028 νω
605 2960 919 3022 τετελείωται,
959 2960 1041 3009 καὶ
1075 2958 1126 3009 ἐν
1156 2954 1280 3029 ὄίλλῳ
1306 2956 1487 3010 οὐδενί.
1558 2954 1697 3009 Ἀλλοὶ
1730 2958 1813 3009 καὶ
1843 2953 1924 3008 ἄπ’
1950 2955 2104 3023 αὐτῆς
2128 2961 2217 3022 τῆς
2241 2952 2429 3009 ὖποθέ-

505 3059 627 3104 σεως
654 3044 782 3095 ἔστιν
811 3044 943 3094 ἰδεῖν.
1016 3040 1136 3095 'And
1164 3045 1371 3110 Μαρίας
1399 3039 1492 3110 γάρ
1521 3040 1818 3109 λαμβάνεται
1846 3038 1881 3109 ἦ
1907 3042 2053 3107 λέξις,
2090 3041 2174 3093 καὶ
2203 3042 2315 3111 περὶ
2341 3046 2430 3110 τῆς

503 3127 761 3195 ἐκκλησίας
795 3129 927 3180 ἔσται
959 3150 1040 3194 μοι
1067 3133 1212 3180 τοῦτο
1241 3128 1419 3196 λέγειν,
1460 3126 1666 3179 ’Ἕνεκεν
1703 3126 1883 3180 τούτου
1910 3128 2192 3191 καταλείψει
2230 3124 2426 3197 ἅνθρω-

501 3233 597 3273 πος
623 3210 710 3265 τόν
739 3214 927 3282 πατέρα
960 3213 1145 3278 αὐτοῦ,
1182 3214 1268 3265 καὶ
1294 3211 1384 3279 τὴν
1416 3213 1599 3280 μητέρα
1627 3210 1805 3275 αὐτοῦ,
1842 3211 1928 3263 καὶ
1950 3211 2425 3285 προςκολληθήσεται

500 3302 561 3369 τῇ
596 3300 795 3366 γυναικὶ
832 3298 1015 3362 αὐτοῦ,
1066 3300 1149 3351 καὶ
1190 3300 1383 3351 ἔσονται
1424 3299 1477 3350 οἱ
1505 3295 1595 3350 δύο
1626 3299 1695 3359 εἰς
1728 3296 1887 3364 σάρκα
1918 3298 2046 3362 μίαν.
2117 3293 2172 3348 Ὁ
2203 3297 2256 3350 δὲ
2285 3295 2426 3367 ἅγιος

504 3380 780 3445 ἇπόστολός
819 3402 967 3451 φησι,
1027 3382 1092 3436 Τὸ
1135 3382 1402 3453 μυστήριον
1441 3388 1585 3436 τοῦτο
1627 3383 1749 3451 μέγα
1791 3383 1938 3434 ἐστίν·
1991 3378 2084 3448 ἐγώ
2119 3381 2319 3452 δὲλέγω
2355 3384 2426 3445 εἰς

506 3467 721 3536 Χριστὸν
749 3471 829 3521 καὶ
861 3467 951 3537 τήν
980 3471 1252 3536 ἐκκλησίαν.
1327 3470 1426 3520 Καὶ
1458 3466 1551 3536 ὅρα
1578 3488 1660 3534 μοι
1687 3464 1777 3533 τήν
1799 3470 1897 3517 τῶν
1921 3470 2126 3534 γραφῶν
2149 3467 2422 3536 ἀκρίβειαν,

502 3550 578 3604 ὅτι
615 3554 698 3605 ἐπὶ
738 3554 825 3620 μὲν
861 3560 929 3626 τῷ
955 3552 1108 3621 Ἀδᾶμ
1135 3551 1381 3605 ’Ἐπλασεν
1417 3553 1594 3621 λέγων,
1642 3552 1723 3604 ἐπὶ
1766 3550 1818 3602 δὲ
1844 3554 1905 3622 τῇ
1930 3548 2045 3621 Εὔα
2086 3551 2250 3605 οὐκέτι
2286 3557 2302 3588 ¹
2326 3556 2419 3605 Πε-

500 3636 723 3691 πλάσθαι
749 3640 930 3708 λέγων,
983 3636 1082 3691 ἀλλ’
1123 3641 1524 3705 Οἰκοδομεῖσθαι.
1583 3634 1763 3702 ’Έλαβε
1793 3633 1912 3704 γάρ,
1969 3638 2119 3702 φησὶ,
2172 3639 2286 3704 μίαν
2322 3641 2423 3690 ταῖν

557 3739 596 3777 5.
637 3741 710 3781 τοῦ
750 3743 877 3783 omiss.
918 3743 961 3781 in
1001 3742 1089 3781 edit.
1130 3742 1265 3781 Pelav.
1308 3741 1438 3780 Golon.
1555 3737 1651 3777 Cu».
1679 3736 1803 3776 XIX.
1832 3759 1886 3765 —
1947 3736 1981 3776 1.
2028 3737 2268 3781 πεπλᾶσῦαι
2309 3738 2421 3779 codd.

500 3799 615 3856 repqt.
1493 3806 1571 3835 mss
1614 3797 1647 3834 et
1676 3795 1735 3833 ed.
1763 3794 1912 3843 princ„
1940 3806 2012 3844 pro
2039 3807 2155 3851 more.

559 3852 598 3891 b.
631 3849 855 3894 πλεόνασεν
884 3855 973 3892 edit.
1005 3856 1138 3893 Petav.
