2508 4134
564 302 787 344 PANARu
819 303 922 343 Lm.
945 303 1017 342 nt.
1045 304 1181 344 ΤοΜ.
1206 305 1235 344 t.
1268 304 1428 344 mun.
1455 304 1613 344 mcxi.
1979 294 2046 342 47

139 400 286 462 denS,
328 416 384 450 ac
415 399 526 466 quid
556 400 740 467 decepti
769 400 987 450 homines
1016 400 1270 466 cogitaturi
1298 402 1553 469 aliquando
1586 402 1773 460 forent,
1817 408 1960 467 utque
1988 399 2046 449 ab

140 498 194 534 se
234 483 433 550 quisque
474 483 727 534 ,veritatem
759 483 1116 533 abiudicaturus
1145 492 1277 532 esset
1315 484 1617 551 intelligens,
1667 486 1827 543 Nihil,
1870 482 2297 550 inquit,1oaun.5,19.

137 584 165 616 a
205 570 354 630 setim-o
391 568 516 630 facit
532 568 676 631 filius
690 603 703 625 ,
758 570 856 616 nisi
894 569 1065 615 viderit
1096 575 1277 630 patrem
1314 569 1575 629 fiteientem.
1651 567 1704 620 N
1707 585 1763 618 ec
1808 576 1883 619 est
1920 566 2045 635 quod

137 649 411 718 suspicetur
438 648 610 717 aliquis
639 650 840 718 primum
875 648 1003 699 illum
1036 648 1231 712 videre,
1271 650 1442 699 deinde
1474 652 1653 701 facere.
1734 650 1893 702 Habet
1918 651 2043 701 enim

136 732 184 783 in
223 733 384 800 seipso
423 733 610 795 omnia,
651 741 699 783 et
735 749 1065 800 quaecumque
1103 732 1312 782 voluerit
1351 733 1552 800 perlicit.

275 814 484 883 Quinam
520 816 668 884 igitur
698 833 816 866 vera
861 816 977 866 baec
1019 833 1156 879 esse,
1197 813 1438 877 Photiue,
1481 820 1739 883 poterunt?
1813 817 1937 884 Quis
1964 817 2044 867 ille
2077 829 2175 884 Cap.
2208 831 2256 870 V.

136 908 239 962 est,
291 899 368 967 qui
401 901 450 950 in
486 899 706 949 te‘nobis
743 916 913 949 rursus
953 899 1114 949 lolium
1153 898 1266 949 ittud
1293 899 1610 949 disseminat?
1682 899 1805 966 Quis
1831 901 1942 951 illud
1975 901 2045 951 vi-

136 1000 218 1033 rus
252 983 299 1033 in
333 983 588 1034 linmanum
624 1000 777 1050 genus
809 982 1008 1033 effudit?
1081 981 1206 1050 Quis
1239 991 1400 1032 tantae
1428 981 1510 1032 tibi
1537 983 1825 1050 impietatiS‚
1867 1001 1923 1034 ac
1950 993 2043 1034 tam

136 1066 498 1117 consceleratae
519 1066 994 1133 contumeliosaeque
1022 1066 1069 1116 in
1097 1067 1237 1117 deum
1267 1065 1508 1134 opinionis
1539 1075 1710 1117 auctor
1741 1067 1857 1117 suit?
1928 1065 2043 1118 Non

134 1150 211 1202 vel
237 1150 509 1201 Abraamus
552 1150 801 1200 meliorem
850 1149 932 1200 tibi
974 1158 1184 1200 mentem
1226 1150 1518 1217 persuadere
1557 1151 1737 1218 potuit,
1791 1149 1868 1216 qui
1905 1150 2043 1200 deum

134 1234 204 1284 sic
242 1233 530 1301 alloquitur:
585 1237 679 1298 Qui
702 1236 881 1282 iudicas
916 1251 1089 1282 onmem
1122 1243 1318 1294 terram,
1360 1252 1451 1283 non
1476 1236 1626 1300 faeces
1654 1237 1911 1283 iudicium?
1986 1233 2044 1285 ll-
2068 1239 2162 1275 Gen.
2177 1240 2231 1286 18,
2245 1239 2297 1276 ²⁵·

133 1318 209 1368 lud
239 1334 357 1368 vero
389 1318 683 1385 redarguere
714 1327 760 1367 te
786 1317 954 1380 debet,
1011 1317 1136 1384 quod
1174 1317 1296 1385 apud
1334 1317 1486 1386 ipsum
1519 1327 1742 1369 versatus
1781 1335 1890 1369 esse
1923 1318 2045 1369 fitius

133 1400 334 1464 dicitur,
391 1419 486 1451 nou
517 1401 756 1452 sermonis
783 1400 939 1468 aliqua
966 1401 1198 1468 prolatio,
1251 1402 1335 1452 sed
1369 1402 1485 1452 deus
1517 1401 1716 1452 verbum
1749 1403 2040 1453 subsistens.

134 1484 298 1552 Atque
341 1493 392 1535 ut
432 1501 596 1536 eorum
627 1502 749 1552 quae
790 1484 837 1535 in
879 1485 968 1535 boc
1015 1485 1211 1552 negotio
1250 1493 1388 1551 gesta
1416 1495 1528 1536 sunt.
1567 1485 1749 1536 exitum
1779 1485 2042 1554 intelligas,

134 1586 163 1618 o
187 1568 452 1636 sapientiae
480 1568 635 1618 inanis
664 1568 948 1631 affectator,
1011 1569 1099 1618 hoc
1132 1569 1237 1635 ipso
1264 1569 1309 1618 in
1346 1569 1615 1637 scripturae
1646 1570 1752 1620 loco
1779 1572 1902 1638 quod
1940 1588 2046 1639 per·

133 1653 307 1703 fectum
359 1660 407 1702 et
445 1652 716 1703 absolutum
766 1661 843 1703 est
890 1652 1020 1702 velut
1071 1651 1363 1719 obsignam,
1424 1654 1688 1704 declaravit
1737 1654 1809 1704 his
1849 1654 2041 1705 verbis:

130 1739 260 1786 Pluic
291 1739 500 1785 domimts
536 1755 562 1785 e
597 1739 724 1786 coelo
761 1741 942 1801 ignem,
998 1746 1044 1786 et
1077 1739 1303 1801 seulplmr
1339 1740 1386 1786 in
1426 1740 1623 1787 Sodomo
1650 1748 1699 1787 et
1729 1742 1987 1788 Gomorrha
2015 1756 2043 1788 α
2067 1748 2163 1785 Gen.
2176 1751 2228 1794 19,
2244 1752 2297 1786 24.

130 1822 329 1868 domino.
406 1818 521 1871 Non
551 1820 704 1882 dixit,
748 1818 962 1870 Verbum
999 1820 1206 1882 domini,
1250 1821 1333 1870 scd
1368 1818 1606 1873 Dominus
1633 1839 1662 1872 a
1693 1823 1905 1873 domino.
1982 1820 2048 1874 Ut

131 1911 179 1953 et
213 1901 377 1966 David
399 1903 587 1954 locutus
625 1912 726 1954 est:
780 1907 922 1953 Biz-it
957 1907 1168 1953 dominus
1200 1907 1382 1954 domino
1425 1923 1538 1954 meo.
1621 1903 1683 1957 Ut
1720 1915 1879 1957 autem
1928 1924 2045 1957 con·
2081 1918 2143 1953 1‘s.
2170 1920 2256 1973 1⁰⁹2
2281 1922 2298 1955 1

132 1994 227 2038 stet
257 2004 350 2037 non
384 1988 536 2043 solnm
568 1995 675 2056 post
705 1987 1087 2038 incarnationem
1121 1987 1413 2055 filiiffnomen
1444 1989 1696 2057 usurpari,
1749 1991 1807 2040 de
1839 2007 1898 2040 en
1930 2009 2046 2058 quo-
2133 1965 2212 1997 ‘M'

131 2087 243 2138 que,
272 2072 395 2138 quod
417 2088 442 2122 a
472 2071 708 2139 principio
741 2073 913 2123 l'actum
945 2080 1039 2134 est,
1080 2072 1374 2122 mentionem
1407 2074 1537 2123 facit.
1579 2077 1660 2122 Em
1691 2084 1840 2134 utero,
1871 2074 2042 2142 inquit,

129 2163 237 2204 onte
262 2157 532 2221 Luciferum
554 2159 707 2220 genui
732 2164 791 2204 te.
875 2153 974 2206 lam
1002 2171 1121 2205 vero
1154 2155 1211 2206 de
1236 2156 1406 2224 spiritu
1437 2165 1608 2206 sancto
1643 2174 1784 2206 nemo
1818 2167 1919 2220 est,
1962 2159 2046 2208 bo·

128 2255 207 2288 mo
244 2238 613 2307 loquacissime,
673 2248 720 2290 et
747 2240 874 2290 inter
904 2240 1090 2290 otiosos
1122 2239 1440 2308 curiosusque
1471 2241 1794 2304 numerande,
1835 2241 1913 2308 qni
1943 2259 2046 2292 ser-

129 2338 297 2374 mones
328 2331 435 2374 tuos
463 2324 629 2392 aequis
655 2323 851 2381 auribus
885 2324 1122 2374 admittat.
1198 2321 1326 2373 Nam
1359 2341 1515 2391 neque
1547 2324 1728 2388 maior,
1772 2342 1927 2393 neque
1960 2324 2047 2375 mi-

129 2422 222 2462 nor¹
251 2405 343 2455 dici
377 2416 536 2475 potest
568 2407 765 2475 spiritus
795 2416 1013 2458 sanctus.
1094 2411 1206 2471 Quis
1232 2411 1349 2456 enim
1376 2410 1515 2468 haee,
1572 2408 1752 2475 inquit,
1805 2414 2051 2475 requeis-ivit
2069 2422 2171 2458 Esai.
2196 2426 2229 2467 1,
2251 2424 2302 2459 ιτ.

126 2492 182 2539 de
209 2491 418 2539 munibus
442 2494 644 2540 vestris?
710 2488 990 2558 Quinetiam
1020 2491 1144 2542 idem
1175 2501 1219 2541 te
1250 2491 1608 2542 sanctissimum
1639 2492 1860 2556 verbum,
1902 2490 2046 2544 Citri-

127 2581 230 2624 stus
256 2574 483 2625 videlicet
509 2575 730 2626 dominus
755 2576 1072 2639 condemnat3
1114 2574 1193 2643 qui
1224 2576 1280 2626 de
1312 2575 1483 2643 spiritu
1515 2584 1686 2626 sancto
1716 2577 1786 2626 sic
1811 2577 2041 2645 loquitur,

127 2655 392 2708 divinitatis
441 2666 492 2709 ut
533 2675 649 2709 suae
695 2676 976 2727 germanum
1023 2676 1079 2709 ac
1119 2658 1397 2728 participem
1441 2669 1694 2727 agnoscat.
1773 2661 1858 2711 Ait
1892 2661 2041 2725 enim,
2074 2674 2201 2733 lqaqnt.

130 2728 226 2804 Qui
255 2761 317 2791 ex
349 2751 488 2807 patre
515 2747 757 2808 procedit,
799 2753 848 2793 et
880 2747 936 2792 de
971 2762 1068 2792 meo
1105 2747 1317 2808 accipiet.
2079 2719 2132 2763 ¹⁰⁹
2155 2720 2208 2754 'b'

267 2822 424 2891 Quam
453 2827 596 2876 multa
625 2837 737 2878 suut
761 2836 811 2876 et
839 2827 930 2877 alia
963 2827 1266 2878 testimonia!
1346 2824 1485 2894 Quae
1516 2829 1736 2879 consulto
1764 2837 2039 2897 praetereo,
2074 2847 2258 2901 Cap.V1.

127 2908 352 2977 quoniam
395 2910 583 2978 quidem
617 2919 697 2961 tua
739 2911 959 2962 omuibus
1002 2911 1338 2978 importunitas
1379 2920 1453 2963 est
1489 2913 1768 2975 manifesta,
1822 2929 1943 2980 quae
1982 2913 2040 2963 ab

128 3009 323 3055 errore,
367 3011 461 3044 non
494 3011 519 3044 a
552 2995 787 3057 veritate,
829 2994 1180 3062 proficiscitur,
1230 2996 1351 3045 adeo
1385 3005 1436 3046 ut
1478 3014 1571 3046 non
1603 3013 1709 3047 eam
1741 2998 1882 3047 modo
1913 2995 2041 3064 sapi-

127 3076 373 3140 entiores,
427 3079 511 3128 sed
548 3087 599 3128 ut
630 3077 695 3128 illi
731 3077 868 3128 facile
903 3078 1263 3146 deprehendant
1290 3080 1368 3147 qui
1398 3081 1677 3131 nonnullum
1705 3097 1952 3131 sacrarum
1984 3080 2039 3129 Ιί-

126 3168 337 3211 terarum
373 3178 506 3211 usum
540 3161 810 3212 habuerint.
889 3159 1052 3228 Quare
1088 3181 1181 3212 non
1213 3172 1288 3213 est
1315 3164 1437 3231 quod
1473 3164 1686 3231 pluribus
1718 3165 1953 3213 adversus
1985 3162 2041 3212 il-

127 3243 217 3294 lam
247 3244 535 3295 testimoniis
572 3255 654 3295 aut
684 3246 890 3313 longiori
924 3245 1214 3296 refutatione
1256 3265 1376 3315 opus
1410 3265 1519 3297 esse
1556 3247 1694 3297 nobis
1727 3247 2035 3297 arbitremur.

125 3324 262 3377 Nihil
305 3326 432 3378 enim
477 3329 753 3379 narratione
795 3338 871 3380 tua
903 3338 952 3379 et
989 3329 1267 3380 infidelitate
1306 3331 1364 3380 ad
1403 3330 1788 3381 convincendum
1828 3330 2035 3381 facilius·

126 3408 265 3462 Unde
296 3427 418 3478 quae
446 3420 611 3462 contra
642 3422 687 3462 te
716 3414 950 3482 disputata
982 3420 1092 3462 sunt
1132 3412 1392 3478 hactenus,
1450 3414 1569 3464 satis
1609 3413 1819 3463 arbitror
1859 3415 2036 3476 futura,

128 3511 184 3545 ac
226 3495 421 3562 perinde
459 3502 510 3545 ut
539 3494 774 3547 insectnm
811 3497 1042 3564 quoddam
1074 3495 1249 3546 animal
1289 3514 1314 3546 e
1344 3506 1474 3548 terra
1502 3514 1771 3559 emersum,
1814 3506 1863 3548 et
1890 3497 2040 3548 imbe-

128 3578 307 3641 cillum,
335 3578 405 3628 sic
431 3587 741 3647 posteaquam
767 3589 812 3630 te
840 3580 987 3630 divini
1019 3579 1152 3629 verbi
1180 3597 1236 3630 ac
1262 3581 1482 3631 veritatis
1505 3580 1713 3647 vestigio
1737 3581 2035 3649 proculcavi,

182 3673 220 3716 3.
264 3677 461 3725 Suspicior
499 3678 740 3717 scribendum
779 3689 857 3718 esse
895 3671 940 3719 ἓν
984 3674 1054 3723 ὥς.
1112 3676 1327 3716 malculnm
1359 3676 1558 3716 insectnm
1588 3691 1636 3717 ae
1661 3676 1868 3731 impotens
1891 3682 1970 3719 cett.

132 3731 340 3770 Carnarius
381 3733 489 3770 vertit
535 3732 798 3786 Quapropter
845 3732 1055 3771 sufficiunt
1168 3730 1206 3773 4.
1235 3734 1344 3773 Libri
1370 3735 1486 3785 vulyo
1513 3728 1687 3787 ἀτόμου.

128 3783 230 3826 haec
250 3784 443 3826 adversus
465 3793 507 3827 te
529 3785 653 3839 dieta,
684 3802 805 3842 quem
827 3787 940 3830 velut
962 3787 1054 3828 ani-
