2508 4134
429 289 531 342 250
1131 300 1337 342 sANcrx
1364 302 1648 343 EPIPHANH

429 397 611 459 δόσεως
652 394 879 451 1Ξαὶἳτόν
914 399 1093 471 νομίσῃ
1137 396 1476 468 δημιουργόν,
1514 399 1600 451 καὶ
1628 399 1812 473 ἐκπέσῃ
1839 404 1928 467 τῆς
1959 398 2210 466 ἀληθείας.
2285 401 2359 453 Et

430 480 521 552 γάρ
548 483 630 535 καὶ
656 481 892 548 ἐφύτευσε
922 487 1039 535 Νῶε
1071 480 1304 550 ἄμπελον,
1343 482 1405 536 οὐ
1432 485 1696 554 γέγραπται
1727 483 1804 537 ὅτι
1830 477 1894 552 ἦν
1922 481 2220 553 φυτουργὸς,
2256 481 2357 538 ἀλλ’

202 589 288 627 vag.
310 580 384 616 9⁴⁷.
430 569 616 637 ἐγένετο
643 565 769 638 άνὴρ
793 566 1020 638 γεωργός.
1056 566 1263 639 ’Ἕτερος
1289 567 1381 639 γάρ
1408 571 1536 622 ἐστιν
1564 566 1594 622 ὅ
1616 566 1676 622 τά
1705 566 1978 622 αὕ-θεντικοῖ
2007 570 2231 638 παρέχων
2253 577 2360 634 τοῖς

430 653 704 719 ἐσομένοις,
754 655 916 723 ἕτερος
946 657 1001 706 δέ
1033 655 1162 707 ἐστιν
1189 651 1220 707 ό
1253 653 1308 708 τό
1342 651 1468 708 εἶναι
1504 652 1616 724 παρ’
1646 653 1801 708 αὐτοῦ
1843 651 2059 722 εἰληφώς
2087 651 2361 725 ἅνθρωπος

427 740 510 791 καὶ
539 736 627 806 τὴν
661 740 848 792 ἐκείνου
877 743 1114 810 γεωργίαν
1142 741 1552 807 πεπιστευμένος,
1605 743 1688 793 ’ἵνα
1716 737 1744 793 ό
1769 740 1856 807 μὲν
1882 744 2073 813 γεωργῇ
2104 737 2165 792 τοὶ
2191 739 2358 795 ἐπιδό-

429 841 550 886 σεως
574 826 643 886 εἰς
663 827 903 878 τελείωσιν
930 823 1237 893 ἐπιδεόμενα,
1275 822 1304 878 ὁ
1328 825 1381 878 δὲ
1410 823 1499 892 τὴν
1525 825 1797 892 τελειότητα
1823 826 2026 893 παρέχοι
2052 822 2136 878 διὰ
2156 829 2244 893 τῆς
2267 824 2359 879 αὖ·

429 916 518 963 τοῦ
552 908 820 972 ἐπιδόσεως
847 916 945 963 τῶν
978 907 1061 963 ὑπ’
1091 909 1246 964 αὐτοῦ
1280 911 1570 978 ἐκτισμένων
1608 913 1694 964 καὶ
1727 910 2067 972 13ἐπιδόσεως
2095 911 2164 972 εἰς
2185 909 2359 964 τελειό-

429 1017 547 1062 τητα
569 995 929 1063 αὐξανομένων.
987 995 1132 1049 Οὕτω
1154 997 1238 1048 καὶ
1265 997 1344 1050 ἐπὶ
1370 1001 1469 1049 τῶν
1493 994 1631 1059 ζώων
1655 998 1739 1048 καὶ
1762 997 1844 1050 ἐπὶ
1867 1001 1964 1049 τῶν
1987 999 2248 1049 πετεινῶν·
2274 995 2360 1050 οὕ-

429 1102 497 1134 τω
525 1082 610 1134 καὶ
636 1083 719 1135 ἐπὶ
746 1086 846 1134 τῶν
874 1086 1067 1148 κτηνῶν
1093 1082 1178 1134 καὶ
1198 1082 1411 1152 ἑρπετῶν
1438 1082 1521 1133 καὶ
1552 1082 1770 1134 ἐναλίων.
1848 1079 2023 1134 Πάντα
2055 1083 2106 1135 ἐν
2133 1078 2257 1153 άρχῇ
2285 1081 2358 1135 τέ-

429 1173 532 1220 λεια
561 1167 726 1237 γέγονε
755 1163 838 1220 δια
863 1172 952 1219 τοῦ
978 1165 1354 1236 προςτάξαντος.
1430 1164 1672 1232 Βουλήσει
1695 1166 1748 1219 δὲ
1774 1169 1954 1232 σοφίας
1981 1172 2069 1219 νῦν
2091 1164 2361 1230 ἐπιδόσεως

431 1256 606 1318 δεῖται,
645 1251 726 1306 διά
749 1250 839 1321 τήν
868 1257 958 1305 τοῦ
988 1253 1070 1305 ἐπὶ
1099 1258 1190 1323 γῆς
1216 1250 1537 1316 δεσπόζοντος
1561 1249 1841 1321 ἀνθρώπου
1873 1248 1979 1304 κατ’
2005 1252 2202 1305 ἔννοιαν
2229 1248 2361 1318 ὠφέ-

430 1345 586 1403 λειαν,
641 1340 709 1400 εἰς
731 1336 787 1392 τὸ
808 1336 1144 1409 ἐπιγινώσκειν
1171 1335 1257 1391 τὸν
1282 1334 1450 1390 ἐπάνω
1477 1334 1678 1390 πάντων
1702 1334 1852 1401 θεὸν,
1903 1335 1990 1390 τόν
2016 1335 2228 1406 χορηγόν
2261 1341 2361 1390 τῶν

431 1431 772 1492 σπερματικῶν
795 1426 877 1477 καὶ
906 1429 993 1490 τῆς
1022 1421 1290 1484 ἐπιδόσεως
1329 1427 1428 1475 τῶν
1451 1419 1705 1490 αὐξήσεων
1749 1419 1868 1476 ὅντα
1892 1419 2016 1475 θεὸν
2053 1423 2138 1475 καὶ
2171 1419 2360 1488 κύριον.

432 1508 621 1580 Διόπερ
653 1508 713 1562 τά
742 1509 830 1577 μὲν
856 1507 960 1562 κατ’
991 1506 1207 1578 οὐρανόν
1231 1509 1315 1561 καὶ
1345 1505 1406 1560 οὔ
1434 1505 1517 1561 διὰ
1557 1512 1733 1577 χειρῶν
1759 1505 2039 1577 ἀνθρώπου
2067 1506 2360 1576 σπειρόμενα

429 1593 571 1660 ὅντα,
622 1597 701 1648 καὶ
734 1595 793 1648 οὐ
828 1600 1067 1664 γεννῶντα
1096 1594 1215 1647 οὐδὲ
1249 1593 1554 1664 γεννώμενα,
1612 1595 1770 1646 εἴασεν
1793 1590 1821 1647 ό
1850 1590 1972 1654 θεὸς
1998 1594 2052 1646 ἐν
2085 1591 2358 1660 τελειότητι.

436 1678 510 1734 Οὔ
533 1680 624 1752 γάρ
653 1682 946 1749 ἐνέσκηπτον
970 1685 1030 1753 τῇ
1052 1682 1247 1752 διανοίᾳ
1274 1685 1364 1732 τοῦ
1391 1677 1673 1748 ἀνθρώπου
1699 1681 1768 1741 εἷς
1794 1675 2063 1746 ἐπιβουλὴν
2085 1678 2169 1731 καὶ
2193 1683 2356 1743 τῦφον

431 1769 727 1831 κενοδοξίας,
768 1764 835 1829 ὥς
859 1763 967 1820 οἷον
995 1766 1076 1819 ἐπὶ
1104 1762 1245 1833 ήλίου
1270 1766 1440 1830 εἰπεῖν,
1477 1765 1564 1818 καὶ
1589 1763 1807 1832 σελήνης,
1845 1765 1928 1818 καὶ
1951 1760 2154 1834 ι’ἱστρων.
2234 1761 2360 1818 Οὔτε

431 1850 522 1923 γάρ
552 1850 634 1905 διά
660 1850 714 1906 τὸ
744 1858 1012 1923 γεννᾶσθαι
1038 1849 1129 1919 τὴν
1159 1849 1388 1919 σελήνην,
1439 1849 1474 1918 ἢ
1502 1853 1728 1915 φθίνειν,
1768 1848 1800 1918 ἢ
1835 1848 2027 1914 αὔξειν,
2080 1847 2360 1904 ἀλλοιοῦται

431 1935 517 1991 τὸν
547 1937 757 2005 τρόπον,
804 1944 859 1976 ¹4
878 1936 997 1991 ἄλλα
1024 1935 1106 1990 διά
1130 1935 1185 1991 τό
1214 1942 1403 2006 καιρῶν
1428 1933 1550 1990 εἶναι
1580 1935 1812 1989 σύστασιν
1836 1937 1920 1988 καὶ
1947 1937 2261 2006 ἐπιχορηγίαν
2290 1928 2361 1989 ῶν

430 2022 550 2087 θεὸς
575 2032 678 2087 τοῖς
716 2029 970 2093 φωστῆρσι
1001 2021 1269 2086 διετάξατο.
1347 2027 1470 2085 Πῶς
1502 2015 1593 2075 οὖν
1619 2020 1680 2074 τοὶ
1710 2020 1963 2089 σωματικά
1989 2019 2138 2086 θεός,
2187 2022 2273 2076 καὶ
2300 2018 2363 2074 τοὶ

430 2114 678 2176 φθίνοντα
715 2111 798 2163 καὶ
835 2107 896 2162 τοὶ
930 2107 1210 2175 φθινόμενα
1248 2106 1467 2176 θελήσας
1502 2106 1661 2169 εὐθύς
1695 2108 1848 2160 τέλεια
1883 2106 2168 2177 εἰργάσατο,
2220 2105 2280 2160 ὃν
2310 2106 2364 2160 δὲ

431 2198 480 2260 ἐξ
513 2202 565 2233 ¹⁶
582 2194 736 2249 αὐτοῦ
767 2196 1052 2266 ἐγέννησεν,
1103 2195 1189 2248 ἕνα
1215 2195 1264 2256 ἐξ
1296 2191 1404 2255 ἓνὸς
1428 2192 1515 2246 τὸν
1541 2190 1660 2246 ὄντα
1687 2189 1763 2245 άεὶ
1788 2198 2084 2262 γεννητικῶς
2121 2189 2258 2262 παρὰ
2294 2196 2364 2264 τῷ

431 2279 535 2336 ὄντι
559 2280 824 2343 ἐπιδόσεως
867 2281 1036 2350 ἐγέννα
1062 2278 1405 2345 ἐπιδεόμενον;
1481 2278 1722 2332 Πέπαυσο
1753 2271 1868 2343 οὖν,
1923 2271 2161 2342 αἷἈέτιε,
2216 2274 2364 2339 κενὰς

431 2365 550 2436 ἡμῖν
582 2368 667 2420 καὶ
701 2362 1081 2435 Ἀριστοτελικοὶς
1117 2365 1268 2427 λέξεις
1307 2364 1498 2434 φέρων,
1547 2360 1763 2432 άρκετῶς
1809 2362 2018 2432 ἐχόντων
2058 2359 2228 2431 ἡμῶν,
2276 2362 2364 2415 καὶ

431 2451 499 2521 μή
525 2451 861 2519 ἀπατωμένων
897 2447 1058 2517 16τήν
1097 2456 1185 2503 τοῦ
1214 2453 1391 2519 κυρίου
1420 2447 1563 2517 ήμῶν
1592 2446 1840 2517 άληθινήν
1872 2451 2214 2513 διδασκαλίαν,
2269 2444 2364 2515 τήν

430 2539 666 2608 λέγουσαν
692 2534 772 2602 τὸ,
807 2534 891 2588 Ἐκ
919 2541 1007 2588 τοῦ
1036 2533 1223 2605 πατρὸς
1245 2533 1337 2606 ἐγώ
1367 2536 1600 2602 ἐξῆλθον,
1637 2537 1723 2587 καὶ
1748 2533 1883 2602 ἥκω,
1919 2536 2006 2588 καὶ
2036 2531 2098 2588 οὐ
2127 2554 2365 2602 καταχρη-

432 2629 608 2685 στικῶς
640 2620 844 2690 ἐχούσης
873 2627 960 2689 τῆς
995 2621 1166 2683 λέξεως
1198 2618 1288 2687 τὴν
1324 2619 1561 2688 δύναμιν,
1614 2618 1732 2673 ἄλλα
1773 2618 2067 2688 τελειότητος
2104 2620 2190 2673 καὶ
2221 2615 2366 2682 άξίας

434 2713 562 2763 θεοῦ
601 2706 936 2776 σημαινούσης
963 2705 1062 2775 ’τήν
1100 2703 1284 2760 οὐσίαν.

577 3093 764 3149 Ἀετίου
799 3090 972 3159 κεφάλ.
1006 3092 1049 3145 ι’.
1097 3094 1168 3144 Et
1191 3093 1371 3144 τέλειον
1403 3083 1467 3158 ἦν
1507 3098 1524 3128 ¹
1547 3088 1600 3143 τὸ
1634 3090 1866 3158 γέννημα,
1905 3089 1957 3140 ἐν
1986 3084 2232 3159 οἷγεννήτῳ
2261 3087 2364 3157 γέν·

437 3179 572 3250 νημά
604 3182 727 3244 ἐστι,
766 3180 849 3231 καὶ
880 3175 971 3231 οὐκ
1004 3179 1053 3240 ἐξ
1082 3171 1152 3229 ῶν
1180 3174 1209 3230 o‘
1236 3177 1498 3246 ἀγέννητος
1523 3172 1643 3229 αὗτὸ
1678 3174 1911 3243 ἐγέννησε.
1990 3178 2038 3224 Γ
2032 3169 2237 3240 εννητήν
2274 3169 2366 3242 γάρ

439 3267 593 3332 φύσιν
631 3267 683 3319 ἐν
719 3262 961 3336 άγεννήτῳ
998 3260 1141 3335 οὐσίᾳ
1171 3261 1264 3315 οὐκ
1292 3262 1526 3329 ἐνδέχεται
1555 3257 1694 3312 εἶναι.
1778 3257 1842 3311 Τό
1882 3255 1974 3328 γάρ
2009 3254 2127 3310 αὐτὸ
2167 3254 2292 3310 εἷναί
2317 3257 2369 3310 τέ

439 3355 536 3407 ἐστι
572 3353 655 3404 καὶ
684 3349 750 3417 μὴ
781 3346 919 3402 εἶναι.
994 3348 1220 3414 Γέννημα
1256 3345 1363 3417 γάρ,
1390 3342 1659 3416 άγέννητον
1694 3341 1785 3396 οὔκ
1813 3345 1938 3407 ἔστι,
1987 3344 2072 3395 καὶ
2106 3340 2370 3413 ἀγέννητον

236 3459 322 3496 1³³8-
345 3450 419 3487 948.
443 3436 500 3491 ὂν
527 3438 741 3508 γέννημα
768 3432 859 3488 οὐκ
889 3427 980 3502 ἦν,
1017 3438 1106 3487 τοῦ
1130 3431 1370 3500 ἀνομοίου
1399 3433 1577 3501 μέρους
1605 3430 1686 3483 ἐπὶ
1712 3434 1840 3482 θεοῦ
1870 3431 2186 3496 βλασφημίας
2209 3426 2369 3481 τύπον

442 3524 525 3575 καὶ
561 3521 706 3591 ὕβριν
745 3520 1011 3587 ἐπέχοντος.

504 3623 567 3663 12.
598 3618 723 3665 αὐτὸν
753 3624 865 3663 codd.
894 3634 986 3663 mss.
1017 3626 1051 3662 et
1080 3622 1169 3661 edit.
1195 3620 1319 3669 princ.
1496 3612 1558 3657 14.
1587 3613 1662 3654 sed
1690 3628 1740 3654 eo
1770 3613 1881 3669 quod
1911 3622 2143 3669 temporum
2170 3623 2234 3655 est
2263 3629 2367 3656 con-

504 3679 566 3720 13.
599 3676 845 3730 ἐπιδόσεως,
869 3680 973 3729 quod
991 3690 1069 3718 non
1092 3679 1174 3717 sine
1196 3678 1280 3715 iure
1308 3687 1380 3715 un·
1437 3671 1598 3712 stitutio
1629 3679 1671 3711 et
1694 3670 2001 3725 suppeditatio,
2044 3686 2148 3726 quae
2181 3680 2370 3725 tempora

445 3737 542 3777 cinis
562 3738 709 3775 notavit
724 3738 922 3784 Petavius,
948 3739 1016 3774 aut
1041 3734 1245 3774 delendum
1265 3734 1383 3782 plane
1438 3729 1538 3769 deus
1563 3727 1826 3768 luminaribus
1845 3727 2080 3777 adornavit,
2116 3731 2211 3769 haec
2235 3731 2368 3780 verba,

444 3796 512 3831 aut
532 3785 747 3834 ἐπιδόσεσι
771 3794 849 3843 (vel
866 3787 1068 3844 ἐπιδόσει)
1095 3789 1383 3831 rescribendum
1438 3797 1537 3837 quae
1575 3786 1728 3827 Petavii
1769 3787 1893 3825 versio
1929 3787 2046 3834 plane
2074 3788 2264 3837 neylexit,
2309 3788 2368 3825 in-

445 3852 511 3890 est.
1436 3845 1662 3893 terpretalus
1691 3845 1745 3882 est
1778 3843 2001 3882 Cornarius.
