2508 4134
644 287 783 330 ΤοΜῐ
811 287 1022 328 Pmoms
1053 287 1188 328 PARS
1215 287 1528 328 PosTEffloR.
1925 275 2026 325 655

133 382 294 430 πάντων
320 380 585 435 ἀτοπώτατος
608 387 690 428 τῶν
719 387 818 426 Ven.
853 408 899 414 --
962 385 988 424 l.
1009 386 1075 425 22.
1118 384 1196 437 γὰρ
1224 379 1351 431 αὐτὸς
1379 383 1451 426 καὶ
1474 380 1703 437 ἀσκητικὸν
1731 383 1815 439 βίον
1842 384 1943 423 Ven.
1974 406 2029 413 —

135 454 162 494 1.
184 453 251 495 24.
281 451 446 503 οἷσιτίας
471 470 551 498 om.
581 457 684 496 Ven.
719 478 764 485 —-
822 453 850 496 l.
871 451 910 495 4.
940 454 990 493 ab
1016 454 1090 494 inf.
1122 449 1285 496 ἐνταῦθ’
1318 454 1354 495 οἰ
1378 449 1460 496 ἀπὸ
1491 454 1569 506 τῆς
1598 454 1695 506 μιᾶς
1722 447 1753 507 ἦ
1783 451 1978 506 δευτέρας
1999 447 2029 503 ἦ

131 524 254 578 τριῶν
282 526 315 566 λ.
343 538 379 565 τ.
409 525 487 568 πᾶν
512 526 590 579 τῆς
615 523 709 578 περὶ
732 522 807 577 τήν
834 522 967 566 πίστιν
996 524 1117 579 μοχῦ.
1147 520 1271 565 αὐτοῦ
1304 520 1647 577 οἷπεκαλύψαιμεν
1673 517 1746 573 ἂν,
1777 519 1867 566 κατ’
1895 518 2031 564 αὐτῶν

132 607 179 636 τε
209 593 335 636 εἰπεῖν
367 595 468 636 Ven.
528 596 619 635 Hoc
649 594 815 635 omnino
845 593 1140 647 reponendum.

245 664 377 720 Pag.
405 665 531 708 238.
586 664 613 704 l.
642 667 676 705 1.
717 662 812 716 περὶ
849 664 919 705 τοῦ
951 662 1134 716 Χριστοῦ
1172 660 1333 715 τόλμης
1360 662 1469 718 γνῷς
1496 657 1631 706 ’ὅτιτὸ
1664 662 1756 716 (καὶ
1791 662 1927 716 deest)
1964 677 2029 704 πν-

134 730 181 776 τό
207 727 321 786 ἅγιον
346 731 502 786 κτίσμα
531 733 756 788 κτίσματος
779 727 881 775 αὐτὸ
914 729 1165 786 εἰςηγησατο
1192 733 1293 771 Ven.
1325 754 1376 761 —-
1436 732 1462 773 1.
1487 729 1526 772 6.
1558 732 1698 785 mag,
1728 741 1824 772 ante
1853 730 2029 786 γραφὰς,

137 816 216 842 om.
239 803 339 841 Ven.
371 825 419 832 -·-
480 803 562 844 L&
597 802 822 858 σφραγίδος
852 804 940 841 Bas.
991 803 1056 842 Sic
1081 802 1226 856 ubique
1254 801 1376 841 etiam
1400 802 1439 840 in
1467 816 1576 855 seqq.
1600 826 1650 832 -
1713 802 1808 842 ibid.
1840 800 2031 856 ἁγίασμα

135 871 273 923 κυρίου
302 872 405 912 Ven.
437 896 489 903 —
548 873 575 913 l.
599 873 659 915 11.
701 871 963 928 Φιλαδελφίᾳ
1001 873 1104 911 Ven.
1164 871 1288 911 Paulo
1322 879 1416 924 post
1444 871 1483 910 in
1514 871 1657 911 eadem
1689 871 1757 912 lin.
1789 874 1874 911 Bas.
1902 871 2025 912 haber.

133 939 306 996 γράφων
336 956 411 995 pro
443 940 616 996 γράψον.
649 967 703 974 -
758 941 784 982 l.
812 941 873 983 16.
920 940 987 983 ἐπὶ
1017 937 1158 995 Ξτρόνον
1187 941 1292 995 (sine
1319 938 1411 994 τὸν)
1440 942 1541 982 Ven.
1573 966 1626 972 —
1684 942 1710 982 1.
1734 942 1791 982 18.
1838 940 1878 984 ἐν
1902 941 2023 996 φωνῇ

133 1011 237 1050 Ven.
298 1010 408 1050 Idem
436 1011 462 1051 l.
489 1011 548 1054 19.
582 1008 766 1057 ἐδύνατο.
797 1035 852 1042 -
907 1010 935 1051 l.
954 1011 1020 1052 21.
1063 1010 1198 1050 Verba
1235 1009 1307 1052 >eod
1344 1008 1501 1053 ἔκλαιον
1527 1036 1552 1041 -
1579 1036 1599 1043 -
1631 1011 1789 1068 βλέπειν
1819 1008 1918 1054 αὐτὸ
1952 1010 2029 1050 de-

136 1090 230 1121 sunt
266 1081 307 1121 in
351 1083 453 1121 Ven.
487 1106 539 1112 —-
567 1135 569 1137 ι
596 1081 711 1123 [23.
756 1077 804 1130 ὅ,
845 1090 937 1134 post
975 1080 1098 1129 λέων,
1145 1095 1226 1122 om.
1252 1081 1354 1119 Ven.
1419 1080 1527 1120 Idem
1559 1082 1657 1122 ibid.
1699 1082 1771 1124 τοῦ
1803 1080 1947 1137 Δαβὶδ.
1979 1105 2031 1112 -

135 1151 163 1191 1.
185 1152 253 1191 25.
297 1147 466 1205 ῥήματα
502 1147 636 1194 πάντα
674 1152 805 1194 ταῦτα
846 1153 946 1192 Ven.
1009 1150 1117 1190 Idem
1150 1149 1261 1191 1.26.
1293 1151 1425 1190 omitt.
1473 1151 1658 1191 voculam
1698 1145 1720 1194 ὃ
1752 1158 1847 1192 ante
1876 1150 1959 1194 ἐὰν.
1980 1175 2032 1182 -

135 1220 163 1260 l.
184 1221 249 1263 27.
296 1219 568 1275 ἐπισταμένου
594 1218 819 1275 γράμματα
845 1221 916 1263 καὶ
944 1220 1033 1274 ἐρεῖ
1053 1217 1167 1276 αὐτῷ
1186 1253 1195 1270 ,
1236 1215 1467 1274 Ἀνάγνωξΐι
1502 1222 1644 1271 τοῦτο,
1687 1220 1759 1263 καὶ
1789 1220 1898 1274 ἐρεῖ,
1942 1217 2034 1263 Οὔκ

137 1289 267 1333 ἐπίστ.
295 1293 398 1330 Ven.
429 1315 483 1321 —-
541 1291 569 1331 1.
587 1291 624 1334 7.
652 1291 703 1331 ab
725 1291 799 1330 inf.
832 1285 908 1334 κᾶν
934 1288 1045 1344 παρὰ
1068 1295 1153 1338 τοῖς
1177 1291 1279 1330 Ven'.
1310 1313 1366 1320 —-
1422 1290 1448 1331 l.
1466 1289 1504 1331 6.
1530 1291 1580 1330 ab
1605 1291 1678 1331 inf.
1709 1290 2037 1344 πεπληρωμένης

139 1374 247 1400 nunc
276 1360 409 1400 firmat
439 1359 586 1401 Veneti
616 1356 850 1402 auctoritas.
889 1385 931 1390 -
994 1360 1020 1401 l.
1044 1360 1198 1415 penult.
1229 1356 1452 1414 γνώσεως·
1484 1361 1558 1403 καὶ
1583 1356 1700 1403 αὐτοὶ
1729 1362 1828 1400 Ven.

247 1431 378 1487 Pag.
398 1431 524 1474 24⁰.
580 1430 605 1470 l.
629 1433 661 1471 1.
693 1430 843 1473 Ταῦτα
867 1428 913 1473 δὲ
940 1427 1034 1483 ύμῖν
1059 1432 1159 1470 Ven.
1220 1429 1331 1469 Idem
1354 1430 1382 1470 1.
1401 1430 1439 1470 2.
1465 1428 1542 1483 την
1569 1429 1648 1480 ἕξιν
1677 1426 1807 1484 ὐμῶν.
1836 1454 1890 1462 --
1945 1431 1972 1471 l.
1995 1431 2035 1471 3.

140 1497 433 1555 χρηστότητός
472 1514 544 1542 σου
583 1499 655 1542 καὶ
692 1500 770 1554 τῆς
810 1497 1099 1553 μετριότητος,
1141 1498 1226 1553 ἱερὲ
1252 1501 1353 1539 Ven.
1391 1525 1435 1530 ‹-
1495 1501 1519 1540 1.
1539 1500 1579 1542 6.
1622 1499 1740 1543 πλέον
1767 1502 1867 1540 Ven.
1926 1500 2036 1541 Idem

137 1569 164 1609 l.
190 1569 227 1611 7.
254 1567 363 1611 κατὰ
390 1566 621 1623 προτροπὴν
647 1569 863 1622 θεότητος.
890 1570 1029 1610 Recte.
1063 1594 1113 1600 -—
1170 1570 1197 1609 l.
1220 1569 1256 1609 8.
1290 1568 1367 1624 ἔσῃ
1393 1585 1461 1623 μοι
1489 1572 1591 1610 Ven.
1653 1570 1761 1610 Idem
1787 1571 1813 1609 l.
1833 1570 1872 1613 9.
1901 1579 2037 1610 tuetur

135 1639 291 1679 Petavii
316 1639 642 1679 emendationem
677 1638 969 1695 ἐξεταζομένῳ.
1003 1663 1058 1669 —-
1114 1639 1139 1679 l.
1168 1641 1225 1679 10.
1270 1640 1328 1693 πῆ
1358 1637 1430 1693 μὲν
1458 1637 1801 1696 ἐπιτυγχάνομεν,
1845 1641 1905 1694 πῆ
1933 1642 2034 1681 Ven.

135 1709 193 1762 πῆ
225 1732 250 1738 -
279 1708 339 1762 πῆ
367 1708 517 1762 legitur
552 1709 671 1749 etiam
696 1709 735 1748 ἰιι
765 1712 849 1749 Bas.
880 1718 920 1748 et
945 1709 1009 1749 ed.
1039 1710 1173 1749 Petav.
1234 1710 1378 1764 Neque
1405 1710 1485 1750 hoc
1512 1711 1643 1750 solum
1669 1710 1775 1751 loco.
1815 1735 1857 1741 -—·
1918 1710 1946 1750 l.
1978 1710 2037 1752 13.

137 1778 235 1828 τοῦ,
267 1777 377 1831 Περὶ
404 1779 502 1821 θεοῦ
533 1794 640 1820 nunc
669 1779 802 1818 firmat
829 1778 974 1818 Veneti
998 1779 1230 1820 auctoritas,
1265 1804 1313 1810 -—-
1372 1780 1398 1820 l.
1422 1782 1480 1820 15.
1512 1775 1626 1829 ὅπως
1656 1780 1716 1837 τῷ
1745 1781 1831 1837 ἓεῷ
1860 1779 1931 1822 καὶ
1954 1794 2037 1822 πα-

137 1846 204 1902 τρὶ
228 1848 310 1890 τῶν
336 1843 442 1891 ’ὅλων
470 1846 541 1892 διὰ
567 1850 668 1888 Ven.
702 1873 748 1880 --
810 1848 837 1887 1.
858 1848 918 1889 16.
951 1843 1177 1904 ἀρχιερέως
1202 1848 1300 1903 γένη
1326 1850 1397 1891 τοῦ
1424 1849 1523 1904 (sic)
1550 1851 1647 1892 θεοῦ
1674 1848 1847 1904 προςιών
1872 1851 1948 1903 (ita
1973 1865 2034 1889 re·

139 1917 374 1972 ponendum
403 1918 485 1971 est)
517 1915 705 1971 αἰτήσεις
731 1921 768 1961 δ.
795 1915 896 1972 ημῖν
921 1933 956 1960 κ.
987 1921 1142 1972 ζητεῖν.
1161 1917 1250 1961 ἐπεὶ
1273 1924 1406 1961 κεῖται
1432 1924 1518 1967 τοῖς
1548 1920 1654 1973 (sine
1683 1918 1783 1974 γὰρ)
1810 1922 1954 1959 Venet.
1987 1943 2035 1950 -

139 1986 167 2026 l.
191 1985 252 2028 19.
285 1987 533 2042 λογιζομένῳ
561 1984 662 2028 Ven.
696 2012 746 2018 —-
805 1988 831 2027 l.
846 1989 912 2028 21.
947 1985 1076 2044 Ἀρχὴ
1105 1988 1154 2032 δέ
1176 2003 1244 2042 μοι
1264 1991 1365 2029 Ven.
1428 1989 1538 2029 1dem
1567 1989 1595 2029 l.
1614 1990 1678 2031 23.
1708 1989 1888 2045 φλυαρίᾳ
1919 1988 2036 2043 ἐμπλ.

139 2080 191 2088 -
221 2057 246 2097 l.
269 2055 335 2097 24.
366 2056 460 2110 περὶ
488 2056 586 2111 γένη
612 2057 683 2100 τοῦ
713 2058 791 2109 (uti
816 2059 951 2111 supra)
985 2059 1095 2100 5205.
1154 2058 1242 2101 Καὶ
1268 2053 1333 2101 ’ὅτι
1358 2056 1430 2113 μὲν
1460 2055 1671 2112 ὁμοδοξίαι
1698 2057 1931 2114 (ὁμοδοξίαι
1959 2074 2039 2100 vox

137 2126 393 2168 restituenda
421 2133 502 2178 est)
531 2125 659 2170 πολλὰ
696 2118 749 2181 ἦν
785 2129 845 2182 τῷ
876 2127 1020 2183 βιβλίῳ
1050 2127 1154 2177 εἰσὶ,
1196 2128 1317 2171 παντί
1345 2143 1405 2183 τῳ
1436 2129 1560 2182 δῆλον
1589 2128 1697 2172 ἐστιν
1727 2131 1822 2184 (sic)
1856 2132 1954 2170 Ven.
1986 2154 2037 2161 —

138 2193 222 2238 1.4.
269 2191 448 2251 εὕραμεν
491 2192 615 2240 αὐτὸν
657 2198 802 2244 κακῶς
836 2194 905 2239 τὸν
934 2198 1133 2251 μονογενῆ
1163 2200 1263 2238 ven.
1294 2195 1346 2228 '—
1405 2198 1430 2237 1.
1456 2199 1607 2252 penult.
1638 2197 1684 2243 τὸ
1715 2194 1827 2253 ἅγιον
1863 2199 2037 2254 πνεῦμα,

150 2263 297 2309 τούτου
327 2264 445 2321 χάριν
474 2264 520 2309 τὸ
553 2266 653 2318 (hoc
680 2266 846 2307 retineri
877 2267 1027 2320 potuit)
1059 2269 1161 2308 Ven.

251 2337 383 2392 Pag.
408 2336 534 2379 24⁶2.
588 2335 613 2374 1.
634 2336 672 2378 3.
717 2335 804 2378 Καὶ
843 2334 980 2390 ἔτερόν
1021 2336 1130 2380 ἐστιν
1173 2333 1458 2393 οἷγένν·ητον.ἦ’
1495 2337 1540 2382 τὸ
1573 2340 1669 2394 γοῦν
1698 2342 1799 2380 Ven.
1832 2364 1885 2371 -
1942 2341 1967 2381 1.
1993 2341 2034 2380 5.

139 2403 251 2459 παρὰ
279 2405 353 2447 σοῦ
381 2402 452 2448 διὰ
474 2406 576 2445 Ven.
637 2406 749 2445 Idem
778 2406 899 2460 paulo
927 2415 1021 2460 post
1044 2408 1134 2456 πῶς
1159 2407 1207 2451 δέ
1233 2407 1340 2450 ἐστιν
1366 2407 1668 2463 προςκυνητὸς,
1700 2409 1736 2452 εἰ
1763 2409 1851 2452 ἔστι
1872 2407 2042 2464 ποιητὸς

140 2476 244 2515 Ven.
276 2499 330 2505 --
387 2474 413 2513 1.
432 2473 471 2516 6.
502 2476 786 2529 ᾕεολογοῦσιν·
829 2475 919 2518 ἐπεὶ
947 2471 1021 2526 δός
1045 2493 1113 2531 μοι
1143 2475 1238 2521 &adv
1267 2480 1367 2518 Ven.
1426 2479 1536 2518 Idem
1563 2478 1589 2519 l.
1612 2480 1650 2522 7.
1676 2477 1749 2533 τὴν
1781 2477 1841 2534 μή
1871 2481 1924 2535 τῇ
1955 2479 2040 2522 κτί-

143 2557 219 2587 σει.
251 2567 306 2575 -
363 2544 387 2584 l.
415 2545 474 2584 11.
514 2539 641 2587 Ἀλλὰ
671 2540 718 2587 οὔ
747 2544 917 2588 δύναται
949 2544 1054 2601 (μην
1087 2547 1225 2603 deest)
1257 2549 1375 2591 τοῦτο
1403 2551 1503 2589 Ven.
1533 2574 1588 2580 --
1645 2549 1670 2589 1.
1694 2550 1755 2591 13.
1798 2547 2041 2604 φαυλότητα

138 2609 348 2667 η’δύνασο,
401 2605 436 2655 ὦ
466 2611 659 2667 ὃεηλατε.
716 2611 1005 2671 Ἀντιμοὶχεται
1033 2615 1136 2671 γὰρ,
1181 2617 1315 2671 ἔοικε,
1360 2616 1406 2661 τὸ
1435 2633 1504 2673 φρ.
1532 2621 1632 2659 Ven.
1670 2644 1714 2650 --
1773 2619 1883 2660 [16.
1927 2620 2039 2660 Corr.

140 2683 335 2734 κτίστου,
378 2683 444 2724 vel
482 2682 618 2723 invitis
656 2684 782 2724 libris.
816 2709 862 2715 -—
924 2685 1032 2728 Ῑ.1-7.
1073 2686 1308 2740 προςκύνων
1351 2691 1435 2728 Bas.
1467 2713 1517 2719 --
1574 2689 1599 2729 l.
1621 2688 1682 2730 19.
1720 2684 1904 2743 ’Ίδωμεν
1933 2686 1981 2732 δὲ
2008 2687 2044 2731 εἰ

141 2753 214 2796 καὶ
244 2751 266 2796 ὁ
293 2769 334 2796 π.
367 2748 608 2807 ἀπεφήνατο
643 2752 683 2795 ἐν
720 2756 779 2809 τῷ
809 2750 1038 2810 εὗαγγελίῳ
1068 2758 1166 2797 ven.
1201 2781 1251 2788 -
1309 2758 1336 2797 l.
1357 2760 1423 2800 25.
1466 2757 1512 2801 τὸ
1549 2753 1726 2813 ἄληπτον
1766 2761 1868 2798 Ven.
1929 2759 2040 2798 Idem

139 2822 166 2863 1.
188 2822 254 2865 27.
299 2821 467 2871 κτιστός
506 2819 631 2872 εἶναι,
677 2814 713 2865 (3
751 2815 883 2872 Οὗτος.
912 2848 968 2855 -
1024 2825 1138 2867 1-’2-8-
1186 2825 1357 2870 δόναται
1383 2825 1543 2877 οἷλλοῖος
1579 2826 1681 2871 εἶναι
1712 2830 1810 2869 Ven.
1845 2852 1893 2859 --
1951 2828 1978 2869 l.
2001 2827 2039 2870 7.

141 2893 192 2933 ab
221 2892 298 2934 inf.
343 2890 468 2947 τιμὴν
497 2889 601 2945 πρὸς
638 2889 707 2934 τὸν
745 2893 902 2947 πατέρα
930 2896 1032 2934 Ven.
1066 2919 1116 2925 -
1175 2897 1201 2936 l.
1224 2895 1263 2938 6.
1294 2898 1345 2937 ab
1374 2898 1450 2938 inf.
1496 2896 1568 2953 τὸ,
1611 2907 1705 2939 ante
1733 2894 1785 2939 ‘O
1822 2896 2038 2951 ἑωρακώς,

143 2976 222 3003 om.
254 2964 356 3003 Ven.

257 3032 387 3089 Pag.
414 3032 538 3075 244.
594 3032 620 3072 l.
651 3034 680 3072 l.
728 3033 765 3075 οἰ
794 3029 964 3090 ἀσεβεῖς
1002 3036 1102 3075 Ven.
1132 3037 1268 3077 Recte.
1301 3061 1353 3069 —
1411 3038 1435 3077 1.
1460 3040 1518 3079 11.
1551 3033 1642 3080 Κᾶν
1671 3037 1750 3093 γὰρ
1778 3038 2041 3091 προςδοκῶσι

143 3100 237 3155 περὶ
277 3100 432 3143 τούτων
472 3103 573 3141 Ven.
608 3125 653 3131 -
716 3102 742 3142 l.
769 3103 827 3144 13.
871 3118 1037 3156 κεκρατ.
1071 3106 1151 3147 τῶν
1189 3106 1284 3160 περὶ
1318 3103 1459 3150 οἷναστ.
1487 3124 1524 3149 κ.
1551 3124 1589 3150 κ.
1618 3105 1754 3151 τόπων
1784 3111 1886 3148 Ven.
1921 3112 2038 3149 Bene.

142 3170 258 3211 Idem
283 3171 389 3210 liber
418 3171 443 3211 l.
468 3169 527 3212 14.
571 3171 676 3218 τίνος
700 3168 731 3223 τῖ
760 3167 998 3221 ἀνάστασις.
1030 3198 1074 3204 -
1138 3175 1162 3214 l.
1192 3177 1252 3215 15.
1297 3174 1502 3230 σωμάτων
1533 3172 1559 3220 ἃ
1589 3181 1657 3220 νῦν
1684 3180 1785 3218 Ven.
1817 3203 1869 3209 —-
1926 3178 1951 3218 l.
1978 3178 2038 3219 16.

144 3237 305 3290 αὐτῶν,
346 3249 442 3294 post
483 3236 608 3294 ὅλης,
652 3255 730 3280 om.
763 3243 864 3281 Ven.
926 3243 1037 3282 Idem
1063 3243 1089 3283 l.
1117 3244 1174 3286 17.
1203 3239 1267 3287 ὅτι
1293 3241 1396 3299 ὅλης
1423 3247 1514 3299 τῆς.
1550 3272 1599 3277 --
1658 3248 1684 3287 l.
1709 3246 1770 3288 19.
1802 3247 1838 3290 εἰ
1865 3262 2040 3291 συνανα-

145 3308 368 3365 στήσονται
395 3313 494 3350 Ven.
526 3332 581 3340 —-
636 3311 744 3351 1.·21.
793 3311 960 3365 Repone
998 3308 1122 3365 ἡμῶν
1152 3321 1246 3353 ante
1274 3308 1304 3369 ἦ
1330 3312 1476 3369 μόναι,
1529 3331 1631 3370 quae
1654 3317 1779 3357 verba
1806 3317 2042 3358 exciderunt

145 3379 268 3420 etiam
291 3381 342 3420 ab
370 3380 431 3419 ed.
462 3382 599 3420 Petav.
630 3380 771 3420 colon.
832 3382 876 3420 In
902 3382 1062 3421 Veneto
1088 3382 1236 3422 deinde
1264 3383 1419 3437 plenius
1447 3385 1592 3439 legitur
1615 3382 1763 3439 ημῶν,
1794 3380 1823 3441 ἦ
1850 3384 1973 3441 μόναι
1997 3387 2040 3429 αἱ

146 3447 212 3492 ἐπὶ
235 3450 295 3504 τῷ
322 3449 432 3492 τέλει
456 3447 560 3502 πρὸς
585 3452 637 3504 τῇ
668 3446 813 3503 ἐξόδῳ.
838 3474 892 3481 -
950 3451 1050 3490 Ibid.
1082 3453 1226 3492 Venet.
1252 3453 1376 3493 habet
1400 3449 1473 3496 ’ὅτε
1499 3453 1570 3507 μὲν
1599 3478 1623 3485 -
1653 3451 1724 3498 ὅτε
1750 3455 1809 3499 δὲ.
1835 3481 1888 3488 -
1928 3457 1955 3496 l.
1973 3455 2041 3498 2-1.

143 3519 240 3560 Post
265 3516 649 3573 συναναστῆσεσῧαι
674 3533 780 3572 pone
805 3519 929 3560 maius
953 3520 1225 3562 distinctionis
1253 3522 1421 3576 signum.
1445 3548 1494 3554 —-
1549 3524 1575 3565 l.
1594 3526 1659 3566 25.
1701 3524 1754 3567 τοὶ
1779 3525 1935 3581 αἵματα
1959 3523 2039 3569 αὖ·

146 3588 228 3631 τῶν
267 3586 452 3642 συνάγειν
487 3591 546 3644 τῷ
586 3591 621 3631 λ.
662 3591 763 3629 ven.
792 3612 840 3620 —-
899 3589 924 3629 l.
948 3590 1012 3632 27.
1059 3590 1143 3642 εἰς,
1185 3600 1280 3632 ante
1314 3593 1515 3646 ἱδρῶτας,
1560 3608 1637 3634 om.
1680 3597 1767 3638 Bas.
1799 3620 1849 3627 -—
1922 3596 2040 3640 1.28.

146 3655 192 3700 τό
221 3655 288 3700 ἐπὶ
310 3656 418 3699 τέλει
446 3654 568 3712 ἡμῶν
596 3655 842 3701 ἀνίστασθαι
882 3659 1006 3713 σῶμα
1030 3662 1130 3701 Ven.
1163 3686 1217 3692 -
1274 3661 1301 3701 l.
1323 3663 1361 3705 7.
1389 3663 1439 3703 ab
1467 3663 1542 3703 inf.
1587 3663 1744 3715 λεξίδια
1769 3667 1870 3708 ven.
1907 3689 1950 3696 —
2012 3667 2039 3707 l.

146 3726 219 3767 ult.
251 3719 312 3774 ὥς
340 3722 455 3781 ἀκερ.
491 3730 578 3768 Bas.
925 3735 930 3739 ”

257 3797 388 3853 rag.
414 3797 538 3842 246.
592 3798 620 3838 l.
648 3803 679 3840 1.
712 3794 758 3842 οὗ
783 3798 822 3841 τὶ
843 3798 987 3843 πιστὸν
1015 3802 1116 3843 Ven.
1149 3825 1200 3833 —-
1258 3801 1284 3844 l.
1304 3801 1342 3844 3.
1376 3799 1604 3857 ἀνατρέψαι
1629 3804 1812 3860 περιθεὶς
1840 3807 1937 3863 (sic)
1963 3808 2039 3866 τήν
