2508 4134
542 272 770 316 PANARH
799 273 994 313 L113.111.
1024 273 1160 315 ToM.
1182 277 1232 316 11.
1261 274 1425 316 HAER.
1446 276 1663 317 Lxxvn.
1954 264 2055 315 377

165 373 339 423 tionem
378 370 520 422 ultam
561 371 802 422 extricare
846 379 1085 439 poterant.
1162 371 1242 423 Ex
1280 373 1339 423 iis
1369 373 1511 441 longe
1544 372 1853 425 acerbissimo
1890 373 2055 423 dolore

165 474 220 508 ac
247 454 467 506 molestia
505 471 671 506 sumus
698 455 886 519 affecti,
945 455 1068 523 quod
1101 455 1229 505 inter
1272 458 1547 524 praeclaros
1587 458 1695 509 illos
1726 476 1782 509 ac
1815 458 1951 510 laude
1987 457 2056 508 di-

162 555 283 608 gnos
316 539 488 590 fratres
520 547 713 590 nostros
740 547 901 590 tantae
931 539 1267 590 contentiones
1292 557 1348 590 ac
1379 541 1646 592 simultates
1676 542 2053 605 intercederent,

161 632 213 675 ut
237 631 492 692 perpetuas
524 622 573 673 in
602 640 690 673 nos
719 621 1049 674 dissensiones
1084 624 1522 691 importunissimus
1554 626 1632 675 ille
1674 626 1866 676 humani
1908 642 2056 693 gene-

161 708 227 758 ris
269 707 419 757 hostis
463 706 678 757 diabolus
715 706 953 757 immittat.
1044 705 1108 757 Et
1149 725 1266 758 vero
1308 707 1390 758 tali
1433 708 1478 757 in
1526 710 1707 760 erroris
1747 718 2051 778 argument0‚

160 793 365 854 fratreS,
421 790 675 860 praecipua
709 791 938 859 quaedam
975 792 1104 841 fraus
1136 791 1569 842 circumveniendis
1608 793 1847 845 hominum
1884 793 2055 844 menti-

159 875 247 926 bus
277 875 579 926 versabatur.
656 873 768 926 Nisi
800 875 924 926 euim
954 875 1010 925 de
1043 892 1098 925 ea
1124 892 1178 925 re
1210 875 1346 926 initio
1379 877 1504 925 foret
1535 877 1744 927 excitata
1778 877 2052 946 disputatio,

159 958 559 1028 simplicissimum
604 959 823 1027 quiddam
859 967 983 1009 erat.
1070 958 1285 1027 Ecquam
1327 959 1451 1010 enim
1495 961 1669 1011 mundo
1707 961 1895 1011 novitas
1939 961 2057 1012 haec

159 1044 409 1094 utilitatem
439 1043 704 1094 conscivit?
742 1053 825 1094 aut
856 1043 964 1111 quid
992 1043 1227 1094 ecclesiae
1254 1044 1465 1112 profuit?
1535 1042 1716 1094 Nonne
1745 1045 2058 1096 vehementer

159 1127 340 1190 nocuit,
383 1145 487 1180 cum
521 1127 798 1178 intestinum
827 1129 984 1178 odium
1014 1128 1398 1195 simultatemque
1424 1128 1677 1179 conflarit?
1750 1126 1845 1180 Sed
1876 1129 1952 1180 ubi
1980 1147 2057 1180 se-

159 1212 252 1262 mel
284 1212 455 1279 dogma
481 1212 594 1262 illud
626 1212 780 1281 coepit
819 1229 1100 1280 emergere,
1157 1212 1657 1263 formidolosissimum
1688 1213 1866 1263 extitit.
1941 1212 2057 1264 Non

160 1295 284 1345 enim
314 1297 369 1345 ad
403 1296 749 1364 expeditiorem
779 1297 982 1365 aliquam
1013 1297 1183 1347 salutis
1224 1305 1421 1347 nostrae
1464 1297 1590 1347 viam
1624 1314 1680 1347 ac
1715 1296 1951 1347 rationem
1981 1315 2057 1348 re-

160 1380 331 1430 fertur.
410 1376 709 1448 Quicumque
737 1398 854 1431 vero
885 1399 978 1431 nou
1012 1381 1059 1431 in
1092 1381 1180 1431 hac
1213 1383 1354 1432 modo
1389 1389 1551 1449 parte,
1607 1382 1690 1432 sed
1724 1381 1801 1432 vel
1839 1381 1884 1431 in
1912 1381 2059 1432 levis-

158 1464 276 1514 sima
317 1464 490 1537 aliqua¹
514 1465 767 1515 veritatem
797 1465 990 1516 minime
1020 1466 1297 1533 profitetur,
1356 1466 1492 1516 fidem
1522 1465 1563 1516 is
1591 1466 1810 1516 eiurasse
1840 1465 2060 1516 censebi-

159 1557 252 1599 tur.
332 1546 519 1618 Quippe
547 1567 605 1599 ne
632 1550 678 1600 in
707 1549 901 1600 minimo
928 1550 1114 1617 quidem
1145 1567 1171 1600 a
1198 1550 1415 1600 veritatis
1448 1549 1525 1600 via
1557 1550 1812 1600 deflectere
1847 1558 2054 1619 oportet.

160 1630 469 1701 Quapropter
507 1634 646 1683 etiam
695 1634 929 1685 adversus
974 1634 1246 1702 opinionem
1276 1635 1402 1685 illam
1442 1635 1771 1704 disputemuS,
1827 1652 1932 1685 cum
1969 1651 2057 1685 nec

158 1716 420 1767 abhorrere
451 1734 476 1766 a
505 1718 604 1768 vita
638 1727 834 1782 nostra,
891 1736 1046 1787 neque
1087 1727 1285 1769 sanctae
1317 1719 1390 1769 dei
1423 1720 1686 1783 ecclesiae,
1742 1719 1943 1786 fideique
1979 1735 2057 1769 re-

156 1801 315 1867 gulam
355 1801 582 1851 deserere
626 1803 752 1852 omni
787 1820 874 1870 ope
906 1805 1200 1854 studeamus.
1276 1801 1454 1854 Nullus
1484 1804 1608 1854 cuim
1649 1820 1854 1871 unquam
1884 1820 1949 1854 ex
1974 1819 2058 1854 ve-

159 1885 341 1935 teribus
366 1884 479 1935 illud
510 1887 748 1950 asseruit,
805 1905 897 1937 non
936 1888 1194 1957 propheta,
1251 1906 1346 1938 non
1384 1888 1660 1956 apostolus,
1717 1905 1812 1937 non
1848 1904 2057 1955 evange-

157 1968 293 2031 lista,
336 1987 430 2020 non
460 1969 774 2039 interpretum
811 1972 1010 2040 aliquis,
1069 1973 1145 2040 qui
1189 1972 1245 2021 ad
1280 1982 1495 2022 nostrum
1530 1989 1678 2040 usque
1715 1980 1900 2039 tempus
1931 1970 2058 2022 exti-

159 2062 352 2116 terunt,
411 2072 438 2105 a
467 2072 559 2121 quo
599 2054 859 2123 sophistica
901 2057 978 2106 illa
1013 2056 1405 2124 cavillatoriaque
1441 2075 1538 2107 vox
1571 2074 1632 2106 ex
1664 2056 1974 2106 eruditissimi
2002 2056 2060 2106 il-

158 2136 250 2188 lius
283 2137 487 2188 hominis
519 2156 604 2189 ore
638 2140 893 2207 processit.
969 2138 1083 2191 Non
1125 2141 1251 2191 enim
1290 2141 1581 2191 mediocrem
1612 2142 1857 2191 literarum
1900 2140 2058 2191 scien-

155 2222 266 2273 tiam
301 2224 455 2272 fuerat
483 2223 562 2273 ille
602 2234 923 2286 consecutus,
978 2243 1083 2275 cum
1115 2234 1162 2275 et
1196 2225 1555 2276 humanioribus
1588 2223 1886 2292 Graecisque
1917 2226 2059 2275 disci-

154 2306 295 2375 plinis
334 2316 465 2357 esset
503 2308 753 2371 excultus,
812 2317 859 2358 et
891 2309 1189 2359 dialecticam
1221 2327 1276 2358 ac
1307 2309 1612 2378 sophisticam
1650 2318 1800 2359 artem
1843 2309 2058 2377 inprimis

157 2392 383 2454 calleret,
438 2400 569 2442 esset
610 2392 733 2442 idem
771 2410 915 2460 porro
948 2394 1202 2461 praecipua
1237 2394 1284 2443 iu
1317 2395 1444 2443 omni
1475 2394 1570 2444 vita
1604 2394 1843 2461 gravitate
1874 2394 2058 2460 praedi-

157 2484 260 2538 tus,
317 2476 413 2524 imo
441 2493 560 2526 vero
590 2485 638 2526 et
665 2477 950 2528 orthodoxis
981 2479 1228 2540 omuibus,
1287 2488 1542 2546 antequam
1586 2479 1852 2529 istiusmodi
1889 2479 2060 2544 dogma

158 2568 476 2629 proponeret,
520 2561 660 2627 louge
689 2561 986 2612 carissimus.
1067 2560 1341 2628 Quinetiam
1368 2573 1414 2612 et
1444 2563 1641 2613 exilium
1675 2562 1903 2612 sustinuit
1935 2563 2057 2630 quod

156 2643 356 2696 Arianis
398 2644 622 2693 assentiri
666 2645 830 2694 nollet.
908 2643 1004 2696 Sed
1051 2647 1157 2713 quid
1205 2647 1375 2697 attinet
1422 2648 1633 2715 pluribus
1678 2646 1767 2696 ista
1801 2648 2059 2714 prosequi?

156 2726 387 2794 Magnum
430 2728 623 2778 omnino
663 2730 874 2779 dolorem
916 2747 970 2779 ca
1011 2747 1089 2780 res
1130 2732 1267 2781 nobis
1306 2733 1489 2796 attulit,
1552 2740 1599 2781 et
1637 2732 1858 2781 acerbam
1912 2731 2057 2782 vitam

156 2812 391 2875 reddidit,
435 2812 656 2880 quoniam
698 2813 913 2863 diabolus
953 2815 1169 2865 molestia
1211 2834 1328 2879 nos,
1374 2826 1423 2866 ut
1459 2833 1602 2884 saepe
1643 2816 1790 2880 dixit,
1833 2817 1958 2867 solet
1987 2816 2059 2865 af-

156 2898 318 2948 ficere.

295 2980 390 3033 Sed
428 3000 552 3032 nunc
583 2982 638 3031 de
671 2982 759 3031 ltoc
791 2990 1074 3046 argumento
1109 2983 1350 3051 disputare
1381 2984 1668 3051 aggredior,
1712 3002 1771 3034 ne
1804 2984 1963 3045 ullam,
2006 2992 2057 3032 ut

154 3066 289 3116 initio
316 3066 504 3129 monui,
547 3066 763 3116 veritatis
794 3077 973 3133 partem
1006 3068 1398 3133 praetermittam.
1478 3067 1602 3135 Quid
1635 3068 1780 3134 igitur
1808 3085 1894 3117 nos
1924 3067 2057 3118 adiu-

156 3159 238 3202 vat
282 3152 404 3219 quod
447 3152 503 3201 ab
538 3158 779 3218 assumpta
824 3150 1027 3199 hominis
1068 3151 1114 3200 iu
1149 3148 1344 3201 Christo
1385 3161 1556 3202 natura
1598 3161 1803 3201 mentem
1845 3151 2059 3201 excludi-

158 3236 294 3284 mus?
365 3234 491 3286 Nam
524 3236 562 3286 si
597 3252 653 3283 eo
689 3235 916 3300 cogitatio
947 3242 1109 3283 nostra
1140 3236 1414 3299 perducitur
1444 3245 1491 3285 ut
1520 3236 1710 3286 domino
1749 3245 1913 3285 nostro
1947 3233 2058 3285 lesu

159 3316 384 3382 Christo,
443 3337 497 3369 ac
532 3320 621 3369 deo
660 3320 837 3379 verbo,
892 3318 1061 3384 deique
1103 3319 1225 3380 filio,
1285 3329 1337 3368 ut
1362 3320 1425 3369 ita
1467 3321 1701 3382 dixerim,
1754 3320 2053 3378 subveniret,

160 3401 229 3462 si,
272 3402 494 3469 inquam,
537 3415 741 3453 mentem
774 3402 881 3452 ideo
914 3402 1042 3451 illum
1078 3403 1396 3470 assumpsisse
1424 3421 1682 3470 negemus,
1727 3412 1891 3466 utne,
1934 3404 2056 3470 quod

157 3488 212 3537 ad
253 3486 546 3537 divinitatem
590 3489 824 3554 pertinet,
880 3486 1107 3535 inferiore
1155 3487 1283 3537 illum
1324 3504 1431 3537 esse
1472 3488 1577 3537 loco
1616 3488 1857 3550 dicamus,
1915 3488 2058 3555 longe

210 3595 248 3638 4.
282 3592 328 3639 οὔ
352 3601 486 3638 vitium
513 3604 566 3639 est
593 3601 679 3639 edit.
702 3601 835 3641 Pelav.
867 3601 995 3639 Colon-
1019 3610 1078 3638 re·
1135 3601 1236 3649 quod
1275 3602 1431 3639 verbum
1469 3602 1641 3640 similiter
1677 3604 1905 3650 usurpatum
1946 3602 2061 3642 habes

152 3660 227 3705 pet.
1144 3657 1248 3694 haer.
1278 3655 1355 3703 64,
1397 3657 1452 3694 ΙΟ.

212 3711 249 3749 5.
295 3712 468 3750 Fortasse
500 3714 741 3751 scribendum
782 3716 1078 3764 συγκαταινεῖν,
1196 3711 1291 3749 CAP.
1319 3711 1478 3749 XXVI.
1514 3734 1563 3741 -
1627 3713 1657 3750 l.
1688 3710 1972 3764 προτιμότεροι
1999 3717 2060 3756 vir

156 3768 214 3807 vel
244 3765 610 3821 συγκαταβαίνειν,
657 3772 723 3808 aut
754 3769 1079 3824 συγκαταβῆναι,
1137 3770 1269 3809 doctus
1297 3770 1337 3808 in
1366 3780 1490 3821 mary.
1522 3770 1684 3822 exempli
1715 3770 1939 3814 Scholtiam'.

2141 3000 2239 3054 Cap.

2105 3058 2266 3099 XXVI.
