2508 4134
258 2826 343 2864 [νας.
367 2817 442 2854 143.

479 293 581 344 564
1189 302 1393 344 εΑΝοΤι
1415 294 1698 356 ΕΡΙΡΗΛΝΠ

478 416 575 460 σεις
598 395 734 460 τινάς
761 394 1048 469 Ἑβραϊκαῖς
1071 400 1250 462 λέξεσιν
1280 400 1576 470 ἐπιλέγοντες
1607 402 1690 454 ἐπὶ
1718 406 1778 474 τῇ
1804 406 1992 473 κεφαλῇ
2021 406 2110 455 τοῦ
2138 402 2303 470 δῆθενΑ
2325 409 2405 456 λυ-

475 484 767 554 τρουμένου.

607 568 838 635 Ὀφῖται,
879 571 930 622 οἷ
953 567 1039 622 τὸν
1061 567 1181 635 ὅφιν
1202 570 1505 636 δοξάζοντες,
1556 572 1642 624 καὶ
1667 576 1842 624 τοῦτον
1877 543 2094 641 Χριστὸν
2121 570 2401 683 ἡγούμενοι,

474 655 662 722 ἔχοντες
699 654 751 707 δὲ
787 653 841 707 τὸ
881 653 1083 724 ἕρπετὸν
1122 662 1267 709 τοῦτο
1307 658 1359 709 ἐν
1394 660 1534 729 κίστῃ
1571 659 1679 711 τινί.

620 741 858 807 Καϊανοὶ,
917 738 1147 803 ωςαύτως
1185 740 1286 809 άμα
1330 749 1433 803 τοῖς
1471 739 1709 811 πρότερον
1748 738 1835 794 τὸν
1860 740 2016 809 νόμον
2029 745 2127 796 καὶ
2155 742 2241 797 τὸν
2266 740 2406 813 λαλή-

475 841 627 877 σαντα
659 826 712 877 ἐν
743 823 879 899 νόμῳ
911 825 1205 888 ἀθετοῦντες
1234 825 1417 894 σαρκός
1440 847 1491 878 τε
1516 823 1785 879 ἀνάστασιν
1822 824 2120 897 ἀρνούμενοι
2154 829 2241 883 τὸν
2274 830 2407 885 Κάϊν

475 912 758 978 δοξάζουσι,
808 912 1048 982 λέγοντες
1064 910 1217 965 αὐτόν
1255 917 1345 980 τῆς
1381 912 1693 981 ἰσχυροτέρας
1737 909 2005 979 δυνάμεως.
2061 911 2198 982 ’Ἅμα
2233 915 2287 968 δὲ
2323 917 2407 969 καὶ

472 1019 558 1050 τον
583 995 778 1051 Ἰούδαν
805 998 1198 1061 ἐκθειάζουσιν,
1214 994 1342 1064 ὁμοῦ
1372 1017 1421 1048 τε
1448 997 1531 1049 καὶ
1557 995 1672 1059 τούς
1699 998 1813 1066 περὶ
1844 998 1976 1069 Κορὲ
1997 1021 2083 1052 και
2112 998 2294 1054 Δαθαν
2318 1003 2406 1055 και

470 1080 726 1154 Ἀβειρῶν,
766 1081 884 1135 ἀλλά
920 1085 1005 1136 καὶ
1042 1080 1159 1145 τούς
1194 1085 1486 1150 Σοδομίτας.

617 1171 882 1236 Σηθιανοί.
963 1161 1112 1221 Οὗτοι
1147 1166 1295 1221 πάλιν
1322 1166 1409 1220 τὸν
1440 1166 1562 1236 Σηθ
1604 1166 1883 1234 δοξάζουσι,
1938 1167 2213 1235 φάσκοντες
2252 1170 2406 1225 αὐτόν

477 1250 602 1306 εἶναι
643 1255 697 1307 ἐκ
735 1257 1043 1322 μεταμελείας
1079 1259 1166 1320 τῆς
1207 1251 1407 1306 ἀνωθεν
1448 1251 1659 1324 μητρός,
1710 1255 2048 1322 συνελθούσης
2086 1255 2204 1323 μετὰ
2243 1254 2407 1310 26’τὸν

473 1338 608 1392 Κάϊν
629 1341 715 1392 καὶ
726 1338 875 1407 ’Ἅβελ
897 1337 1304 1406 ἀποκτανθῆναι,
1343 1340 1428 1392 καὶ
1452 1337 1683 1409 καθαρὸν
1709 1340 1900 1409 σπέρμα
1923 1338 2010 1393 τόν
2035 1339 2156 1408 Σὴθ
2184 1334 2245 1378 ²⁷
2263 1363 2403 1410 ποιη-

471 1423 651 1492 σάσης,
704 1427 752 1488 ἐξ
782 1418 934 1494 οὗπερ
974 1423 1149 1477 λοιπὸν
1187 1422 1412 1492 κατήχθη
1439 1423 1493 1477 td
1525 1426 1724 1478 πάντων
1758 1424 2050 1496 ἀνθρώπων
2075 1427 2228 1496 γένος.
2305 1428 2404 1480 Καὶ

470 1507 612 1563 αὐτοὶ
655 1511 708 1563 δὲ
753 1508 979 1580 2Θάρχοὶς
1021 1511 1105 1563 καὶ
1137 1512 1385 1574 ἐξουσίας,
1437 1511 1523 1563 καὶ
1562 1508 1657 1563 ὅσα
1697 1513 1750 1564 οἵ
1775 1508 1906 1564 ἄλλοι
1947 1513 2290 1581 δογματίζουσι
2316 1514 2403 1566 καὶ

440 1639 442 1641 .
476 1594 620 1649 αὐτοὶ
657 1592 994 1665 ἐδογμάτισαν.

607 1679 918 1752 Ἀρχοντικοί.
1001 1675 1152 1735 Οὗτοι
1192 1679 1339 1734 πάλιν
1369 1683 1436 1743 εἰς
1462 1684 1643 1742 πολλάς
1671 1680 1824 1752 ἀρχάς
1852 1680 1906 1735 τὸ
1938 1687 2040 1735 πᾶν
2079 1682 2402 1754 ἀναφέρουσι,

467 1767 552 1819 καὶ
591 1765 649 1819 vo}
691 1765 923 1837 γενόμενα
964 1769 1019 1820 ἐκ
1060 1765 1250 1820 τούτων
1297 1773 1354 1804 2⁹
1375 1773 1682 1838 γεγενῆσθαι.
1769 1765 2068 1821 Ἁλίσκονται
2110 1769 2163 1821 δὲ
2200 1769 2284 1822 καὶ
2323 1769 2404 1823 ἐπὶ

468 1851 746 1923 αἶσχρότητί
768 1875 875 1906 τινι.
949 1851 1148 1924 Σαρκὸς
1179 1853 1231 1905 δὲ
1259 1851 1526 1906 ἀνάστασιν
1553 1850 1820 1919 ἀθετοῦσι,
1861 1854 1944 1905 καὶ
1984 1853 2197 1906 παλαιάν
2223 1853 2405 1923 διαθή-

469 1960 563 2006 κην
594 1942 652 1976 30
669 1937 1034 2007 μεταβάλλουσι.
1117 1940 1384 2009 Κέχρηνται
1417 1939 1468 1992 δὲ
1493 1943 1677 2011 παλαιᾷ
1702 1940 1786 1996 καὶ
1816 1945 1961 2013 καινῇ
1985 1940 2239 2014 διαθήκῃ,
2292 1939 2401 1994 §noi-

469 2041 588 2092 στην
624 2025 752 2089 λέξιν
789 2027 858 2087 εἰς
892 2023 980 2078 τὸν
1018 2025 1208 2077 ἑαυτῶν
1243 2030 1366 2078 νοῦν
1402 2022 1773 2092 μεθοδεύοντες.

612 2196 975 2266 Κερδωνιανοὶ,
1029 2198 1081 2248 οἵ
1118 2193 1218 2248 ἀπὸ
1263 2196 1528 2266 Κέρδωνος
1570 2200 1659 2247 τοῦ
1687 2192 2046 2265 Ἡρακλέωνος,
2106 2193 2400 2258 Μδιαδεξά-

470 2301 608 2349 μενοι
638 2279 727 2349 τήν
757 2280 960 2349 μετοχὴν
985 2287 1073 2348 τῆς
1105 2279 1315 2348 πλάνης,
1355 2279 1455 2333 ἀπὸ
1489 2280 1540 2333 δὲ
1570 2285 1655 2347 τῆς
1681 2283 1869 2349 Συρίας
1895 2283 1963 2342 εἰς
1988 2278 2178 2348 Ῥώμην
2201 2300 2400 2348 μετανα-

470 2366 696 2432 στάντος,
735 2369 820 2419 καὶ
848 2366 1078 2436 κήρυγμα
1105 2367 1284 2419 ἑαυτοῦ
1318 2367 1588 2434 ἐκθεμένου
1616 2367 1666 2418 ἐν
1693 2364 1888 2435 χρόνοις
1918 2364 2184 2437 32Ὑγίνου
2208 2365 2403 2420 ἐπισκό-

465 2473 579 2505 που.
655 2450 762 2504 Δύο
800 2451 851 2504 δὲ
881 2449 1032 2521 ἀρχάς
1068 2449 1290 2522 κηρύττει
1327 2444 1473 2512 οὗτος
1517 2453 1766 2514 ἐναντίας,
1820 2449 1888 2519 μή
1922 2449 2044 2505 εἶναι
2073 2452 2125 2505 δὲ
2154 2451 2242 2507 τὸν
2276 2459 2398 2521 Χρι-

466 2535 581 2590 στὸν
608 2536 868 2606 γεννητόν,
907 2534 1090 2604 ὁμοίως
1116 2557 1165 2589 τε
1193 2542 1381 2607 νεκρῶν
1409 2535 1673 2590 ἀνάστασιν
1699 2535 1916 2603 ἀθετῶν,
1953 2538 2036 2590 καὶ
2065 2536 2156 2606 τὴν
2185 2536 2400 2592 παλαιὰν

465 2620 731 2690 διαθήκην.

607 2709 1002 2777 Μαρκιωνισταὶ.
1078 2710 1328 2778 Μαρκίων
1370 2700 1518 2770 οὗτος
1554 2710 1607 2762 ἐκ
1642 2707 1842 2762 Πόντου
1879 2705 2164 2779 ὁρμώμενος
2199 2709 2393 2762 ἐπισκό·

466 2813 567 2845 που
601 2792 688 2861 μὲν
714 2785 776 2860 ἦν
802 2791 937 2858 υἷὸς,
977 2796 1190 2862 φθείρας
1216 2794 1269 2846 δὲ
1294 2794 1548 2862 παρθένον
1574 2793 1792 2865 ἀπέδρα,
1831 2792 1915 2847 διοὶ
1947 2792 2000 2847 τό
2028 2795 2266 2857 ἐξεῶσθαι
2291 2792 2392 2849 15πό

462 2883 552 2931 τοῦ
577 2880 706 2931 ἰδίου
736 2877 924 2949 πατρός
952 2876 1050 2931 ἀπὸ
1090 2884 1179 2946 τῆς
1211 2880 1480 2946 ἐκκλησίας.
1545 2878 1800 2932 Ἀνελθῶν
1825 2880 1876 2933 δὲ
1905 2881 1958 2932 ἐν
1984 2885 2045 2953 τῇ
2066 2876 2255 2952 Ῥώμῃ,
2307 2882 2390 2933 καὶ

464 2963 669 3031 αἰτήσας
701 2961 963 3032 μετάνοιαν
990 2962 1105 3026 τούς
1131 2961 1235 3016 κατ’
1265 2966 1423 3018 ἐκεῖνο
1451 2971 1656 3035 καιροῦ,
1705 2967 1790 3018 καὶ
1817 2964 1885 3033 μὴ
1917 2962 2100 3033 τυχῶν,
2154 2966 2394 3035 ἐπαρθεὶς

462 3048 589 3103 κατά
617 3054 703 3118 τῆς
735 3053 941 3111 πίστεως
980 3049 1269 3119 ἐδογμάτισε
1307 3058 1436 3120 τρεῖς
1477 3048 1633 3120 ἀρχοῖς
1658 3050 2061 3120 εἶςηγησάμενος,
2115 3048 2392 3119 ἀγαθόν-τε

464 3137 548 3188 καὶ
579 3138 772 3189 δίκαιον
796 3137 880 3188 καὶ
904 3141 1114 3202 φαῦλον·
1168 3132 1292 3188 εἷναί
1320 3156 1370 3188 τε
1396 3134 1486 3203 τὴν
1527 3134 1705 3203 καινὴν
1743 3134 1993 3203 διαθήκην
2020 3132 2274 3206 ἀλλοτρίαν
2303 3142 2392 3205 τῆς

461 3226 703 3286 παλαιᾶς,
749 3222 833 3274 καὶ
871 3226 961 3274 τοῦ
1006 3222 1058 3273 ἐν
1105 3218 1230 3293 αὐτῇ
1273 3219 1582 3288 λαλήσαντος.
1647 3220 1937 3274 ’Λνάστασιν
1974 3218 2160 3290 σαρκὸς
2207 3219 2388 3275 ἀθετεῖ.

462 3303 727 3374 Βάπτισμα
754 3309 955 3359 δίδωσιν
982 3303 1042 3359 οὗ
1069 3304 1222 3373 μόνον
1244 3310 1324 3371 ἓν,
1363 3304 1481 3359 ἀλλά
1505 3307 1589 3359 καὶ
1619 3305 1736 3372 δύο,
1786 3307 1869 3359 καὶ
1896 3308 2027 3375 τρία,
2067 3302 2184 3372 μετά
2212 3305 2267 3361 τὸ
2297 3327 2389 3361 πα-

461 3398 703 3460 ραπεσεῖν.
773 3388 920 3460 Ὑπὲρ
963 3392 1014 3444 δὲ
1040 3397 1138 3443 τῶν
1178 3391 1466 3445 τεθνεώτων
1503 3393 1879 3460 κατηχουμὲνων
1917 3391 2113 3460 ἑτέρους
2154 3391 2385 3459 βαπτίζει.

454 3473 642 3539 Ἀδεῶς
677 3478 762 3529 καὶ
798 3478 1019 3546 γυναιξὶν
1058 3478 1300 3547 ἐπιτρέπει
1339 3475 1546 3547 λουτρόν
1583 3476 1789 3530 διδόναι.

603 3566 974 3615 Λουκιανισταί.
1049 3561 1335 3624 Λουκιανός
1370 3584 1442 3624 τις
1482 3561 1710 3632 ἀρχαῖος,
1767 3558 1854 3628 οὐχ
1898 3557 1926 3612 ὁ
1966 3565 2056 3612 νῦν
2098 3563 2151 3614 ἐν
2190 3561 2384 3632 χρόνοις

515 3675 584 3719 26.
614 3679 793 3718 Fortasse
831 3676 876 3720 τὸ
907 3675 992 3721 τὸν
1050 3680 1236 3720 Petavius
1271 3681 1400 3729 suspi-
1456 3679 1625 3719 Panarii
1642 3689 1735 3728 pay.
1752 3674 1847 3718 230.
1886 3676 1994 3716 Libri
2014 3679 2114 3717 enim
2138 3678 2276 3719 habent
2297 3691 2384 3721 ποι-

461 3737 570 3773 catus
599 3739 652 3774 est
681 3732 727 3776 τὸ
760 3730 839 3776 υπὸ
870 3731 980 3777 Κάϊν
1008 3732 1080 3778 τὸ)
1097 3728 1208 3791 Ἀβε
1192 3736 1244 3776 -.λ
1451 3748 1627 3801 ησασα.

517 3789 582 3831 27.
624 3788 864 3844 ποιησάσης
900 3794 1054 3842 reposui
1094 3803 1142 3831 ex
1177 3792 1392 3833 summario
1503 3791 1571 3832 26.
1599 3785 1708 3844 ἀρχη
1681 3789 1737 3842 ῆς
1765 3790 1877 3829 codd.
1908 3801 1999 3831 mss.
2029 3794 2064 3831 et
2093 3793 2182 3831 edit.
2209 3793 2333 3842 princ.

1502 3845 1568 3886 29.
1600 3845 1857 3900 γεγενῆσὲαι
1879 3844 2063 3900 λέγουσιν
2086 3850 2236 3889 volebat
2263 3848 2380 3890 Peta-
