2508 4134
717 287 857 330 ΤοΜῐ
887 286 1098 327 Pmoms
1127 284 1264 326 PARS
1292 283 1465 325 Pmon.
1933 270 2032 320 605

140 386 278 431 πᾶνων
300 389 406 429 Ven.
437 411 492 419 —-
547 387 574 428 1.
600 385 640 429 3.
667 385 718 427 ab
741 385 818 425 inf.
847 380 981 439 πλάνῃ
1006 383 1061 439 τῇ
1087 381 1227 438 νοθείᾳ
1250 383 1352 422 Ven.
1410 380 1517 421 Hinc
1538 378 1834 421 restituendum
1857 377 2036 419 sortasse

140 458 332 513 πλανητῇ
359 456 512 513 νοθείᾳ.

253 527 387 583 Pag.
407 527 532 570 2⁰2.
588 525 613 566 1.
632 526 669 566 5.
698 519 1040 579 προςκωμμάτων
1069 524 1154 562 Bas.
1172 545 1223 551 —
1280 520 1308 561 l.
1333 520 1370 563 7.
1400 515 1680 574 άπειρῶδυνον
1708 521 1796 560 Bas.
1825 542 1878 550 —
1927 517 2035 558 l.10.

139 594 297 649 ταύτης
322 590 494 649 άπαγορ.
522 596 624 636 Ven.
647 619 700 626 —
757 593 783 634 1.
808 594 871 634 11.
899 593 1102 644 κτίσμασι
1125 588 1344 643 διδομένην
1366 604 1524 643 τεκνογ.
1556 591 1655 630 ven.
1679 611 1733 621 —-
1778 588 1806 630 Ι.
1831 588 1877 629 12
1902 595 1945 628 et
1975 584 2035 627 13.

139 662 298 718 πλάνης
325 660 464 707 αύτῶν
491 663 531 707 ἐν
558 667 659 707 Ven.
692 687 744 695 —-
802 662 829 702 l.
853 663 913 706 17.
957 658 1141 715 κεφαλὴν
1180 661 1452 714 συνειςβαλεῖν
1478 660 1578 698 ven.
1611 683 1659 688 —
1719 658 1746 699 l.
1766 657 1829 699 19.
1864 653 2035 710 ἄρρενό-

142 735 262 788 θηλοι
291 735 392 775 Ven.
415 757 469 764 —
511 733 539 774 l.
561 735 628 776 20.
656 731 838 773 Restitue
857 729 993 774 ποθὲν.
1016 754 1065 762 -
1108 729 1134 770 l.
1151 728 1216 770 23.
1245 727 1318 770 καὶ
1331 742 1439 781 φερα
1459 727 1559 782 (εἰσ)
1578 725 1691 781 παρὰ
1707 724 1841 770 πάντα
1862 728 1966 766 Ven.
1986 748 2037 755 —-

141 804 169 844 1.
187 805 253 845 25.
283 805 543 860 φρενοβλαβῆ
575 805 679 844 Ven.
708 825 762 833 —-
818 800 978 842 Addam
1006 800 1047 839 in
1076 799 1156 839 fine
1195 812 1297 853 quae
1325 797 1377 837 de
1408 797 1614 838 Gnosticis
1645 797 1845 851 excerpsit
1870 796 2039 836 Nicetas

142 873 340 914 Thesaur.
370 873 541 913 Orthod.
567 872 657 914 Fid.
685 872 752 912 lib.
776 872 843 911 lv.
874 885 960 924 cap.
984 870 1023 910 2.
1054 865 1267 916 Νικόλαός
1291 882 1377 916 τις,
1419 866 1596 920 πατρίδα
1634 864 1768 921 λαχών
1793 862 2040 921 Ἀντιοχείαν

141 940 217 995 τὴν
239 940 345 996 πρὸς
371 939 537 997 Δάφνην
562 942 632 993 (31.
665 941 757 982 cod.
784 938 977 996 Δάφνῃ),
1006 937 1258 993 προςῆλυτος
1282 942 1369 985 τοῖς
1392 932 1634 985 ἀποστόλοις
1661 934 1843 990 ἐγένετο,
1874 934 1946 978 καὶ
1973 937 2041 977 δε-

145 1009 317 1066 ξάμενος
341 1010 418 1066 τήν
447 1011 506 1060 εἰς
532 1009 715 1066 Χριστὸν
738 1009 871 1053 πίστιν
899 1007 975 1064 τὴν
1001 1009 1083 1051 τῶν
1118 1007 1259 1063 χηρῶν
1295 1005 1526 1060 ἐπιμέλειαν
1551 1003 1790 1047 πιστεύεται
1820 1004 1888 1059 (31.
1916 1003 2041 1058 ἐμπι-

145 1078 354 1136 στεύεται)
382 1080 454 1124 καὶ
484 1077 577 1136 μεθ’
604 1080 754 1135 ἑτέρων
771 1079 842 1131 ἐξ,
887 1072 943 1122 ῶν
967 1079 1003 1121 οἱ
1030 1074 1256 1132 άκρέμονες
1279 1075 1483 1124 Φίλιππος
1512 1091 1532 1119 0
1562 1072 1801 1128 Σαμάρειαν
1827 1072 1886 1122 εἰς
1908 1072 2042 1116 πίστιν

145 1148 398 1206 μετενεγκών
424 1151 496 1194 καὶ
524 1151 729 1208 βαπτίσας
757 1147 1006 1203 Κανδάκην,
1048 1147 1120 1191 καὶ
1147 1147 1365 1201 Στέφανος
1399 1143 1421 1189 ὁ
1447 1146 1608 1199 πρῶτος
1634 1143 1675 1187 ἐν
1703 1141 1893 1199 μάρτυσι.
1950 1140 2043 1186 Γύ-

143 1236 250 1264 ναιον
277 1219 325 1265 δὲ
353 1220 457 1277 ἔχων
494 1221 566 1276 (31.
595 1217 755 1276 αύχῶν)
786 1216 943 1268 εύειδὲς
964 1217 1040 1272 τὴν
1070 1213 1166 1269 οῴιν
1193 1214 1246 1259 τοὶ
1277 1214 1350 1270 μὲν
1376 1215 1522 1269 πρῶτα
1548 1212 1836 1269 ἐνεκρατεύετο
1863 1208 1932 1256 ἀπ’
1962 1207 2040 1255 αύ-

143 1291 238 1341 τοῢ,
282 1288 372 1333 εἶτα
397 1287 516 1334 πάλιν
544 1286 661 1345 αύτῷ
692 1289 931 1344 συνεγίνετο.
981 1284 1141 1342 ’Ἔλεγε
1166 1285 1214 1331 δὲ
1243 1283 1327 1339 ῶς,
1369 1285 1406 1328 εἰ
1434 1301 1492 1340 μη
1523 1299 1584 1333 τις
1613 1281 1708 1328 καθ’
1735 1281 1916 1338 ἑκάστην
1940 1279 2043 1326 οἷκο-

145 1360 375 1411 λασταίνει,
422 1356 498 1403 ούκ
536 1375 585 1404 αν
617 1356 873 1410 ἐπιτεύξεται
897 1359 975 1413 τῆς
1004 1355 1117 1411 ζώης
1152 1356 1327 1400 αἰωνίου.
1386 1352 1608 1398 Ἐντεῦθεν
1637 1370 1705 1397 ουν
1731 1351 1984 1408 ἐπηύξηνται
2009 1352 2045 1396 οἱ

143 1428 226 1474 άπὸ
257 1431 452 1485 Σιμῶνος
475 1428 528 1473 τὰ
555 1429 771 1484 σπέρματα
795 1426 1010 1482 δεξάμενοι
1033 1426 1277 1470 Γνωστικοί.
1329 1417 1413 1468 ῗΩν
1442 1425 1479 1468 οἱ
1508 1424 1580 1479 μὲν
1608 1420 1712 1467 ἄλλα
1736 1423 1921 1478 ἐλήρουν,
1953 1422 2046 1466 ἔνιοι

146 1500 194 1545 δὲ
222 1500 295 1543 καὶ
321 1498 549 1554 Προύνικον
591 1496 763 1553 ὀνόματι
798 1496 973 1554 γυναῖκά
1000 1513 1090 1541 τινα
1117 1496 1291 1554 ἐτίμων,
1336 1494 1408 1538 και
1435 1510 1512 1549 την
1538 1492 1695 1548 ταύτης
1729 1493 1899 1548 δύναμιν
1927 1493 1966 1536 ἐν
1989 1493 2044 1549 τῇ

147 1586 248 1627 γονη
292 1570 364 1613 καὶ
399 1574 485 1618 τοῖς
525 1569 793 1624 καταμηνίοις
831 1567 1016 1622 ἐτόλμων
1058 1567 1211 1622 λέγειν·
1256 1561 1369 1609 αλλοι
1407 1564 1454 1608 δε
1484 1564 1556 1608 καὶ
1583 1565 1807 1608 Καυλακᾶν
1837 1561 2043 1615 ἐδόξαζον.

136 1636 269 1683 ’Έστι
297 1638 344 1684 δὲ
371 1640 503 1683 ταῦτα
527 1638 662 1683 πάντα
684 1636 943 1694 ηδυπάθειαν
973 1638 1224 1692 σημαίνοντα
1249 1633 1324 1680 υπὸ
1355 1636 1524 1679 τουτωνὶ
1548 1635 1630 1678 τῶν
1658 1650 1733 1690 την
1757 1634 2045 1691 αἰσχρουργίαν

143 1709 357 1765 τιμώντων
384 1709 655 1791 ἐφευρημένα
716 1707 778 1752 Τὸ
806 1706 884 1763 γὰρ
910 1704 1139 1761 Προύνικος
1165 1707 1380 1755 συνουσίας
1406 1705 1498 1749 ἐστὶ
1522 1704 1785 1749 ἐνδεικτικόν.
1839 1701 1942 1747 Ἐπὶ
1967 1702 2045 1759 γὰρ

144 1781 227 1824 τῶν
269 1796 322 1823 τα
363 1777 541 1835 σώματα
581 1777 900 1834 διακορούντων,
943 1775 1266 1832 Ἐπρουνίκευσε
1303 1772 1965 1833 (31.Ἐπρουνίκευσαν)τηνδε,
2010 1774 2048 1817 οἱ

135 1846 346 1904 ’Έλληνες
377 1849 528 1904 ἔλεγον.
587 1848 648 1893 Τὸ
678 1848 725 1893 δὲ
750 1848 974 1892 Καυλακᾶν
1014 1849 1086 1901 (31.
1117 1848 1348 1903 Καυλικᾶν)
1388 1847 1528 1894 καλῶς
1566 1843 1639 1900 μὲν
1669 1844 1820 1900 ἐρρέθη
1848 1841 1942 1898 παρ’
1967 1841 2047 1886 Ἑ-

147 1920 326 1977 βραίοις,
369 1917 481 1974 παρὰ
515 1918 564 1963 δὲ
599 1924 685 1968 τοῖς
710 1920 965 1966 Γνωστικοῖς
1003 1918 1187 1973 αἰσχρῶς
1213 1916 1474 1972 μετελήφθη.
1531 1913 1606 1958 Ἐν
1635 1913 1714 1970 γὰρ
1739 1916 1794 1972 τῇ
1822 1914 1874 1972 ιβ’
1901 1911 2047 1970 ὁράσει

143 1991 215 2033 τοῦ
239 1987 452 2045 προφήτου
476 1987 638 2043 Λανιήλ
661 1984 834 2043 ε’ύρηται
861 1983 1017 2036 οὕτως·
1060 1987 1286 2032 Σαυλασὰν
1318 1984 1549 2037 σαυλασάν,
1583 1984 1793 2029 καυλακὰν
1821 1984 2045 2039 καυλακάν,

143 2055 238 2114 ἤτοι
263 2059 414 2112 Θλίψις
442 2058 510 2102 ἐπὶ
535 2059 698 2111 θλίψει,
729 2058 845 2108 ἐλπὶς
870 2056 933 2101 ἐπ’
961 2058 1106 2102 ἐλπίδι.
1166 2055 1438 2113 Πολυώνυμοι
1463 2057 1512 2101 δέ
1537 2056 1638 2100 εἰσιν
1664 2057 1700 2099 οἱ
1724 2057 1762 2098 Γ
1764 2056 1958 2100 νωστικοὶ
1978 2049 2046 2099 οὗ·

143 2145 218 2173 τοι.
278 2130 334 2171 Οἱ
361 2127 434 2183 μὲν
467 2127 548 2184 γὰρ
579 2128 843 2185 Βορβοριανοὶ
881 2131 1099 2173 καλοῦνται
1139 2127 1209 2173 διὰ
1244 2126 1313 2173 τὸν
1354 2126 1594 2184 βορβορώδη
1625 2126 1779 2169 ἑαυτῶν
1817 2127 1900 2183 βίον
1932 2127 2043 2181 (cod.

145 2199 308 2240 Morell.
343 2198 413 2242 τὸν
446 2197 665 2257 βόρβορον,
717 2199 875 2240 omissis
905 2214 1009 2254 quae
1052 2207 1275 2254 sequuntur
1317 2197 1474 2242 ἑαυτῶν
1517 2198 1649 2255 βίον),
1693 2198 1731 2240 οἱ
1758 2196 1806 2240 δὲ
1827 2196 2046 2241 Κοδιανοί·

146 2267 254 2313 κόδα
289 2267 368 2323 γὰρ
405 2269 568 2324 λέγεται
606 2259 720 2323 παρὰ
759 2268 915 2323 Σύροις
943 2267 973 2325 ἡ
1002 2269 1205 2324 παροψὶς·
1249 2266 1330 2312 άπὸ
1371 2269 1443 2311 τοῦ
1472 2265 1627 2317 πάντας
1663 2264 1970 2322 ἀποτρέπεσθαι
1996 2265 2043 2309 τό

148 2336 236 2394 μετ’
264 2335 401 2382 αύτῶν
430 2338 583 2383 ἐσθίειν
615 2338 684 2384 διά
710 2338 779 2383 τὸν
809 2335 933 2395 ἄκρον
961 2338 1192 2395 μολυσμὸν·
1239 2341 1276 2382 οἱ
1302 2338 1349 2383 δὲ
1375 2338 1447 2381 καὶ
1474 2338 1718 2394 Βορβορῖται
1743 2338 1857 2394 (cod.
1885 2337 2045 2378 Morell.

148 2409 410 2466 Βορβολίται)
426 2442 437 2459 ,
482 2409 555 2453 καὶ
592 2410 908 2464 Σεκουνδιανοὶ,
953 2410 1025 2453 καὶ
1067 2411 1360 2464 Σωκρατΐται,
1404 2408 1477 2451 καὶ
1514 2406 1731 2464 Ῥακχαῖοι
1768 2403 2045 2462 ὀνομάζονται.

137 2474 325 2535 ”Εχουσι
350 2477 398 2523 δὲ
425 2477 502 2528 τὰς
525 2485 720 2534 γυναῖκας
748 2480 908 2532 κοινὰς,
953 2480 1026 2524 καὶ
1048 2479 1095 2524 τὸ
1122 2478 1264 2534 πάσης
1293 2479 1584 2536 αἰσχρουργίας
1607 2478 1678 2522 καὶ
1699 2475 1967 2533 μιαρωσύνης
1994 2473 2046 2521 οἷ-

147 2547 345 2604 νώτερον,
389 2545 437 2591 ού
463 2551 744 2606 συγχωροῦσιν
776 2550 818 2594 ἐν
847 2552 901 2607 τῇ
930 2551 1038 2606 μίξει
1073 2549 1120 2594 τὸ
1148 2550 1312 2604 σπέρμα
1351 2550 1666 2605 καταβληθῆναι
1694 2549 1754 2598 εἰς
1780 2547 1856 2604 τὴν
1887 2547 2047 2603 μήτραν

147 2621 226 2674 τῆς
252 2616 468 2674 γυναικὸς,
497 2613 529 2673 ’ἲί
554 2625 693 2663 πεσεῖν
722 2620 782 2670 εἰς
805 2620 881 2675 τήν
911 2622 1013 2676 γῆν,
1057 2617 1144 2664 ἀλλ’
1174 2618 1551 2676 ύπολαμβάνοντες,
1581 2625 1674 2668 ταῖς
1699 2619 1820 2676 χερσὶ
1848 2617 1947 2662 ποτὲ
1975 2618 2047 2672 μὲν

149 2689 358 2740 ἐσθίουσι,
401 2687 498 2732 ποτὲ
525 2689 572 2733 δὲ
601 2682 893 2742 φυλάττοντες,
935 2691 1006 2734 καὶ
1030 2692 1090 2748 τῷ
1123 2691 1269 2746 αἵματι
1296 2691 1506 2745 μιγνῦντες
1527 2691 1608 2733 τῶν
1638 2689 1878 2745 γυναικείων
1902 2687 2047 2743 ἐμμή-

148 2775 251 2811 νων,
297 2760 476 2815 χρῶνται
512 2755 603 2802 ἀντὶ
630 2759 879 2813 μυστηρίων.
937 2761 994 2803 Εἰ
1019 2759 1066 2805 δὲ
1093 2760 1202 2817 λάθῃ
1232 2758 1358 2804 πεσὸν
1390 2760 1449 2808 εἰς
1475 2759 1552 2814 την
1580 2759 1740 2816 μήτραν
1767 2759 1838 2803 καὶ
1866 2758 2048 2814 ἐγκυμο-

149 2834 213 2873 νεῖ
232 2827 262 2884 τί
281 2827 399 2884 γυνη,
429 2827 476 2872 τὸ
500 2828 644 2884 τεχθὲν
667 2826 820 2872 αὐτίκα
837 2828 1103 2886 λαμβάνουσι,
1135 2830 1207 2874 καὶ
1227 2832 1406 2880 θλῶντες
1429 2829 1469 2874 ἐν
1496 2825 1614 2886 ὅλμῳ
1643 2828 1876 2885 μιγνύουσιν
1900 2828 2046 2884 ἐκείνῳ

152 2899 245 2955 μέλι
268 2899 341 2942 καὶ
363 2899 500 2953 πίπερι
525 2899 601 2942 καὶ
631 2898 742 2953 μῦρά
770 2915 882 2954 τινα,
927 2901 999 2943 καὶ
1023 2898 1173 2949 πάντες
1198 2892 1323 2944 αὐτοῦ
1350 2898 1568 2955 γενόμενοι
1596 2901 1657 2956 τῶ
1686 2898 1907 2956 δακτύλῳ,
1953 2896 2047 2943 Εύ-

149 2970 446 3027 χαριστοῦμεν,
476 2968 601 3025 φασὶν
617 3001 628 3023 ,
660 2966 682 3012 ὁ
715 2968 833 3020 θεὸς,
879 2965 943 3014 ὅτι
966 2966 1042 3014 ούκ
1066 2970 1367 3027 ἐνεπαίχθημεν
1402 2968 1479 3013 ύπό
1505 2971 1576 3014 τοῦ
1595 2966 1818 3026 ”Αρχοντος
1844 2972 1923 3023 τῆς
1955 2969 2047 3013 ἐπι-

152 3040 330 3095 θυμίας,
373 3036 478 3084 οἷλλά
519 3039 788 3094 συνελέξαμεν
824 3038 870 3084 τό
911 3040 1174 3095 παράπτωμα
1201 3042 1273 3084 τοῦ
1313 3037 1511 3096 οἰδελφοῦ.
1574 3040 1655 3083 Καὶ
1696 3043 1815 3083 τοῦτο
1851 3039 2048 3095 ἡγοῦνται

150 3109 311 3167 Πάσχα
336 3110 500 3153 τέλειον.
531 3134 583 3142 -
639 3110 666 3150 1.
685 3112 723 3151 5.
748 3111 799 3151 ab
823 3110 898 3151 inf.
941 3110 1203 3155 διδασκάλων
1226 3113 1327 3151 Ven.
1359 3136 1409 3141 —
1468 3111 1494 3152 1.
1516 3107 1553 3152 4.
1578 3111 1629 3151 ab
1655 3110 1729 3151 inf.
1759 3110 1921 3165 χείρους
1946 3112 2047 3151 Ven.

153 3205 203 3213 —
234 3182 261 3224 1.
282 3181 321 3223 3.
352 3181 402 3222 ab
431 3181 506 3221 inf.
539 3179 739 3235 ἐκέκτητο
766 3182 867 3221 Ven.
898 3204 951 3211 —
1008 3180 1036 3220 l.
1055 3182 1093 3223 2.
1124 3181 1173 3221 ab
1204 3180 1279 3221 inf.
1308 3181 1579 3229 Βασιλείδους
1604 3182 1703 3221 Ven.
1734 3203 1788 3211 -
1846 3180 1945 3222 lbid.
1977 3181 2049 3223 καὶ

152 3251 224 3294 τοῦ
251 3250 323 3294 τοῦ
353 3251 488 3305 Καρπ.
519 3254 623 3292 ven.

265 3322 395 3378 Pag.
413 3323 535 3366 204.
592 3322 620 3361 l.
643 3323 679 3362 ὁ.
710 3315 847 3369 ἄλλοις
875 3318 1086 3377 βούλεται,
1116 3319 1186 3364 τὸν
1216 3322 1314 3362 Ven.
1347 3345 1400 3353 —-
1457 3322 1484 3361 1.
1504 3322 1541 3364 7.
1573 3318 1919 3376 ὑπερβεβηκότων
1943 3323 2045 3362 Ven.

152 3390 261 3432 1.12.
293 3390 421 3446 φησὶν
448 3406 525 3432 om.
560 3394 661 3432 Ven.
695 3415 744 3422 —-
802 3391 916 3444 1„13.
946 3393 1025 3431 Pro
1055 3390 1153 3446 ἔσχε
1177 3391 1217 3430 in
1245 3393 1332 3431 Bas.
1362 3399 1424 3432 est
1451 3390 1577 3447 ἔσχει.
1608 3415 1659 3421 -
1718 3390 1747 3430 l.
1772 3390 1836 3433 18.
1878 3392 2047 3446 Repone

154 3457 233 3504 ύπὸ
272 3462 353 3504 τῶν
379 3459 585 3516 Ἀγγέλων
624 3461 841 3516 γινομένων
880 3475 930 3501 ex
966 3463 1069 3501 Ven.
1097 3485 1150 3491 —
1206 3460 1233 3500 l.
1261 3461 1459 3502 ‘zo-23.
1490 3461 1624 3502 Verba
1661 3459 1990 3515 ἐλευθερωθεῐσα
2014 3458 2046 3516 τί

156 3526 264 3584 αύτῆ
295 3529 411 3587 ψυχὴ
442 3555 467 3562 -
491 3556 515 3562 -
544 3555 565 3562 -
596 3529 666 3576 διὰ
692 3531 837 3575 πασῶν
863 3533 944 3573 τῶν
970 3528 1157 3584 πράξεων
1187 3530 1333 3572 omissa
1360 3538 1456 3571 sunt
1483 3530 1526 3571 in
1553 3532 1656 3571 Ven.
1684 3555 1736 3563 —
1793 3531 1818 3571 1.
1839 3530 1908 3575 26.
1938 3547 2046 3587 πρα-

157 3599 288 3651 ξάσας
318 3615 397 3641 om.
432 3604 528 3642 Ven.

267 3671 398 3728 rag.
415 3673 540 3717 2⁰6.
581 3672 607 3712 l.
625 3673 665 3715 8.
693 3670 878 3726 Μαγείαι
900 3668 979 3725 γάρ
998 3685 1040 3713 π.
1067 3668 1206 3720 αὐτοῖς
1227 3668 1503 3725 ἐπινενόηνται
1521 3673 1625 3713 Ven.
1646 3695 1701 3703 —
1742 3672 1769 3713 l.
1791 3673 1852 3716 10.
1883 3673 2044 3729 φίλτρον

156 3743 260 3783 Ven.
291 3764 343 3772 —-
398 3741 425 3781 1.
450 3743 512 3783 15.
555 3739 804 3805 κατισχύσαι
829 3739 897 3786 διὰ
923 3741 1005 3784 τῶν
1029 3738 1219 3784 τοιούτων
1246 3744 1348 3782 Ven.
1369 3765 1420 3772 --
1476 3742 1503 3784 1.
1524 3739 1591 3784 24.
1620 3739 1848 3797 ἀνηκέστου
1867 3745 1973 3787 Ven.
1992 3767 2046 3778 --

154 3811 181 3852 1.
209 3811 407 3855 26—27.
448 3812 582 3855 Verba
612 3811 836 3867 ἐκκλησίας
873 3809 1068 3862 τοιούτοις
1091 3834 1117 3844 -·
1139 3835 1162 3845 -·
1186 3836 1212 3843 -
1236 3808 1315 3856 ἀπὸ
1346 3813 1426 3866 τῆς
1453 3813 1525 3856 τοῦ
1562 3814 1659 3857 θεοῦ
1700 3814 1845 3857 omissa
1872 3815 1914 3857 in
1940 3817 2046 3859 Ven.
