2508 4134
556 328 781 369 PANARu
808 328 910 370 Lm.
931 329 1001 369 111.
1030 327 1163 369 ΤοΜ.
1186 329 1238 369 11.
1267 329 1431 369 HAER.
1453 329 1636 369 Lxxx.
1942 318 2044 369 469

151 428 208 478 ab
253 426 312 477 iis
351 443 648 494 nequaquam
691 425 950 476 abhorrere
994 425 1070 476 vel
1115 442 1280 475 eorum
1322 427 1617 476 consuetudo
1660 426 1918 494 persuadet
1952 443 2046 494 qua

148 511 414 580 promiscue
440 510 529 561 viri
560 528 663 561 cum
692 509 968 560 mulieribus
1002 509 1196 559 cubant.
1276 507 1506 560 Ceterum
1538 510 1826 560 Antiochiae
1855 526 2044 578 quoque

146 595 285 646 sedes
325 594 529 657 habent,
572 612 665 661 quo
703 611 729 644 e
767 590 1122 661 Mesopotamia
1159 610 1270 644 sese
1307 594 1632 644 contulerunt.

283 760 390 813 Hoc
423 779 539 812 vero
573 763 714 830 longe
745 761 1201 831 perniciosissimum
1241 761 1410 828 dogma
1455 779 1519 811 ex
1551 760 1696 811 nimia
1731 762 2043 828 quorumdam
2067 769 2166 824 Cap.
2198 770 2266 810 IV.

142 848 339 897 fratrum
375 846 609 914 imperitia
638 846 866 896 manavit.
944 844 1037 912 Qui
1078 863 1182 895 cum
1213 854 1345 895 recte
1374 844 1548 912 alioqui
1579 845 1637 894 de
1665 845 1753 894 fide
1784 844 2041 910 sentirent,

142 931 268 980 vitae
303 947 367 980 ex
397 926 578 981 Christi
618 929 794 980 domini
830 929 1126 998 praescripto
1167 929 1490 980 instituendae
1524 929 1712 978 modum
1746 945 2042 996 nequaquam

139 1013 512 1077 intellexerunt3
564 1023 799 1081 quatenus
831 1014 1109 1064 renuntiare
1146 1013 1321 1063 mundo
1352 1030 1406 1062 ac
1435 1012 1573 1062 bonis
1603 1029 1655 1062 se
1687 1012 1787 1062 suis
1817 1020 1865 1062 et
1897 1013 2045 1062 facul-

141 1098 316 1148 tatibus
358 1097 610 1160 abdicare,
671 1098 888 1148 fortunas
939 1115 1052 1148 suas
1103 1097 1314 1148 vendere
1366 1114 1422 1147 ac
1467 1096 1756 1164 pauperibus
1809 1096 2041 1163 dilargiri,

140 1199 329 1232 crucem
372 1182 498 1231 ferre
537 1199 592 1231 ac
637 1181 767 1232 serio
805 1182 940 1249 sequi
981 1199 1033 1231 se
1075 1181 1346 1245 mandavit,
1402 1198 1497 1231 non
1538 1189 1589 1231 ut
1621 1180 1753 1230 iners
1786 1188 1833 1229 et
1860 1180 2043 1230 otiosus

138 1265 368 1334 quispiam
397 1274 555 1329 esset,
597 1273 679 1316 aut
705 1265 1043 1333 intempestive
1073 1265 1396 1329 helluaretur,
1438 1282 1493 1314 ac
1529 1266 1747 1315 fucorum
1775 1264 1902 1313 inter
1928 1280 2042 1331 apes

137 1349 306 1400 similis
336 1350 489 1412 l'oret,
531 1349 742 1417 quinimo
770 1349 868 1399 suis
895 1358 948 1399 ut
977 1349 1195 1400 manibus
1229 1366 1347 1416 opus
1380 1349 1591 1411 faceret,
1634 1366 1690 1399 ac
1721 1348 1911 1398 beatum
1940 1347 2043 1397 imi-

138 1443 322 1485 taretur
359 1434 654 1501 apostolum,
708 1434 783 1501 qui
817 1434 1041 1484 mundum
1083 1433 1246 1485 valere
1288 1433 1459 1483 iubens
1499 1450 1674 1500 praeco
1705 1433 1925 1483 veritatis
1957 1449 2045 1482 ex-

137 1518 257 1568 titit:
315 1521 456 1568 Cuius
491 1536 652 1568 manus
694 1537 783 1568 non
821 1521 915 1583 ipsi
940 1521 1114 1578 solam,
1171 1521 1255 1567 sed
1278 1527 1324 1566 et
1352 1521 1409 1566 iis
1441 1521 1525 1583 qae’
1557 1536 1657 1566 eam
1690 1519 1770 1566 e'llo
1799 1526 1936 1565 erant
1961 1535 2041 1565 ne·
2064 1538 2141 1572 Act.
2164 1539 2219 1583 20,
2242 1538 2294 1572 34.

137 1606 341 1652 cessaria
371 1604 754 1668 suppede’tabant5
797 1619 902 1652 cum
935 1610 983 1652 ct
1014 1602 1103 1670 ipsi
1147 1600 1338 1652 interim
1387 1602 1578 1651 minime
1621 1610 1902 1663 cessarent,
1958 1600 2043 1650 sed

136 1704 312 1755 operae
341 1686 597 1755 participes
628 1696 820 1745 essent,
862 1694 915 1736 ut
940 1687 1141 1754 quodam
1176 1686 1276 1754 ipse
1310 1686 1416 1736 loco
1447 1684 1711 1753 gloriatur,
1767 1702 1822 1735 ac
1849 1683 2043 1735 disertis

134 1770 246 1821 illud
285 1770 448 1821 verbis
486 1769 742 1839 praecipit:
804 1774 898 1834 Qui
923 1789 1014 1819 non
1046 1780 1292 1835 operatur,
1349 1788 1439 1819 non
1477 1773 1734 1819 manducet.
1817 1766 1914 1820 Sed
1948 1768 2036 1831 illi,
2072 1783 2250 1820 2.Thess.

135 1872 253 1923 quos
290 1854 418 1918 dixi,
472 1855 644 1904 fratres
674 1855 827 1905 nostri
860 1855 980 1905 haud
1009 1854 1111 1905 scio
1147 1872 1206 1904 an
1237 1872 1264 1904 a
1293 1852 1474 1917 Mane,
1528 1853 1606 1921 qui
1637 1853 1750 1903 illuc
1780 1870 1805 1903 e
1837 1850 2041 1903 Perside
2113 1828 2146 1871 3'
2170 1828 2221 1862 ω’

136 1940 377 2008 profectus
413 1947 517 2003 est,
572 1938 664 1990 ista
697 1939 980 2002 didicerint,
1038 1955 1160 2007 quae
1190 1938 1247 1988 ab
1274 1937 1402 1988 omui
1435 1938 1620 1988 ratione
1661 1955 1859 2006 prorsus
1886 1937 2043 1987 aliena

136 2032 267 2073 sunt.
345 2019 466 2074 Cum
501 2039 526 2072 e
558 2023 802 2072 contrario
841 2024 1226 2074 animadvertere
1257 2022 1366 2072 illos
1399 2022 1559 2073 divina
1592 2022 1829 2090 scriptura
1859 2020 2040 2083 iubeat,

135 2107 212 2175 qui
239 2105 352 2157 nihil
383 2105 543 2174 operis
571 2106 769 2157 faciunt.
848 2105 1029 2157 Verum
1076 2107 1412 2157 nonnullorum
1444 2107 1682 2157 mentibus
1714 2107 1889 2156 dictum
1925 2105 2040 2156 illud

133 2190 400 2242 servatoris
439 2190 693 2260 imposuit:
750 2195 1016 2256 Operamz‘m‘
1047 2210 1137 2240 non
1171 2193 1347 2251 eibum,
1404 2195 1489 2257 qui
1512 2195 1661 2256 perit,
1715 2194 1798 2240 sed
1821 2194 1906 2255 quz'
1924 2207 2035 2254 per·
2106 2206 2235 2259 lpann.

132 2285 286 2325 manet
314 2279 360 2324 z‘n
388 2279 524 2325 vitam
551 2285 800 2325 aeternam.
880 2275 949 2326 At
975 2275 1042 2325 illi
1073 2284 1353 2343 pereuntem
1386 2276 1515 2326 illum
1545 2275 1699 2325 cibum
1729 2276 1787 2325 ad
1818 2273 2036 2343 praecla-
2116 2251 2149 2293 b’
2168 2249 2220 2283 ῃ

133 2378 234 2411 ram
263 2360 390 2410 illam
420 2377 612 2428 operam
654 2360 960 2428 laboremque
999 2360 1245 2424 referunt,
1300 2377 1439 2428 quem
1472 2360 1519 2409 iu
1553 2359 1876 2409 consectanda
1903 2357 2039 2408 iusti-

135 2445 196 2494 tia
224 2444 537 2494 sustinemus.
615 2441 754 2510 Quae
785 2445 971 2512 quidem
1001 2460 1148 2512 opera
1188 2443 1235 2493 in
1269 2444 1515 2494 Abraamo
1556 2452 1652 2493 tum
1693 2443 1874 2506 eluxit,
1930 2460 2037 2492 cum
2082 2460 2175 2495 Gen.
2193 2460 2245 2494 18.

133 2529 173 2579 is
201 2528 399 2579 vitulum
427 2537 706 2596 appararet3
761 2546 848 2579 nec
880 2546 974 2578 non
1003 2538 1051 2579 et
1080 2528 1126 2578 in
1157 2529 1327 2591 vidua,
1382 2545 1501 2596 quae
1536 2526 1673 2578 Eliae
1704 2544 1875 2578 caussa
1905 2526 2038 2577 labo·
2060 2546 2092 2582 3.
2117 2546 2211 2589 neg.
2235 2545 2287 2581 1⁷.

133 2613 287 2675 ravit,
331 2620 379 2662 et
406 2611 452 2660 in
489 2609 601 2661 lobo
631 2611 834 2678 denique
854 2652 865 2674 ,
909 2614 986 2680 qui
1019 2613 1064 2662 in
1094 2612 1259 2663 liberis
1291 2613 1415 2663 idem
1443 2612 1543 2663 suis
1573 2612 1871 2678 fortunisque
1899 2627 2039 2679 prae-

132 2697 269 2748 stitit.
347 2694 612 2747 Praeterea
654 2696 810 2745 nullus
854 2705 929 2746 est
958 2697 1032 2746 dei
1069 2698 1269 2747 famulus
1301 2696 1380 2764 qui
1416 2715 1510 2747 non
1547 2697 1603 2747 ad
1633 2695 1938 2746 obtinendam
1964 2694 2038 2745 iu-

131 2781 308 2832 stitiam
345 2779 563 2830 manibus
603 2780 702 2829 suis
744 2797 862 2847 opus
897 2789 1157 2843 exerceat,
1212 2799 1305 2848 quo
1340 2781 1387 2830 in
1415 2789 1616 2847 egentes
1650 2781 1894 2830 beneficus
1925 2795 2036 2830 esse

133 2866 303 2934 possit.
381 2865 521 2933 Quod
562 2866 606 2915 in
649 2881 934 2930 unoquoque
976 2865 1298 2927 monasterio,
1355 2864 1527 2914 tamin
1560 2863 1786 2932 Aegypto
1819 2881 1957 2931 quam
1984 2862 2035 2912 in

131 2950 236 3001 aliis
267 2950 556 3017 provinciis,
612 2947 715 2998 lieri
755 2946 1027 3011 cernimus,
1086 2948 1162 2998 ubi
1203 2948 1413 2999 iustitiae
1443 2949 1598 3016 gratia
1627 2949 1695 2999 sic
1725 2950 1781 2999 ad
1815 2964 1934 3015 opus
1963 2947 2036 2996 in-

133 3034 360 3084 cumbunt
382 3051 581 3094 omneS‚
626 3041 844 3099 tanquam
877 3049 992 3100 apes
1021 3033 1280 3099 quaedam,
1324 3050 1445 3101 quae
1472 3050 1630 3083 ceram
1663 3032 1890 3101 pedibuS,
1933 3029 2037 3081 stil-

132 3119 203 3169 las
230 3118 384 3168 mellis
417 3135 502 3167 ore
530 3125 889 3185 comportantes
908 3155 920 3177 ,
981 3133 1279 3166 communem
1310 3117 1647 3168 universorum
1679 3116 1918 3166 dominum
1947 3131 2034 3182 pro

132 3219 280 3253 sensu
309 3219 396 3252 suo
428 3211 569 3269 atque
610 3209 780 3268 captu,
841 3200 1039 3266 quodam
1084 3200 1216 3250 velut
1244 3201 1380 3251 vocis
1409 3210 1553 3251 cantu
1591 3219 1647 3251 ac
1677 3199 2035 3268 praedicatione

133 3286 407 3350 celebrant,
463 3295 602 3354 prout
640 3294 845 3335 testatur
884 3281 1142 3334 Salomon:
1198 3288 1510 3349 Sapientiam,
1564 3285 1747 3352 inquit,
1799 3287 2032 3332 honorans
2052 3298 2262 3345 Prov.6‚e.

124 3380 346 3435 proveeta
377 3380 461 3419 est.
539 3369 647 3420 Nec
688 3369 829 3418 aliter
856 3367 986 3418 servi
1014 3367 1081 3417 illi
1110 3367 1183 3417 dei
1214 3367 1261 3417 in
1293 3369 1444 3418 solida
1475 3369 1695 3418 veritatis
1730 3376 1863 3435 petra
1884 3405 1896 3429 ,
1949 3384 2034 3417 ve-

134 3453 202 3503 lut
232 3454 568 3517 fundamento,
623 3452 848 3515 stabiliti,
899 3470 954 3502 ac
996 3452 1184 3501 domum
1220 3469 1350 3501 suam
1393 3453 1573 3502 firmam
1608 3460 1746 3518 atque
1778 3451 2034 3500 inconcus-

134 3555 233 3587 sam
267 3546 610 3601 exstruenteS,
664 3555 749 3605 pro
776 3554 831 3586 ea
863 3553 1000 3604 quam
1034 3536 1318 3603 profitentur
1343 3545 1474 3599 arte,
1516 3534 1860 3585 minutissimas
1891 3552 2034 3602 quas-

134 3639 224 3688 que
262 3638 433 3690 operas
474 3621 645 3689 singuli
693 3621 910 3671 manibus
949 3619 1050 3670 suis
1085 3628 1338 3670 exercent.
1419 3618 1565 3669 lidem
1606 3636 1725 3669 vero
1755 3619 2031 3670 universam

187 3762 224 3801 2.
257 3755 303 3808 ὅς
331 3775 407 3802 που
437 3763 525 3801 edit.
553 3764 683 3802 Petav.
718 3764 845 3802 Colon.
873 3764 988 3810 repet.
1168 3756 1208 3800 4.
1235 3757 1310 3812 τὴν
1337 3772 1410 3800 om.
1438 3763 1478 3800 in
1503 3762 1591 3799 edit.
1618 3762 1738 3800 Ρειαυ
1770 3763 1897 3802 Colon.
1917 3765 2031 3810 repet.

188 3816 226 3856 3.
256 3829 302 3858 τε
329 3819 439 3858 codd.
469 3819 565 3858 mss.¹
586 3822 751 3868 uterque.
811 3815 857 3859 δὲ
887 3819 988 3857 edili.
1170 3817 1206 3855 ἓ.
1240 3813 1279 3857 ἐν
1308 3829 1378 3856 om.
1413 3819 1452 3857 in
1484 3819 1571 3856 edit.
1600 3819 1731 3857 Petav.
1763 3819 1889 3859 Colon.
1916 3821 2031 3868 repet·
