<?xml version="1.0" encoding="UTF-8"?>
<!DOCTYPE html PUBLIC "-//W3C//DTD XHTML 1.0 Transitional//EN"
    "http://www.w3.org/TR/xhtml1/DTD/xhtml1-transitional.dtd">
<html xmlns="http://www.w3.org/1999/xhtml" xml:lang="en" lang="en">
 <head>
  <title>
</title>
<meta http-equiv="Content-Type" content="text/html;charset=utf-8" />
  <meta name='ocr-system' content='tesseract 3.04.00' />
  <meta name='ocr-capabilities' content='ocr_page ocr_carea ocr_par ocr_line ocrx_word'/>
</head>
<body>
  <div class='ocr_page' id='page_1' title='image "./pt3corporishaere02epipuoft_0257.png"; bbox 0 0 2508 4134; ppageno 0'>
   <div class='ocr_carea' id='block_1_1' title="bbox 515 287 2022 343">
    <p class='ocr_par' dir='ltr' id='par_1_1' title="bbox 515 287 2022 343">
     <span class='ocr_line' id='line_1_1' title="bbox 515 287 2022 343; baseline -0.004 0"><span class='ocrx_word' id='word_1_1' title='bbox 515 300 740 343; x_wconf 70' lang='lat' dir='ltr'>PANAnn</span> <span class='ocrx_word' id='word_1_2' title='bbox 773 301 877 341; x_wconf 77' lang='lat' dir='ltr'>me.</span> <span class='ocrx_word' id='word_1_3' title='bbox 900 302 973 341; x_wconf 80' lang='lat'>111.</span> <span class='ocrx_word' id='word_1_4' title='bbox 1004 301 1139 342; x_wconf 88' lang='lat' dir='ltr'>TOM.</span> <span class='ocrx_word' id='word_1_5' title='bbox 1166 303 1198 341; x_wconf 87' lang='lat'>1.</span> <span class='ocrx_word' id='word_1_6' title='bbox 1229 300 1396 341; x_wconf 79' lang='lat' dir='ltr'>HAER.</span> <span class='ocrx_word' id='word_1_7' title='bbox 1423 300 1624 340; x_wconf 82' lang='lat' dir='ltr'>Lxxvr.</span> <span class='ocrx_word' id='word_1_8' title='bbox 1921 287 2022 338; x_wconf 85' lang='lat'>247</span> 
     </span>
    </p>
   </div>
   <div class='ocr_carea' id='block_1_2' title="bbox 120 392 2025 885">
    <p class='ocr_par' dir='ltr' id='par_1_2' title="bbox 120 392 2025 885">
     <span class='ocr_line' id='line_1_2' title="bbox 125 392 2023 468; baseline -0.003 -17"><span class='ocrx_word' id='word_1_9' title='bbox 125 401 250 452; x_wconf 82' lang='lat' dir='ltr'>facta</span> <span class='ocrx_word' id='word_1_10' title='bbox 289 407 431 462; x_wconf 88' lang='lat' dir='ltr'>sunt,</span> <span class='ocrx_word' id='word_1_11' title='bbox 489 406 537 449; x_wconf 91' lang='lat' dir='ltr'>et</span> <span class='ocrx_word' id='word_1_12' title='bbox 571 407 802 468; x_wconf 86' lang='lat' dir='ltr'>perpetuo</span> <span class='ocrx_word' id='word_1_13' title='bbox 838 398 983 460; x_wconf 83' lang='lat' dir='ltr'>liunt,</span> <span class='ocrx_word' id='word_1_14' title='bbox 1042 407 1234 448; x_wconf 86' lang='lat' dir='ltr'>creator</span> <span class='ocrx_word' id='word_1_15' title='bbox 1270 407 1346 448; x_wconf 88' lang='lat' dir='ltr'>est</span> <span class='ocrx_word' id='word_1_16' title='bbox 1378 415 1434 448; x_wconf 90' lang='lat' dir='ltr'>ac</span> <span class='ocrx_word' id='word_1_17' title='bbox 1463 397 1702 448; x_wconf 90' lang='lat' dir='ltr'>conditor.</span> <span class='ocrx_word' id='word_1_18' title='bbox 1780 392 2023 463; x_wconf 75' lang='lat' dir='ltr'><strong>Quocirca</strong></span> 
     </span>
     <span class='ocr_line' id='line_1_3' title="bbox 123 479 2024 550; baseline -0.003 -16"><span class='ocrx_word' id='word_1_19' title='bbox 123 499 278 550; x_wconf 89' lang='lat' dir='ltr'>neque</span> <span class='ocrx_word' id='word_1_20' title='bbox 316 482 477 550; x_wconf 88' lang='lat' dir='ltr'>plures</span> <span class='ocrx_word' id='word_1_21' title='bbox 507 483 661 533; x_wconf 85' lang='lat' dir='ltr'>adbuc</span> <span class='ocrx_word' id='word_1_22' title='bbox 699 490 995 548; x_wconf 75' lang='lat' dir='ltr'><strong>generantur</strong></span> <span class='ocrx_word' id='word_1_23' title='bbox 1034 480 1143 542; x_wconf 85' lang='lat' dir='ltr'>filii,</span> <span class='ocrx_word' id='word_1_24' title='bbox 1202 498 1356 548; x_wconf 87' lang='lat' dir='ltr'>neque</span> <span class='ocrx_word' id='word_1_25' title='bbox 1399 482 1557 550; x_wconf 90' lang='lat' dir='ltr'>plures</span> <span class='ocrx_word' id='word_1_26' title='bbox 1586 480 1642 530; x_wconf 92' lang='lat' dir='ltr'>ab</span> <span class='ocrx_word' id='word_1_27' title='bbox 1674 498 1731 530; x_wconf 90' lang='lat' dir='ltr'>eo</span> <span class='ocrx_word' id='word_1_28' title='bbox 1760 479 2024 547; x_wconf 87' lang='lat' dir='ltr'>procedunt</span> 
     </span>
     <span class='ocr_line' id='line_1_4' title="bbox 120 563 2019 636; baseline -0.003 -18"><span class='ocrx_word' id='word_1_29' title='bbox 120 567 334 636; x_wconf 83' lang='lat' dir='ltr'>spirituS.</span> <span class='ocrx_word' id='word_1_30' title='bbox 411 563 509 617; x_wconf 88' lang='lat' dir='ltr'>Sed</span> <span class='ocrx_word' id='word_1_31' title='bbox 541 564 767 618; x_wconf 86' lang='lat' dir='ltr'>divinitas</span> <span class='ocrx_word' id='word_1_32' title='bbox 791 566 894 634; x_wconf 89' lang='lat' dir='ltr'>ipsa</span> <span class='ocrx_word' id='word_1_33' title='bbox 919 565 966 615; x_wconf 92' lang='lat' dir='ltr'>in</span> <span class='ocrx_word' id='word_1_34' title='bbox 994 565 1207 615; x_wconf 85' lang='lat' dir='ltr'>trinitate</span> <span class='ocrx_word' id='word_1_35' title='bbox 1241 574 1430 624; x_wconf 86' lang='lat' dir='ltr'>manet,</span> <span class='ocrx_word' id='word_1_36' title='bbox 1473 582 1528 615; x_wconf 90' lang='lat' dir='ltr'>ac</span> <span class='ocrx_word' id='word_1_37' title='bbox 1557 564 1886 632; x_wconf 84' lang='lat' dir='ltr'>praedicatur,</span> <span class='ocrx_word' id='word_1_38' title='bbox 1929 579 2019 614; x_wconf 89' lang='lat' dir='ltr'>nec</span> 
     </span>
     <span class='ocr_line' id='line_1_5' title="bbox 121 646 2025 716; baseline -0.002 -15"><span class='ocrx_word' id='word_1_39' title='bbox 121 650 178 701; x_wconf 88' lang='lat' dir='ltr'>ad</span> <span class='ocrx_word' id='word_1_40' title='bbox 210 667 311 701; x_wconf 88' lang='lat' dir='ltr'>eam</span> <span class='ocrx_word' id='word_1_41' title='bbox 344 649 436 701; x_wconf 90' lang='lat' dir='ltr'>ulla</span> <span class='ocrx_word' id='word_1_42' title='bbox 468 650 518 700; x_wconf 79' lang='lat' dir='ltr'>fit</span> <span class='ocrx_word' id='word_1_43' title='bbox 544 650 791 712; x_wconf 89' lang='lat' dir='ltr'>accessio,</span> <span class='ocrx_word' id='word_1_44' title='bbox 849 665 1003 716; x_wconf 87' lang='lat' dir='ltr'>neque</span> <span class='ocrx_word' id='word_1_45' title='bbox 1045 647 1220 700; x_wconf 84' lang='lat' dir='ltr'>desinit</span> <span class='ocrx_word' id='word_1_46' title='bbox 1258 665 1496 715; x_wconf 86' lang='lat' dir='ltr'>uuquam,</span> <span class='ocrx_word' id='word_1_47' title='bbox 1551 665 1707 716; x_wconf 89' lang='lat' dir='ltr'>neque</span> <span class='ocrx_word' id='word_1_48' title='bbox 1744 646 1878 716; x_wconf 86' lang='lat' dir='ltr'>quasi</span> <span class='ocrx_word' id='word_1_49' title='bbox 1911 663 2025 698; x_wconf 92' lang='lat' dir='ltr'>nus·</span> 
     </span>
     <span class='ocr_line' id='line_1_6' title="bbox 120 731 2022 803; baseline -0.002 -19"><span class='ocrx_word' id='word_1_50' title='bbox 120 751 259 803; x_wconf 88' lang='lat' dir='ltr'>quam</span> <span class='ocrx_word' id='word_1_51' title='bbox 289 733 352 787; x_wconf 88' lang='lat' dir='ltr'>sit</span> <span class='ocrx_word' id='word_1_52' title='bbox 383 734 674 785; x_wconf 65' lang='lat' dir='ltr'>destituitur.</span> <span class='ocrx_word' id='word_1_53' title='bbox 750 731 890 786; x_wconf 89' lang='lat' dir='ltr'>Unde</span> <span class='ocrx_word' id='word_1_54' title='bbox 934 750 1027 784; x_wconf 94' lang='lat' dir='ltr'>non</span> <span class='ocrx_word' id='word_1_55' title='bbox 1062 732 1111 783; x_wconf 90' lang='lat' dir='ltr'>in</span> <span class='ocrx_word' id='word_1_56' title='bbox 1143 731 1463 801; x_wconf 77' lang='lat' dir='ltr'><strong>appellatione</strong></span> <span class='ocrx_word' id='word_1_57' title='bbox 1508 731 1610 781; x_wconf 90' lang='lat' dir='ltr'>sola</span> <span class='ocrx_word' id='word_1_58' title='bbox 1642 732 1746 782; x_wconf 88' lang='lat' dir='ltr'>eius</span> <span class='ocrx_word' id='word_1_59' title='bbox 1783 731 1907 799; x_wconf 90' lang='lat' dir='ltr'>quod</span> <span class='ocrx_word' id='word_1_60' title='bbox 1938 746 2022 799; x_wconf 90' lang='lat' dir='ltr'>ge-</span> 
     </span>
     <span class='ocr_line' id='line_1_7' title="bbox 120 814 2023 885; baseline -0.003 -16"><span class='ocrx_word' id='word_1_61' title='bbox 120 818 268 869; x_wconf 86' lang='lat' dir='ltr'>nitum</span> <span class='ocrx_word' id='word_1_62' title='bbox 319 826 395 869; x_wconf 89' lang='lat' dir='ltr'>est</span> <span class='ocrx_word' id='word_1_63' title='bbox 445 816 654 885; x_wconf 73' lang='lat' dir='ltr'>dignitas</span> <span class='ocrx_word' id='word_1_64' title='bbox 705 816 947 868; x_wconf 75' lang='lat' dir='ltr'>consistit.</span> <span class='ocrx_word' id='word_1_65' title='bbox 1037 815 1232 883; x_wconf 82' lang='lat' dir='ltr'>Alioqui</span> <span class='ocrx_word' id='word_1_66' title='bbox 1275 814 1647 884; x_wconf 87' lang='lat' dir='ltr'>quamplurimos</span> <span class='ocrx_word' id='word_1_67' title='bbox 1686 823 1793 883; x_wconf 87' lang='lat' dir='ltr'>post</span> <span class='ocrx_word' id='word_1_68' title='bbox 1832 831 1886 865; x_wconf 91' lang='lat' dir='ltr'>se</span> <span class='ocrx_word' id='word_1_69' title='bbox 1926 815 2023 864; x_wconf 86' lang='lat' dir='ltr'>fra·</span> 
     </span>
    </p>
   </div>
   <div class='ocr_carea' id='block_1_3' title="bbox 120 899 2274 997">
    <p class='ocr_par' dir='ltr' id='par_1_3' title="bbox 120 899 2274 997">
     <span class='ocr_line' id='line_1_8' title="bbox 120 899 2261 987; baseline -0.004 -35"><span class='ocrx_word' id='word_1_70' title='bbox 120 910 247 966; x_wconf 91' lang='lat' dir='ltr'>tres,</span> <span class='ocrx_word' id='word_1_71' title='bbox 304 920 361 953; x_wconf 91' lang='lat' dir='ltr'>ac</span> <span class='ocrx_word' id='word_1_72' title='bbox 389 901 463 952; x_wconf 87' lang='lat' dir='ltr'>sui</span> <span class='ocrx_word' id='word_1_73' title='bbox 491 901 674 952; x_wconf 83' lang='lat' dir='ltr'>similes</span> <span class='ocrx_word' id='word_1_74' title='bbox 709 900 937 963; x_wconf 87' lang='lat' dir='ltr'>haberet,</span> <span class='ocrx_word' id='word_1_75' title='bbox 995 908 1046 951; x_wconf 91' lang='lat' dir='ltr'>ut</span> <span class='ocrx_word' id='word_1_76' title='bbox 1077 917 1141 951; x_wconf 90' lang='lat' dir='ltr'>ex</span> <span class='ocrx_word' id='word_1_77' title='bbox 1168 899 1250 950; x_wconf 91' lang='lat' dir='ltr'>illo</span> <span class='ocrx_word' id='word_1_78' title='bbox 1277 899 1384 949; x_wconf 90' lang='lat' dir='ltr'>loco</span> <span class='ocrx_word' id='word_1_79' title='bbox 1409 906 1629 949; x_wconf 82' lang='lat' dir='ltr'>constat:</span> <span class='ocrx_word' id='word_1_80' title='bbox 1681 901 1826 948; x_wconf 74' lang='lat' dir='ltr'>Filios</span> <span class='ocrx_word' id='word_1_81' title='bbox 1851 902 2013 963; x_wconf 78' lang='lat' dir='ltr'>genui,</span> <span class='ocrx_word' id='word_1_82' title='bbox 2041 910 2199 987; x_wconf 51' lang='lat' dir='ltr'>ffiatag,</span> <span class='ocrx_word' id='word_1_83' title='bbox 2219 910 2261 987; x_wconf 46' lang='lat' dir='ltr'>{b</span> 
     </span>
     <span class='ocr_line' id='line_1_9' title="bbox 2111 978 2274 997; baseline -0.006 -7"><span class='ocrx_word' id='word_1_84' title='bbox 2111 979 2119 987; x_wconf 94' lang='lat'>.</span> <span class='ocrx_word' id='word_1_85' title='bbox 2186 979 2196 997; x_wconf 94' lang='lat'><strong>‚</strong></span> <span class='ocrx_word' id='word_1_86' title='bbox 2264 978 2274 989; x_wconf 90' lang='lat'>.</span> 
     </span>
    </p>
   </div>
   <div class='ocr_carea' id='block_1_4' title="bbox 35 982 2253 1052">
    <p class='ocr_par' dir='ltr' id='par_1_4' title="bbox 35 982 2253 1052">
     <span class='ocr_line' id='line_1_10' title="bbox 35 982 2253 1052; baseline -0.004 -15"><span class='ocrx_word' id='word_1_87' title='bbox 35 1001 38 1004; x_wconf 59' lang='lat'><strong>⁴</strong></span> <span class='ocrx_word' id='word_1_88' title='bbox 116 996 166 1038; x_wconf 79' lang='lat' dir='ltr'>et</span> <span class='ocrx_word' id='word_1_89' title='bbox 188 989 420 1046; x_wconf 74' lang='lat' dir='ltr'>exaltavae&#39;5</span> <span class='ocrx_word' id='word_1_90' title='bbox 461 985 601 1036; x_wconf 88' lang='lat' dir='ltr'>item:</span> <span class='ocrx_word' id='word_1_91' title='bbox 645 988 739 1052; x_wconf 79' lang='lat' dir='ltr'>Qui</span> <span class='ocrx_word' id='word_1_92' title='bbox 756 988 925 1050; x_wconf 79' lang='lat' dir='ltr'>genuit</span> <span class='ocrx_word' id='word_1_93' title='bbox 946 986 1101 1033; x_wconf 77' lang='lat' dir='ltr'>stillas</span> <span class='ocrx_word' id='word_1_94' title='bbox 1128 987 1282 1044; x_wconf 75' lang='lat' dir='ltr'>roris,-</span> <span class='ocrx_word' id='word_1_95' title='bbox 1326 992 1422 1033; x_wconf 90' lang='lat' dir='ltr'>tum</span> <span class='ocrx_word' id='word_1_96' title='bbox 1451 982 1595 1032; x_wconf 83' lang='lat' dir='ltr'>illud:</span> <span class='ocrx_word' id='word_1_97' title='bbox 1652 985 1732 1031; x_wconf 73' lang='lat' dir='ltr'>Ex</span> <span class='ocrx_word' id='word_1_98' title='bbox 1759 1000 1847 1048; x_wconf 83' lang='lat' dir='ltr'>quo</span> <span class='ocrx_word' id='word_1_99' title='bbox 1875 986 2020 1032; x_wconf 78' lang='lat' dir='ltr'>omnis</span> <span class='ocrx_word' id='word_1_100' title='bbox 2043 995 2253 1041; x_wconf 81' lang='lat' dir='ltr'>Eph.3,15.</span> 
     </span>
    </p>
   </div>
   <div class='ocr_carea' id='block_1_5' title="bbox 111 1067 2274 3577">
    <p class='ocr_par' dir='ltr' id='par_1_5' title="bbox 111 1067 2274 1304">
     <span class='ocr_line' id='line_1_11' title="bbox 111 1067 2222 1155; baseline -0.003 -34"><span class='ocrx_word' id='word_1_101' title='bbox 111 1074 372 1136; x_wconf 79' lang='lat' dir='ltr'>paternitas</span> <span class='ocrx_word' id='word_1_102' title='bbox 400 1074 447 1120; x_wconf 79' lang='lat' dir='ltr'>in</span> <span class='ocrx_word' id='word_1_103' title='bbox 473 1073 600 1120; x_wconf 80' lang='lat' dir='ltr'>coelo</span> <span class='ocrx_word' id='word_1_104' title='bbox 617 1108 632 1130; x_wconf 90' lang='lat'>‚</span> <span class='ocrx_word' id='word_1_105' title='bbox 674 1078 722 1119; x_wconf 82' lang='lat' dir='ltr'>et</span> <span class='ocrx_word' id='word_1_106' title='bbox 744 1073 791 1119; x_wconf 77' lang='lat' dir='ltr'>in</span> <span class='ocrx_word' id='word_1_107' title='bbox 817 1079 944 1118; x_wconf 72' lang='lat' dir='ltr'>terra</span> <span class='ocrx_word' id='word_1_108' title='bbox 972 1072 1268 1129; x_wconf 74' lang='lat' dir='ltr'>nominatur,-</span> <span class='ocrx_word' id='word_1_109' title='bbox 1310 1067 1510 1118; x_wconf 85' lang='lat' dir='ltr'>deinde:</span> <span class='ocrx_word' id='word_1_110' title='bbox 1550 1069 1716 1116; x_wconf 82' lang='lat' dir='ltr'>Nonne</span> <span class='ocrx_word' id='word_1_111' title='bbox 1741 1084 1860 1115; x_wconf 81' lang='lat' dir='ltr'>unus</span> <span class='ocrx_word' id='word_1_112' title='bbox 1882 1076 2021 1131; x_wconf 74' lang='lat' dir='ltr'>patet·</span> <span class='ocrx_word' id='word_1_113' title='bbox 2081 1078 2222 1155; x_wconf 33' lang='lat' dir='ltr'>maath.</span> 
     </span>
     <span class='ocr_line' id='line_1_12' title="bbox 116 1143 2274 1215; baseline -0.003 -11"><span class='ocrx_word' id='word_1_114' title='bbox 116 1164 188 1205; x_wconf 80' lang='lat' dir='ltr'>est</span> <span class='ocrx_word' id='word_1_115' title='bbox 228 1157 427 1204; x_wconf 78' lang='lat' dir='ltr'>omnium</span> <span class='ocrx_word' id='word_1_116' title='bbox 471 1158 707 1204; x_wconf 81' lang='lat' dir='ltr'>vestrum?</span> <span class='ocrx_word' id='word_1_117' title='bbox 759 1153 897 1203; x_wconf 86' lang='lat' dir='ltr'>item:</span> <span class='ocrx_word' id='word_1_118' title='bbox 954 1155 1106 1202; x_wconf 73' lang='lat' dir='ltr'>Filius</span> <span class='ocrx_word' id='word_1_119' title='bbox 1147 1170 1273 1202; x_wconf 80' lang='lat' dir='ltr'>meus</span> <span class='ocrx_word' id='word_1_120' title='bbox 1314 1152 1482 1212; x_wconf 82' lang='lat' dir='ltr'>Iacob,·</span> <span class='ocrx_word' id='word_1_121' title='bbox 1546 1158 1623 1201; x_wconf 87' lang='lat' dir='ltr'>et:</span> <span class='ocrx_word' id='word_1_122' title='bbox 1678 1153 2020 1215; x_wconf 75' lang='lat' dir='ltr'>Pre&#39;mogem&#39;tus</span> <span class='ocrx_word' id='word_1_123' title='bbox 2037 1143 2196 1208; x_wconf 51' lang='lat' dir='ltr'>Exddst&#39;,</span> <span class='ocrx_word' id='word_1_124' title='bbox 2219 1162 2274 1198; x_wconf 74' lang='lat'>22.</span> 
     </span>
     <span class='ocr_line' id='line_1_13' title="bbox 116 1233 2019 1304; baseline -0.002 -17"><span class='ocrx_word' id='word_1_125' title='bbox 116 1256 242 1301; x_wconf 79' lang='lat' dir='ltr'>meus</span> <span class='ocrx_word' id='word_1_126' title='bbox 277 1241 446 1289; x_wconf 75' lang='lat' dir='ltr'>Israe&#39;l.</span> <span class='ocrx_word' id='word_1_127' title='bbox 522 1236 650 1289; x_wconf 84' lang='lat' dir='ltr'>Nam</span> <span class='ocrx_word' id='word_1_128' title='bbox 678 1236 759 1288; x_wconf 87' lang='lat' dir='ltr'>isti</span> <span class='ocrx_word' id='word_1_129' title='bbox 790 1253 958 1288; x_wconf 91' lang='lat' dir='ltr'>omues</span> <span class='ocrx_word' id='word_1_130' title='bbox 1000 1236 1359 1287; x_wconf 87' lang='lat' dir='ltr'>accommodata</span> <span class='ocrx_word' id='word_1_131' title='bbox 1402 1252 1488 1304; x_wconf 88' lang='lat' dir='ltr'>per</span> <span class='ocrx_word' id='word_1_132' title='bbox 1528 1242 1716 1302; x_wconf 81' lang='lat' dir='ltr'>tropum</span> <span class='ocrx_word' id='word_1_133' title='bbox 1761 1233 1839 1284; x_wconf 86' lang='lat' dir='ltr'>filii</span> <span class='ocrx_word' id='word_1_134' title='bbox 1879 1250 2019 1295; x_wconf 81' lang='lat' dir='ltr'>voce,</span> 
     </span>
    </p>

    <p class='ocr_par' dir='ltr' id='par_1_6' title="bbox 116 1315 2024 1475">
     <span class='ocr_line' id='line_1_14' title="bbox 117 1315 2024 1389; baseline -0.004 -15"><span class='ocrx_word' id='word_1_135' title='bbox 117 1339 223 1374; x_wconf 87' lang='lat' dir='ltr'>cum</span> <span class='ocrx_word' id='word_1_136' title='bbox 256 1323 465 1374; x_wconf 88' lang='lat' dir='ltr'>nondum</span> <span class='ocrx_word' id='word_1_137' title='bbox 501 1331 694 1385; x_wconf 88' lang='lat' dir='ltr'>essent,</span> <span class='ocrx_word' id='word_1_138' title='bbox 748 1338 835 1384; x_wconf 89' lang='lat' dir='ltr'>eo,</span> <span class='ocrx_word' id='word_1_139' title='bbox 890 1329 938 1372; x_wconf 92' lang='lat' dir='ltr'>ut</span> <span class='ocrx_word' id='word_1_140' title='bbox 968 1329 1163 1383; x_wconf 88' lang='lat' dir='ltr'>essent,</span> <span class='ocrx_word' id='word_1_141' title='bbox 1215 1318 1459 1389; x_wconf 75' lang='lat' dir='ltr'>progressi</span> <span class='ocrx_word' id='word_1_142' title='bbox 1491 1326 1622 1369; x_wconf 86' lang='lat' dir='ltr'>sunt.</span> <span class='ocrx_word' id='word_1_143' title='bbox 1701 1315 1911 1386; x_wconf 87' lang='lat' dir='ltr'>ldeoque</span> <span class='ocrx_word' id='word_1_144' title='bbox 1941 1334 2024 1367; x_wconf 84' lang='lat' dir='ltr'>nc-</span> 
     </span>
     <span class='ocr_line' id='line_1_15' title="bbox 116 1402 2019 1475; baseline -0.004 -18"><span class='ocrx_word' id='word_1_145' title='bbox 116 1424 347 1475; x_wconf 88' lang='lat' dir='ltr'>quaquam</span> <span class='ocrx_word' id='word_1_146' title='bbox 376 1424 495 1458; x_wconf 87' lang='lat' dir='ltr'>vera</span> <span class='ocrx_word' id='word_1_147' title='bbox 535 1424 591 1457; x_wconf 89' lang='lat' dir='ltr'>ac</span> <span class='ocrx_word' id='word_1_148' title='bbox 622 1405 772 1457; x_wconf 86' lang='lat' dir='ltr'>solida</span> <span class='ocrx_word' id='word_1_149' title='bbox 817 1405 1079 1456; x_wconf 85' lang='lat' dir='ltr'>secundum</span> <span class='ocrx_word' id='word_1_150' title='bbox 1122 1413 1337 1455; x_wconf 84' lang='lat' dir='ltr'>naturam</span> <span class='ocrx_word' id='word_1_151' title='bbox 1379 1402 1698 1472; x_wconf 76' lang='lat' dir='ltr'>appellatione</span> <span class='ocrx_word' id='word_1_152' title='bbox 1739 1409 2019 1464; x_wconf 81' lang='lat' dir='ltr'>censentur,</span> 
     </span>
    </p>

    <p class='ocr_par' dir='ltr' id='par_1_7' title="bbox 115 1482 2022 1560">
     <span class='ocr_line' id='line_1_16' title="bbox 115 1482 2022 1560; baseline -0.005 -17"><span class='ocrx_word' id='word_1_153' title='bbox 115 1491 198 1543; x_wconf 85' lang='lat' dir='ltr'>sed</span> <span class='ocrx_word' id='word_1_154' title='bbox 224 1489 382 1542; x_wconf 89' lang='lat' dir='ltr'>minus</span> <span class='ocrx_word' id='word_1_155' title='bbox 408 1491 618 1560; x_wconf 86' lang='lat' dir='ltr'>proprie,</span> <span class='ocrx_word' id='word_1_156' title='bbox 661 1507 717 1541; x_wconf 89' lang='lat' dir='ltr'>ac</span> <span class='ocrx_word' id='word_1_157' title='bbox 744 1485 931 1557; x_wconf 85' lang='lat' dir='ltr'>gratiae</span> <span class='ocrx_word' id='word_1_158' title='bbox 959 1489 1280 1556; x_wconf 75' lang='lat' dir='ltr'>beneficiique</span> <span class='ocrx_word' id='word_1_159' title='bbox 1308 1488 1414 1538; x_wconf 83' lang='lat' dir='ltr'>loco</span> <span class='ocrx_word' id='word_1_160' title='bbox 1440 1488 1482 1538; x_wconf 89' lang='lat' dir='ltr'>id</span> <span class='ocrx_word' id='word_1_161' title='bbox 1508 1486 1602 1537; x_wconf 91' lang='lat' dir='ltr'>illis</span> <span class='ocrx_word' id='word_1_162' title='bbox 1631 1485 1874 1537; x_wconf 88' lang='lat' dir='ltr'>tribuitur.</span> <span class='ocrx_word' id='word_1_163' title='bbox 1954 1482 2022 1535; x_wconf 87' lang='lat' dir='ltr'>lta</span> 
     </span>
    </p>

    <p class='ocr_par' dir='ltr' id='par_1_8' title="bbox 117 1569 2021 1643">
     <span class='ocr_line' id='line_1_17' title="bbox 117 1569 2021 1643; baseline -0.003 -17"><span class='ocrx_word' id='word_1_164' title='bbox 117 1583 279 1626; x_wconf 89' lang='lat' dir='ltr'>tamen</span> <span class='ocrx_word' id='word_1_165' title='bbox 313 1582 363 1624; x_wconf 88' lang='lat' dir='ltr'>ut</span> <span class='ocrx_word' id='word_1_166' title='bbox 389 1583 583 1643; x_wconf 87' lang='lat' dir='ltr'>praeter</span> <span class='ocrx_word' id='word_1_167' title='bbox 609 1574 975 1643; x_wconf 81' lang='lat' dir='ltr'>appellationem</span> <span class='ocrx_word' id='word_1_168' title='bbox 1013 1573 1158 1642; x_wconf 87' lang='lat' dir='ltr'>ipsam</span> <span class='ocrx_word' id='word_1_169' title='bbox 1198 1572 1311 1623; x_wconf 90' lang='lat' dir='ltr'>insit</span> <span class='ocrx_word' id='word_1_170' title='bbox 1337 1571 1545 1640; x_wconf 81' lang='lat' dir='ltr'>aliquid3</span> <span class='ocrx_word' id='word_1_171' title='bbox 1601 1579 1853 1640; x_wconf 83' lang='lat' dir='ltr'>propterea</span> <span class='ocrx_word' id='word_1_172' title='bbox 1896 1569 2021 1637; x_wconf 88' lang='lat' dir='ltr'>quod</span> 
     </span>
    </p>

    <p class='ocr_par' dir='ltr' id='par_1_9' title="bbox 113 1654 2022 1726">
     <span class='ocr_line' id='line_1_18' title="bbox 113 1654 2022 1726; baseline -0.003 -17"><span class='ocrx_word' id='word_1_173' title='bbox 113 1659 171 1709; x_wconf 89' lang='lat' dir='ltr'>ab</span> <span class='ocrx_word' id='word_1_174' title='bbox 203 1675 298 1709; x_wconf 91' lang='lat' dir='ltr'>uno</span> <span class='ocrx_word' id='word_1_175' title='bbox 326 1667 373 1708; x_wconf 93' lang='lat' dir='ltr'>et</span> <span class='ocrx_word' id='word_1_176' title='bbox 403 1675 488 1726; x_wconf 89' lang='lat' dir='ltr'>per</span> <span class='ocrx_word' id='word_1_177' title='bbox 516 1676 660 1709; x_wconf 93' lang='lat' dir='ltr'>unum</span> <span class='ocrx_word' id='word_1_178' title='bbox 688 1674 860 1708; x_wconf 90' lang='lat' dir='ltr'>revera</span> <span class='ocrx_word' id='word_1_179' title='bbox 890 1666 1141 1726; x_wconf 86' lang='lat' dir='ltr'>procreata</span> <span class='ocrx_word' id='word_1_180' title='bbox 1166 1666 1304 1719; x_wconf 87' lang='lat' dir='ltr'>sunt,</span> <span class='ocrx_word' id='word_1_181' title='bbox 1346 1674 1434 1706; x_wconf 89' lang='lat' dir='ltr'>nec</span> <span class='ocrx_word' id='word_1_182' title='bbox 1461 1673 1556 1706; x_wconf 92' lang='lat' dir='ltr'>uon</span> <span class='ocrx_word' id='word_1_183' title='bbox 1585 1664 1632 1705; x_wconf 87' lang='lat' dir='ltr'>ct</span> <span class='ocrx_word' id='word_1_184' title='bbox 1657 1672 1683 1705; x_wconf 92' lang='lat' dir='ltr'>a</span> <span class='ocrx_word' id='word_1_185' title='bbox 1709 1654 1879 1724; x_wconf 90' lang='lat' dir='ltr'>spiritu</span> <span class='ocrx_word' id='word_1_186' title='bbox 1907 1671 2022 1715; x_wconf 87' lang='lat' dir='ltr'>sau·</span> 
     </span>
    </p>

    <p class='ocr_par' dir='ltr' id='par_1_10' title="bbox 116 1728 2030 1812">
     <span class='ocr_line' id='line_1_19' title="bbox 116 1728 2030 1812; baseline -0.003 -18"><span class='ocrx_word' id='word_1_187' title='bbox 116 1751 225 1806; x_wconf 84' lang='lat' dir='ltr'>cte,</span> <span class='ocrx_word' id='word_1_188' title='bbox 267 1742 344 1810; x_wconf 91' lang='lat' dir='ltr'>qui</span> <span class='ocrx_word' id='word_1_189' title='bbox 385 1743 444 1793; x_wconf 76' lang='lat' dir='ltr'>al»</span> <span class='ocrx_word' id='word_1_190' title='bbox 482 1742 586 1811; x_wconf 88' lang='lat' dir='ltr'>ipso</span> <span class='ocrx_word' id='word_1_191' title='bbox 624 1740 870 1812; x_wconf 83' lang='lat' dir='ltr'>procedit,</span> <span class='ocrx_word' id='word_1_192' title='bbox 912 1749 961 1791; x_wconf 91' lang='lat' dir='ltr'>et</span> <span class='ocrx_word' id='word_1_193' title='bbox 998 1758 1061 1791; x_wconf 81' lang='lat' dir='ltr'>ex</span> <span class='ocrx_word' id='word_1_194' title='bbox 1098 1741 1202 1809; x_wconf 90' lang='lat' dir='ltr'>ipso</span> <span class='ocrx_word' id='word_1_195' title='bbox 1240 1740 1432 1809; x_wconf 82' lang='lat' dir='ltr'>accipit.</span> <span class='ocrx_word' id='word_1_196' title='bbox 2027 1728 2030 1732; x_wconf 57' lang='grc'><strong>’</strong></span> 
     </span>
    </p>

    <p class='ocr_par' dir='ltr' id='par_1_11' title="bbox 111 1821 2021 2381">
     <span class='ocr_line' id='line_1_20' title="bbox 249 1821 2020 1894; baseline -0.003 -17"><span class='ocrx_word' id='word_1_197' title='bbox 249 1825 379 1877; x_wconf 85' lang='lat' dir='ltr'>Aetii</span> <span class='ocrx_word' id='word_1_198' title='bbox 409 1822 569 1894; x_wconf 82' lang='lat' dir='ltr'>Caput</span> <span class='ocrx_word' id='word_1_199' title='bbox 598 1823 690 1878; x_wconf 84' lang='lat' dir='ltr'>lX.</span> <span class='ocrx_word' id='word_1_200' title='bbox 734 1823 787 1877; x_wconf 91' lang='lat' dir='ltr'>Si</span> <span class='ocrx_word' id='word_1_201' title='bbox 821 1825 866 1875; x_wconf 92' lang='lat' dir='ltr'>in</span> <span class='ocrx_word' id='word_1_202' title='bbox 897 1824 1114 1891; x_wconf 85' lang='lat' dir='ltr'>ingenito</span> <span class='ocrx_word' id='word_1_203' title='bbox 1145 1825 1234 1875; x_wconf 88' lang='lat' dir='ltr'>deo</span> <span class='ocrx_word' id='word_1_204' title='bbox 1265 1825 1456 1892; x_wconf 87' lang='lat' dir='ltr'>genitus</span> <span class='ocrx_word' id='word_1_205' title='bbox 1488 1823 1615 1875; x_wconf 86' lang='lat' dir='ltr'>filius</span> <span class='ocrx_word' id='word_1_206' title='bbox 1656 1822 1788 1875; x_wconf 88' lang='lat' dir='ltr'>velut</span> <span class='ocrx_word' id='word_1_207' title='bbox 1817 1821 2020 1890; x_wconf 90' lang='lat' dir='ltr'>quodam</span> 
     </span>
     <span class='ocr_line' id='line_1_21' title="bbox 113 1906 2021 1977; baseline -0.003 -16"><span class='ocrx_word' id='word_1_208' title='bbox 113 1910 297 1961; x_wconf 90' lang='lat' dir='ltr'>semine</span> <span class='ocrx_word' id='word_1_209' title='bbox 328 1910 694 1972; x_wconf 76' lang='lat' dir='ltr'>continebatur,</span> <span class='ocrx_word' id='word_1_210' title='bbox 747 1909 871 1960; x_wconf 88' lang='lat' dir='ltr'>idem</span> <span class='ocrx_word' id='word_1_211' title='bbox 902 1910 980 1961; x_wconf 88' lang='lat' dir='ltr'>ubi</span> <span class='ocrx_word' id='word_1_212' title='bbox 1014 1908 1207 1977; x_wconf 87' lang='lat' dir='ltr'>genitus</span> <span class='ocrx_word' id='word_1_213' title='bbox 1245 1917 1348 1973; x_wconf 89' lang='lat' dir='ltr'>est,</span> <span class='ocrx_word' id='word_1_214' title='bbox 1402 1907 1708 1958; x_wconf 89' lang='lat' dir='ltr'>extrinsecus</span> <span class='ocrx_word' id='word_1_215' title='bbox 1737 1906 2021 1958; x_wconf 80' lang='lat' dir='ltr'>accessione</span> 
     </span>
     <span class='ocr_line' id='line_1_22' title="bbox 113 1990 2021 2064; baseline -0.002 -19"><span class='ocrx_word' id='word_1_216' title='bbox 113 1995 238 2045; x_wconf 86' lang='lat' dir='ltr'>facta</span> <span class='ocrx_word' id='word_1_217' title='bbox 272 1994 330 2045; x_wconf 92' lang='lat' dir='ltr'>ad</span> <span class='ocrx_word' id='word_1_218' title='bbox 363 1994 579 2058; x_wconf 83' lang='lat' dir='ltr'>virilem,</span> <span class='ocrx_word' id='word_1_219' title='bbox 633 2003 685 2046; x_wconf 92' lang='lat' dir='ltr'>ut</span> <span class='ocrx_word' id='word_1_220' title='bbox 707 1994 772 2046; x_wconf 90' lang='lat' dir='ltr'>ita</span> <span class='ocrx_word' id='word_1_221' title='bbox 798 1994 1036 2056; x_wconf 84' lang='lat' dir='ltr'>dixerim,</span> <span class='ocrx_word' id='word_1_222' title='bbox 1095 2002 1299 2064; x_wconf 86' lang='lat' dir='ltr'>aetatem</span> <span class='ocrx_word' id='word_1_223' title='bbox 1347 1992 1575 2043; x_wconf 85' lang='lat' dir='ltr'>adolevit.</span> <span class='ocrx_word' id='word_1_224' title='bbox 1651 1990 1818 2060; x_wconf 89' lang='lat' dir='ltr'>ltaque</span> <span class='ocrx_word' id='word_1_225' title='bbox 1862 1992 2021 2060; x_wconf 87' lang='lat' dir='ltr'>perfe-</span> 
     </span>
     <span class='ocr_line' id='line_1_23' title="bbox 112 2076 2019 2148; baseline -0.003 -17"><span class='ocrx_word' id='word_1_226' title='bbox 112 2088 217 2132; x_wconf 88' lang='lat' dir='ltr'>ctus</span> <span class='ocrx_word' id='word_1_227' title='bbox 244 2086 320 2129; x_wconf 92' lang='lat' dir='ltr'>est</span> <span class='ocrx_word' id='word_1_228' title='bbox 351 2079 478 2130; x_wconf 92' lang='lat' dir='ltr'>filius</span> <span class='ocrx_word' id='word_1_229' title='bbox 506 2097 600 2131; x_wconf 89' lang='lat' dir='ltr'>non</span> <span class='ocrx_word' id='word_1_230' title='bbox 631 2096 698 2131; x_wconf 85' lang='lat' dir='ltr'>ex</span> <span class='ocrx_word' id='word_1_231' title='bbox 726 2079 828 2148; x_wconf 87' lang='lat' dir='ltr'>ipsa</span> <span class='ocrx_word' id='word_1_232' title='bbox 855 2077 1200 2147; x_wconf 85' lang='lat' dir='ltr'>generatione,</span> <span class='ocrx_word' id='word_1_233' title='bbox 1256 2078 1338 2128; x_wconf 90' lang='lat' dir='ltr'>sed</span> <span class='ocrx_word' id='word_1_234' title='bbox 1373 2095 1438 2128; x_wconf 87' lang='lat' dir='ltr'>ex</span> <span class='ocrx_word' id='word_1_235' title='bbox 1474 2094 1533 2128; x_wconf 90' lang='lat' dir='ltr'>eo</span> <span class='ocrx_word' id='word_1_236' title='bbox 1560 2078 1682 2144; x_wconf 85' lang='lat' dir='ltr'>quod</span> <span class='ocrx_word' id='word_1_237' title='bbox 1712 2076 1778 2127; x_wconf 90' lang='lat' dir='ltr'>illi</span> <span class='ocrx_word' id='word_1_238' title='bbox 1809 2085 2019 2146; x_wconf 85' lang='lat' dir='ltr'>postmo-</span> 
     </span>
     <span class='ocr_line' id='line_1_24' title="bbox 112 2160 2019 2231; baseline -0.002 -17"><span class='ocrx_word' id='word_1_239' title='bbox 112 2163 221 2214; x_wconf 92' lang='lat' dir='ltr'>dum</span> <span class='ocrx_word' id='word_1_240' title='bbox 253 2161 485 2214; x_wconf 86' lang='lat' dir='ltr'>accrevit.</span> <span class='ocrx_word' id='word_1_241' title='bbox 559 2161 686 2215; x_wconf 85' lang='lat' dir='ltr'>Nam</span> <span class='ocrx_word' id='word_1_242' title='bbox 726 2180 848 2231; x_wconf 86' lang='lat' dir='ltr'>quae</span> <span class='ocrx_word' id='word_1_243' title='bbox 897 2171 1128 2229; x_wconf 89' lang='lat' dir='ltr'>cognatas</span> <span class='ocrx_word' id='word_1_244' title='bbox 1167 2179 1245 2212; x_wconf 90' lang='lat' dir='ltr'>res</span> <span class='ocrx_word' id='word_1_245' title='bbox 1286 2162 1343 2212; x_wconf 92' lang='lat' dir='ltr'>ad</span> <span class='ocrx_word' id='word_1_246' title='bbox 1385 2161 1458 2211; x_wconf 89' lang='lat' dir='ltr'>sui</span> <span class='ocrx_word' id='word_1_247' title='bbox 1501 2161 1847 2213; x_wconf 90' lang='lat' dir='ltr'>incrementum</span> <span class='ocrx_word' id='word_1_248' title='bbox 1894 2160 2019 2211; x_wconf 91' lang='lat' dir='ltr'>asci-</span> 
     </span>
     <span class='ocr_line' id='line_1_25' title="bbox 111 2244 2017 2315; baseline -0.002 -17"><span class='ocrx_word' id='word_1_249' title='bbox 111 2255 277 2310; x_wconf 91' lang='lat' dir='ltr'>scunt,</span> <span class='ocrx_word' id='word_1_250' title='bbox 334 2255 557 2315; x_wconf 87' lang='lat' dir='ltr'>tanquam</span> <span class='ocrx_word' id='word_1_251' title='bbox 599 2265 664 2299; x_wconf 85' lang='lat' dir='ltr'>ex</span> <span class='ocrx_word' id='word_1_252' title='bbox 700 2247 794 2299; x_wconf 85' lang='lat' dir='ltr'>illis</span> <span class='ocrx_word' id='word_1_253' title='bbox 833 2247 1136 2310; x_wconf 89' lang='lat' dir='ltr'>constantia,</span> <span class='ocrx_word' id='word_1_254' title='bbox 1193 2247 1386 2297; x_wconf 83' lang='lat' dir='ltr'>diverso</span> <span class='ocrx_word' id='word_1_255' title='bbox 1425 2246 1565 2297; x_wconf 93' lang='lat' dir='ltr'>modo</span> <span class='ocrx_word' id='word_1_256' title='bbox 1604 2244 1803 2315; x_wconf 87' lang='lat' dir='ltr'>perfecti</span> <span class='ocrx_word' id='word_1_257' title='bbox 1842 2261 2017 2297; x_wconf 87' lang='lat' dir='ltr'>nomen</span> 
     </span>
     <span class='ocr_line' id='line_1_26' title="bbox 115 2331 387 2381; baseline 0 0"><span class='ocrx_word' id='word_1_258' title='bbox 115 2331 387 2381; x_wconf 87' lang='lat' dir='ltr'>admittunt.</span> 
     </span>
    </p>

    <p class='ocr_par' dir='ltr' id='par_1_12' title="bbox 113 2410 2022 3577">
     <span class='ocr_line' id='line_1_27' title="bbox 253 2410 2016 2484; baseline -0.001 -20"><span class='ocrx_word' id='word_1_259' title='bbox 253 2410 452 2466; x_wconf 87' lang='lat' dir='ltr'>Confut.</span> <span class='ocrx_word' id='word_1_260' title='bbox 490 2412 584 2466; x_wconf 87' lang='lat' dir='ltr'>lX.</span> <span class='ocrx_word' id='word_1_261' title='bbox 638 2413 680 2468; x_wconf 84' lang='grc' dir='ltr'>Ι.</span> <span class='ocrx_word' id='word_1_262' title='bbox 720 2415 832 2468; x_wconf 91' lang='lat' dir='ltr'>Nisi</span> <span class='ocrx_word' id='word_1_263' title='bbox 861 2414 1079 2484; x_wconf 91' lang='lat' dir='ltr'>corporis</span> <span class='ocrx_word' id='word_1_264' title='bbox 1105 2424 1356 2483; x_wconf 87' lang='lat' dir='ltr'>expertem</span> <span class='ocrx_word' id='word_1_265' title='bbox 1382 2415 1650 2483; x_wconf 92' lang='lat' dir='ltr'>genitorem</span> <span class='ocrx_word' id='word_1_266' title='bbox 1678 2413 2016 2474; x_wconf 79' lang='lat' dir='ltr'>confiteamur,</span> 
     </span>
     <span class='ocr_line' id='line_1_28' title="bbox 113 2496 2021 2569; baseline -0.002 -19"><span class='ocrx_word' id='word_1_267' title='bbox 113 2508 518 2568; x_wconf 89' lang='lat' dir='ltr'>quantascumque</span> <span class='ocrx_word' id='word_1_268' title='bbox 548 2500 683 2551; x_wconf 91' lang='lat' dir='ltr'>voles</span> <span class='ocrx_word' id='word_1_269' title='bbox 713 2500 987 2568; x_wconf 84' lang='lat' dir='ltr'>tragoedias</span> <span class='ocrx_word' id='word_1_270' title='bbox 1022 2499 1255 2569; x_wconf 84' lang='lat' dir='ltr'>excitate.</span> <span class='ocrx_word' id='word_1_271' title='bbox 1334 2497 1522 2566; x_wconf 84' lang='lat' dir='ltr'>Quibus</span> <span class='ocrx_word' id='word_1_272' title='bbox 1565 2499 1803 2550; x_wconf 88' lang='lat' dir='ltr'>neminem</span> <span class='ocrx_word' id='word_1_273' title='bbox 1839 2506 1886 2548; x_wconf 90' lang='lat' dir='ltr'>tu</span> <span class='ocrx_word' id='word_1_274' title='bbox 1918 2496 2021 2565; x_wconf 87' lang='lat' dir='ltr'>qui-</span> 
     </span>
     <span class='ocr_line' id='line_1_29' title="bbox 113 2582 2022 2652; baseline -0.002 -18"><span class='ocrx_word' id='word_1_275' title='bbox 113 2585 219 2634; x_wconf 87' lang='lat' dir='ltr'>dem</span> <span class='ocrx_word' id='word_1_276' title='bbox 244 2591 518 2652; x_wconf 82' lang='lat' dir='ltr'>perterreS,</span> <span class='ocrx_word' id='word_1_277' title='bbox 559 2584 642 2633; x_wconf 91' lang='lat' dir='ltr'>sed</span> <span class='ocrx_word' id='word_1_278' title='bbox 675 2593 881 2634; x_wconf 85' lang='lat' dir='ltr'>mentem</span> <span class='ocrx_word' id='word_1_279' title='bbox 913 2592 1039 2634; x_wconf 88' lang='lat' dir='ltr'>tuam</span> <span class='ocrx_word' id='word_1_280' title='bbox 1071 2601 1097 2634; x_wconf 87' lang='lat' dir='ltr'>a</span> <span class='ocrx_word' id='word_1_281' title='bbox 1126 2600 1273 2635; x_wconf 85' lang='lat' dir='ltr'>verae</span> <span class='ocrx_word' id='word_1_282' title='bbox 1307 2584 1415 2634; x_wconf 87' lang='lat' dir='ltr'>fidei</span> <span class='ocrx_word' id='word_1_283' title='bbox 1441 2583 1744 2652; x_wconf 80' lang='lat' dir='ltr'>professione</span> <span class='ocrx_word' id='word_1_284' title='bbox 1772 2582 2022 2650; x_wconf 84' lang='lat' dir='ltr'>perturba·</span> 
     </span>
     <span class='ocr_line' id='line_1_30' title="bbox 114 2665 2019 2737; baseline -0.002 -19"><span class='ocrx_word' id='word_1_285' title='bbox 114 2667 245 2718; x_wconf 91' lang='lat' dir='ltr'>tione</span> <span class='ocrx_word' id='word_1_286' title='bbox 272 2667 353 2718; x_wconf 89' lang='lat' dir='ltr'>illa</span> <span class='ocrx_word' id='word_1_287' title='bbox 378 2666 564 2717; x_wconf 80' lang='lat' dir='ltr'>deiicis,</span> <span class='ocrx_word' id='word_1_288' title='bbox 635 2665 787 2733; x_wconf 87' lang='lat' dir='ltr'>lgitur</span> <span class='ocrx_word' id='word_1_289' title='bbox 814 2669 1054 2736; x_wconf 87' lang='lat' dir='ltr'>perfectus</span> <span class='ocrx_word' id='word_1_290' title='bbox 1088 2684 1115 2718; x_wconf 94' lang='lat' dir='ltr'>e</span> <span class='ocrx_word' id='word_1_291' title='bbox 1142 2668 1304 2737; x_wconf 88' lang='lat' dir='ltr'>seipso</span> <span class='ocrx_word' id='word_1_292' title='bbox 1335 2669 1452 2719; x_wconf 82' lang='lat' dir='ltr'>(leus</span> <span class='ocrx_word' id='word_1_293' title='bbox 1482 2669 1742 2737; x_wconf 85' lang='lat' dir='ltr'>perfectum</span> <span class='ocrx_word' id='word_1_294' title='bbox 1769 2666 1935 2733; x_wconf 84' lang='lat' dir='ltr'>genuit</span> <span class='ocrx_word' id='word_1_295' title='bbox 1965 2665 2019 2715; x_wconf 88' lang='lat' dir='ltr'>fi-</span> 
     </span>
     <span class='ocr_line' id='line_1_31' title="bbox 113 2749 2015 2819; baseline -0.002 -16"><span class='ocrx_word' id='word_1_296' title='bbox 113 2752 246 2815; x_wconf 90' lang='lat' dir='ltr'>lium,</span> <span class='ocrx_word' id='word_1_297' title='bbox 282 2769 376 2802; x_wconf 91' lang='lat' dir='ltr'>non</span> <span class='ocrx_word' id='word_1_298' title='bbox 403 2751 543 2802; x_wconf 91' lang='lat' dir='ltr'>alium</span> <span class='ocrx_word' id='word_1_299' title='bbox 569 2760 760 2819; x_wconf 90' lang='lat' dir='ltr'>praeter</span> <span class='ocrx_word' id='word_1_300' title='bbox 784 2759 1023 2801; x_wconf 88' lang='lat' dir='ltr'>naturam.</span> <span class='ocrx_word' id='word_1_301' title='bbox 1075 2749 1250 2819; x_wconf 87' lang='lat' dir='ltr'>Neque</span> <span class='ocrx_word' id='word_1_302' title='bbox 1274 2752 1399 2802; x_wconf 90' lang='lat' dir='ltr'>enim</span> <span class='ocrx_word' id='word_1_303' title='bbox 1428 2751 1648 2819; x_wconf 86' lang='lat' dir='ltr'>genitore</span> <span class='ocrx_word' id='word_1_304' title='bbox 1679 2759 1753 2801; x_wconf 88' lang='lat' dir='ltr'>est</span> <span class='ocrx_word' id='word_1_305' title='bbox 1776 2750 2015 2815; x_wconf 71' lang='lat' dir='ltr'>indignus,</span> 
     </span>
     <span class='ocr_line' id='line_1_32' title="bbox 113 2833 2015 2903; baseline -0.004 -15"><span class='ocrx_word' id='word_1_306' title='bbox 113 2853 204 2888; x_wconf 90' lang='lat' dir='ltr'>nec</span> <span class='ocrx_word' id='word_1_307' title='bbox 231 2844 484 2887; x_wconf 86' lang='lat' dir='ltr'>externam</span> <span class='ocrx_word' id='word_1_308' title='bbox 513 2835 651 2886; x_wconf 91' lang='lat' dir='ltr'>ullam</span> <span class='ocrx_word' id='word_1_309' title='bbox 682 2834 1014 2884; x_wconf 88' lang='lat' dir='ltr'>accessionem</span> <span class='ocrx_word' id='word_1_310' title='bbox 1043 2835 1302 2886; x_wconf 86' lang='lat' dir='ltr'>desiderat.</span> <span class='ocrx_word' id='word_1_311' title='bbox 1379 2835 1514 2886; x_wconf 88' lang='lat' dir='ltr'>Nibil</span> <span class='ocrx_word' id='word_1_312' title='bbox 1544 2835 1715 2903; x_wconf 89' lang='lat' dir='ltr'>quippe</span> <span class='ocrx_word' id='word_1_313' title='bbox 1754 2833 2015 2883; x_wconf 79' lang='lat' dir='ltr'>secumlum</span> 
     </span>
     <span class='ocr_line' id='line_1_33' title="bbox 114 2917 2010 2988; baseline -0.004 -17"><span class='ocrx_word' id='word_1_314' title='bbox 114 2920 187 2971; x_wconf 90' lang='lat' dir='ltr'>dei</span> <span class='ocrx_word' id='word_1_315' title='bbox 217 2919 533 2971; x_wconf 90' lang='lat' dir='ltr'>substantiam</span> <span class='ocrx_word' id='word_1_316' title='bbox 561 2917 714 2970; x_wconf 89' lang='lat' dir='ltr'>maius</span> <span class='ocrx_word' id='word_1_317' title='bbox 741 2935 796 2968; x_wconf 86' lang='lat' dir='ltr'>ac</span> <span class='ocrx_word' id='word_1_318' title='bbox 823 2919 1146 2987; x_wconf 87' lang='lat' dir='ltr'>praestantius</span> <span class='ocrx_word' id='word_1_319' title='bbox 1172 2936 1281 2970; x_wconf 90' lang='lat' dir='ltr'>csse</span> <span class='ocrx_word' id='word_1_320' title='bbox 1309 2928 1493 2988; x_wconf 85' lang='lat' dir='ltr'>potest,</span> <span class='ocrx_word' id='word_1_321' title='bbox 1532 2921 1653 2988; x_wconf 89' lang='lat' dir='ltr'>quod</span> <span class='ocrx_word' id='word_1_322' title='bbox 1684 2918 1806 2968; x_wconf 88' lang='lat' dir='ltr'>istud</span> <span class='ocrx_word' id='word_1_323' title='bbox 1838 2917 2010 2983; x_wconf 88' lang='lat' dir='ltr'>ipsum,</span> 
     </span>
     <span class='ocr_line' id='line_1_34' title="bbox 115 3000 2011 3073; baseline -0.003 -20"><span class='ocrx_word' id='word_1_324' title='bbox 115 3005 237 3072; x_wconf 90' lang='lat' dir='ltr'>quod</span> <span class='ocrx_word' id='word_1_325' title='bbox 266 3004 324 3055; x_wconf 91' lang='lat' dir='ltr'>ad</span> <span class='ocrx_word' id='word_1_326' title='bbox 359 3002 701 3073; x_wconf 88' lang='lat' dir='ltr'>perfectionem</span> <span class='ocrx_word' id='word_1_327' title='bbox 732 3002 965 3052; x_wconf 89' lang='lat' dir='ltr'>accedere</span> <span class='ocrx_word' id='word_1_328' title='bbox 998 3002 1195 3065; x_wconf 88' lang='lat' dir='ltr'>dicitur,</span> <span class='ocrx_word' id='word_1_329' title='bbox 1250 3020 1354 3054; x_wconf 88' lang='lat' dir='ltr'>cum</span> <span class='ocrx_word' id='word_1_330' title='bbox 1385 3003 1630 3069; x_wconf 87' lang='lat' dir='ltr'>indigente</span> <span class='ocrx_word' id='word_1_331' title='bbox 1673 3000 2011 3052; x_wconf 87' lang='lat' dir='ltr'>communicet.</span> 
     </span>
     <span class='ocr_line' id='line_1_35' title="bbox 113 3083 2014 3157; baseline -0.003 -18"><span class='ocrx_word' id='word_1_332' title='bbox 113 3087 241 3140; x_wconf 90' lang='lat' dir='ltr'>Nam</span> <span class='ocrx_word' id='word_1_333' title='bbox 271 3087 347 3156; x_wconf 92' lang='lat' dir='ltr'>qui</span> <span class='ocrx_word' id='word_1_334' title='bbox 376 3096 606 3157; x_wconf 86' lang='lat' dir='ltr'>perpetuo</span> <span class='ocrx_word' id='word_1_335' title='bbox 638 3104 815 3155; x_wconf 81' lang='lat' dir='ltr'>expers</span> <span class='ocrx_word' id='word_1_336' title='bbox 844 3086 1066 3154; x_wconf 87' lang='lat' dir='ltr'>corporis</span> <span class='ocrx_word' id='word_1_337' title='bbox 1091 3085 1277 3149; x_wconf 85' lang='lat' dir='ltr'>existit,</span> <span class='ocrx_word' id='word_1_338' title='bbox 1311 3105 1548 3155; x_wconf 85' lang='lat' dir='ltr'>peraeque</span> <span class='ocrx_word' id='word_1_339' title='bbox 1575 3086 1864 3136; x_wconf 84' lang='lat' dir='ltr'>existentem</span> <span class='ocrx_word' id='word_1_340' title='bbox 1894 3083 2014 3152; x_wconf 87' lang='lat' dir='ltr'>apud</span> 
     </span>
     <span class='ocr_line' id='line_1_36' title="bbox 114 3171 2016 3241; baseline -0.003 -18"><span class='ocrx_word' id='word_1_341' title='bbox 114 3172 302 3241; x_wconf 86' lang='lat' dir='ltr'>ipsum,</span> <span class='ocrx_word' id='word_1_342' title='bbox 358 3173 716 3240; x_wconf 82' lang='lat' dir='ltr'>perfectumque</span> <span class='ocrx_word' id='word_1_343' title='bbox 750 3171 989 3239; x_wconf 83' lang='lat' dir='ltr'>perfectus</span> <span class='ocrx_word' id='word_1_344' title='bbox 1026 3171 1223 3236; x_wconf 83' lang='lat' dir='ltr'>genitali</span> <span class='ocrx_word' id='word_1_345' title='bbox 1267 3172 1466 3238; x_wconf 84' lang='lat' dir='ltr'>quadam</span> <span class='ocrx_word' id='word_1_346' title='bbox 1506 3171 1551 3221; x_wconf 92' lang='lat' dir='ltr'>vi</span> <span class='ocrx_word' id='word_1_347' title='bbox 1592 3186 1784 3237; x_wconf 85' lang='lat' dir='ltr'>semper</span> <span class='ocrx_word' id='word_1_348' title='bbox 1813 3186 1869 3218; x_wconf 89' lang='lat' dir='ltr'>ac</span> <span class='ocrx_word' id='word_1_349' title='bbox 1900 3184 2016 3218; x_wconf 79' lang='lat' dir='ltr'>vere</span> 
     </span>
     <span class='ocr_line' id='line_1_37' title="bbox 115 3251 2016 3325; baseline -0.004 -19"><span class='ocrx_word' id='word_1_350' title='bbox 115 3255 371 3325; x_wconf 84' lang='lat' dir='ltr'>produxit,</span> <span class='ocrx_word' id='word_1_351' title='bbox 412 3256 561 3319; x_wconf 89' lang='lat' dir='ltr'>deus,</span> <span class='ocrx_word' id='word_1_352' title='bbox 603 3256 824 3323; x_wconf 90' lang='lat' dir='ltr'>inquam,</span> <span class='ocrx_word' id='word_1_353' title='bbox 867 3253 1063 3322; x_wconf 88' lang='lat' dir='ltr'>spiritus</span> <span class='ocrx_word' id='word_1_354' title='bbox 1090 3254 1306 3322; x_wconf 90' lang='lat' dir='ltr'>spiritum</span> <span class='ocrx_word' id='word_1_355' title='bbox 1340 3256 1534 3322; x_wconf 81' lang='lat' dir='ltr'>genuit,</span> <span class='ocrx_word' id='word_1_356' title='bbox 1573 3253 1771 3304; x_wconf 83' lang='lat' dir='ltr'>verbum</span> <span class='ocrx_word' id='word_1_357' title='bbox 1802 3251 1875 3302; x_wconf 88' lang='lat' dir='ltr'>dci</span> <span class='ocrx_word' id='word_1_358' title='bbox 1903 3251 2016 3301; x_wconf 81' lang='lat' dir='ltr'>sul»-</span> 
     </span>
     <span class='ocr_line' id='line_1_38' title="bbox 115 3335 2014 3407; baseline -0.003 -16"><span class='ocrx_word' id='word_1_359' title='bbox 115 3340 313 3392; x_wconf 88' lang='lat' dir='ltr'>sistens.</span> <span class='ocrx_word' id='word_1_360' title='bbox 388 3337 480 3391; x_wconf 85' lang='lat' dir='ltr'>Est</span> <span class='ocrx_word' id='word_1_361' title='bbox 506 3357 625 3391; x_wconf 88' lang='lat' dir='ltr'>vero</span> <span class='ocrx_word' id='word_1_362' title='bbox 653 3338 958 3407; x_wconf 79' lang='lat' dir='ltr'>cumprimiS,</span> <span class='ocrx_word' id='word_1_363' title='bbox 1012 3336 1156 3399; x_wconf 68' lang='lat' dir='ltr'>Aeli,</span> <span class='ocrx_word' id='word_1_364' title='bbox 1212 3346 1341 3388; x_wconf 84' lang='lat' dir='ltr'>tmnn</span> <span class='ocrx_word' id='word_1_365' title='bbox 1387 3339 1494 3388; x_wconf 85' lang='lat' dir='ltr'>illud</span> <span class='ocrx_word' id='word_1_366' title='bbox 1539 3345 1858 3387; x_wconf 87' lang='lat' dir='ltr'>commentum</span> <span class='ocrx_word' id='word_1_367' title='bbox 1903 3335 2014 3385; x_wconf 86' lang='lat' dir='ltr'>ridi-</span> 
     </span>
     <span class='ocr_line' id='line_1_39' title="bbox 118 3418 2014 3491; baseline -0.002 -17"><span class='ocrx_word' id='word_1_368' title='bbox 118 3424 304 3487; x_wconf 90' lang='lat' dir='ltr'>culum,</span> <span class='ocrx_word' id='word_1_369' title='bbox 360 3423 437 3491; x_wconf 89' lang='lat' dir='ltr'>qui</span> <span class='ocrx_word' id='word_1_370' title='bbox 478 3422 706 3474; x_wconf 86' lang='lat' dir='ltr'>coelestia</span> <span class='ocrx_word' id='word_1_371' title='bbox 742 3420 1064 3491; x_wconf 87' lang='lat' dir='ltr'>perscrutari,</span> <span class='ocrx_word' id='word_1_372' title='bbox 1115 3439 1170 3471; x_wconf 90' lang='lat' dir='ltr'>ac</span> <span class='ocrx_word' id='word_1_373' title='bbox 1198 3422 1307 3489; x_wconf 89' lang='lat' dir='ltr'>quid</span> <span class='ocrx_word' id='word_1_374' title='bbox 1353 3422 1411 3471; x_wconf 74' lang='lat' dir='ltr'>«le</span> <span class='ocrx_word' id='word_1_375' title='bbox 1445 3420 1619 3471; x_wconf 87' lang='lat' dir='ltr'>divinis</span> <span class='ocrx_word' id='word_1_376' title='bbox 1662 3420 1806 3470; x_wconf 90' lang='lat' dir='ltr'>rebus</span> <span class='ocrx_word' id='word_1_377' title='bbox 1845 3418 2014 3470; x_wconf 82' lang='lat' dir='ltr'>existi-</span> 
     </span>
     <span class='ocr_line' id='line_1_40' title="bbox 118 3503 2015 3577; baseline -0.002 -19"><span class='ocrx_word' id='word_1_378' title='bbox 118 3508 339 3558; x_wconf 86' lang='lat' dir='ltr'>mandum</span> <span class='ocrx_word' id='word_1_379' title='bbox 367 3510 458 3572; x_wconf 86' lang='lat' dir='ltr'>sit,</span> <span class='ocrx_word' id='word_1_380' title='bbox 498 3507 795 3577; x_wconf 84' lang='lat' dir='ltr'>syllogismis</span> <span class='ocrx_word' id='word_1_381' title='bbox 825 3514 871 3555; x_wconf 88' lang='lat' dir='ltr'>ct</span> <span class='ocrx_word' id='word_1_382' title='bbox 900 3505 1084 3573; x_wconf 87' lang='lat' dir='ltr'>argutis</span> <span class='ocrx_word' id='word_1_383' title='bbox 1113 3505 1558 3555; x_wconf 79' lang='lat' dir='ltr'>ratiocinationilms</span> <span class='ocrx_word' id='word_1_384' title='bbox 1590 3503 1883 3572; x_wconf 85' lang='lat' dir='ltr'>investigare</span> <span class='ocrx_word' id='word_1_385' title='bbox 1914 3513 2015 3555; x_wconf 89' lang='lat' dir='ltr'>stu-</span> 
     </span>
    </p>
   </div>
   <div class='ocr_carea' id='block_1_6' title="bbox 117 3617 2014 3839">
    <p class='ocr_par' dir='ltr' id='par_1_13' title="bbox 174 3617 1877 3667">
     <span class='ocr_line' id='line_1_41' title="bbox 174 3617 1877 3667; baseline -0.002 -7"><span class='ocrx_word' id='word_1_386' title='bbox 174 3619 213 3660; x_wconf 87' lang='lat'>5.</span> <span class='ocrx_word' id='word_1_387' title='bbox 243 3617 315 3661; x_wconf 81' lang='grc' dir='ltr'>καὶ</span> <span class='ocrx_word' id='word_1_388' title='bbox 344 3622 528 3660; x_wconf 79' lang='lat' dir='ltr'>omissum</span> <span class='ocrx_word' id='word_1_389' title='bbox 554 3624 607 3659; x_wconf 82' lang='lat' dir='ltr'>est</span> <span class='ocrx_word' id='word_1_390' title='bbox 630 3622 670 3659; x_wconf 85' lang='lat' dir='ltr'>in</span> <span class='ocrx_word' id='word_1_391' title='bbox 694 3620 782 3659; x_wconf 81' lang='lat' dir='ltr'>edit.</span> <span class='ocrx_word' id='word_1_392' title='bbox 813 3620 946 3659; x_wconf 84' lang='lat' dir='ltr'>Pelav.</span> <span class='ocrx_word' id='word_1_393' title='bbox 976 3618 1047 3657; x_wconf 88' lang='lat' dir='ltr'>Co·</span> <span class='ocrx_word' id='word_1_394' title='bbox 1103 3617 1205 3667; x_wconf 81' lang='lat' dir='ltr'>quod</span> <span class='ocrx_word' id='word_1_395' title='bbox 1232 3618 1347 3665; x_wconf 71' lang='lat' dir='ltr'>vulyo</span> <span class='ocrx_word' id='word_1_396' title='bbox 1374 3620 1504 3666; x_wconf 78' lang='lat' dir='ltr'>extat,</span> <span class='ocrx_word' id='word_1_397' title='bbox 1533 3618 1579 3656; x_wconf 85' lang='lat' dir='ltr'>de</span> <span class='ocrx_word' id='word_1_398' title='bbox 1609 3619 1877 3667; x_wconf 78' lang='lat' dir='ltr'>superioribus.</span> 
     </span>
    </p>

    <p class='ocr_par' dir='ltr' id='par_1_14' title="bbox 117 3667 2014 3839">
     <span class='ocr_line' id='line_1_42' title="bbox 117 3667 2014 3728; baseline 0.001 -13"><span class='ocrx_word' id='word_1_399' title='bbox 117 3678 191 3716; x_wconf 83' lang='lat' dir='ltr'>lon.</span> <span class='ocrx_word' id='word_1_400' title='bbox 219 3680 332 3725; x_wconf 80' lang='lat' dir='ltr'>repet.</span> <span class='ocrx_word' id='word_1_401' title='bbox 1150 3673 1189 3711; x_wconf 77' lang='lat'>3.</span> <span class='ocrx_word' id='word_1_402' title='bbox 1223 3674 1393 3711; x_wconf 78' lang='lat' dir='ltr'>Fortasse</span> <span class='ocrx_word' id='word_1_403' title='bbox 1430 3674 1671 3715; x_wconf 81' lang='lat' dir='ltr'>scribendum</span> <span class='ocrx_word' id='word_1_404' title='bbox 1703 3672 1763 3728; x_wconf 82' lang='grc' dir='ltr'>τῷ</span> <span class='ocrx_word' id='word_1_405' title='bbox 1805 3670 1844 3715; x_wconf 81' lang='grc' dir='ltr'>ἐν</span> <span class='ocrx_word' id='word_1_406' title='bbox 1886 3667 2014 3728; x_wconf 84' lang='grc' dir='ltr'><strong>οἷερίῳ</strong></span> 
     </span>
     <span class='ocr_line' id='line_1_43' title="bbox 179 3725 1374 3783; baseline -0.003 -12"><span class='ocrx_word' id='word_1_407' title='bbox 179 3732 211 3771; x_wconf 89' lang='lat' dir='ltr'>l.</span> <span class='ocrx_word' id='word_1_408' title='bbox 243 3733 372 3780; x_wconf 83' lang='lat' dir='ltr'>Supra</span> <span class='ocrx_word' id='word_1_409' title='bbox 402 3735 506 3771; x_wconf 77' lang='lat' dir='ltr'>extat</span> <span class='ocrx_word' id='word_1_410' title='bbox 537 3731 609 3772; x_wconf 79' lang='grc' dir='ltr'>τοῦ</span> <span class='ocrx_word' id='word_1_411' title='bbox 638 3729 805 3772; x_wconf 87' lang='grc' dir='ltr'>τελείου.</span> <span class='ocrx_word' id='word_1_412' title='bbox 1098 3725 1374 3783; x_wconf 79' lang='grc' dir='ltr'>ἐμβατεύοντι.</span> 
     </span>
     <span class='ocr_line' id='line_1_44' title="bbox 174 3781 1043 3839; baseline 0 -14"><span class='ocrx_word' id='word_1_413' title='bbox 174 3785 213 3826; x_wconf 83' lang='lat'>2.</span> <span class='ocrx_word' id='word_1_414' title='bbox 244 3788 410 3837; x_wconf 79' lang='lat' dir='ltr'>Reposui</span> <span class='ocrx_word' id='word_1_415' title='bbox 449 3786 689 3839; x_wconf 59' lang='grc' dir='ltr'>προςίεσὲαι</span> <span class='ocrx_word' id='word_1_416' title='bbox 726 3798 798 3837; x_wconf 81' lang='lat' dir='ltr'>pro</span> <span class='ocrx_word' id='word_1_417' title='bbox 826 3781 1043 3838; x_wconf 57' lang='grc' dir='ltr'>προΐεσθαι</span> 
     </span>
    </p>
   </div>
  </div>
 </body>
</html>
