2508 4134
207 380 293 421 pag.
315 372 411 410 1⁰1⁰.

212 1473 325 1529 Κεφ.
347 1470 411 1527 ιζ’.

213 3014 297 3050 pag.
319 3006 416 3042 1011.

441 237 542 289 362
1146 248 1349 291 SANGTI
1377 250 1657 291 ΕΡΙΡΗΑΝΠ

440 350 623 406 παθεῖς
667 341 808 412 ἡμῖν,·
872 342 999 397 Ἀλλ’
1036 346 1119 397 ἵνα
1156 347 1289 419 δείξῃ
1319 343 1348 399 ό
1370 345 1491 408 θεὸς
1525 345 1602 400 ὅτι
1630 345 1691 400 τοὶ
1727 344 1886 400 πάντα
1922 348 1975 400 ἐν
2002 345 2136 421 αὐτῷ
2162 345 2366 403 δύναται

438 431 523 482 καὶ
550 431 753 500 ἐγχωρεῖ
782 432 1005 500 γίνεσθαι
1031 431 1116 483 καὶ
1148 428 1216 498 μὴ
1252 433 1491 500 γίνεσθαι.
1547 430 1660 484 Ἵνα
1684 430 1779 502 γάρ
1804 430 1871 500 μή
1897 453 2025 494 τινες
2050 434 2122 495 εἰς,
2148 435 2365 497 ἐκείνους

439 512 585 568 πάλιν
606 518 891 585 λογίσωνται
915 513 976 568 τοὶ
1001 512 1132 586 ὑπὲρ,
1149 514 1316 582 φύσιν,
1357 515 1440 571 διοὶ
1463 515 1523 570 τοὶ
1549 516 1720 580 αὐτοῖς
1743 519 1796 571 ἐν
1820 523 2109 591 θαυμασμῷ
2132 516 2367 590 γινόμενα

441 597 576 670 παρα
599 606 753 666 θεοῦ,
804 601 1050 654 τουτέστιν
1078 600 1153 654 ὅτι
1181 605 1334 672 τρίχες
1364 602 1459 656 οὐκ
1488 600 1708 670 ἐκόμων,
1761 609 1787 640 4
1805 604 1888 656 καὶ
1918 600 2089 671 ἱμάτια
2120 601 2215 658 οὐκ
2249 605 2366 658 ἐπα-

438 691 691 750 λαιοῦντο,
729 687 814 739 καὶ
838 684 899 738 τά
924 683 1074 752 ἄλλα,
1107 688 1190 740 καὶ
1228 686 1301 740 ὅτι
1331 679 1478 757 ἄρτον
1510 684 1725 757 οἷγγέλων
1755 690 1936 760 ἔφαγεν
1960 687 2260 760 ἅνθρωπος,
2283 690 2366 752 εἰς

438 768 581 839 ἡμῶν
617 769 757 842 χάριν
792 772 1191 840 ἀσφαλισόμενον
1225 771 1279 826 τό
1318 780 1462 826 θεῖον
1500 772 1698 843 γράμμα
1724 776 1875 842 φησὶ,
1925 776 2137 843 Λαβέτω
2167 776 2366 837 ἕκαστος

440 855 691 909 πάσσαλον
727 861 964 928 σιδηροῦν
994 860 1046 911 ἐν
1073 865 1134 932 τῇ
1160 856 1287 932 ζώνῃ
1322 859 1515 923 ἑαυτοῦ,
1559 856 1615 911 ἵν’
1648 857 1768 911 ὅταν
1805 862 1874 922 εἰς
1910 858 2066 914 τόπον
2101 858 2366 933 καθιζάνῃ,

441 940 642 1016 σκάψῃ,
695 944 779 995 καὶ
807 941 945 1017 χώσῃ
973 942 1064 1012 τὴν
1096 947 1224 997 ἰδίαν
1260 942 1478 1014 κόπρον,
1528 942 1604 997 ὅτι
1632 942 1749 1006 λαός
1773 942 2068 1015 ῆγιασμένος
2104 947 2232 1011 ἐστὶ,
2272 946 2366 999 καὶ

442 1026 613 1098 κύριος
653 1029 851 1096 ἐνδημεῖ
876 1030 943 1091 εἷς
969 1030 1116 1097 μέσον
1145 1035 1233 1097 τῆς
1260 1031 1581 1099 παρεμβολῆς.
1657 1031 1752 1092 Εἰς
1778 1037 1922 1084 τοῦτο
1953 1031 2004 1085 δὲ
2026 1032 2115 1085 καὶ
2148 1033 2366 1102 ἱστορίαν

440 1117 614 1176 παῖδες
647 1110 890 1184 Ἐβραίων
925 1115 1325 1185 παραφέρουσιν,
1383 1112 1459 1167 ὅτι
1497 1112 1751 1183 διήρκεσεν
1791 1113 1959 1178 αὐτοῖς
2000 1113 2030 1169 ό
2063 1115 2220 1179 τύπος
2255 1115 2366 1186 ἄχρι

435 1198 569 1262 τινδς
598 1205 793 1271 καιροῦ,
827 1201 921 1262 ἕως
948 1199 1067 1254 ὅτου
1097 1198 1126 1253 ό
1150 1198 1273 1261 θεὸς
1301 1199 1516 1268 ἠθέλησε
1540 1202 1694 1264 δεῖξαι
1718 1202 1769 1254 ἐν
1793 1198 1964 1264 αὐτοῖς
1986 1207 2135 1255 τοῦτο
2155 1199 2211 1256 τό
2236 1207 2365 1256 θαῦ-

439 1308 532 1353 μα,
583 1289 667 1339 καί
691 1289 767 1339 τοί
795 1307 847 1355 γε
876 1284 1037 1339 αῦτῶν
1063 1283 1336 1340 ἐσθιόντων
1360 1286 1446 1338 καὶ
1473 1285 1594 1356 κρέα
1621 1287 1704 1340 καὶ
1735 1283 2136 1359 σ’ρτυγομήτραν,
2189 1291 2366 1357 συμβε-

439 1372 639 1439 βηκέναι
677 1369 861 1434 αὐτούς
897 1371 1017 1440 μήτε
1051 1370 1233 1425 τούτου
1270 1374 1435 1442 χρείαν
1471 1372 1609 1439 ἔχειν.

585 1458 686 1509 Καὶ
715 1459 759 1509 εἰ
786 1455 920 1527 παροὶ
965 1464 1070 1519 τοῖς
1106 1455 1356 1526 Ἑβραίοις
1394 1455 1478 1510 διὰ
1506 1455 1597 1526 τὴν
1630 1454 1757 1527 πρὸς
1795 1455 1912 1519 τοῦς
1951 1458 2166 1529 πατέρας
2202 1458 2368 1513 αὐτῶν

439 1541 616 1608 δόξαν,
664 1541 776 1611 ῆτοι
813 1541 939 1596 κατά
972 1542 1246 1614 πρόςθεσιν
1287 1546 1596 1614 χαριστικῶς,
1648 1539 1761 1611 ῆτοι
1796 1541 1920 1596 κατά
1952 1543 2195 1611 ἀλήθειαν
2220 1550 2366 1600 τοῦτο

438 1625 630 1703 ᾄδεται,
683 1631 766 1682 καί
800 1632 878 1682 τοί
913 1650 968 1700 γε
1010 1626 1171 1682 αὐτῶν
1207 1627 1410 1682 εἰδότων
1451 1627 1528 1682 ὅτι
1570 1629 1653 1681 καὶ
1699 1624 1963 1699 ἅνθρωποι
1997 1624 2125 1698 ’ἦσαν
2160 1633 2212 1684 οἱ
2240 1629 2367 1702 πρός

438 1712 603 1768 αὐτῶν
639 1714 1057 1786 συνηγορούμενοι
1086 1716 1171 1768 καὶ
1199 1715 1450 1784 φθαρτοὶ,
1489 1715 1575 1767 καὶ
1609 1711 1670 1767 οὗ
1697 1715 1837 1782 θεοὶ,
1875 1717 1958 1768 καὶ
1989 1717 2043 1769 ἐκ
2073 1713 2254 1786 σαρκός
2281 1717 2366 1770 καὶ

437 1803 645 1869 αἵματος
670 1802 755 1854 καὶ
781 1808 972 1870 ψυχῆς,
1021 1804 1095 1864 τίς
1119 1798 1254 1871 παρὰ
1278 1799 1467 1854 τούτων
1495 1800 1710 1864 ἀνέξεται
1738 1797 1936 1854 ‹Quodam›
1982 1799 2078 1854 1τᾶ
2104 1799 2197 1855 οῦκ
2229 1799 2367 1855 ἀτόλ-

439 1909 566 1955 μητα
605 1887 717 1957 περὶ
751 1892 970 1957 Χριστοῦ
1013 1892 1103 1940 τοῦ
1129 1884 1328 1940 ἄνωθεν
1372 1884 1606 1948 ἐλθόντος
1640 1891 1768 1939 θεοῦ
1797 1884 1946 1956 λόγου
1982 1888 2069 1940 καὶ
2096 1886 2368 1955 τῆς-’,αὐτοῦ

438 1974 491 2027 ἐν
520 1971 703 2026 ἅπασιν
740 1972 942 2037 ἐνδόξου
966 1974 1052 2026 καὶ
1089 1970 1335 2040 ἀληθινῆς
1377 1971 1619 2042 ἐνσιίρκου
1654 1975 1952 2041 παρουσίας,
2016 1971 2108 2024 Ἐν
2147 1967 2180 2046 ᾗ
2221 1972 2367 2041 ἐπλή-

1815 2055 1829 2074 ‹-

437 2076 564 2128 ρωσε
597 2056 651 2112 τδ
693 2059 973 2129 εἰρημένον,
1031 2060 1402 2128 Πεπειραμένος
1441 2056 1564 2110 κατοὶ
1590 2056 1751 2110 πάντα
1789 2080 1856 2120 ως
1881 2055 2180 2129 ἅνθρωπος,
2218 2060 2367 2130 χωρὶς

1241 2150 1267 2180 2
1287 2146 1338 2197 ἐν
1368 2140 1578 2216 οἷληθείᾳ
1616 2145 1785 2211 ἔχοντα
1823 2141 1981 2213 σάρκα
2009 2141 2098 2211 τὴν
2127 2142 2366 2216 ἡμετέραν

1179 2149 1201 2160 ἐν

439 2142 689 2214 ἁμαρτίας.
758 2144 908 2212 Ἐξῆν
944 2141 1036 2214 γάρ
1066 2143 1200 2217 αὖτῳ

439 2229 507 2298 μὴ
549 2229 777 2301 πράττειν
815 2229 876 2282 τοὶ
920 2233 1167 2283 δοκοῦντα
1209 2227 1328 2296 ἡμῖν
1371 2227 1557 2296 εὐτελῆ,
1613 2230 1697 2280 καὶ
1744 2227 1972 2299 πράττειν
2018 2227 2169 2283 ὁποῖα
2212 2229 2366 2299 σεμνοὶ

437 2314 689 2385 ἐτύγχανε,
738 2317 823 2369 καὶ
871 2316 1122 2384 πρέποντα
1170 2313 1422 2384 ἀναλόγως
1456 2319 1516 2387 τῇ
1567 2312 1792 2381 θεότητι,
1850 2312 1912 2367 δι’
1951 2308 2014 2368 οῦ
2049 2317 2224 2399 καὶ.οῑ
2264 2318 2367 2370 υἱοὶ

423 2399 622 2471 Ἰσραὴλ
669 2398 761 2454 οῦκ
804 2399 1117 2467 3ἐκόμησαν,
1167 2401 1253 2453 καὶ
1292 2398 1352 2452 τοὶ
1389 2397 1558 2466 ἱμάτια
1596 2399 1763 2452 αὐτῶν
1804 2397 1898 2452 οῦκ
1936 2399 2228 2470 ἐρυπάνθη,
2283 2403 2368 2455 καὶ

434 2492 587 2538 ταῦτα
625 2484 748 2539 κατα
786 2486 1062 2556 παράδοσιν
1099 2483 1266 2547 αὐτοῖς
1304 2486 1629 2553 συμβέβηκεν.
1688 2483 1803 2538 ’Ότι
1838 2486 2005 2538 δὲκαὶ
2042 2484 2210 2554 ἱμάτια
2245 2484 2369 2557 εἶχεν

436 2573 485 2635 ἐξ
528 2570 815 2641 ἀνθρώπων
854 2573 1298 2639 κατεσκευασμένα,
1352 2570 1708 2639 ἆναμφίβολον.
1783 2574 2133 2640 Διεμερίσαντο
2175 2571 2269 2643 γὰρ
2307 2570 2368 2626 τοὶ

435 2656 602 2725 ἱμάτια
642 2655 796 2710 αὐτοῦ
808 2700 821 2722 ,
873 2658 956 2709 καὶ
999 2658 1081 2710 ἐπὶ
1117 2655 1203 2710 τὸν
1247 2654 1506 2724 ἱματισμόν
1544 2654 1697 2709 αὐτοῦ
1734 2657 1911 2724 ἔβαλον
1942 2663 2137 2726 κλῆρον.
2210 2660 2281 2711 Εἰ
2315 2658 2369 2711 δὲ

437 2741 632 2810 ἱμάτιον
657 2738 762 2811 4ῆν
791 2745 840 2806 ἐξ
867 2741 1179 2812 ἀνθρώπων,
1230 2740 1454 2808 δηλονότι
1493 2743 1541 2805 ἐξ
1570 2743 1706 2811 ἐρέας
1733 2735 1796 2809 ῆν
1833 2743 1916 2795 καὶ
1942 2743 1996 2795 ἐκ
2024 2746 2184 2795 λίνου·
2228 2741 2288 2797 τοὶ
2314 2744 2369 2797 δὲ

438 2830 491 2882 ἐκ
510 2832 647 2881 λίνου
671 2830 752 2881 καὶ
782 2831 830 2891 ἐξ
859 2830 996 2898 ε’ρέας
1022 2829 1344 2898 γεγεννημένα
1367 2825 1538 2895 ἅψυχά
1560 2850 1668 2880 τινα
1690 2821 1754 2895 ἦν
1775 2828 1859 2880 καὶ
1885 2829 2177 2895 ἀναίσθητα.
2249 2825 2368 2882 Ἀλλ’

436 2914 515 2968 ὅτε
547 2914 758 2982 ἠθέλησε
805 2918 957 2977 δεῖξαι
987 2914 1144 2967 αὐτοῦ
1180 2912 1234 2966 vd
1267 2911 1477 2966 δυνατόν
1515 2919 1604 2980 τῆς
1639 2911 1905 2980 θεότητος,
1957 2915 2368 2983 μεταμορφωθεὶς

441 3002 588 3063 ἔδειξε
625 2998 679 3053 τό
711 2999 979 3070 πρόςωπον
1018 2997 1173 3052 αὐτοῦ
1201 2996 1267 3060 ὥς
1304 2996 1390 3051 τόν
1428 2997 1589 3066 ῆλιον,
1637 3000 1722 3051 καὶ
1750 2996 1809 3051 τοὶ
1844 2996 2012 3067 ἱμάτια
2039 2996 2192 3052 αὐτοῦ
2217 2998 2367 3054 λευκοὶ

437 3083 546 3147 &gez
574 3085 725 3152 χιόνα.
803 3082 980 3139 Πάντα
1023 3083 1114 3155 γαρ
1141 3091 1210 3157 τῷ
1237 3088 1434 3156 δυνατῷ
1475 3082 1660 3136 δυνατοὶ
1690 3086 1758 3145 εἷς
1791 3082 1846 3136 τδ
1892 3081 2031 3137 ὂῦπό
2064 3087 2199 3147 θίξιν
2228 3083 2368 3156 παρά

435 3174 737 3241 προςδοκίαν
766 3173 847 3224 καὶ
878 3170 937 3223 τά
969 3169 1250 3237 ἀναίσθητα
1281 3172 1365 3223 καὶ
1392 3168 1451 3221 τοὶ
1481 3167 1644 3222 ἅπνοα
1674 3172 1742 3231 εἰς
1772 3168 1919 3232 δόξαν
1947 3171 2029 3221 καὶ
2060 3169 2368 3240 φαιδρότητα

436 3254 811 3324 μετασκευάσαι,
868 3254 936 3318 ὥς
959 3255 1048 3323 τὴν
1073 3255 1263 3326 ῥάβδον
1290 3256 1578 3319 Μωϋσέως,
1618 3252 1685 3316 ὥς
1709 3252 1768 3307 τά
1794 3252 2088 3322 ὑποδήματα
2119 3261 2216 3309 τῶν
2242 3259 2367 3311 υἱῶν

433 3339 635 3412 Ἰσραήλ.
715 3348 848 3395 Πᾶσι
872 3341 965 3413 γάρ
991 3339 1294 3412 ὦμολόγηται
1318 3340 1395 3394 ὅτι
1419 3343 1471 3393 οἷ
1492 3336 1756 3394 ἆπόστολοι
1782 3337 1915 3409 ἅγιοι
1936 3337 2199 3411 ἅνθρωποι
2226 3335 2365 3410 ἦσαν,

491 3457 531 3499 4.
561 3456 634 3501 καὶ
663 3461 790 3499 omiss.
820 3461 861 3500 in
892 3460 952 3499 ed.
982 3461 1121 3501 Petav.
1153 3459 1285 3498 Coton.
1313 3469 1374 3498 re·
1488 3453 1527 3498 4.
1557 3447 1611 3525 ἦν
1636 3457 1763 3496 omiss.
1791 3457 1831 3495 in
1856 3457 1914 3495 ed.
1936 3457 2070 3497 Petav.
2093 3459 2224 3499 Colon.
2248 3457 2365 3510 repet.

434 3520 507 3568 pet.
1485 3514 1524 3553 ξ).
1568 3511 1646 3556 υπὸ
1694 3510 1798 3562 θίξιν
1841 3515 1993 3553 Ρειαυιὶ
2035 3517 2252 3556 emendatio
2299 3520 2365 3557 est.

494 3573 740 3612 CAP.XV1[.
758 3595 813 3601 —
862 3575 896 3613 l.
918 3574 1078 3624 Gom-590
1100 3573 1234 3614 ταῦτα
1250 3567 1372 3614 οἷτόλ-
1430 3567 1651 3622 ὖποὲῐῆξειν
1677 3570 1788 3609 codd.
1817 3581 1907 3610 mss.
1935 3574 1969 3609 et
1992 3572 2050 3610 ed.
2074 3573 2199 3621 princ.
2261 3573 2365 3621 Quid

438 3642 563 3681 μητα.
1432 3629 1642 3668 cornarius
1670 3628 1866 3675 putaverit
1897 3628 2012 3677 facile
2043 3639 2091 3668 ex
2115 3630 2366 3670 translatione

493 3688 532 3723 2.
555 3682 595 3725 ἐν
621 3688 748 3725 omiss.
775 3688 817 3726 in
845 3688 904 3726 ed.
934 3689 1070 3727 Petav.
1095 3687 1229 3726 colon.
1255 3688 1372 3735 repet.
1429 3685 1511 3724 eius
1533 3686 1698 3733 apparet
1722 3689 1766 3720 ut
1795 3683 1987 3723 ostendat
2013 3692 2055 3724 et
2079 3698 2126 3724 ea
2150 3692 2366 3739 quaesunt

458 3737 531 3837 a}
575 3739 807 3806 ἐκομοῦσαν
853 3744 965 3787 codd.
1007 3755 1095 3785 mss.
1140 3746 1298 3792 uterque
1338 3744 1375 3781 et
1430 3748 1594 3795 praeter
1614 3739 1956 3793 expectationem,
1988 3748 2030 3780 et
2051 3755 2192 3782 sensus
2217 3755 2364 3797 exper-

437 3808 455 3839 e
486 3809 524 3837 ι.
553 3809 677 3848 prmo.
