2508 4134
524 278 625 329 622
1090 286 1360 330 ΑΠΠΕΝΠΑ
1390 289 1464 330 ET
1495 288 1866 337 GORRIGENDA.

520 387 548 427 1.
569 387 635 428 20.
676 382 919 439 παμπόλλου
958 384 1086 425 habet
1125 386 1272 426 Venet.
1314 400 1491 442 quoque.
1526 411 1573 418 -
1643 387 1671 429 l.
1705 387 1774 429 21.
1825 388 2208 444 συγκεκερασμένον
2248 391 2351 431 Ven.
2382 414 2440 422 —

519 456 545 497 1.
570 456 609 499 3.
641 456 693 497 ab
721 456 797 497 inf.
836 455 945 504 Πῶς
972 453 1052 510 γὰρ
1084 454 1150 509 εἴη
1180 456 1303 500 τοῦτο
1331 458 1434 498 Ven.

631 527 763 584 Pag.
785 526 910 570 708.
966 525 992 565 l.
1016 523 1079 566 14.
1112 526 1245 568 Verba
1273 525 1426 582 ἐξῆλθε
1454 530 1590 583 ζητῶν
1616 527 1700 583 έργ.
1733 528 1792 576 εἰς
1818 543 1854 571 τ.
1886 524 2113 583 ἀμπελῶνα
2140 545 2219 571 om.
2249 532 2353 572 Ven.
2386 555 2439 564 -

519 598 619 639 lbid.
669 596 839 651 Corrige
877 595 973 650 περὶ
1001 595 1154 650 τρίτην.
1214 597 1329 638 Idem
1357 598 1501 639 vitium
1545 607 1758 654 comparet
1788 598 1913 640 etiam
1942 598 1985 639 in
2015 599 2084 639 ed.
2116 601 2255 643 Petav.
2295 601 2441 643 Colon.

518 693 573 701 -
601 668 629 709 l.
651 668 718 709 22.
761 666 946 708 Restitue
974 665 1016 709 ἐν
1045 671 1133 715 τοῖς
1169 662 1383 712 οἷνωτοὶτω,
1445 669 1648 710 Articulus
1690 669 1949 710 desideratur
1987 669 2112 711 etiam
2139 671 2182 713 in
2208 671 2272 712 ed.
2298 672 2438 712 Petav.

519 739 666 781 Colon.
696 763 754 770 —
809 737 837 779 l.
859 736 899 779 3.
924 737 974 778 ab
995 736 1117 778 infer.
1150 739 1296 780 Venet.
1323 739 1482 794 plenius
1509 736 1591 784 οἱπό
1618 736 1834 793 Ἑλλήνων
1861 737 2108 795 ὁρμώμενος
2141 741 2215 785 καὶ
2247 743 2329 798 τῆς
2355 744 2440 786 τῶν

515 807 731 865 Ἑλλήνων
754 808 959 858 παιδείας.
987 833 1035 839 -
1080 807 1108 849 1.
1138 808 1212 850 ult.
1237 811 1310 852 τοῦ
1335 806 1417 853 οἷπὸ
1445 810 1562 864 Σαμ.
1593 809 1654 858 εἰς
1682 809 1765 863 Χρ.
1785 807 2108 861 πεπιστευκότος
2134 811 2285 867 legitur
2314 812 2440 854 etiam

517 881 558 922 in
590 883 764 922 Veneto.

629 952 758 1009 rag.
778 951 898 995 ¹710.
959 950 987 992 l.
1006 950 1074 994 27.
1120 951 1351 995 διαλλάτων
1386 953 1490 992 Ven.
1517 976 1573 983 —
1632 951 1659 991 l.
1682 953 1721 992 5.
1752 951 1804 992 ab
1831 951 1952 993 infer.
1995 951 2069 995 καὶ
2104 950 2151 996 τὸ
2183 949 2312 997 αὐτοῦ
2354 957 2437 998 διδ.

518 1023 620 1064 ven.
649 1047 706 1054 —
763 1022 790 1064 l.
821 1023 897 1063 ult.
932 1022 1117 1063 Restitue
1145 1024 1227 1065 τῶν
1258 1017 1432 1077 οἷγαξὲῶν
1463 1019 1765 1075 εὖρεὲἤσονται
1793 1036 1842 1063 ex
1872 1022 2121 1064 auctoritate
2149 1023 2244 1064 cod.
2276 1025 2439 1067 Veneti.⁴

629 1094 763 1150 Pag.
784 1094 909 1138 712.
964 1093 992 1133 l.
1008 1094 1048 1135 2.
1094 1094 1264 1147 Repone
1302 1090 1356 1135 τὰ
1383 1091 1531 1136 πάντα.
1590 1092 1796 1133 Articulus
1835 1092 2093 1134 desideratur
2130 1093 2254 1134 etiam
2292 1093 2336 1134 in
2372 1092 2439 1148 ed.

519 1165 658 1205 Petav.
688 1164 833 1205 Colon.
859 1187 909 1195 —
968 1163 994 1204 l.
1009 1164 1048 1206 3.
1078 1163 1375 1217 πειὸανολογία
1405 1165 1493 1203 Bas.
1514 1187 1557 1193 —
1614 1163 1639 1202 l.
1658 1163 1696 1205 7.
1727 1163 1897 1218 μεὲῐέξει
1927 1162 2136 1218 σωτηρίαν
2163 1165 2251 1205 Bas.
2280 1172 2322 1204 et
2347 1164 2439 1206 cod.

517 1235 691 1290 Rhedig.
720 1233 804 1285 ἔξει
832 1234 1040 1289 σωτηρίαν
1066 1236 1168 1275 Ven.
1197 1257 1254 1265 -
1310 1234 1337 1273 l.
1361 1234 1424 1275 10.
1458 1233 1644 1274 Restitue
1673 1230 1819 1278 ἑαυτὸν
1846 1230 1929 1277 οἶπὸ
1958 1232 2110 1289 γάμου.
2169 1234 2442 1276 Desideratur

515 1306 772 1362 praepositio
797 1306 920 1346 etiam
946 1305 987 1345 in
1016 1305 1082 1346 ed.
1110 1307 1251 1346 Petav.
1278 1304 1422 1345 Colon.
1450 1329 1503 1336 -—
1561 1304 1588 1344 l.
1613 1302 1670 1346 14.
1703 1300 1828 1348 αὐτὸν
1855 1304 1992 1345 firmat
2019 1319 2128 1345 nunc
2155 1306 2352 1347 Venetus.
2384 1329 2436 1337 —

516 1377 545 1418 l.
563 1379 601 1419 5.
631 1377 683 1418 ab
712 1376 833 1418 infer.
878 1375 1063 1417 Restitue
1099 1372 1242 1430 κύριος
1269 1372 1291 1419 ὁ
1318 1373 1388 1419 τὸν
1412 1372 1566 1429 Ἀδὰμ.
1626 1375 1760 1416 Verba
1792 1373 1816 1419 ὁ
1843 1373 1914 1419 τὸν
1945 1375 2184 1418 exciderunt
2217 1375 2343 1417 etiam
2385 1375 2438 1417 ab

517 1448 582 1490 ed.
611 1450 748 1490 Petav.
789 1447 934 1488 Colon.
967 1471 1023 1478 —
1079 1446 1107 1487 l.
1129 1446 1169 1488 3.
1193 1446 1245 1487 ab
1274 1446 1349 1486 inf.
1388 1446 1560 1501 Repone
1589 1445 1651 1502 τῷ
1682 1443 1741 1501 μή
1768 1445 2004 1503 δυναμένῳ.
2062 1446 2241 1502 Negatio
2270 1446 2442 1488 deside-

516 1528 628 1561 ratur
658 1519 781 1560 etiam
806 1518 847 1559 in
880 1517 944 1558 ed.
975 1519 1114 1558 Petav.
1149 1517 1289 1558 Colon.

629 1591 763 1648 Pag.
786 1590 910 1634 714.
965 1588 993 1630 l.
1010 1588 1050 1630 3.
1093 1584 1147 1632 δι’
1186 1582 1240 1642 ’ἣν
1276 1588 1407 1631 τοίνυν
1444 1588 1547 1629 Ven.
1578 1587 1718 1628 Recte.
1749 1611 1806 1619 —
1864 1588 1892 1629 l.
1912 1588 1952 1631 7.
1999 1588 2186 1630 Restitue
2225 1587 2441 1630 articulum

515 1662 587 1705 τοῦ
613 1669 710 1703 ante
735 1675 826 1702 voc.
854 1656 1119 1715 φυράματος,
1166 1659 1234 1714 qui
1270 1658 1528 1700 desideratur
1565 1658 1688 1700 etiam
1715 1658 1756 1699 in
1787 1658 1850 1699 ed.
1880 1661 2019 1700 Petav.
2051 1659 2196 1701 colon.
2225 1683 2281 1692 -
2339 1659 2441 1701 ibid.

519 1730 627 1776 ἔστιν
658 1735 745 1773 Bas.
773 1755 829 1763 —
885 1730 912 1771 l.
939 1731 998 1774 17.
1040 1727 1112 1774 διὰ
1152 1727 1199 1773 τὸ
1239 1729 1447 1787 πρόβατον
1484 1731 1586 1771 ven.
1627 1731 1749 1770 Bene.
1781 1755 1835 1761 -
1891 1730 1920 1771 l.
1945 1731 2011 1777 12.
2035 1730 2086 1772 ab
2112 1730 2186 1771 inf.
2233 1726 2441 1785 οἷμνησίαν

518 1803 607 1845 Bas.
638 1827 690 1838 -
747 1802 774 1843 1.
793 1801 833 1844 9.
862 1801 912 1842 ab
941 1802 1017 1842 inf.
1050 1799 1290 1856 εὑρήκαμεν
1320 1803 1421 1842 Ven.
1455 1825 1509 1832 -—
1566 1801 1593 1842 l.
1625 1802 1780 1856 penult.
1811 1796 1843 1855 ἧ
1872 1797 2100 1857 ὀνομασίας
2128 1802 2230 1843 Ven.

629 1873 906 1931 Pag.?1ss.
962 1872 988 1916 l.
1010 1872 1049 1915 3.
1094 1867 1216 1926 ὅρους
1244 1873 1332 1913 Bas,
1361 1897 1417 1904 —
1474 1872 1500 1913 l.
1525 1872 1562 1915 7.
1605 1867 1782 1927 εὕρηται
1805 1874 1907 1912 Ven.
1939 1896 1992 1903 —
2050 1871 2078 1914 l.
2099 1872 2138 1916 7.
2166 1872 2218 1913 ab
2246 1871 2441 1913 infi‘Ve-

518 1953 600 1988 net.
630 1945 789 2000 plenius
821 1944 992 1999 praebet
1014 1940 1160 1992 πόλιν,
1205 1943 1278 1986 καὶ
1307 1938 1384 1986 οὐκ
1409 1940 1519 1987 εἶπεν
1536 1975 1547 1992 ,
1592 1939 1828 1998 ἀνέστησαν
1857 1942 1991 2000 ψυχαὶ
2017 1944 2100 1986 τῶν
2129 1939 2288 1997 ἁγίων,
2332 1937 2438 1986 οἷλλοὶ

519 2015 697 2070 σώματα
720 2010 848 2071 φύσει
871 2015 954 2058 τῶν
984 2010 1141 2068 οἱγίων,
1173 2013 1246 2057 καὶ
1271 2014 1462 2068 εἰςῆλῗῐον
1488 2010 1578 2069 μετ’
1608 2010 1736 2057 αὗτοῦ
1771 2013 1831 2062 εἰς
1857 2011 1935 2067 τὴν
1964 2009 2084 2067 οἱγίαν
2113 2011 2257 2063 πόλιν,
2287 2012 2362 2056 καὶ
2385 2010 2439 2056 τὰ

517 2085 629 2141 ἑξῆς.
691 2086 759 2127 Sic
789 2085 904 2127 locus
942 2084 1218 2126 restituendus
1245 2094 1318 2126 est.
1351 2110 1404 2117 —
1464 2086 1490 2128 l.
1514 2085 1587 2126 ult.
1637 2080 1812 2139 δυνάμει
1837 2082 2087 2138 σπεύσωμεν
2118 2085 2250 2139 Ven.,
2283 2083 2326 2124 in
2357 2097 2438 2140 quo

516 2158 623 2200 libro
653 2157 904 2213 subscriptio
933 2155 1067 2205 Τέλος
1095 2182 1150 2189 -
1181 2156 1339 2212 βιβλίου
1369 2156 1639 2198 desideratur.

1023 2414 1166 2457 ΤΟΜΙ
1195 2414 1408 2455 PRIORlS
1439 2413 1576 2454 PARS
1607 2411 1932 2453 POSTERIOR.

628 2532 760 2588 Pag.
781 2532 831 2575 2.
887 2530 913 2570 l.
931 2530 970 2569 5.
1000 2526 1298 2583 Ἐγκρατεῖται
1324 2527 1426 2567 Ven.
1456 2550 1508 2557 —
1567 2525 1669 2567 lbid.
1697 2519 1966 2582 τυγχάνοντες
1987 2525 2090 2565 Ven.
2114 2547 2169 2554 -—
2224 2522 2251 2563 1.
2268 2521 2307 2566 6.
2338 2519 2438 2567 οἷπο·

517 2601 733 2660 βάλλονται
762 2603 846 2641 Eas.
906 2596 1208 2657 ἀποβάλλοντες
1235 2598 1338 2638 ven.
1372 2621 1422 2628 --
1482 2597 1584 2638 lbid.
1630 2594 1947 2651 ἀναγορεύοντες
1976 2596 2079 2635 Ven.
2110 2619 2165 2625 —
2222 2594 2251 2635 l.
2268 2594 2310 2636 8.
2351 2594 2438 2635 Re-

517 2673 620 2715 ctius
648 2672 825 2712 fortasse
851 2670 1061 2725 scripseris
1090 2666 1214 2712 Κατὰ
1237 2665 1438 2723 Φρύγας,
1481 2670 1564 2711 τῶν
1600 2667 1674 2711 καὶ
1699 2668 1990 2710 Μοντανιστῶν
2019 2664 2093 2708 καὶ
2121 2664 2438 2720 Τασκοδρουγι-

515 2745 613 2786 τῶν.
647 2767 701 2775 -—
744 2742 773 2782 l.
796 2743 857 2785 11.
886 2741 1145 2796 Πρίσκιλλαν
1170 2747 1321 2780 acuunt
1349 2740 1436 2779 Bas.
1465 2748 1507 2779 et
1527 2741 1643 2792 Ven.,
1674 2738 1742 2794 qui
1766 2737 1873 2779 liber
1897 2751 1977 2778 om.
2001 2736 2126 2777 verba
2145 2734 2219 2779 καὶ
2235 2733 2438 2791 Μαξιμίλ·

517 2816 602 2857 λαν.
634 2838 681 2844 -
745 2813 770 2853 l.
798 2813 858 2855 12.
889 2810 1171 2855 Κυντιλλιανοὶ
1201 2812 1286 2852 Bas.
1321 2834 1365 2842 —
1430 2810 1457 2852 l.
1486 2812 1546 2852 15.
1590 2812 1737 2851 Venet.
1767 2808 1925 2864 plenius
1961 2803 2212 2862 ἡγούμενοι,
2256 2806 2367 2851 ἔστιν
2389 2805 2438 2851 δὲ

517 2884 591 2929 καὶ
616 2880 721 2939 ἄλλη
751 2882 976 2934 Πέπουζα,
1009 2881 1188 2937 γυναιξὶν
1217 2880 1276 2926 δὲ.
1308 2907 1363 2913 -
1420 2882 1447 2922 l.
1475 2882 1537 2924 17.
1581 2880 1917 2928 κατακεντῶντες
1950 2880 2035 2919 Bas.
2068 2902 2122 2909 —
2180 2877 2284 2920 Ibid.
2313 2877 2438 2921 Κυῖν·

516 2956 634 3012 τίλλῃ
665 2951 697 3010 η’
722 2954 960 3009 Πρισκίλλη
992 2951 1177 3008 Χριστὸν
1205 2952 1347 2995 ἐκεῖσε
1375 2954 1476 2993 Ven.
1508 2975 1561 2983 —-
1618 2952 1644 2992 l.
1671 2953 1735 2994 18.
1766 2949 2043 3006 μυθολογοῦσι
2070 2950 2174 2990 Ven.
2204 2972 2260 2980 —
2316 2948 2343 2988 l.
2374 2947 2438 2991 19.

517 3027 589 3071 καὶ
612 3026 686 3084 νέᾳ
717 3028 828 3070 διοιὲ.
856 3027 958 3067 Ven.
993 3049 1043 3055 -
1104 3025 1129 3064 l.
1147 3025 1214 3066 22.
1247 3023 1434 3064 Restitue
1460 3021 1582 3079 ὁποίᾳ
1607 3018 1646 3067 δ’
1671 3017 1906 3078 ἄνκτῖμέρᾳ.
1964 3019 2165 3061 Particula
2192 3012 2240 3062 ἂν
2269 3015 2435 3060 deside-

518 3107 629 3139 ratur
654 3098 697 3138 in
724 3097 788 3138 ed.
820 3098 958 3137 Petav.
989 3110 1163 3151 quoque.
1224 3094 1352 3136 Paulo
1378 3103 1474 3150 post
1500 3096 1603 3135 Ven.
1633 3092 1820 3148 ἐμπέσοι.
1843 3115 1898 3123 -—
1954 3090 1981 3131 l.
1998 3087 2065 3132 24.
2095 3088 2168 3132 καὶ
2194 3083 2285 3143 ἅμα
2310 3085 2437 3145 οἶγρυ·

517 3169 731 3218 πνοῦντες,
765 3167 915 3216 omisso
946 3164 1206 3221 ἑορτάζουσιν
1232 3166 1389 3215 verbo,
1418 3167 1521 3206 Ven.
1553 3189 1596 3195 -
1665 3164 1693 3204 1.
1713 3164 1780 3205 25.
1813 3161 1850 3206 οἳ
1885 3164 1971 3202 Bas.
2005 3168 2047 3201 et
2076 3160 2140 3200 ed.
2172 3161 2308 3200 Petav.

631 3241 765 3297 Peg.
782 3240 832 3283 4.
889 3238 916 3279 l.
941 3237 976 3280 1.
1005 3234 1278 3292 Ἀδαμιανοὶ,
1321 3234 1434 3291 παρὰ
1459 3235 1508 3280 δέ
1530 3250 1634 3279 τισιν
1657 3230 1799 3289 Ἀδὰμ
1820 3235 1922 3275 ven.
1954 3257 2008 3265 --
2064 3231 2092 3271 l.
2113 3231 2151 3274 7.
2183 3231 2221 3273 οἰ
2246 3229 2320 3273 καὶ
2346 3232 2436 3278 Bas,

521 3321 562 3352 et
588 3311 653 3352 ed.
686 3313 826 3351 Petav.
857 3333 908 3340 -
967 3309 994 3349 l.
1021 3308 1061 3350 9.
1089 3306 1243 3359 Ἰλξοὶει
1270 3322 1305 3350 τ.
1339 3310 1383 3359 ψ.
1413 3302 1539 3362 ἥπατ.
1557 3339 1568 3359 ,
1613 3301 1685 3354 οὓς
1711 3306 1766 3361 τῇ
1795 3304 1918 3358 δεῦρο
1947 3301 1995 3345 ἐκ
2019 3301 2090 3344 τοῦ
2129 3300 2272 3355 γένους
2302 3296 2437 3357 ὖπῆρὲ

520 3397 589 3439 χεν
615 3382 672 3422 Μ.
698 3380 771 3423 καὶ
796 3376 827 3436 ἦ
853 3378 1049 3433 Μαρὲῐίνη
1079 3381 1179 3420 Ven.
1201 3403 1253 3410 --
1302 3378 1328 3418 1.
1352 3380 1412 3420 13.
1444 3374 1526 3421 οἶπό
1554 3373 1762 3421 Θεοδότου
1789 3374 1861 3418 τοῦ
1889 3372 2076 3420 σκυτέως
2095 3374 2200 3413 Ven.
2225 3396 2280 3403 —
2324 3368 2434 3414 l.14.

520 3447 658 3500 ἄλλοις
683 3443 740 3494 οἷν
767 3450 808 3494 έν
831 3447 909 3507 ἦμ.
937 3452 1040 3490 Ven.
1067 3473 1120 3481 -
1176 3450 1285 3492 1.15.
1316 3448 1532 3504 γενομένου
1561 3462 1640 3489 om.
1668 3449 1770 3488 Ven.
1796 3469 1848 3476 -
1906 3443 2008 3484 Ibid.
2040 3442 2113 3486 καὶ
2139 3441 2306 3486 ἐκείνων
2333 3444 2435 3485 Ven.

522 3546 573 3554 -
604 3522 632 3563 l.
660 3521 721 3564 16.
766 3520 982 3575 ἐπινοῆσαι
1009 3523 1055 3573 ψ.
1087 3515 1204 3575 ἅνὲρ.
1246 3520 1357 3574 λέγει
1380 3516 1563 3574 Χριστὸν
1589 3520 1693 3559 Ven.
1724 3541 1776 3548 —-
1834 3515 1861 3556 1.
1885 3515 1950 3556 21.
1996 3515 2167 3568 Repone
2199 3509 2365 3568 οἷνάγειν
2388 3523 2436 3556 τε

519 3593 606 3636 καὶ.
662 3592 863 3633 particula
904 3606 951 3635 τε
990 3591 1139 3632 omissa
1183 3590 1245 3631 es‘t
1283 3590 1406 3631 etiam
1442 3590 1485 3631 in
1526 3589 1593 3629 ed.
1633 3577 1770 3629 Peiav.
1817 3585 1961 3626 Colon.
1993 3608 2045 3616 -—
2104 3585 2131 3626 l.
2151 3584 2218 3626 22.
2248 3583 2435 3625 Restitue

521 3678 672 3704 nomen
701 3659 1002 3718 Βαρδησιοὶνης
1024 3677 1075 3703 ex
1103 3664 1207 3703 ven.
1239 3685 1292 3693 -
1350 3661 1377 3702 l.
1399 3660 1438 3703 9.
1467 3660 1519 3701 ab
1546 3660 1621 3700 inf.
1663 3656 1870 3711 έπάρματι
1896 3656 2041 3696 Venet.
2070 3655 2207 3696 habet.
2238 3679 2295 3686 —-
2351 3654 2434 3698 l.7.

522 3733 572 3773 ab
602 3734 676 3774 inf.
722 3733 861 3789 ἔλεγεν
898 3730 1001 3777 εἶναι
1028 3732 1220 3776 Μωῦσέα
1247 3734 1350 3774 Ven.
1382 3756 1434 3762 -
1492 3731 1522 3771 1.
1539 3730 1579 3774 6.
1609 3730 1660 3771 ab
1686 3727 1760 3768 inf.
1806 3727 1976 3780 Repone
2015 3727 2228 3767 articulum
2262 3726 2299 3769 οἱ
2337 3733 2434 3766 ante

523 3799 599 3855 τὴν
627 3800 734 3845 Βάκ.
794 3803 1062 3845 Desideratur
1100 3803 1225 3844 etiam
1250 3803 1293 3843 in
1323 3802 1422 3842 edit.
1449 3802 1588 3841 Petav.
1619 3798 1765 3839 Colon.
1795 3794 1993 3840 Βακαὲτόν
2024 3798 2133 3838 acuit
2160 3800 2262 3839 Ven.
2295 3822 2348 3829 —-
2405 3796 2434 3838 l.

524 3870 563 3917 4.
593 3873 643 3914 ab
670 3873 745 3913 inf.
776 3869 1161 3929 παρατυγχάνοντας
1185 3872 1258 3916 καὶ
1286 3869 1604 3925 ἐπιξενωμένους
1631 3864 1725 3922 παρ’
1750 3863 1891 3916 αὐτοῖς
1916 3863 2238 3924 εὖνουχίζοντες·
2268 3868 2434 3918 πλείους
