2508 4134
524 307 751 349 PANARII
780 308 886 348 Lm.
912 308 983 348 ιιι.
1007 308 1144 348 ΤοΜ.
1167 310 1217 348 11.
1248 309 1656 351 HAER.LXXV11.
1933 298 2034 350 389

131 415 372 479 pravatam
401 406 529 457 illam
559 405 819 474 significari
843 405 984 469 volo,
1027 405 1110 456 sed
1141 422 1246 456 eam
1273 424 1393 474 quae
1421 407 1477 457 ad
1506 408 1738 459 honestos
1764 407 1893 459 vitae
1918 424 2034 459 usus

131 491 378 559 officiaque
415 490 705 558 requiritur,
760 506 976 557 quaeque
1013 489 1128 540 nihil
1160 489 1303 540 hahet
1343 491 1465 558 quod
1499 491 1795 542 divinitatem
1828 509 1923 542 non
1953 491 2036 542 de-

130 575 290 640 ceat),
347 572 428 642 qui
466 575 653 625 tandem
700 573 916 637 esurire,
973 573 1052 625 vel
1093 573 1301 624 esuriem
1341 575 1556 642 cogitare
1594 576 1778 643 potuit?
1851 573 2035 626 Dolore

128 676 247 709 vero
277 659 513 726 quomodo
544 658 696 727 potuit
722 657 872 720 affici,
926 657 965 707 si
994 657 1149 708 anima
1181 665 1342 707 mente
1371 675 1426 707 ac
1460 658 1776 709 ratiocinandi
1811 660 2036 710 facultate

130 744 354 794 destituta
386 743 555 805 fuerit,
599 752 649 792 ut
682 751 764 793 aut
791 741 995 792 rationis
1021 758 1201 810 expers
1230 749 1389 804 esset,
1447 750 1527 791 aut
1554 742 1760 792 animam
1791 760 1902 794 caro
1931 743 2036 794 nul-

128 829 217 878 lam
249 827 479 878 haberet?
553 822 702 877 Certe
727 826 766 877 si
800 826 1032 877 eiusmodi
1060 825 1176 890 fuit,
1217 825 1382 876 dolore
1412 825 1542 876 nullo
1567 827 1645 877 vel
1672 844 1893 877 moerore
1921 845 2037 878 con-

129 911 251 962 trahi
294 911 462 980 potuit.
542 908 668 962 Sunt
707 919 753 961 et
795 911 886 960 alia
933 909 1127 979 generis
1172 910 1385 960 eiusdem
1429 909 1802 977 quamplurima,
1861 911 2033 978 quibus

126 996 284 1048 animo
310 995 670 1064 comprehensis
706 995 1064 1062 intelligendum
1097 993 1210 1044 illud
1242 994 1379 1045 nobis
1411 1003 1516 1057 est,
1573 993 1808 1044 eiusmodi
1840 995 2033 1045 cavilla-

128 1081 284 1131 tiones
322 1089 369 1130 et
400 1080 614 1147 argutias
654 1079 824 1130 inanes
859 1097 914 1129 ac
948 1095 1337 1148 supervacaneas
1381 1095 1521 1141 esse,
1577 1086 1625 1127 et
1650 1078 1707 1129 ad
1737 1078 1924 1128 illorum
1968 1079 2035 1129 fe-

126 1165 320 1215 riendos
358 1164 542 1214 animos
584 1173 804 1232 spectare
844 1163 1028 1230 potius,
1084 1163 1162 1231 qui
1195 1163 1319 1213 ultra
1363 1180 1501 1230 quam
1538 1180 1625 1231 par
1663 1171 1737 1214 est
1770 1163 1948 1213 efferre
1981 1180 2035 1215 se

125 1248 434 1316 intelligendo
484 1249 676 1310 volunt,
741 1265 895 1315 neque
933 1265 986 1297 se
1032 1264 1089 1297 eo
1132 1247 1289 1297 metiri
1331 1247 1522 1297 modulo
1562 1264 1618 1297 ac
1659 1264 1915 1311 mensura,
1977 1247 2034 1298 ad

127 1350 264 1401 quam
307 1350 394 1384 nos
429 1332 761 1383 sanctissimus
805 1332 1022 1382 hortatur
1067 1332 1342 1400 apostoluS,
1403 1349 1507 1381 cum
1548 1330 1618 1382 sic
1655 1332 1908 1382 admonet:
1961 1334 2265 1389 Nenom.12‚a.

126 1422 360 1483 sapiamus
387 1427 714 1483 praeterquam
753 1420 876 1482 quod
909 1426 1090 1482 oportet
1121 1435 1300 1481 sapere.

266 1501 463 1552 Atcnim
498 1501 750 1552 nonnullas
792 1501 1058 1569 scripturae
1089 1501 1228 1552 nobis
1258 1499 1573 1551 auctoritates
1607 1499 1855 1551 obiiciunt.
1935 1496 2033 1551 Cu·
2113 1509 2210 1562 Cap.

130 1586 334 1636 iusmodi
367 1585 492 1636 istud
521 1594 621 1635 est:
676 1588 776 1634 Nos
803 1595 953 1634 autem
981 1595 1168 1635 mentem
1197 1588 1378 1635 Christi
1399 1586 1641 1644 habemus,
1697 1594 1772 1649 et,
1817 1587 2026 1645 Videsne,
2051 1566 2289 1656 ,ξξξῐῐίᾶ

129 1671 376 1739 inquiunt,
433 1673 612 1719 Christi
651 1680 841 1719 mentem
876 1688 904 1719 α
933 1680 1095 1719 nostra
1127 1688 1225 1719 esse
1265 1673 1529 1719 diversam?
1602 1666 1645 1721 Ο
1676 1669 1922 1720 mirificam
1954 1669 2039 1720 ho-
2210 1646 2221 1665 ⁹

126 1756 305 1805 minum
333 1753 646 1823 imperitiam!
724 1753 852 1804 Nam
885 1755 941 1804 ad
971 1755 1093 1822 quod
1127 1754 1298 1821 cuique
1326 1753 1508 1804 libitum
1536 1762 1612 1804 est
1638 1754 1905 1822 scripturae
1935 1770 2040 1804 ser-

128 1856 295 1903 mones
328 1838 684 1901 accommodat,
727 1847 776 1889 et
807 1838 853 1888 in
891 1856 984 1906 quo
1025 1838 1223 1889 callidus
1256 1846 1302 1888 et
1334 1847 1534 1905 argutus
1574 1855 1682 1889 6556
1712 1838 1931 1902 videtur,
1986 1837 2034 1888 in

127 1941 185 1974 eo
212 1924 316 1992 ipso
346 1923 476 1974 rudis
506 1931 647 1990 atque
673 1922 924 1991 imperitus
953 1923 1188 1973 cernitur.
1266 1920 1459 1972 Etenim
1490 1923 1611 1990 quod
1642 1924 1698 1973 ad
1728 1940 1815 1973 nos
1843 1922 2033 1986 attinet,

128 2007 205 2075 qui
241 2011 447 2073 imperiti
467 2025 676 2057 sermone
707 2025 891 2066 sumus,
948 2026 1039 2056 non
1067 2011 1287 2067 seientia,
1342 2007 1410 2057 uti
1439 2007 1667 2075 scriptum
1701 2015 1802 2071 est,
1858 2007 2032 2075 quique
2056 2020 2288 2067 2.cor.12‚t5.

126 2100 175 2142 et
205 2092 475 2142 mediocres
511 2092 763 2142 admodum
794 2108 962 2142 sumus
982 2131 994 2155 ,
1038 2100 1085 2141 et
1117 2091 1384 2141 istiusmodi
1416 2090 1684 2154 hominum,
1728 2092 1805 2159 qui
1837 2091 1894 2141 ab
1926 2109 2036 2142 eru-

127 2177 306 2226 ditione
338 2175 626 2244 paratissimi
658 2185 799 2239 sunt,
842 2175 1136 2226 admiramur
1164 2175 1381 2243 ingenia,
1423 2175 1582 2226 animo
1608 2175 1924 2226 vehementer
1951 2176 2036 2226 ob-

126 2260 474 2328 stupescimus,
529 2261 652 2328 quod
696 2260 752 2311 ad
788 2261 981 2311 inanem
1021 2278 1077 2310 ac
1117 2260 1412 2327 pertinacem
1451 2277 1590 2311 suum
1627 2260 1769 2310 istum
1814 2277 2031 2311 errorem

124 2345 520 2407 asseverandum,
565 2345 696 2395 illum
732 2345 927 2395 omnino
961 2344 1230 2413 scripturae
1263 2345 1420 2395 locum
1449 2344 1629 2394 afferre
1658 2362 1751 2395 non
1785 2344 2034 2395 dubitave-

125 2429 247 2492 rint,
303 2446 407 2478 cum
439 2446 500 2478 ne
532 2428 774 2479 minimam
820 2428 1007 2497 quidem
1052 2429 1193 2480 istius
1236 2428 1472 2497 dogmatis
1517 2427 1916 2497 significationem
1949 2426 2034 2479 ha*-

126 2513 256 2563 beat.
331 2515 430 2561 Nos
466 2516 611 2572 enim,
666 2513 818 2580 inquit
859 2514 1132 2581 apostolus,
1191 2516 1373 2563 Chresti
1402 2523 1593 2562 mentem
1624 2515 1858 2562 habemus.
1938 2510 2036 2580 Igi-

129 2607 206 2647 tur
235 2596 343 2663 quid
375 2605 553 2646 tantem
587 2593 811 2647 Christus
854 2597 945 2661 sit,
1003 2594 1283 2665 Christique
1327 2615 1495 2660 mens,
1551 2599 1607 2648 de
1638 2597 1731 2648 illis
1760 2598 2033 2666 percontari

128 2700 216 2733 nos
253 2689 461 2749 oportet.
539 2678 646 2730 Hoc
681 2681 868 2748 quidem
897 2681 944 2731 in
973 2682 1080 2732 loco
1111 2682 1235 2733 aliud
1267 2699 1376 2733 esse
1409 2679 1687 2750 Christum,
1732 2682 1858 2732 aliud
1893 2678 2035 2732 Chri-

129 2766 189 2816 sti
218 2765 515 2815 divinitatem
535 2803 547 2827 ,
600 2763 824 2814 arbitrari
856 2782 908 2816 se
937 2766 1287 2817 demonstrant.
1367 2765 1442 2817 Ac
1473 2766 1512 2816 si
1546 2766 1720 2816 mentis
1754 2766 1868 2816 loco-
1892 2762 2035 2817 Chri-

130 2859 254 2901 stum
287 2848 553 2917 accipiant,
613 2845 858 2899 Christum
901 2866 1020 2900 vero
1055 2851 1206 2900 solam
1241 2868 1265 2900 a
1294 2847 1492 2901 Christo
1525 2858 1796 2918 susceptam
1831 2848 2036 2899 hominis

138 2943 356 2985 naturam
401 2933 668 3001 appellent,
728 2933 775 2981 in
824 2932 962 2983 aliam
1011 2951 1099 2983 nos
1147 2935 1474 3001 quaestionem
1521 2933 1801 2984 coniiciunt.
1894 2931 2037 2999 Quod

130 3019 279 3088 igitur
317 3027 423 3088 post
452 3017 832 3068 incarnationem
876 3017 949 3066 dei
981 3017 1179 3067 verbum
1217 3035 1271 3068 ac
1303 3019 1377 3068 dei
1411 3019 1533 3069 filius
1574 3018 1872 3080 declaretur,
1928 3034 2037 3085 per-

132 3104 345 3172 spicuum
377 3111 480 3165 est3
521 3119 575 3151 ac
606 3100 797 3151 tametsi
828 3101 1053 3150 nonnulla
1088 3101 1144 3151 de
1171 3118 1227 3151 ea
1256 3102 1529 3153 testimonia
1557 3101 1911 3152 antecesserint
1935 3100 2036 3167 qui-

128 3188 217 3239 hus
254 3188 475 3238 velante
516 3185 895 3236 incarnationem
932 3181 1155 3235 Christus
1198 3186 1425 3253 appellari
1470 3187 1692 3249 videtur,
1743 3185 1790 3235 in
1821 3185 1923 3251 ipsa
1964 3184 2037 3234 ni-

132 3271 390 3322 hilominus
440 3269 776 3320 incarnatione
818 3269 1136 3336 complentur.
1229 3266 1458 3320 Ceterum
1510 3287 1665 3337 neque
1708 3269 1934 3319 divinitas
1977 3267 2035 3318 ab

133 3356 235 3424 ipsa
284 3352 465 3406 Christi
507 3354 823 3422 appellatione
863 3353 1152 3415 secluditur,
1210 3370 1364 3421 neque
1397 3352 1524 3404 illius
1561 3353 1829 3404 incarnatio
1868 3360 1917 3402 et
1952 3352 2037 3402 hu-

135 3457 276 3489 mana
316 3447 537 3506 suscepta
585 3447 754 3488 natura
788 3436 892 3487 sine
931 3437 1012 3487 tali
1052 3436 1288 3487 vocabulo
1321 3437 1613 3487 nominatur.
1690 3435 1839 3487 Velut
1875 3436 1923 3486 in
1957 3436 2038 3486 illo

132 3523 238 3572 loco
268 3531 484 3572 constat:
525 3525 599 3570 Ne
625 3526 803 3571 dureris
835 3526 881 3571 in
913 3525 1051 3570 eorde
1082 3531 1184 3580 tuo,
1230 3524 1341 3584 Quis
1372 3525 1582 3570 aseendit
1608 3525 1655 3569 z‘n
1684 3523 1896 3569 eoelum?
1947 3523 2033 3570 hoc
2052 3540 2161 3575 Rom.
2185 3539 2282 3585 10,c.

132 3617 204 3655 est
226 3609 457 3655 Christum
484 3610 733 3666 deducere,·
775 3616 873 3666 aut,
919 3608 1029 3668 Quis
1058 3608 1301 3653 descendet
1325 3609 1372 3653 z'n
1398 3607 1611 3669 abyssum
1628 3610 1651 3652 ?
1688 3608 1774 3653 hoe
1799 3614 1870 3654 est
1899 3608 2035 3654 Chri-

131 3700 249 3738 stum
277 3709 301 3738 e
335 3693 527 3738 mortuis
554 3694 793 3739 deducere.
875 3688 1134 3739 Praeterea
1166 3688 1290 3738 idem
1323 3689 1425 3757 ipse
1465 3688 1533 3738 sic
1574 3688 1816 3755 loquitur:
1878 3693 1938 3739 Ut
1962 3709 2037 3739 eo·
2052 3708 2285 3753 loann.1·1‚3.

129 3783 364 3836 gnoseunt
404 3783 446 3821 te
489 3777 635 3822 solum
681 3778 838 3832 deum,
901 3783 948 3822 et
986 3791 1116 3840 quem
1160 3776 1330 3823 mz'sz'stz'
1367 3776 1517 3823 Iesum-
1565 3776 1815 3824 Christum.
1897 3773 2035 3843 Quae
