2508 4134
895 300 1075 341 INDEX.
1104 300 1307 342 RERUM.

157 397 380 440 Hei-bariae
407 399 466 440 rei
493 399 716 453 scriptores
744 402 782 439 3.

1950 287 2050 339 759

1131 399 1267 441 Homo
1297 399 1394 455 quid
1421 400 1547 441 distet
1575 413 1599 438 a
1630 397 1716 438 viro
1745 400 1839 438 261.

156 467 379 510 Hei-bariae
406 469 466 510 rei
494 483 584 510 cum
607 469 858 518 haereseon,
887 466 1074 507 instituta
1133 470 1268 523 Imago
1311 469 1377 510 dei
1419 470 1458 510 in
1512 468 1676 510 homine
1731 466 1797 507 ubi
1855 465 2053 508 consistat

161 570 163 573 .
211 539 558 580 commentatione
587 537 838 592 comparatio
868 540 905 579 3.

156 607 482 650 Herodianorum
502 608 680 650 haeresis
701 621 806 663 quae
823 614 886 647 est
901 606 1075 660 septima

212 677 450 719 ludaeorum
477 681 547 719 45.
572 700 629 710 --
682 677 789 719 unde
818 675 919 717 dicti
945 675 1044 717 ibid.

156 747 331 788 Herodis
361 748 477 803 origo
501 750 570 790 45.
600 771 651 778 —
694 754 737 787 et
759 746 958 801 probatur
983 759 1074 786 eum

209 831 294 858 non
336 817 460 858 fuisse
505 817 709 858 Christum
750 823 1009 871 expectatum
1051 830 1074 856 a

208 886 396 941 gentibus
425 895 569 929 contra
597 886 856 928 Herodianos
884 890 952 926 46.

154 956 450 998 Hieracitarum
474 956 655 999 haeresis
682 956 986 1011 quadragesima
1004 970 1073 996 se—

209 1027 337 1081 ptima
398 1027 540 1068 ordine
598 1025 847 1080 sexagesima
900 1025 1074 1080 septima

210 1099 302 1137 907.
331 1121 378 1128 -—-
410 1097 516 1138 unde
543 1096 653 1138 dicta
675 1096 848 1137 ibid.—
898 1095 965 1136 ubi
996 1109 1072 1135 au-

209 1174 302 1207 ctor
346 1166 454 1208 illius
482 1166 584 1207 vixit
611 1166 710 1207 ibid.
754 1190 806 1197 —
877 1166 1074 1206 Hieracae

206 1236 377 1277 historia
400 1235 498 1276 ibid.
527 1260 576 1267 -
610 1235 694 1277 eius
720 1249 878 1276 errores
906 1235 1002 1276 ibid.
1022 1259 1071 1266 —

208 1307 292 1347 vita
333 1307 411 1346 fuit
449 1305 696 1347 admirabilis
738 1308 831 1346 710.
871 1329 924 1337 -
991 1318 1072 1345 nu-

207 1376 313 1431 ptias
341 1376 583 1431 repudiabat
609 1375 708 1417 ibid.
738 1397 795 1406 -—
835 1375 977 1431 quibus
1007 1383 1074 1415 te-

208 1446 409 1487 stimoniis
468 1460 583 1487 suum
640 1459 820 1486 errorem
882 1444 1075 1499 probaret

208 1517 307 1556 ibid.
337 1540 391 1549 —
448 1530 596 1571 pueros
625 1523 721 1556 ante
758 1514 928 1556 rationis
959 1528 1074 1554 usum

207 1595 393 1628 mortuos
447 1586 595 1627 salvari
652 1585 828 1640 negabat
883 1588 975 1625 711.
1018 1607 1072 1615 —-

207 1656 511 1698 Melchisedech
566 1662 685 1710 putat
741 1669 829 1695 esse
884 1654 1073 1708 spiritum

203 1734 392 1767 sanctum
432 1725 532 1766 ibid.
577 1748 626 1756 -
697 1724 847 1779 probat
889 1738 939 1764 ex
966 1723 1073 1764 libro

206 1796 347 1837 Esaiae
372 1795 440 1851 qui
466 1795 708 1836 Anabaticus
733 1794 881 1835 dicitur
913 1797 1004 1834 712.
1019 1816 1069 1824 -

204 1880 314 1906 mors
332 1866 417 1906 eius
434 1873 476 1906 et
491 1873 680 1906 senectus
695 1864 889 1905 acerrima
900 1864 999 1904 ibid.
1022 1888 1071 1894 —

206 1936 290 1976 eius
333 1935 530 1977 refutatio
572 1935 672 1976 ibid.
706 1958 755 1965 —
815 1941 1075 1988 comparatur

208 2021 297 2049 cum
337 2006 414 2056 iis,
454 2020 626 2061 quornm
665 2018 804 2044 sensus
845 2013 938 2044 sunt
979 2018 1071 2044 cor-

205 2077 315 2132 rupti
347 2079 438 2117 713.
471 2100 519 2106 -
563 2075 770 2116 refutatur
799 2074 939 2128 opinio
967 2074 1073 2114 illius

205 2147 258 2187 de
287 2147 422 2201 pueris
453 2144 739 2186 innocentibus
756 2174 766 2192 ‚
795 2144 1074 2198 probaturque

207 2231 277 2258 eos
307 2216 486 2257 salvatos
515 2224 558 2256 et
590 2229 677 2255 eam
707 2222 882 2255 aetatem
911 2214 1074 2268 placere

206 2287 286 2327 deo
314 2285 412 2328 ibid.
442 2309 494 2317 —-
539 2285 617 2326 alia
646 2284 843 2325 refutatio
873 2283 979 2324 circa
1002 2298 1072 2324 re-

207 2350 501 2398 surrectionem
546 2359 638 2397 714.
673 2378 722 2385 -
779 2354 877 2394 item
910 2353 962 2393 de
991 2368 1071 2394 nu-

205 2426 302 2482 ptiis
331 2425 430 2466 ibid.

150 2496 426 2537 Hierichuntis
454 2495 652 2548 ambitus,
681 2503 723 2535 et
751 2493 959 2550 quomodo
988 2494 1072 2534 eius

205 2567 366 2607 moenia
396 2565 648 2607 conciderint
679 2568 770 2606 702.
803 2590 854 2596 -
899 2573 941 2606 et
969 2580 1066 2620 pec-

207 2644 296 2677 cata
327 2636 665 2676 Anici-rhaeorum
691 2635 858 2676 exitium
887 2635 976 2676 urbi
1004 2644 1071 2675 at·-

207 2707 390 2747 tulerunt
416 2705 515 2746 ibid.

152 2776 332 2818 Historia
374 2775 597 2816 nativitatis
628 2775 773 2816 beatae
801 2775 955 2816 Mariae
986 2776 1071 2816 vir-

207 2846 312 2901 ginis
345 2849 465 2886 1062,

151 2917 320 2959 Homeri
350 2931 486 2956 versus
515 2916 584 2970 qui
621 2916 662 2956 in
692 2915 792 2956 alios
823 2929 963 2955 sensus
994 2916 1066 2956 de-

204 2994 423 3041 torquent,
455 2986 606 3026 similes
641 2993 736 3026 sunt
763 2985 811 3025 iis
841 2985 907 3039 qui
939 2985 1072 3026 verbis

204 3057 428 3111 scripturae
457 3056 510 3097 ad
536 3070 649 3096 suam
677 3056 898 3096 abutuntur
925 3055 1072 3096 haere-

206 3127 280 3168 sim
314 3129 407 3167 200.

151 3196 476 3251 Homeri-patria
498 3210 645 3249 anceps
668 3195 721 3235 de
747 3209 825 3249 qua
856 3195 965 3235 varie
992 3195 1069 3235 du-

204 3268 380 3309 bitatum
410 3269 502 3307 326.

152 3338 347 3380 Homines
384 3338 424 3377 in
456 3336 622 3390 angelos
652 3350 905 3390 nequaquam
934 3343 1070 3375 trans-

207 3408 376 3450 formari
407 3411 497 3448 556.

153 3479 347 3519 Homines
371 3478 579 3532 quomodo
605 3491 692 3517 esse
716 3476 875 3530 possint
900 3475 1071 3516 immor-—

207 3548 309 3589 tales
340 3551 432 3588 553.

151 3618 346 3659 Homines
370 3619 410 3658 in
439 3618 736 3659 resurrectione
762 3616 968 3672 quomodo
994 3631 1071 3657 an-

208 3687 307 3741 gelis
337 3688 525 3729 dicantur
555 3689 647 3729 fore
675 3687 824 3728 similes
853 3690 946 3726 558.

155 3757 290 3797 Homo
320 3758 526 3812 quomodo
557 3758 741 3800 mortalis
777 3771 825 3797 ex
854 3756 1071 3797 immortali

209 3826 261 3866 sit
292 3827 422 3868 sactus
454 3832 547 3869 543.

1188 543 1280 580 813.
1298 564 1351 570 —
1380 540 1514 580 variae
1530 538 1581 578 de
1596 551 1646 578 eo
1663 537 1873 592 opiniones
1886 539 1981 577 814.
1996 558 2051 566 --

1186 609 1320 663 imago
1350 609 1414 649 dei
1444 610 1483 650 iu
1512 608 1677 648 homine
1703 621 1787 648 non
1817 605 1941 660 periit
1967 603 2052 646 ibi-

1185 678 1291 720 dem.
1323 703 1375 709 —
1417 693 1500 719 non
1530 691 1617 718 esse
1645 677 1685 717 in
1714 677 1846 718 anima
1871 674 2052 731 positam

1185 748 1399 803 imaginem
1441 748 1508 789 dei
1546 751 1637 789 815.
1673 770 1721 778 —-
1781 759 1928 800 corpus
1968 758 2051 785 non

1187 832 1276 858 esse
1304 818 1357 858 ad
1386 818 1601 871 imaginem
1629 816 1695 857 dei
1726 814 1824 856 ibid.
1858 837 1910 846 -
1966 823 2051 857 non

1189 902 1275 927 esse
1302 887 1519 942 imaginem
1548 886 1614 927 dei
1641 886 1683 927 in
1710 885 1862 926 virtute
1880 887 1974 925 816.
2000 906 2050 915 -

1188 971 1267 998 non
1298 972 1385 998 esse
1413 958 1453 998 in
1483 956 1687 1011 baptismo
1715 954 1813 995 ibid.

1131 1027 1319 1068 Hominis
1353 1041 1489 1068 caussa
1521 1034 1654 1067 creata
1683 1033 1778 1065 sunt
1808 1023 1970 1076 omnia,
2010 1029 2053 1065 et

1186 1098 1272 1152 ipse
1301 1098 1472 1138 mundus
1501 1104 1563 1136 est
1588 1104 1782 1150 tanquam
1802 1092 2052 1149 praetorium

1187 1166 1342 1208 homini
1383 1175 1568 1221 paratum
1611 1168 1704 1206 540.
1752 1187 1801 1195 —-
1873 1162 1970 1218 quid
1997 1162 2052 1204 sit

1188 1237 1352 1291 proprie
1379 1238 1504 1277 homo
1535 1239 1629 1276 541.
1653 1258 1704 1266 —-
1754 1233 1930 1275 hominis
1954 1246 2052 1288 prae

1188 1307 1332 1347 ceteris
1362 1307 1537 1361 dignitas
1566 1309 1659 1346 542.

1132 1377 1249 1418 Hosii
1280 1377 1426 1417 literae
1454 1380 1548 1416 881.

1133 1447 1328 1502 Hydrops
1370 1446 1570 1501 serpentis
1612 1459 1739 1500 genus
1778 1458 1828 1484 ex
1866 1443 1980 1499 aquis
2008 1442 2051 1484 in

1187 1527 1338 1558 terram
1367 1531 1604 1571 emergenS‚
1649 1523 1690 1555 et
1731 1515 1876 1555 eodem
1916 1525 2052 1554 rursus

1187 1603 1231 1628 se
1258 1588 1457 1643 recipiens
1486 1591 1552 1627 81.
1953 1592 1955 1594 '

1131 1659 1375 1713 Hypostasis
1404 1656 1628 1712 appellatio
1645 1687 1656 1707 ‚
1688 1663 1731 1697 et
1758 1653 1967 1710 quomodo
1995 1652 2047 1693 ab

1187 1728 1450 1769 orientalibus
1506 1727 1747 1781 hypostases
1809 1730 2051 1778 usurpentur

1188 1803 1281 1839 863.

1578 1924 1604 1962 l.

1132 2011 1301 2052 Iacobus
1332 2023 1410 2064 qua
1438 2015 1571 2049 aetate
1609 2005 1650 2045 in
1690 2009 1918 2059 Aegyptum
1946 2016 2051 2059 pro-

1187 2081 1318 2121 fectus
1349 2083 1415 2119 17.

1132 2150 1301 2191 lacobus
1344 2147 1559 2189 duodecim
1601 2145 1918 2202 patriarcharum
1971 2157 2050 2198 pa-

1187 2235 1303 2270 rens,
1333 2232 1552 2273 eorumque
1582 2214 1832 2257 enumeratio
1862 2216 1927 2253 10.
1958 2216 2022 2254 11.

1131 2290 1266 2331 Iacobi
1294 2290 1403 2330 lucta
1433 2303 1523 2330 cum
1551 2286 1697 2340 angelo
1735 2287 1800 2326 10.

1132 2361 1267 2401 lacobi
1296 2374 1441 2401 nomen
1473 2372 1631 2399 versum
1659 2357 1700 2396 in
1731 2354 1858 2396 lsrael
1888 2357 1954 2396 10.

1133 2431 1298 2472 lacobus
1343 2429 1497 2470 domini
1552 2429 1678 2468 frater
1731 2424 1892 2477 losepbi
1944 2422 2050 2464 filius

1185 2502 1336 2556 primus
1365 2499 1542 2541 omnium
1569 2498 1781 2552 episcopus
1805 2493 2052 2548 Hierosoly—

1186 2572 1260 2611 mis
1292 2571 1371 2611 suit
1398 2573 1491 2610 119.

1131 2642 1267 2683 iacobi
1309 2641 1379 2680 filii
1410 2638 1570 2694 Iosephi
1601 2637 1885 2693 praerogativa
1912 2643 1955 2676 et
1982 2633 2050 2676 di-

1185 2712 1316 2766 gnitas
1347 2714 1440 2750 119.

1133 2782 1267 2823 iacobi
1298 2781 1516 2836 posteritas
1547 2783 1613 2819 10.

1132 2852 1269 2893 iacobi
1311 2857 1585 2905 cognomento
1631 2847 1723 2888 iusti
1762 2845 1961 2895 historia,
2008 2853 2050 2886 et

1185 2921 1425 2976 martyrium
1455 2923 1576 2960 1046.

1133 2992 1298 3032 lacobus
1328 2992 1455 3031 frater
1491 2988 1647 3030 domiui
1688 2994 1789 3042 quot
1815 2999 1942 3027 annos
1971 3000 2049 3027 na-

1185 3071 1250 3102 tus
1280 3076 1303 3101 e
1331 3061 1413 3101 vita
1442 3058 1675 3100 discesserit
1705 3059 1826 3098 1045.

1134 3131 1300 3172 lacobus
1344 3130 1455 3170 idem
1496 3144 1585 3170 cum
1628 3127 1873 3169 sacerdotali
1921 3126 2050 3182 stirpe

1186 3200 1423 3240 coniunctus
1450 3198 1548 3239 ibid.

1131 3269 1367 3310 laldabaoth
1397 3268 1633 3309 Bau-belonis
1663 3281 1762 3321 puer
1791 3274 1888 3306 natu
1927 3264 2049 3315 filius,

1188 3347 1230 3379 et
1263 3338 1355 3379 libri
1385 3339 1458 3378 sub
1488 3338 1571 3378 eius
1601 3337 1766 3377 nomine
1798 3339 1861 3377 78.

1134 3408 1262 3449 {aredi
1305 3416 1490 3462 tempore
1533 3406 1711 3458 scelera,
1764 3405 1960 3448 veneficia
1999 3419 2048 3447 ac

1187 3477 1390 3532 nequitiae
1418 3477 1658 3532 prodierunt
1686 3481 1723 3516 4.

1134 3549 1276 3588 lcesius
1306 3556 1448 3588 auctor
1477 3552 1569 3588 223.
1600 3547 1713 3601 (cod.
1744 3549 1870 3598 Ven.)

1132 3607 1388 3658 Idololatriae
1418 3618 1532 3672 origo
1563 3621 1686 3658 1061.

1132 3687 1368 3728 Idololatria
1397 3689 1559 3742 quando
1590 3689 1772 3743 coeperit
1803 3692 1838 3729 7.

1130 3757 1307 3797 Idumaei
1353 3758 1509 3812 posteri
1537 3760 1640 3800 Esau
1680 3759 1884 3815 principes
1918 3759 2048 3803 Edam

1187 3830 1251 3867 10.
