2508 4134
254 977 339 1014 pag.
361 969 436 1005 878.

199 1299 312 1356 Κεφ.
339 1297 426 1356 κη’.

223 3198 334 3254 Κεφ.
361 3197 445 3242 κδ’.

475 253 575 307 124
1177 259 1382 303 SANCTI
1412 261 1698 302 ΕΡῙΡΗΑΝΠ

457 368 534 416 λοι
563 361 690 424 τινὲς
718 358 832 414 ἄλλο
859 357 1019 429 τάγμα
1043 359 1129 414 καὶ
1156 350 1295 412 οὗτοι
1323 356 1578 429 γεγόνασι,
1628 358 1715 411 καὶ
1741 350 1807 426 ἦν
1836 355 1892 411 τὸ
1923 361 2026 411 πᾶν
2050 360 2250 427 κυβείας
2280 364 2306 398 ⁸
2322 360 2351 414 ἔ
2368 366 2405 413 ”’-,

460 454 620 501 πλεων
645 444 701 500 τὸ
727 448 892 516 ἔργον·
932 443 965 497 ἃ
988 442 1081 514 γάρ
1111 445 1315 507 ἕκαστος
1337 442 1567 514 ἐφρόνει,
1605 449 1758 497 ταῦτα
1790 444 1872 496 καὶ
1902 440 1932 496 ό
1959 444 2120 514 ἕτερος
2144 442 2298 514 εἶχεν,
2334 382 2404 509 εἷς

462 537 695 601 σχίσματα
729 531 782 584 δὲ
815 531 1126 604 διῃρέθησαν
1155 527 1284 601 πρδς
1310 529 1575 598 ἀλλήλους,
1627 527 1661 598 ἢ
1687 532 1815 598 μίσει
1841 529 1938 582 τινὶ
1970 535 1994 567 ⁶
2013 535 2081 601 τῷ
2112 529 2238 601 πρὸς
2260 528 2406 600 ἀλλή-

456 624 599 682 λους,
653 614 736 671 διά
763 614 817 670 τδ
850 614 1095 687 Κύριλλον
1117 613 1203 669 τόν
1227 613 1611 687 Ἱεροσολυμίτην
1651 613 1778 684 πρὸς
1803 611 2048 683 Εὕτύχιον
2079 616 2202 684 ἔχειν
2238 621 2402 685 μῆνιν,

459 706 546 757 καὶ
576 708 601 740 7
619 700 866 771 Εὖτύχιον
894 700 1021 773 πρὸς
1042 700 1302 772 Κύριλλον,
1339 698 1463 755 εἶναι
1489 702 1542 754 δὲ
1568 701 1655 756 τὸν
1676 699 1919 770 Κύριλλον
1947 697 2051 768 ἅμα
2070 704 2305 775 Βασιλείῳ
2333 706 2404 776 τῷ

460 786 656 862 Γαλάτῃ
672 831 686 854 ,
722 790 808 842 καὶ
834 786 1043 863 Ἀνιανῷ
1070 794 1139 861 τῷ
1165 788 1525 841 κατασταθέντι
1552 789 1634 842 ἐπὶ
1659 793 1749 855 τῆς
1764 785 2090 855 Ἀντιοχείας,
2126 788 2211 840 καὶ
2241 792 2403 858 Γεωρε

458 877 548 947 γίῳ
579 879 648 947 τῷ
684 876 1002 936 Λαοδικείας.
1086 877 1144 926 Τί
1182 874 1236 927 δὲ
1275 875 1631 943 κατατρίβομαι
1668 870 1756 935 τάς
1798 871 1956 936 τάξεις
1998 875 2202 943 διαιρῶν
2237 893 2288 926 τε
2316 874 2403 927 καὶ

457 961 634 1031 λέγωνς
689 957 943 1028 ἐλεύσομαι
981 959 1035 1013 δὲ
1075 961 1144 1021 εἰς
1180 957 1269 1021 τὰς
1294 956 1482 1012 τούτων
1521 958 1821 1023 ἀντιθέσεις,
1873 959 1960 1011 καὶ
2001 956 2288 1029 ἀνατροπὴν
2314 963 2405 1028 τῆς

459 1045 667 1100 ἑκάστου
703 1044 893 1099 τούτων
932 1043 1226 1112 δολιότητος.
1302 1050 1396 1097 Δεῖ
1427 1044 1483 1097 δέ
1520 1065 1579 1112 με
1602 1049 1801 1114 πρῶτον
1826 1045 2064 1114 περὶτῶν
2092 1043 2300 1115 ὕστερον
2324 1064 2402 1115 γε-

456 1130 675 1203 γονάτων
710 1132 877 1203 λέγειν.
952 1131 1249 1200 Συμβέβηκε
1277 1127 1370 1201 γάρ
1397 1130 1548 1184 τοῦτο’
1583 1147 1709 1182 τισιν
1747 1131 1816 1193 εἰς
1853 1128 2171 1200 ἀγαθότητα,
2226 1130 2324 1183 τισὶ
2348 1129 2404 1184 δὲ

459 1220 530 1281 εἰς
566 1221 823 1288 πονηρίαν.

600 1304 843 1366 Μελέτιος
881 1303 969 1371 μὲν
1009 1301 1102 1374 γάρ
1145 1300 1175 1356 ὅ
1213 1303 1266 1355 ἐν
1302 1298 1568 1373 Ἀντιοχείᾳ
1614 1300 1978 1362 ικατασταθεὶς
2011 1297 2112 1353 ὖπὸ
2148 1305 2250 1354 τῶν
2289 1300 2403 1370 περὶ

455 1389 686 1444 Ἀκάκιον
724 1391 975 1453 (ἐντεῦθεν
1013 1386 1104 1459 γάρ
1145 1389 1343 1458 γέγονεν
1379 1392 1470 1440 τοῦ
1498 1386 1740 1439 Ἀκακίου
1780 1387 2001 1449 ἔνστασις
2038 1383 2163 1454 ὑπὲρ
2189 1391 2279 1440 τοῦ
2309 1383 2404 1439 κάν

456 1476 621 1547 ὀλίγον
654 1498 698 1528 τι
729 1473 1066 1544 ἀποστρέψειν
1106 1479 1194 1541 τῆς
1230 1471 1509 1536 κακοδόξου
1546 1469 1711 1525 αὐτῶν
1749 1469 1974 1542 γνώμης,
2024 1472 2109 1524 καὶ
2140 1467 2402 1538 ἳῦποφαί·

456 1583 558 1615 νειν
587 1559 764 1615 ἑαυτὸν
791 1564 949 1628 δῆθεν
976 1561 1029 1613 ἐν
1058 1556 1379 1630 ὄρθοδόξοις,
1435 1556 1517 1611 διὰ
1543 1556 1597 1612 τὸ
1626 1561 1899 1626 βεβαιῶσαι
1933 1555 2019 1611 τὸν
2046 1557 2405 1628 προειρημένον

458 1649 705 1701 Μελέτιον
742 1649 794 1701 ἐν
831 1651 891 1720 τῇ
927 1647 1261 1709 καταστάσει)·
1313 1645 1644 1706 κατασταθεὶς
1684 1641 1774 1714 γὰρ
1818 1641 1848 1697 ὅ
1873 1643 2116 1706 Μελέτιος
2144 1636 2292 1706 οὗτος
2317 1639 2404 1697 ὕπ’

458 1730 621 1787 αὐτῶν
648 1738 748 1786 τῶν
777 1733 888 1802 περὶ
914 1729 1170 1795 Ἀκάκιον,
1228 1733 1472 1798 ἐνομίζετο
1503 1727 1618 1801 παρ’
1650 1729 1817 1783 αὐτῶν
1857 1726 1983 1783 εἶναι
2008 1731 2097 1799 τῆς
2126 1726 2291 1783 αὐτῶν
2320 1726 2402 1783 δό-

457 1823 563 1887 ξης·
617 1815 713 1871 ἀλλ’
751 1815 840 1887 οὔχ
881 1815 1093 1888 εὑρέθη,
1152 1814 1219 1880 οἷς
1255 1817 1426 1870 πολλοὶ
1465 1817 1579 1887 περὶ
1617 1813 1798 1869 τούτου
1839 1813 2211 1887 ἀπαγγέλλουσι.
2288 1819 2403 1869 Νῦν

457 1905 545 1973 μὲν
585 1902 680 1975 γάρ
720 1907 772 1958 οἷ
801 1901 935 1977 αὐτῷ
968 1903 1433 1974 3προςκεκλιμένοι,
1483 1902 1570 1955 καὶ
1604 1906 1673 1973 τῷ
1703 1899 1860 1954 αὐτοῦ
1888 1899 2121 1972 τάγματι,
2182 1898 2281 1956 ἀπδ
2313 1904 2404 1955 τοῦ

456 1993 643 2045 ἐκεῖνον
683 1990 771 2058 μὲν
810 1992 1079 2059 δεδιῶχθαι
1122 1990 1207 2042 καὶ
1251 1990 1582 2057 ἐκβεβλῆσθαι
1623 1984 1720 2040 ἀπό
1762 1991 1852 2039 τοῦ
1892 1988 2022 2040 ἰδίου
2061 1983 2284 2057 θρόνου,
2337 1974 2408 2060 τῷ

455 2075 617 2149 χρόνῳ
647 2076 734 2129 καὶ
758 2081 819 2150 τῇ
846 2080 1070 2149 παρολκῇ
1098 2080 1188 2128 τοῦ
1212 2077 1480 2142 δεδιῶχθαι
1509 2075 1889 2143 προςβαίνοντες
1916 2074 2001 2126 καὶ
2025 2073 2407 2143 προςτιθέμενοι

458 2160 542 2216 διὰ
566 2159 655 2215 τόν
682 2159 806 2215 θεὸν
833 2158 1209 2232 όρθοδοξοῦσιν.
1271 2153 1430 2212 Ἦσαν
1470 2159 1559 2227 μὲν
1599 2157 1691 2229 γάρ
1726 2160 1777 2212 οἷ
1803 2159 1913 2211 λαοὶ
1946 2161 2145 2221 πλείους
2172 2164 2263 2212 τοῦ
2295 2156 2407 2230 τάγ-

459 2269 611 2316 ματος
654 2245 836 2300 τούτου
864 2253 955 2301 τοῦ
982 2242 1072 2314 ’τῆς
1099 2244 1320 2299 συνόδου
1362 2248 1414 2298 οἳ
1452 2243 1757 2306 ἐπισκόπους
1786 2249 1813 2280 4
1830 2244 2025 2306 ἑαυτοῖς
2053 2243 2408 2308 κατατάξαντες

459 2330 759 2404 ὁμολογοῦσι
790 2333 905 2401 περὶ
931 2334 1045 2385 υἷοῦ
1072 2335 1404 2398 θαυμαστῶς,
1442 2331 1526 2383 καὶ
1555 2328 1610 2384 τὸ
1643 2326 1915 2398 ὅμοούσιον
1943 2327 2037 2384 οὐκ
2067 2329 2405 2397 ἐκβάλλουσιν,

459 2415 578 2471 ἀλλά
607 2418 693 2470 καὶ
721 2419 773 2471 ἐν
811 2419 1017 2491 ἑτοίμῳ,
1076 2422 1100 2454 ⁵
1118 2415 1189 2479 ὥς
1219 2434 1367 2483 φασι,
1421 2422 1569 2469 τοῦτο
1605 2417 1755 2484 ἔχειν,
1810 2417 1854 2468 εἰ
1882 2416 2067 2485 γένοιτο
2097 2414 2307 2478 σύνοδος
2336 2436 2408 2469 τε·

455 2506 586 2568 λεία,
626 2501 908 2573 ὁμολογεῖν,
947 2504 1031 2555 καὶ
1057 2500 1125 2570 μὴ
1155 2500 1428 2572 ἀρνεῖσθαι.
1503 2502 1801 2569 Συμβέβηκε
1828 2499 1922 2572 γάρ
1951 2499 2103 2554 αὐτόν
2129 2497 2408 2572 τδνχπροει-

458 2590 671 2659 ρημένον
712 2587 1007 2656 τιμιώτατον
1053 2593 1075 2624 ⁶
1099 2588 1344 2640 Μελέτιον
1388 2584 1488 2640 ἀπὸ
1531 2592 1630 2640 τῶν
1677 2585 1944 2655 Ἀρειανῶν
1983 2592 2082 2640 τῶν
2118 2587 2236 2657 περὶ
2265 2582 2408 2639 'And-

456 2696 568 2727 κιον
594 2675 966 2727 κατασταθέντα
999 2673 1173 2746 πρώτη
1212 2675 1504 2745 προςομιλίᾳ
1532 2670 1601 2734 οἷς
1627 2670 1853 2743 ἀπαρχὴν
1896 2673 1979 2727 ἐπὶ
2007 2678 2094 2740 τῆς
2123 2669 2408 2742 Ἀντιοχέων

459 2758 795 2830 ἐξηγήσασθαι
837 2761 960 2814 Τέπὶ
996 2765 1085 2828 τῆς
1122 2761 1407 2826 ἐκκλησίας,
1446 2759 1531 2811 καὶ
1566 2755 1634 2820 οἷς
1663 2758 1750 2826 μὲν
1784 2761 1837 2812 οἴ
1869 2761 2067 2821 πλείους
2103 2758 2283 2823 φασὶν,
2323 2756 2405 2827 ὄρ-

458 2844 702 2909 θοδόξως.
800 2844 903 2914 Τὴν
959 2846 1012 2900 δὲ
1066 2842 1221 2898 αὐτοῦ
1278 2842 1504 2914 ἐξήγησιν
1561 2846 1782 2898 ἐνταῦθα
1837 2842 2214 2916 παραθήσομαι.
2305 2843 2408 2895 Καὶ

461 2933 590 2985 ἔστιν
625 2930 728 3000 ἥδε.

924 3101 1314 3148 ΑΝΤΙΓΡΑΦΟΝ
1346 3102 1603 3146 ΟΜΙΛῙΑΣ
1633 3101 1964 3146 ΜΕΛΕΤΙΟΥ.

608 3200 664 3257 ‘O
690 3204 778 3271 μὲν
801 3201 1088 3269 σοφώτατος
1117 3199 1464 3269 ἐκκλησιαστής
1498 3218 1623 3268 φησι
1645 3197 1843 3270 ἀγαθὴν
1871 3199 2076 3268 ἐσχάτην
2103 3196 2252 3269 λόγου
2282 3176 2413 3269 ὑπὲρ

462 3286 825 3359 ἀρχήναῦτοῦ,
878 3287 980 3361 ὅσῳ
1006 3285 1224 3357 κρεῖττόν
1254 3288 1349 3340 ἐστι
1374 3288 1458 3339 καὶ
1489 3284 1843 3353 ἀσφαλέστερον
1880 3283 2133 3338 παύεσθαι
2168 3290 2258 3352 τῆς
2297 3285 2408 3355 περὶ

458 3372 513 3427 vo*
553 3376 703 3445 λέγειν
745 3372 982 3444 ἀγωνίας,
1035 3371 1069 3441 ἢ
1107 3370 1356 3442 ἄρχεσθαι.
1432 3369 1660 3425 Μάλισθ’
1699 3370 1780 3425 ὅτε
1814 3369 1843 3424 o‘
1869 3368 2021 3433 αὐτός
2059 3367 2409 3438 ἐκκλησιαστής
2494 3388 2508 3397 “

464 3477 610 3526 φησι,
663 3459 807 3528 Αὕτη
838 3458 873 3528 ἦ
899 3462 1054 3527 σοφία
1082 3463 1169 3512 τοῦ
1205 3459 1416 3526 πένητος
1457 3458 1848 3525 ἔξουθενημένη,
1899 3458 1983 3510 καὶ
2014 3459 2066 3510 οἷ
2090 3455 2228 3527 λόγοι
2253 3454 2410 3509 αὐτοῦ

518 3605 556 3645 5.
589 3602 729 3647 ἔπλεον
760 3607 844 3646 cod.
876 3607 1039 3657 Rhediy.
1521 3603 1616 3644 CAP.
1645 3602 1848 3642 XXVIII.
1881 3626 1936 3633 -
1980 3604 2014 3643 1.
2045 3599 2247 3650 xatcffielc
2269 3603 2409 3642 vitium

515 3659 556 3702 6.
586 3661 647 3715 τῷ
679 3674 754 3701 om.
787 3664 871 3703 cod.
899 3664 1060 3713 Rhediy.
1463 3663 1516 3700 est
1545 3662 1603 3700 ed.
1633 3662 1768 3700 Petav.
1801 3660 1931 3701 Colon.
1950 3664 2067 3711 repet.

515 3716 553 3759 7.
600 3713 787 3773 εὖτύχιος
811 3720 924 3759 codd.
941 3731 1032 3762 mss.
1059 3723 1229 3771 uterque,
1259 3723 1294 3759 et
1316 3720 1408 3760 edit.
1522 3716 1562 3757 2.
1596 3712 1815 3770 ὗποφαίνει
1843 3719 1954 3757 codd.
1986 3729 2078 3757 mss.
2108 3720 2276 3766 uterque.

458 3777 584 3826 princ.
1524 3771 1565 3813 3.
1597 3775 1658 3813 Ita
1687 3775 1849 3814 correxi.
1908 3775 2017 3814 Libri
2057 3774 2197 3814 habent
2236 3783 2408 3826 προςκε-

1470 3827 1678 3883 κλημένοι.
