2508 4134
464 281 558 334 180
1166 286 1367 328 SANCTI
1399 287 1682 328 ΕΡΙΡΗΑΝΠ

455 388 537 441 δὲν
566 383 831 438 διαλλάττει
861 377 1007 445 οὗτος
1032 380 1235 436 τούτου·
1288 387 1376 451 μία
1405 382 1497 454 γάρ
1526 385 1626 437 ἐστι
1658 382 1822 445 τάξις,
1875 382 1961 435 καὶ
1986 385 2103 450 μία,
2141 385 2283 452 φησὶ,
2321 407 2390 439 τι·

455 470 552 540 μὴ,
607 471 692 523 καὶ
728 473 787 523 ’ἓν
832 467 1034 537 ἀξίωμα.
1138 474 1452 536 Χειροθετεῖ,
1512 470 1661 536 φησὶ,
1716 470 2010 531 ἐπίσκοπος,
2067 466 2186 522 ἄλλά
2232 470 2317 522 καὶ
2357 466 2391 523 ὅ

454 555 804 625 πρεσβύτερος·
854 551 1060 620 λουτρόν
1091 557 1291 608 δίδωσιν
1322 551 1351 607 ό
1382 556 1677 623 ἐπίσκοπος,
1729 550 1912 620 ὁμοίως
1949 553 2032 605 καὶ
2065 549 2095 605 δ
2124 553 2388 623 πρεσβύτε-

455 662 563 709 ρος·
603 639 690 708 τήν
718 643 1005 707 οἰκονομίαν
1035 645 1123 708 τῆς
1153 644 1372 708 λατρείας
1400 647 1535 693 ποιεῖ
1558 637 1588 692 ὅ
1621 641 1914 701 ἐπίσκοπος,
1951 639 2034 690 καὶ
2064 635 2093 691 δ
2120 638 2384 708 πρεσβύτε-

230 753 321 790 pag.
342 742 417 778 907.
464 749 551 792 ρος
583 722 838 788 ὦςαύτως·
878 727 1134 790 καθέζεται
1160 723 1190 779 o‘
1220 727 1488 787 ἐπίσκοπος
1519 726 1599 777 ἐπὶ
1629 731 1718 777 τοῦ
1749 722 1970 793 θρόνου,
2021 726 2278 789 καθέζεται
2305 725 2390 778 καὶ

458 808 485 864 ὗ
522 809 863 880 πρεσβύτερος.
939 810 1027 864 Ἐν
1069 810 1228 883 τούτῳ
1276 810 1484 872 πολλοὺς
1524 808 1776 879 ἠπάτησε,
1827 810 1912 862 καὶ
1955 806 2170 880 άρχηγὸν
2213 816 2390 863 τοῦτον

455 896 726 965 ἐσχήκασιν.
802 893 931 949 Εἶτά
960 914 1110 964 φησι,
1157 902 1213 949 Τί
1243 898 1339 950 ἐστι
1363 895 1418 948 τό
1455 895 1630 963 Πάσχα
1653 895 1773 964 ὅπερ
1802 892 1916 962 παρ’
1939 892 2057 962 ὑμῖν
2081 897 2389 960 ἐπιτελεῖταις

449 981 745 1045 Ἰουδαϊκοῖς
773 985 919 1035 πάλιν
948 980 1132 1050 μύθοις
1158 982 1486 1050 προςανέχετε.
1566 979 1640 1033 Οὔ
1667 978 1761 1051 γάρ
1788 978 1897 1048 χρὴ,
1936 982 2055 1047 φησὶ
2073 1023 2086 1045 ,
2123 979 2178 1034 τό
2214 979 2390 1049 Πάσχα

453 1071 696 1123 ἐπιτελεῖν.
779 1067 843 1122 Τό
886 1066 976 1138 γάρ
1023 1067 1200 1134 Πάσχα
1238 1063 1380 1133 ὑμῶν
1425 1063 1581 1133 ἐτύθη
1627 1064 1852 1135 Χριστός.
1945 1063 2071 1118 Εἶτα
2116 1067 2387 1134 μετέπειτα,

461 1160 563 1208 Τίνι
610 1159 676 1228 τῷ
714 1153 843 1228 λόγῳ
882 1151 1000 1221 μετά
1039 1152 1263 1205 θάνατον
1290 1150 1575 1218 ὀνομάζετε,
1627 1153 1776 1218 φησὶ,
1823 1148 2042 1218 ὀνόματα
2072 1150 2387 1216 τεθνεώτωνς

457 1247 479 1278 ³
499 1238 711 1307 Εὕχεται
738 1238 854 1310 γάρ,
894 1240 1046 1307 φησὶ,
1085 1235 1114 1291 ὅ
1140 1244 1260 1303 ζῶν,
1299 1235 1332 1305 ἢ
1362 1239 1651 1302 οἰκονομίαν
1679 1238 1905 1303 ἐποίησε,
1942 1241 1988 1289 τί
2017 1234 2390 1305 ὠφεληθήσεται

451 1322 480 1379 ό
510 1324 750 1390 τεθνεώς,
827 1327 897 1377 Εἰ
922 1325 974 1377 δὲ
1002 1323 1129 1385 ὅλως
1156 1321 1273 1391 εὐχὴ
1299 1328 1398 1376 τῶν
1431 1325 1652 1376 ἐνταῦθα
1678 1319 1796 1383 τούς
1823 1323 1976 1374 ἐκεῖσε
2007 1321 2211 1390 ὤνησεν,
2245 1320 2389 1392 4ἄρα

451 1416 573 1481 γοῦν
615 1413 786 1478 μηδεὶς
825 1409 1103 1477 εὖσεβείτω,
1155 1409 1276 1476 μηδὲ
1311 1406 1702 1478 άγαθοποιείτω,
1753 1404 1870 1459 άλλά
1907 1406 2175 1474 κτησάσθω
2213 1412 2390 1474 φίλους

449 1494 585 1558 τινάς
615 1493 676 1549 δι’
704 1489 764 1549 οὗ
795 1494 1018 1563 βούλεται
1049 1493 1268 1564 τρόπου,
1308 1491 1416 1561 ἤτοι
1436 1492 1650 1561 χρήμασι
1676 1496 1864 1557 πείσας,
1905 1490 2015 1561 ἤτοι
2042 1496 2219 1559 φίλους
2245 1491 2389 1556 ἆξιῶ-

450 1599 538 1643 σας
566 1583 617 1634 έν
642 1587 701 1655 τῇ
727 1587 944 1655 τελευτῇ,
982 1582 1067 1633 καὶ
1099 1578 1411 1647 εὖχέσθωσαν
1438 1580 1547 1649 περὶ
1580 1578 1784 1645 ὗαῦτοῦ,
1822 1581 1905 1631 ’ἵνα
1930 1578 1998 1646 μή
2022 1601 2069 1632 τι
2096 1580 2200 1633 ἐκεῖ
2222 1579 2386 1653 πάθῃ,

451 1667 574 1733 μηδὲ
617 1665 682 1718 τά
717 1664 801 1719 ὑπ’
826 1664 981 1719 αὐτοῦ
1020 1665 1255 1736 γενόμενα
1282 1672 1379 1718 τῶν
1405 1662 1686 1733 ἀνηκέστων
1722 1661 2084 1735 ἁμαρτημάτων
2122 1666 2385 1739 ἐκζητηθῇ.

447 1749 568 1805 Ἀλλ’
593 1750 703 1805 οὗτε
726 1756 948 1819 νηστεία,
989 1753 1130 1819 φησὶ,
1169 1754 1302 1805 ἔσται
1331 1752 1609 1820 τεταγμένη.
1690 1756 1854 1803 Ταῦτα
1879 1749 1972 1821 γάρ
1995 1750 2244 1805 Ἰουδαϊκά
2271 1752 2386 1816 ἐστι,

449 1839 532 1891 καὶ
562 1834 661 1891 ὖπὸ
697 1835 843 1909 ζυγόν
870 1841 1107 1900 δουλείας.
1181 1842 1371 1907 Δικαίῳ
1401 1835 1493 1908 γάρ
1522 1835 1676 1902 νόμος
1703 1835 1764 1888 οὗ
1795 1843 1976 1901 κεῖται,
2014 1835 2132 1889 α’λλά
2165 1843 2385 1907 θπατρα-

448 1922 598 1995 λςόαις
623 1925 706 1976 καὶ
733 1923 1058 1996 μητραλῴαις,
1097 1924 1182 1976 καὶ
1207 1930 1414 1985 λοιποῖς.
1490 1924 1559 1973 Εἰ
1582 1921 1674 1991 γάρ
1703 1921 1830 1984 ὅλως
1853 1921 2091 1990 βούλομαι
2115 1922 2385 1991 νηστεύειν,

450 2010 562 2062 οἵαν
590 2006 633 2061 δ’
659 2007 720 2061 ὅὶν
747 2008 1016 2078 αἱρήσομαι
1048 2006 1237 2078 ἡμέραν
1267 2006 1347 2061 ἀπ’
1380 2010 1595 2075 ἐμαυτοῦ
1621 2005 1839 2075 νηστεύω
1867 2006 1951 2060 διά
1977 2007 2064 2074 τήν
2088 2010 2387 2078 ἐλευθερίαν.

433 2092 598 2147 ’Όθεν
624 2091 738 2164 παρ’
767 2092 933 2157 αὐτοῖς
958 2100 1330 2162 πεφιλοτίμηται
1358 2099 1539 2161 μᾶλλον
1560 2095 1610 2147 έν
1637 2099 1849 2166 κυριακῇ
1875 2093 2141 2160 νηστεύειν,
2180 2092 2388 2163 τετράδα

452 2180 503 2233 δὲ
531 2181 614 2234 καὶ
645 2180 994 2249 προσάββατον
1026 2182 1224 2234 ἐσθίειν.
1306 2178 1551 2241 Πολλάκις
1583 2178 1637 2232 δὲ
1661 2180 1744 2231 καὶ
1773 2176 1863 2246 τήν
1889 2178 2094 2249 τετράδα
2124 2178 2384 2247 νηστεύου·

449 2284 552 2330 σιν,
593 2264 700 2334 οὐχὶ
728 2272 923 2338 θεσμῷ,
979 2264 1138 2319 7άλλά
1169 2268 1269 2339 ἰδίᾳ
1289 2267 1600 2334 προαιρέσει,
1640 2267 1776 2331 φησί.
1835 2261 1930 2316 ’Ἐν
1968 2285 2017 2317 τε
2051 2272 2156 2327 ταῖς
2182 2262 2388 2333 ἡμέραις

448 2358 538 2406 τοῦ
571 2351 764 2420 Πάσχα,
803 2351 883 2405 ὅτε
914 2350 1026 2421 παρ’
1054 2349 1172 2419 ἡμῖν
1203 2356 1476 2420 χαμευνίαι,
1515 2348 1728 2421 άγνειαι,
1767 2348 2130 2414 κακοπάθειαι,
2170 2353 2387 2418 ξηροφα-

450 2441 577 2506 γίαι,
618 2435 779 2504 εὐχαὶ,
819 2435 1088 2507 άγρυπνίαι
1124 2458 1174 2490 τε
1199 2439 1285 2490 καὶ
1312 2443 1550 2504 νηστεῐαι,
1598 2438 1682 2489 καὶ
1711 2441 1865 2488 πᾶσαι
1892 2441 1992 2488 τῶν
2016 2442 2191 2504 ψυχῶν
2221 2437 2277 2488 αἱ
2293 2453 2384 2489 σω·

447 2525 612 2592 τηρίαι
638 2528 737 2575 τῶν
763 2519 915 2593 άγίων
940 2528 1140 2586 παθῶν,
1179 2521 1323 2575 αὐτοὶ
1350 2519 1584 2575 άπέωθεν
1611 2520 1869 2587 ὄψωνοῦσι
1895 2523 2015 2591 κρέα
2042 2541 2091 2574 τε
2120 2523 2200 2574 καὶ
2231 2517 2386 2586 οἶνον,

450 2608 637 2661 ἑαυτῶν
663 2605 752 2670 τάς
781 2611 966 2677 φλέβας
1000 2613 1292 2679 γεμίζοντες,
1338 2615 1360 2644 ⁸
1378 2607 1767 2677 ἀνακαγχάζουσι
1789 2613 2043 2678 γελῶντες,
2081 2605 2388 2675 χλευάζοντες

449 2691 568 2755 τούς
596 2690 684 2760 τήν
718 2691 862 2763 άγίαν
890 2694 1070 2762 ταύτην
1095 2699 1316 2763 λατρείαν
1346 2701 1434 2761 τῆς
1461 2693 1739 2761 ἑβδομάδος
1775 2698 1864 2746 τοῦ
1903 2692 2075 2760 Πάσχα
2114 2694 2387 2746 ἐπιτελοῦν-

449 2801 549 2840 τας.
626 2780 725 2831 Καὶ
751 2777 843 2849 γάρ
871 2782 915 2832 εἰ
936 2781 1016 2833 καὶ
1049 2776 1380 2833 άποτακτικὸν
1413 2781 1671 2847 ἐσχήκασιν
1695 2772 1836 2832 οὗτοι
1869 2777 2080 2848 τρόπον,
2119 2776 2210 2831 οὐκ
2239 2776 2386 2846 ἤσκη-

449 2887 529 2917 ται
554 2863 668 2932 παρ’
697 2865 894 2931 αὐτοῖς,
933 2863 1060 2919 πολι)
1091 2866 1145 2918 δέ
1174 2888 1218 2917 τι
1245 2870 1569 2935 κρεωφαγιῶν
1594 2866 1679 2918 καὶ
1706 2867 2020 2926 οἰνοποσιῶν,
2059 2860 2156 2916 ἀλλ’
2180 2865 2225 2916 εἰ
2252 2869 2274 2900 ⁹
2293 2861 2388 2929 ἄρα

452 2950 578 3012 τινὲς
612 2948 815 3005 σπάνιοι
854 2953 906 3005 ἐν
941 2953 1071 3022 μέσῳ
1100 2948 1261 3003 αὐτῶν
1292 2949 1376 3003 ἀπ’
1403 2953 1530 3013 ἰδίας
1556 2951 1885 3019 προαιρέσεως
1927 2948 2184 3017 βούλοιντο
2226 2953 2386 3002 τοῦτο.

454 3041 662 3089 Μᾶλλον
688 3039 741 3089 δέ
767 3040 887 3090 εἰσιν
912 3040 963 3090 οἱ
986 3041 1181 3098 πλείους
1203 3036 1369 3089 αὐτῶν
1396 3039 1680 3106 κεχρημένοι
1704 3037 1960 3102 δαψιλέσιν
1985 3036 2184 3087 ἐδωδῶν
2211 3052 2388 3102 σαρκο-

454 3126 659 3191 φαγίαις
691 3124 774 3176 καὶ
823 3126 1156 3186 οἰνοποσίαις,
1208 3119 1275 3185 ὥς
1313 3122 1547 3185 πολλάκις
1587 3124 1727 3190 ἔφην.
1810 3118 1974 3173 Ταῦτά
2012 3121 2109 3173 ἐστι
2151 3117 2210 3171 τοὶ
2250 3116 2388 3188 παρὰ

453 3204 645 3279 ’Λερίου
682 3214 751 3281 τῷ
787 3212 880 3283 βίῳ
920 3210 1221 3277 έξεμεθέντα.

511 3379 551 3422 3.
586 3384 761 3424 Fortasse
791 3381 829 3425 εἰ
859 3377 1038 3439 εὔχεται.
1452 3384 1574 3434 Vulgo
1596 3385 1782 3432 scviptum
1809 3384 1914 3421 extat
1939 3375 2090 3423 αὐτῶν.

512 3435 550 3478 4.
581 3440 689 3479 Libri
718 3442 835 3491 υιιΙρο
864 3430 959 3492 ἆρα.
1505 3443 1546 3481 6.
1591 3440 1712 3480 Codd.
1738 3449 1817 3478 mss
1871 3441 1906 3477 et
1944 3439 2003 3477 eal.
2042 3439 2170 3487 princ.
2203 3438 2388 3488 praebent

512 3494 551 3535 5.
583 3492 712 3539 αὖτοῦ
738 3500 888 3538 resumi
912 3509 960 3538 ex
983 3500 1141 3549 utroque
1166 3498 1278 3538 codd.
1302 3509 1391 3539 mss.
1448 3492 1708 3549 πατραλοίαις
1748 3492 1821 3536 καὶ
1866 3489 2142 3547 μητραλώοις.
2202 3496 2388 3536 Petavius
