2508 4134
480 261 582 312 538
1178 271 1379 313 SANcT1
1410 272 1689 313 EPIPHANH

478 370 707 435 βιβλίων,
745 367 946 438 πρω’του
974 369 1057 420 καὶ
1083 368 1314 438 δευτέρου
1340 370 1423 421 καὶ
1451 372 1631 437 τρίτου,
1671 367 1813 422 ἅτινα
1844 371 1953 438 τρία
1983 372 2147 437 βιβλία
2182 373 2250 433 εἷς
2280 369 2402 425 ἑπτά

477 451 660 519 τόμους
683 455 942 521 διείλομεν·
982 455 1035 506 ἐν
1059 454 1112 506 δὲ
1134 453 1321 526 ἑκάστῳ
1344 451 1478 527 τόμῳ
1498 453 1715 523 ἀριθμός
1739 476 1811 515 τις
1835 454 2066 523 αἱρέσεων
2091 457 2174 508 καὶ
2203 457 2406 525 σχισμά-

478 558 575 590 των
604 539 838 607 ἔγκειται·
891 535 1020 605 ὁμοῦ
1047 539 1099 591 δὲ
1130 541 1285 590 πᾶσαί
1314 541 1433 592 εἶσιν
1461 537 1787 610 ὁγδοήκοντα,
1844 532 1915 591 ὧν
1945 541 2000 591 αἴ
2027 536 2284 608 ὀνομασίαι
2316 544 2403 595 καὶ

479 625 534 675 αἱ
570 621 844 692 προφάσεις
881 616 1044 675 αὗται·
1102 623 1476 694 Βαρβαρισμὸς,
1525 623 1848 691 Σκυθισμὸς,
1898 621 2235 693 Ἑλληνισμός,
2276 627 2405 681 Ἰου-

478 705 711 775 δαΐσμὸς,
769 709 1175 778 Σαμαρειτισμός.
1246 706 1328 762 Ἐκ
1360 708 1548 763 τούτων
1577 712 1631 762 αἱ
1658 712 1896 776 καθεξῆς,
1946 707 2044 778 πρὸ
2076 711 2163 777 μὲν
2186 717 2274 779 τῆς
2302 714 2404 765 ἐπι-

477 797 654 861 δημίας
687 799 929 864 Χριστοῦ,
981 792 1081 847 ἀπὸ
1124 795 1178 847 δὲ
1214 800 1302 847 τοῦ
1332 799 1686 864 Βαρβαρισμοῦ
1726 796 1809 847 καὶ
1847 800 1935 862 τῆς
1961 783 2223 864 Σκυθικῆς
2260 799 2405 850 δεισι-

475 882 732 946 δαιμονίας
753 881 835 932 καὶ
864 886 952 933 τοῦ
981 877 1298 947 Ἑλληνισμοῦ
1325 882 1529 932 καὶτῶν
1555 885 1739 932 λοιπῶν
1767 879 1988 944 φύσασαι
2012 873 2180 934 αὗται·
2223 887 2405 935 Πυθα-

476 963 688 1034 γόρειοι,
745 967 906 1018 εἴτουν
938 967 1354 1035 Περιπατητικοὶ,
1399 959 1735 1031 Πλατωνικοὶ,
1774 966 2020 1030 Στωϊκοὶ,
2049 965 2403 1036 Ἐπικούρειοι.

476 1047 604 1102 Εἶτα
630 1048 663 1119 ἦ
686 1049 1022 1120 Σαμαρειτική
1053 1043 1178 1103 οῦσα
1206 1053 1403 1120 αἵρεσις,
1437 1048 1471 1117 ἦ
1501 1052 1557 1103 ἐκ
1585 1056 1674 1103 τοῦ
1697 1048 2024 1117 Ἰουδαϊσμοῦ.
2101 1052 2202 1103 Καὶ
2225 1050 2405 1128 ταύτης

472 1137 682 1205 τέσσαρα
715 1138 866 1204 ἔθνη,
927 1142 949 1173 ⁹
972 1137 1280 1206 Γοροθηνοὶ,
1330 1139 1625 1203 Σεβουαῖοι,
1665 1140 1930 1200 Δοσίθεοι,
1966 1134 2203 1204 Ἐσσηνοί.
2277 1133 2406 1189 Εἶτα

473 1219 502 1275 ὅ
534 1221 683 1283 αὐτὸς
741 1222 1093 1292 προειρημένος
1122 1220 1435 1288 Ἰουδαϊσμὸς
1475 1220 1575 1274 ἆπὸ
1610 1227 1701 1273 τοῦ
1739 1218 1963 1292 Ἀβραάμ
2005 1221 2090 1275 τόν
2126 1228 2407 1293 χαρακτῆρα

474 1305 703 1374 εἰληφώς,
729 1309 812 1359 καὶ
840 1306 922 1360 διά
949 1312 1038 1359 τοῦ
1065 1308 1303 1368 δοθέντος
1330 1304 1486 1374 νόμου
1513 1312 1582 1379 τῷ
1609 1312 1810 1380 Μωϋσῇ
1836 1308 2152 1372 πλατυνθεὶς,
2190 1308 2274 1360 καὶ
2301 1305 2402 1362 ἆπὸ

475 1398 562 1445 τοῦ
587 1390 750 1445 Ἰούδα
783 1398 872 1445 τοῦ
899 1395 1013 1444 υἱοῦ
1046 1389 1246 1460 Ἰακώβ,
1284 1397 1376 1444 τοῦ
1399 1393 1482 1444 καὶ
1506 1389 1721 1461 Ἰσραὴλ,
1761 1392 1844 1445 διά
1871 1394 2036 1460 Δαβὶδ
2070 1398 2157 1445 τοῦ
2184 1392 2407 1461 βασιλεύ-

473 1495 649 1540 σαντος
678 1478 844 1530 αὐτῶν
875 1479 929 1530 ἐκ
959 1483 1046 1545 τῆς
1073 1476 1252 1531 τούτου
1280 1483 1439 1545 φυλῆς
1466 1477 1520 1531 vd
1551 1477 1814 1546 ἐπώνυμον
1839 1483 1928 1532 τοῦ
1953 1474 2266 1545 Ἰουδαϊσμοῢ
2293 1483 2406 1546 κλη-

474 1566 666 1633 ρωθείς.
747 1564 848 1615 Καὶ
885 1561 970 1615 ἀπ’
996 1560 1150 1616 αὐτοῦ
1177 1584 1226 1616 τε
1263 1569 1356 1615 νῦν
1383 1569 1470 1616 τοῦ
1506 1560 1817 1631 Ἰουδαϊσμοῦ
1844 1561 1967 1616 ἑπτά
1996 1565 2206 1635 αἱρέσεις
2235 1556 2405 1617 αὗται·

474 1649 831 1718 Γραμματέων,
874 1652 1179 1716 Φαρισαίων,
1219 1651 1597 1713 Σαδδουκαίων,
1632 1646 2111 1719 Ἡμεροβαπτιστῶν,
2140 1648 2404 1713 Ὀσσαίων,

476 1737 834 1804 Νασσαραίων,
870 1731 1201 1805 ’Ἠρωδιανῶν

608 1817 691 1872 Ἐκ
714 1818 905 1873 τούτων
933 1825 1033 1873 τῶν
1060 1822 1292 1891 αἱρέσεων
1322 1821 1407 1873 καὶ
1437 1821 1691 1888 μετέπειτα
1721 1819 1846 1873 κατὰ
1883 1818 2116 1888 διαδοχὴν
2156 1825 2254 1873 τῶν
2292 1817 2406 1890 χρό-

470 1927 570 1959 νων
597 1905 819 1973 ἐπεφάνη
848 1903 881 1974 ἦ
908 1904 1148 1977 σωτήριος
1184 1912 1275 1959 τοῦ
1301 1909 1479 1976 κυρίου
1498 1903 1657 1974 ’ἡμῶν
1683 1903 1843 1973 Ἰησοῦ
1877 1910 2099 1976 Χριστοῦ
2136 1911 2194 1942 ²⁰
2214 1907 2406 1959 οἰκονο-

471 1996 584 2058 μία,
633 1990 791 2061 ῆγουν
821 1989 855 2059 ’ἦ
886 1993 1129 2062 ἕνσαρκος
1170 1992 1327 2045 αὐτοῦ
1363 1995 1637 2061 παρουσία,
1685 1993 1770 2044 καὶ
1799 1988 2082 2061 εὐαγγελική
2113 1992 2404 2044 διδασκαλία

469 2098 519 2129 τε
554 2078 638 2130 καὶ
672 2075 901 2148 κήρυγμα
926 2081 1197 2146 βασιλείας,
1248 2077 1357 2146 ἥτις
1381 2077 1508 2145 μόνη
1542 2078 1643 2130 ἐστὶ
1668 2075 1802 2146 πηγὴ
1829 2079 2097 2146 σωτηρίας,
2135 2078 2221 2130 καὶ
2246 2078 2407 2138 πίστις

470 2160 706 2230 ἀληθείας
747 2170 834 2230 τῆς
874 2169 1148 2232 καθολικῆς
1187 2165 1271 2216 καὶ
1311 2161 1642 2230 ἆποστολικῆς
1684 2164 1949 2229 ἐκκλησίας.
2022 2159 2105 2214 Ἐκ
2136 2161 2189 2214 δὲ
2224 2159 2407 2228 ταύτης

469 2247 894 2319 περιεκλάσθησάν
917 2271 966 2302 τε
993 2251 1076 2301 καὶ
1105 2251 1401 2317 ἐσχίσθησαν
1428 2245 1585 2314 ὄνομα
1618 2245 1774 2315 μόνον
1802 2252 2022 2318 Χριστοῦ
2051 2249 2265 2315 ἔχουσαι,
2305 2244 2408 2299 ἄλλ’

469 2334 580 2402 οὐχὶ
615 2334 706 2402 τὴν
734 2339 912 2388 πίστιν.
987 2336 1105 2387 Εἰσὶ
1152 2335 1205 2386 δὲ
1251 2327 1418 2386 αὗται·
1473 2334 1807 2401 Σιμωνιανοὶ,
1863 2333 2265 2403 Μενανδριανοὶ,
2302 2337 2406 2383 Σα-

256 2448 342 2484 pag.
373 2439 445 2474 128.
470 2421 791 2490 τορνιλιανοὶ,
832 2421 1194 2483 Βασιλιδιανοὶ,
1236 2424 1552 2482 Νικολαῖται,
1593 2419 1890 2483 Γνωστικοὶ,
1929 2419 2085 2471 οἱκαὶ
2113 2423 2406 2487 Στρατιωτι-

469 2506 577 2571 κοὶ,
624 2512 640 2541 ¹
658 2511 678 2542 1
702 2508 753 2558 οἵ
773 2505 915 2557 αὐτοὶ
942 2505 996 2557 δὲ
1026 2508 1342 2572 Φιβιωνῖται,
1382 2501 1518 2574 παρὰ
1550 2504 1603 2556 δέ
1628 2521 1722 2556 τισι
1754 2505 2062 2557 Κουδδιανοὶ
2089 2501 2404 2570 καλούμενοι,

469 2591 555 2643 καὶ
583 2591 931 2660 Βορβοριανοὶ,
963 2587 1078 2660 παρ’
1102 2587 1262 2651 ἄλλοις
1284 2590 1338 2642 δὲ
1359 2595 1685 2659 Σωκρατῖται,
1718 2587 1832 2659 παρ’
1857 2590 2038 2657 ἑτέροις
2064 2589 2118 2641 δὲ
2146 2594 2404 2656 Ζακχαῖοι·

472 2681 902 2746 Καρποκρατῖται,
948 2677 1319 2744 ,Κηρινθιανοὴ
1374 2678 1426 2728 οἱ
1462 2677 1545 2728 καὶ
1585 2676 1962 2746 Μηρινθιανοὶ,
2022 2679 2405 2743 12Ναζωραῖοι,

462 2761 778 2829 Ἐβιωναῖοι,
823 2767 880 2798 ¹³
903 2759 1240 2826 Ούαλεντῖνοι,
1289 2762 1673 2824 Σεκουνδιανοὶ,
1722 2758 1798 2821 οἷς
1826 2758 2157 2812 συνάπτονται
2188 2757 2405 2824 Ἐπιφά-

468 2868 577 2908 νιος
600 2846 974 2916 καὶἸσίδωρος·
1017 2849 1343 2913 Πτολεμαῖοι,
1383 2847 1703 2916 Μαρκοίσιοι,
1745 2843 2102 2915 Κολορβάσιοι,
2137 2842 2404 2914 ἸΙρακλεω-->

468 2939 621 2996 νῖται,
688 2929 910 2997 Ὀφῖται,
981 2933 1196 2985 Καϊανοὶ
1217 2975 1229 2996 ,
1301 2934 1557 3000 Σηθιανοὶ
1574 2974 1588 2997 ,
1641 2931 1979 3001 Ἀρχοντικοὶ,
2048 2931 2403 3000 Κερδωνιανοὶ,

470 3020 796 3087 Μαρκίωνες,
861 3019 1221 3070 Λουκιανισταὶ
1240 3060 1252 3082 ,
1307 3017 1653 3084 Ἀπελληϊανοὶ
1672 3060 1685 3080 ,
1751 3016 2082 3085 Σευηριανοὶ,
2157 3015 2403 3080 Τατιανοὶ,

460 3101 790 3172 Ἐγκρατῖται,
826 3101 950 3155 κατά
985 3102 1187 3173 Φρύγας
1215 3109 1314 3155 τῶν
1338 3104 1422 3156 καὶ
1449 3107 1807 3155 Μοντανιστῶν
1829 3103 1911 3153 καὶ
1950 3102 2403 3168 Τασκοδρουγιτῶν,

474 3189 824 3253 Πεπουζιανοὶ,
863 3189 1014 3241 οἱκαὶ
1043 3189 1428 3258 Πρισκιλλιανοὶ,
1466 3190 1550 3240 καὶ
1584 3186 1987 3248 14’Κυντιλιανοὴ
2026 3181 2102 3246 οἷς
2129 3183 2402 3239 συνάπτον-

472 3296 549 3326 ται
573 3275 936 3343 Ἀρτοτυρῖται,
982 3277 1570 3340 Τεσσαρεςκαιδεκατΐται,
1611 3275 1664 3325 οἷ
1685 3271 1739 3325 τὸ
1767 3269 1942 3338 Πάσχα
1966 3273 2080 3337 μίαν
2102 3266 2289 3339 ἡμέραν
2313 3275 2403 3324 τοῦ

470 3361 613 3420 ἔτους
651 3365 933 3424 ποιοῦντες,
997 3358 1282 3429 15”Αλογοι,
1336 3361 1386 3411 οἷ
1425 3357 1479 3412 τό
1519 3358 1794 3428 εὐαγγέλιον
1833 3357 1917 3409 καὶ
1944 3353 2402 3422 τὴνἈποκάλυψιν

462 3442 700 3496 Ἰωάννου
734 3443 802 3511 μὴ
842 3443 1112 3512 δεχόμενοι·
1152 3444 1472 3511 Ἀδαμιανοὶ,
1522 3450 1812 3511 Σαμψαῐοι,
1851 3440 2007 3494 οἱκαὶ
2046 3437 2401 3505 16Ἑλκεσαΐοι,

474 3531 817 3593 Θεοδοτιανοὶ,
857 3531 1318 3598 Μελχεσεδεκιανοὶ,
1370 3528 1809 3600 Βαρδησιανισταὶ,
1851 3528 2151 3592 Νοητιανοὶ,
2208 3524 2400 3593 Οὕαλή-

472 3632 586 3678 σιοι,
627 3616 880 3683 Καθαροὶ,
920 3617 1070 3667 οἱκαὶ
1098 3614 1342 3680 Ναυάτοι,
1379 3613 1656 3685 Ἀγγελικοὶ,
1687 3612 2048 3676 Ἀποστολικοὶ,
2080 3614 2132 3664 οἱ
2147 3614 2232 3665 καὶ
2247 3611 2401 3665 Ἀπο-

469 3700 714 3762 τακτικοὶ,
753 3702 1102 3767 Σαβελλιανοὶ,
1137 3698 1449 3770 Ὠριγένειοι,
1498 3699 1656 3772 οἱκαὶ
1687 3698 2023 3766 Αἰσχροποιοί.
2095 3696 2398 3768 Ὠριγένειοι,

527 3810 565 3854 9.
600 3814 719 3864 Vu190
748 3813 1020 3870 Γοργοὲιηνοὶ.
1521 3813 1584 3855 10.
1617 3810 1798 3868 οἰκονομὶ
1826 3814 1885 3855 ed.
1916 3815 2067 3866 Petav„
2094 3818 2241 3856 vitiose.
