2508 4134
578 263 802 305 PANARH
834 262 937 303 Lm.
958 263 1026 303 111.
1061 264 1194 305 ToM.
1216 265 1247 305 1.
1276 263 1438 305 HAER.
1459 262 1594 304 Lxx.
1982 254 2048 305 37

275 358 507 412 Ceterum
558 360 682 411 idem
726 360 804 410 ille
840 376 999 412 senex
1037 360 1223 411 Audius
1263 361 1311 411 in
1363 358 1610 430 Scythiam
1655 361 1715 412 ab
1753 361 2045 430 imperatore

136 444 378 511 relegatus
410 453 513 507 est,
565 444 687 511 quod
728 443 929 512 populos
968 444 1145 511 passim
1185 444 1244 493 ab
1284 444 1521 495 ecclesiae
1559 445 1793 513 obsequio
1831 446 2048 497 retrahe-

136 536 240 589 ret,
298 545 406 578 cum
445 544 504 578 eo
543 526 737 578 nomine
776 527 834 578 ab
883 526 1124 595 episcopis
1164 535 1298 577 esset
1342 531 1397 576 ad
1448 528 1790 595 imperatorem
1838 530 2045 580 delatus,

138 608 357 679 Cumque
401 611 448 661 iu
489 628 547 661 ea
581 610 782 676 regione
818 618 1101 660 versaretur
1129 610 1267 676 (quot
1296 618 1453 659 autem
1486 613 1625 661 annis
1660 613 1831 663 ibidem
1866 613 2050 665 vixerit

135 704 269 745 certo
301 711 590 745 asseverare
628 711 723 744 non
755 698 1070 762 possumus),
1124 692 1174 742 iu
1214 692 1445 742 interiora
1479 692 1736 746 Gottbicae
1768 706 2047 765 penetran5‚

133 778 367 829 barbaros
401 778 575 828 multos
607 774 915 829 Christianae
944 776 1193 843 religionis
1223 776 1507 826 rudimentis
1537 777 1763 829 instituit.
1841 778 1921 830 Ex
1956 798 2049 848 quo

134 861 428 912 monasteria
465 861 515 911 in
547 859 745 912 Gotthia
782 860 1012 911 nonnulla
1050 867 1308 927 propagata
1341 868 1479 923 sunt3
1533 858 1580 909 in
1610 861 1782 927 quibus
1820 864 2048 931 religiosa

132 945 325 996 vivendi
365 945 517 1008 ratio,
572 952 619 994 et
662 943 942 1011 virginium,
998 943 1369 1010 arctissimaque
1407 942 1656 1011 disciplina
1700 944 1879 996 floruit.
1957 945 2048 997 Est

131 1029 258 1079 enim
291 1028 532 1079 hominum
570 1026 662 1077 iste
702 1035 871 1078 coetus
899 1026 1027 1077 vitae
1060 1027 1248 1077 ratione
1281 1036 1329 1076 et
1369 1026 1588 1077 instituto
1617 1044 1722 1077 cum
1766 1028 1931 1095 primis
1963 1030 2047 1080 ad-

131 1111 353 1163 mirabili.
429 1111 592 1179 Atque
621 1109 667 1160 in
698 1109 886 1161 illorum
920 1110 1229 1161 monasteriis
1261 1110 1376 1160 nihil
1407 1127 1501 1160 non
1529 1110 1829 1179 praeclarum
1866 1121 1914 1162 et
1942 1113 2046 1163 exi-

130 1196 274 1246 mium
309 1204 402 1257 est,
443 1194 483 1245 si
513 1195 830 1262 praefractam
864 1193 992 1244 illam
1027 1194 1378 1244 contumaciam
1411 1193 1628 1262 excipias
1668 1212 1756 1261 qua
1796 1203 1844 1244 et
1872 1194 1919 1245 iu
1953 1194 2046 1247 Pa·

129 1279 294 1330 schate
325 1278 614 1329 celebrando
638 1296 664 1329 a
691 1277 933 1329 communi
962 1278 1313 1328 cousuetudine
1346 1278 1627 1341 disceduut3
1670 1286 1718 1328 et
1742 1278 1857 1328 illud
1885 1280 1942 1329 de
1969 1279 2046 1330 dei

127 1362 336 1430 imagine
374 1362 575 1430 simplici
617 1362 817 1430 quadam
859 1361 1048 1412 ratione
1087 1361 1502 1430 interpretandum
1541 1370 1724 1430 putant.

268 1443 366 1497 Sed
392 1444 506 1495 illud
531 1445 728 1513 reliquis
754 1445 975 1496 omnibus
1002 1445 1061 1496 ad
1084 1445 1334 1496 horrorem
1364 1453 1412 1495 et
1437 1446 1742 1495 atrocitatem
1767 1445 1921 1496 maius
1947 1455 2041 1510 est,
2069 1466 2266 1520 Cap.xv.

128 1530 252 1598 quod
292 1547 397 1580 cum
443 1530 633 1579 nemine
667 1538 954 1598 precantur,
1012 1529 1203 1580 tametsi
1244 1529 1461 1580 honestis
1491 1537 1635 1596 atque
1664 1529 1867 1596 integris
1900 1533 2046 1581 mori-

125 1613 215 1664 bus
249 1630 358 1664 esse
387 1613 638 1674 videatur,
697 1630 851 1680 neque
892 1611 1140 1680 quicquam
1182 1612 1353 1663 habeat
1380 1613 1503 1680 quod
1533 1612 1600 1663 illi
1639 1612 1895 1676 obiiciant,
1948 1632 2044 1665 nou

126 1697 298 1765 stupri,
341 1714 436 1747 nou
463 1696 706 1759 adulterii,
740 1714 834 1746 non
869 1698 1104 1747 avaritiae
1133 1696 1315 1747 crimen
1346 1697 1510 1759 ullum,
1548 1697 1641 1747 nisi
1667 1698 1755 1748 hoc
1783 1698 2039 1763 duntaxat,

124 1782 249 1850 quod
286 1779 523 1831 ecclesiae
553 1780 889 1830 communione
917 1781 1211 1830 continetur.
1290 1778 1381 1830 Est
1411 1780 1501 1831 hoc
1530 1799 1668 1845 vero,
1711 1781 1777 1831 uti
1807 1780 2037 1845 diximus,

124 1865 448 1925 horrendum,
493 1859 881 1914 Christianorum
918 1872 1215 1914 commutare
1250 1881 1454 1927 nomeu,
1497 1865 1576 1931 qui
1608 1865 1657 1915 in
1687 1874 1854 1916 saneta
1885 1866 2043 1916 eccle-

125 1949 195 1999 sia
228 1956 521 2010 censentur,
563 1964 683 2015 quae
714 1948 817 1998 sola
853 1944 1036 1999 Christi
1071 1956 1120 1998 et
1151 1945 1539 1998 Christianorum
1569 1948 1890 2016 appellatione
1925 1967 2042 1999 con-

126 2041 255 2082 tenta
293 2031 580 2082 adscititium
625 2047 767 2081 omne
806 2048 979 2081 nomen
1017 2030 1228 2099 respuit,
1284 2049 1368 2099 pro
1403 2031 1515 2095 illo,
1568 2031 1790 2099 inquam,
1846 2033 2041 2084 nomine

123 2116 377 2167 Audiauos
408 2115 667 2183 appellari,
709 2115 948 2164 coitiones
975 2114 1103 2164 inter
1132 2131 1184 2164 se
1220 2115 1406 2177 facere,
1449 2133 1505 2166 ac
1532 2124 1769 2166 tesseram
1801 2117 1920 2167 meri
1957 2117 2042 2167 ho-

126 2199 267 2250 minis
301 2199 496 2250 nomine
525 2197 804 2267 inscriptam
835 2198 1055 2265 exigere.
1134 2197 1300 2262 Haec,
1352 2199 1565 2266 inquam,
1611 2199 1805 2251 minime
1841 2201 2039 2251 serenda

126 2292 268 2348 sunt,
311 2283 528 2351 quamvis
567 2282 745 2350 alioqui
776 2281 1119 2350 integerrimus
1149 2283 1212 2333 sit
1245 2282 1488 2334 hominum
1523 2283 1603 2334 ille
1637 2292 1927 2346 conventus,
1968 2293 2039 2335 at-

124 2385 215 2434 que
254 2367 382 2417 omui
411 2384 465 2418 se
495 2366 731 2436 probitate
763 2366 1040 2434 iustitiaque
1068 2367 1301 2417 venditet.
1377 2364 1498 2417 Post
1526 2367 1652 2418 illius
1684 2385 1802 2418 vero
1831 2376 2036 2418 mortem

122 2451 178 2500 ad
203 2451 407 2500 eundem
437 2451 568 2500 illum
598 2458 787 2500 coetum
816 2450 1082 2500 adhaesere
1107 2450 1378 2518 complures
1407 2451 1641 2520 episcopi,
1690 2453 1774 2502 sed
1818 2451 2035 2520 inprimis

122 2531 335 2585 Uranius
374 2534 420 2584 in
450 2531 826 2600 Mesopotamio.
906 2531 1036 2599 Quin
1078 2533 1223 2584 etiam
1262 2551 1327 2584 ex
1363 2534 1464 2603 ipsa
1497 2534 1697 2586 Gotthia
1734 2536 1824 2585 sibi
1853 2536 2037 2603 aliquot

121 2617 370 2680 adiunxit,
426 2626 475 2668 et
512 2618 764 2686 episcopos
803 2616 1071 2668 constituit.
1150 2615 1356 2668 Praeter
1386 2636 1506 2686 quos
1545 2619 1689 2669 etiam
1725 2616 1954 2670 Silvanus
1987 2627 2037 2670 et

121 2701 199 2753 alii
239 2700 429 2768 quidam
467 2702 763 2764 extiterunt,
805 2718 830 2752 e
859 2701 1029 2768 quibus
1059 2701 1273 2751 nonnulli
1303 2702 1479 2752 mortui
1509 2711 1640 2766 sunt,
1685 2711 1733 2753 et
1758 2703 1887 2753 inter
1911 2703 2033 2754 alios

120 2784 361 2849 Uranins,
414 2784 491 2852 qui
534 2801 587 2835 se
628 2784 676 2834 iu
720 2784 797 2835 illa
839 2786 974 2835 turba
1007 2802 1121 2853 prae
1160 2785 1338 2836 ceteris
1381 2786 1634 2837 efferebat.
1713 2785 1896 2838 Verum
1926 2797 2036 2856 post

119 2867 288 2921 Urauii
340 2886 396 2919 ac
434 2866 638 2937 Sylvaui
685 2868 733 2918 iu
774 2866 974 2919 Gotthia
1023 2868 1235 2937 episcopi
1287 2878 1522 2934 mortem,
1575 2870 1816 2938 plerisque
1865 2872 1925 2921 ab
1976 2888 2035 2922 ea

122 2951 330 3003 factione
357 2951 643 3016 abstractis,
699 2952 755 3001 ad
790 2969 969 3020 paucos
1002 2952 1201 3003 istorum
1240 2965 1511 3004 conventus
1539 2955 1763 3005 redactus
1804 2963 1907 3017 est,
1962 2963 2034 3004 at-

119 3053 211 3103 que
254 3036 302 3086 in
339 3032 597 3099 Chalcide,
653 3052 774 3103 quae
814 3036 870 3085 ad
912 3034 1221 3086 Antiochiam
1261 3037 1354 3087 sita
1395 3046 1498 3101 est,
1557 3047 1605 3088 et
1638 3039 1695 3088 ad
1733 3037 2030 3106 Euphratem

118 3119 318 3169 resedit.
394 3117 523 3169 Nam
559 3136 585 3169 e
620 3117 819 3170 Gotthia
867 3117 1083 3186 plerique
1128 3121 1251 3188 pulsi
1293 3130 1433 3186 suut,
1480 3139 1581 3172 *una
1616 3139 1722 3172 cum
1763 3122 1869 3172 aliis
1901 3139 2031 3172 com-

120 3202 359 3254 munionis
396 3212 595 3253 nostrae
626 3200 949 3267 Christianis3
1003 3220 1108 3254 cum
1149 3204 1208 3254 ab
1244 3222 1360 3273 rege
1402 3206 1603 3272 quodam
1649 3205 1815 3271 gentili
1856 3204 2030 3271 ingens

119 3294 251 3335 esset
297 3303 352 3335 ac
392 3285 655 3336 vehemens
694 3287 931 3337 concitata
981 3288 1285 3354 persecutio,
1342 3307 1480 3356 quam
1522 3288 1850 3338 Romanorum
1892 3306 2032 3356 prae-

117 3369 282 3419 sertim
324 3368 433 3419 odio
476 3378 833 3431 commoverat,
891 3370 1014 3437 quod
1059 3369 1310 3422 Romanos
1354 3373 1670 3440 imperatores
1723 3369 2030 3423 Christianos

118 3469 229 3503 esse
259 3452 487 3515 videret3·
530 3454 655 3502 unde
688 3451 1015 3504 Christianum
1049 3471 1190 3504 omne
1224 3473 1398 3505 nomen
1437 3455 1567 3505 illinc
1596 3455 1912 3505 exterminari
1944 3474 2030 3506 vo-

118 3535 220 3585 luit.
300 3533 481 3586 Verum
511 3536 652 3586 radix
682 3536 945 3604 sapientiae
972 3545 1052 3586 aut
1082 3536 1191 3587 fidei
1222 3547 1356 3588 satus
1388 3556 1481 3588 non
1518 3539 1693 3588 deficit.
1771 3538 1837 3589 Et
1865 3558 2029 3607 quam-

116 3687 193 3714 νων
231 3669 464 3726 οἷπελάσὲη.
522 3672 610 3716 Καὶ
644 3670 690 3716 οὗ
725 3677 828 3724 κτλ.,
873 3680 941 3715 aut
968 3673 1040 3717 καὶ
1096 3689 1134 3728 γ.
1164 3690 1199 3716 τ.
1226 3673 1306 3727 Xo-
1335 3673 1404 3719 ἀπ’
1429 3675 1595 3720 ἐκείνων
1620 3675 1921 3732 ἀπελασὲἧναι.
1961 3672 2028 3721 Ου’

116 3725 218 3781 πρὸς
243 3751 418 3760 -----
443 3728 729 3784 Χριστιανοὺς,
755 3727 867 3774 ὥστε
891 3729 938 3773 τὸ
962 3732 1041 3774 πᾶν
1100 3729 1230 3774 λείπει
1258 3734 1345 3775 κτλ.
