2508 4134
233 382 344 440 Κεφ.
364 381 431 428 ια’

232 1144 317 1181 pag.
337 1134 432 1171 1⁰⁰5.

233 3293 346 3349 Κεφ.
370 3290 439 3351 ιβ’.

459 247 561 299 352
1157 258 1360 301 SANCTI
1390 260 1671 302 ΕΡΙΡΗΑΝΠ

613 358 777 406 Ταῦτα
815 352 973 417 οὕτως
1013 356 1233 424 λέγοντες
1270 354 1331 409 οὗ
1374 363 1573 411 νοοῦσιν
1622 379 1760 420 οπως
1799 359 1989 419 ἑαυτοῖς
2025 359 2386 426 περιπίπτουσι.

461 440 562 491 Καὶ
601 462 692 510 γαρ
728 437 824 492 κᾶν
865 439 930 507 μὴ
961 442 1014 493 ἐκ
1053 444 1258 511 Μαρίας
1289 443 1463 512 λέγωσι
1496 442 1550 496 τό
1589 449 1760 511 σῶμα,
1809 440 1926 497 άλλα
1965 439 2232 510 ομοουσιον
2264 440 2387 525 αὐτό

456 530 525 597 τῷ
549 523 705 597 λόγῳ,
743 523 936 577 οὐδὲνε
911 547 1083 592 ηττον,
1122 525 1294 630 όπερι
1316 524 1660 598 υπεκρίνοντο,
1708 551 1774 597 μη
1806 527 1901 599 ι’ίρα
1938 525 2049 590 2ως
2083 522 2386 598 φρονοῦντες

457 615 762 678 νομισθῶσι,
829 616 974 664 τοῦτο
1014 634 1139 664 κατα
1179 610 1270 679 τὴν
1311 610 1473 666 αυτῶν
1519 620 1541 650 3
1568 612 1743 667 ἄνοιαν
1782 613 2124 682 δειχθήσονται
2170 616 2389 685 λέγοντες

455 692 678 763 τετράδα.
750 692 836 757 Ὡς
861 718 951 766 γαρ
978 695 1122 758 4υἷὸς
1152 694 1223 750 ὧν
1251 696 1354 750 κατ’
1380 696 1562 759 αὐτους
1586 696 1850 766 ὄμοούσιος
1871 705 1939 772 τῷ
1965 700 2112 771 πατρὶ
2141 700 2234 753 οὐκ
2258 702 2388 754 ἔστιν

458 778 609 842 αὐτὸς
639 778 826 850 πατὴρ,
879 778 996 833 αλλα
1037 780 1147 844 υἷος
1186 781 1313 852 πρὸς
1352 785 1538 852 πατέρα
1581 786 1765 853 λέγεται
1801 783 2091 853 όμοούσιος,
2144 807 2303 848 ουτως
2329 807 2384 838 το

458 863 724 933 ομοούσιον
749 872 891 934 σῶμα
919 872 1008 920 τοῦ
1037 867 1185 937 λόγου
1217 890 1308 921 ουκ
1335 871 1465 921 ε’στιν
1493 866 1643 931 αὐτὸς
1671 867 1700 922 ὁ
1727 869 1895 940 λόγος,
1943 869 2040 923 ἀλλ’
2068 871 2231 941 ε’τερον
2260 891 2388 942 προς

456 950 543 1004 τόν
587 950 744 1022 λόγον.
817 950 1015 1022 Ἑτὲρου
1053 954 1105 1005 δὲ
1147 951 1355 1020 ὁὄντος,
1413 956 1587 1008 6ἕσται
1622 953 1725 1007 κατ’
1764 954 1945 1018 αὐτοῦς
1985 954 2019 1023 ἡ
2053 954 2217 1010 αὐτῶν
2247 954 2387 1025 τριοῖς

457 1036 639 1109 τετράς.
720 1034 794 1090 Οὐ
823 1036 915 1108 γάρ
942 1036 975 1105 ἦ
1000 1036 1214 1106 άληθινή
1237 1041 1321 1092 καὶ
1347 1037 1506 1101 ὅντως
1525 1044 1678 1093 τελεία
1700 1042 1785 1093 καὶ
1810 1039 2084 1110 ἀδιαίρετος
2103 1039 2242 1113 τριοῖς
2261 1042 2388 1109 δέχε-

456 1145 536 1176 ται
563 1122 877 1194 προςθήκην,
917 1121 1014 1176 ἀλλ’
1039 1122 1072 1190 ἢ
1095 1123 1230 1194 παρα
1254 1124 1442 1178 τούτων
1469 1127 1834 1194 ἐπινενοημένη.
1911 1128 2011 1179 Καὶ
2035 1132 2143 1188 παῖς
2171 1128 2239 1180 ἔτι
2267 1131 2387 1196 Χρι-

457 1211 643 1263 στιανοὶ
687 1210 892 1278 7ἕτερον
930 1207 1067 1278 παρά
1104 1207 1191 1262 τὸν
1226 1208 1344 1263 ὄντα
1381 1208 1505 1264 θεόν
1533 1213 1870 1275 ἐπινοοῦντες,
1924 1210 2070 1264 πάλιν
2097 1210 2191 1282 γάρ
2219 1214 2304 1265 καὶ
2335 1214 2387 1265 ἐν

463 1301 485 1332 ⁸
504 1296 649 1368 ἑτέρῳ
676 1292 841 1347 αὐτῶν
866 1298 1129 1361 σοφίσματι
1158 1300 1180 1331 ⁹
1199 1293 1288 1362 τήν
1315 1295 1611 1366 ἀφροσύνην
1633 1298 1812 1360 ἔξεστιν
1838 1294 1974 1367 ὁρᾶν.
2050 1299 2120 1349 Εἰ
2149 1298 2276 1350 Ῑοδὲ
2305 1295 2386 1350 διὰ

455 1378 511 1433 vd
541 1377 665 1433 εἶναι
707 1381 792 1432 καὶ
826 1382 1055 1450 λέγεσθαι
1083 1383 1137 1433 ἒν
1172 1388 1279 1442 ταῖς
1305 1389 1520 1451 γραφαῖς
1548 1384 1602 1435 ἐκ
1630 1387 1834 1452 Μαρίας
1865 1380 1990 1436 εἶναι
2017 1384 2102 1435 καὶ
2130 1379 2384 1454 άνθρτόπι·

456 1487 542 1519 νον
570 1464 625 1519 τὸ
657 1471 795 1533 σῶμα
833 1472 924 1518 τοῦ
952 1472 1173 1535 σωτῆρος
1209 1470 1489 1535 νομίζουσιν
1524 1466 1632 1532 ἀντὶ
1662 1466 1863 1538 τριάδος
1903 1466 2108 1538 τετράδα
2141 1470 2385 1539 λέγεσθαι,

461 1549 529 1615 ὥς
564 1550 860 1620 προςθήκης
904 1553 1237 1621 11λεγομένης
1275 1550 1331 1606 vd
1367 1559 1534 1620 σῶμα,
1585 1551 1709 1606 πολύ
1753 1559 2053 1619 πλανῶνται,
2104 1552 2159 1608 τό
2197 1559 2388 1622 ποίημα

459 1640 822 1700 συνεξισοῦντες
857 1643 926 1708 τῷ
969 1643 1180 1711 ποιητῇ,
1232 1639 1317 1691 καὶ
1363 1636 1694 1701 ὑπονοοῦντες
1745 1639 1994 1692 δύνασθαι
2039 1638 2128 1708 τὴν
2171 1638 2387 1708 θεότητα

459 1722 757 1795 προςθήκην
783 1721 1073 1790 λαμβάνειν·
1128 1725 1210 1776 καὶ
1244 1721 1493 1793 ἠγνόησαν
1521 1723 1597 1778 ὅτι
1626 1723 1686 1778 οὕ
1714 1723 1798 1778 διά
1827 1724 2121 1795 προςθήκην
2149 1725 2388 1793 θεότητος

457 1811 626 1880 γέγονε
662 1807 783 1878 σάρξ
811 1806 841 1861 ὅ
877 1807 1047 1878 λόγος,
1099 1806 1197 1861 ἀλλ’
1226 1811 1308 1862 ἵνα
1344 1807 1376 1877 ἦ
1403 1808 1522 1880 σάρξ
1561 1807 1772 1884 οἷναστῇ,
1827 1808 1932 1863 οὐδ’
1959 1813 2042 1864 ἵνα
2083 1814 2330 1885 βελτιωθῇ
2357 1807 2388 1864 ὅ

459 1893 603 1966 λόγος
627 1900 883 1965 προῆλθεν
917 1896 971 1947 ἐκ
1001 1898 1233 1964 Μαρίας,
1286 1893 1384 1948 ἀλλ’
1410 1898 1492 1949 ἵνα
1517 1895 1572 1949 vd
1612 1896 2008 1966 12ι>ἰνθρω’πινον
2033 1898 2173 1967 γένος
2203 1894 2386 1966 λυτρώ-

461 1998 616 2049 σηται.
694 1985 816 2042 Πῶς
840 1973 931 2033 οὗν
967 1986 981 2015 ¹
1000 1985 1021 2016 ³
1038 1976 1150 2033 οἷόν
1175 2001 1225 2032 τε
1248 1978 1302 2033 τό
1331 1979 1413 2034 διά
1438 1987 1526 2034 τοῦ
1548 1981 1698 2052 λόγου
1723 1983 1976 2052 λυτρωθὲν
1997 1989 2137 2050 σῶμα
2161 1984 2243 2036 καὶ
2268 1988 2385 2046 ζωο-

460 2067 672 2135 ποιηθὲν
715 2065 1009 2134 προςθήκην
1048 2068 1116 2128 εἷς
1155 2064 1371 2134 θεότητα
1420 2072 1562 2140 Ῑ4τῷ
1614 2067 1974 2134 ζωοποιῆσαντι
2022 2068 2151 2140 λόγῳ
2198 2074 2384 2132 ποιεῖν,

459 2157 670 2206 Μᾶλλον
689 2149 783 2223 γάρ
813 2150 950 2223 αὐτῷ
984 2156 1035 2188 ¹5
1056 2151 1358 2224 ἀνθρωπίνῳ
1382 2151 1646 2222 προς-θήκη
1676 2152 1856 2223 μεγάλη
1883 2155 2078 2223 γέγονεν
2105 2156 2157 2207 ἐκ
2183 2160 2270 2221 τῆς
2297 2158 2387 2206 τοῦ

457 2237 606 2308 λόγου
633 2237 758 2308 πρὸς
794 2234 918 2291 αὐτό
948 2241 1208 2300 κοινωνίας
1234 2259 1284 2290 τε
1315 2239 1399 2291 καὶ
1426 2237 1657 2301 ἕνῶσεως.
1740 2245 1755 2274 ¹
1774 2237 1940 2292 ⁶'Am3
1967 2244 2163 2306 θνητοῦ
2189 2239 2389 2308 γέγονεν

461 2323 743 2388 ἀθάνατον,
785 2325 869 2377 καὶ
902 2321 1117 2390 ψυχικὸν
1142 2322 1198 2376 ὂν
1225 2325 1389 2393 γέγονε
1421 2323 1776 2392 πνευματικόν,
1813 2325 1898 2377 καὶ
1929 2326 1982 2378 ἐκ
2011 2330 2101 2394 γῆς
2124 2324 2388 2394 γενόμενον

460 2407 547 2471 τοὶς
574 2409 840 2478 οὐρανίους
867 2410 1005 2476 διέβη
1027 2407 1195 2470 πύλας.
1264 2406 1331 2460 Ἡ
1348 2411 1514 2477 μέντοι
1541 2410 1696 2479 τριάς,
1732 2411 1816 2462 καὶ
1841 2408 2078 2477 λαβόντος
2104 2411 2159 2463 ἐκ
2184 2412 2390 2480 Μαρίας

461 2501 603 2562 σῶμα
636 2500 725 2547 τοῦ
754 2493 926 2564 λόγου,
965 2493 1103 2564 τριάς
1132 2489 1286 2559 ἔστιν,
1326 2492 1387 2548 οὗ
1419 2497 1649 2564 δεχομένη
1681 2494 2000 2566 προςθήκην,
2039 2495 2156 2549 οὐδὲ
2184 2494 2388 2566 ἀφαίρε-

463 2598 569 2645 σιν,
622 2578 739 2632 άλλοὶ
775 2580 852 2633 ἀεὶ
888 2584 1040 2633 τελεία
1079 2581 1202 2643 ἐστὶ,
1252 2582 1333 2633 καὶ
1363 2583 1414 2634 ἐν
1442 2580 1604 2650 τριάδι
1635 2585 1720 2650 μία
1748 2580 1931 2649 θεότης
1956 2580 2264 2652 γινώσκεται,
2303 2582 2388 2635 καὶ

464 2664 623 2728 οὕτως
659 2667 712 2718 ἐν
747 2672 808 2739 τῇ
836 2668 1065 2738 ἐκκλησίᾳ
1094 2663 1404 2738 κηρύττεται,
1443 2664 1514 2730 εἷς
1538 2666 1660 2730 θεὸς
1697 2664 1725 2721 ὁ
1762 2673 1852 2722 τοῦ
1881 2666 2032 2738 λόγου
2070 2666 2245 2737 πατήρ.

601 3267 689 3323 Ἐκ
725 3277 741 3307 ¹
765 3269 817 3323 δὲ
849 3267 1027 3323 τούτου
1068 3266 1375 3339 σιωπήσουσι
1414 3267 1590 3324 λοιπόν
1616 3270 1700 3324 καὶ
1741 3270 1794 3323 οἵ
1817 3290 1935 3323 ποτε
1970 3267 2188 3332 εἰπόντες
2215 3267 2302 3324 τᾶν
2331 3269 2386 3325 ἐκ

463 3359 669 3424 Μαρίας
699 3355 1011 3427 προελθόντα
1037 3354 1103 3424 μή
1132 3353 1255 3409 εἶναι
1279 3353 1430 3409 αὐτόν
1456 3354 1542 3409 τόν
1575 3353 1789 3428 Χριστόν
1811 3356 1894 3408 καὶ
1923 3354 2099 3426 κύριον
2133 3357 2219 3409 καὶ
2243 3353 2383 3410 θεόν.

521 3528 618 3596 CA13.
640 3529 714 3569 ΧΙ
734 3552 786 3560 -
849 3531 883 3570 1.
911 3525 1196 3582 ὑποκρίνονται
1222 3532 1265 3570 Β.
1511 3531 1550 3572 5.
1564 3523 1694 3576 όντως
1712 3529 1823 3569 codd.
1840 3540 1931 3568 mss.
1955 3533 2112 3580 uterque
2134 3534 2169 3571 et
2188 3531 2248 3570 ed.
2257 3531 2384 3580 princ

517 3584 557 3624 2.
577 3579 713 3638 ω’ςπερ
735 3599 810 3654 φρ
825 3586 1074 3639 νομισθῶσι,
1103 3586 1225 3628 τοῦτο
1248 3589 1293 3626 Β.
1324 3587 1399 3628 Pe·
1453 3589 1501 3628 At
1520 3589 1727 3628 comorius
1747 3587 1829 3625 iam
1852 3588 1963 3625 vertit
1987 3586 2089 3626 Cum
2112 3594 2250 3626 autem
2274 3583 2385 3626 aliud

463 3643 542 3680 tav.
573 3643 747 3682 distinxit
775 3656 835 3690 ως
863 3656 935 3697 φρ.
963 3657 996 3685 ν.
1027 3642 1175 3697 τοῦτο,
1207 3639 1328 3686 κατὰ.
1454 3643 1522 3693 sit,
1552 3641 1631 3682 erit
1659 3641 1883 3681 secundum
1911 3641 2020 3696 ipsos
2050 3647 2132 3684 cett.

518 3696 556 3736 3.
589 3695 743 3741 ἔννοιαν
771 3701 819 3739 Β.
1509 3675 1549 3742 6.
1580 3693 1670 3741 κατ’
1701 3692 1855 3746 αυτοῦς
1881 3696 1999 3742 ἔσται
2025 3701 2072 3741 Β.

519 3747 558 3791 4.
594 3748 615 3794 ὁ
647 3751 738 3803 υἱός
766 3753 876 3799 κατὰ
903 3753 1000 3804 τοὺς
1028 3754 1213 3812 πατέρας
1243 3770 1312 3810 ομ
1340 3748 1396 3798 ω“ν
1511 3756 1550 3799 7.
1581 3754 1619 3797 οἱ
1647 3752 1782 3807 ἕτερον
1813 3756 1858 3795 Β.

463 3808 524 3864 τῷ
554 3810 599 3850 Β.
633 3811 752 3851 Recte.
1509 3812 1550 3854 8.
1583 3812 1644 3866 τῷ
1677 3809 1806 3865 ετέρῳ
1832 3813 1876 3851 Β.
