2508 4134
550 279 777 320 PANAau
804 280 907 320 mn.
931 280 1003 320 ιιι.
1033 280 1168 321 ΤοΜ.
1192 282 1243 321 11.
1271 280 1437 321 ΗΑΕΒ.
1458 279 1694 322 Lxxvm.
1976 271 2073 321 423

169 379 487 430 immortalem
531 394 873 447 perseverasse
907 377 1111 441 definio,
1168 386 1248 428 aut
1280 387 1435 428 utrum
1475 387 1662 429 mortua
1692 378 1755 429 sit
1789 378 2075 429 confirmare

173 479 385 532 possum.
464 460 652 532 Quippe
687 461 925 530 scriptura
969 478 1108 512 sacra
1154 463 1327 511 mentis
1362 462 1594 513 humanae
1633 471 1820 530 captum
1861 471 2076 531 praeter-

170 563 341 614 gressa
374 564 473 597 rem
507 547 553 598 in
586 548 770 598 incerto
813 545 1034 613 reliquit,
1087 554 1284 614 propter
1322 563 1410 596 vas
1444 546 1556 596 illud
1594 547 1821 597 eximium
1853 564 1909 597 ac
1937 564 2075 616 prae-

171 640 334 694 stans,
377 649 436 682 ne
463 631 568 699 quis
595 630 753 682 carnis
787 631 1029 699 propriam
1065 629 1205 679 ullam
1237 628 1279 678 ei
1310 629 1585 680 foeditatem
1617 630 1875 682 adscribat.
1957 629 2076 683 Sive

170 714 314 783 igitur
345 723 534 765 mortua
561 715 651 779 sit,
707 715 979 777 nescimus,
1035 713 1138 764 sive
1169 714 1449 781 consepulta
1479 714 1536 763 sit
1557 753 1569 774 ,
1613 731 1707 764 non
1745 724 1901 766 tamen
1931 715 2073 766 ullam

171 807 245 849 est
284 800 670 850 coniunctionem
721 797 937 866 corporis
989 806 1221 866 experta3
1284 796 1409 847 absit
1459 806 1508 847 ιιι
1551 797 1663 847 illud
1717 799 2072 851 existimemus.

170 882 292 951 Quis
322 892 397 934 est
424 893 581 933 autem
625 882 703 951 qni
750 884 960 933 furorem
999 882 1087 932 sibi
1121 890 1168 931 et
1198 880 1434 932 insaniam
1479 881 1726 932 asciscens
1757 891 1934 933 tantam
1963 883 2075 935 bea-

170 975 245 1018 tae
275 967 450 1035 virgini
491 967 830 1018 contumeliam
868 966 984 1016 velit
1012 965 1289 1034 imponere,
1346 974 1392 1015 et
1421 983 1476 1016 os
1517 984 1655 1017 suum
1689 967 1920 1018 adversus
1946 968 2072 1019 illam

168 1052 416 1114 attollere,
470 1052 637 1102 laxare
668 1052 908 1119 linguam,
963 1051 1019 1100 ad
1058 1048 1334 1117 pestiferam
1365 1049 1492 1101 illam
1533 1050 1932 1119 pronuntiandam
1965 1069 2076 1102 seu-

164 1136 359 1186 tentiam
389 1136 522 1186 labra
549 1136 810 1187 diducere?
848 1153 933 1203 pro
964 1134 1201 1197 laudibus,
1233 1151 1289 1184 ac
1321 1135 1592 1202 praeconiis
1620 1135 1794 1203 probra
1825 1146 2074 1187 contume-

166 1219 351 1288 liasque
382 1220 715 1270 comminisci?
765 1228 1106 1270 sacrosanctae
1147 1218 1380 1269 insultare
1415 1219 1625 1285 virgini?
1680 1237 1768 1271 vas
1798 1220 1909 1270 illud
1941 1219 2076 1270 deui-

167 1322 258 1372 que
298 1304 426 1354 omni
467 1303 651 1355 honore
691 1304 881 1372 dignum
923 1303 1051 1353 nullo
1092 1303 1274 1353 honore
1315 1321 1514 1372 prorsus
1552 1304 1775 1354 afficere?

308 1386 449 1455 Quod
476 1389 515 1438 si
551 1397 599 1439 et
628 1389 818 1439 aliunde
859 1389 1075 1438 rationes
1119 1389 1384 1437 transferre
1421 1388 1591 1447 liceat,
1650 1387 1758 1456 qnid
1792 1405 1951 1438 rernm
1993 1405 2076 1439 na·
2107 1398 2205 1452 Cap.
2227 1399 2327 1442 XII.

173 1482 274 1524 tura
305 1473 405 1541 ipsa
438 1474 559 1523 ferat
592 1473 831 1541 paululum
868 1475 1247 1523 consideremus.
1325 1470 1570 1522 Leaenam
1601 1473 1758 1540 itaque
1790 1474 1949 1523 ferunt
1979 1490 2074 1523 non

166 1557 256 1607 nisi
286 1557 434 1608 semel
466 1574 670 1625 parere3
722 1558 853 1607 cuius
892 1556 963 1607 rei
1005 1557 1125 1607 lianc
1171 1573 1280 1607 esse
1314 1556 1548 1607 rationem
1583 1557 1705 1624 quod
1739 1557 1916 1607 animal
1948 1557 2075 1607 istud

163 1642 528 1692 voracissimum
560 1642 649 1704 sit,
693 1642 856 1692 colore
891 1642 1101 1704 fulvum,
1146 1642 1442 1692 validissimo
1473 1642 1648 1691 robore
1683 1652 1855 1709 atque,
1898 1650 1949 1691 ιιι
1979 1659 2073 1692 ιιιιο

164 1726 315 1795 verbo
345 1727 525 1790 dicam,
583 1728 716 1794 regia
757 1726 957 1793 quadam
1002 1725 1232 1793 dignitate
1276 1725 1452 1776 ceteris
1494 1726 1779 1790 antecellat,
1835 1744 1978 1794 porro
2009 1744 2074 1777 ex

164 1828 258 1861 nno
288 1811 494 1877 coniuge
524 1810 762 1879 concipiat
791 1811 1061 1878 foetumque
1091 1826 1180 1860 sex
1211 1819 1258 1860 et
1282 1810 1453 1877 viginti
1480 1819 1608 1860 totos
1636 1828 1831 1861 menses
1857 1811 1903 1860 in
1935 1820 2072 1861 utero

163 1903 329 1962 gerat,
388 1896 509 1944 adeo
555 1903 602 1944 ut
647 1894 726 1944 ille
773 1911 886 1963 prae
932 1894 1281 1962 longinquitate
1325 1894 1556 1963 temporis
1604 1895 1794 1945 adultus
1848 1895 2072 1946 dentibus

163 1979 381 2030 omnibus
417 1987 558 2046 atque
593 1978 831 2046 unguibus
860 1997 963 2029 cum
996 1978 1122 2029 iusta
1152 1979 1368 2045 corporis
1402 1988 1585 2029 statura
1620 1979 1861 2047 praeditus
1893 1979 1957 2029 sit
1987 1997 2072 2030 an-

162 2072 351 2132 tequam
390 2064 437 2113 in
472 2064 624 2114 lucem
662 2063 886 2132 prodeat,
939 2071 1082 2131 atque
1123 2072 1170 2113 et
1201 2063 1549 2126 claviculares,
1605 2081 1723 2131 quos
1762 2049 1970 2127 vocant,
2025 2073 2074 2115 et

162 2149 360 2199 caninos
401 2149 568 2199 dentes
610 2166 664 2198 ac
693 2149 900 2198 molares
934 2147 1139 2211 habeat,
1194 2157 1242 2198 et
1275 2148 1366 2198 alia
1397 2147 1556 2198 omnia
1588 2165 1708 2215 qnae
1736 2148 1928 2199 animali
1962 2147 2069 2199 huic

162 2251 187 2283 a
224 2242 392 2283 natura
426 2249 659 2283 concessa
693 2241 822 2283 sunt.
899 2229 1026 2282 Dum
1056 2232 1204 2300 igitur
1236 2233 1400 2282 matris
1432 2241 1569 2282 utero
1598 2233 1903 2295 continetur,
1957 2233 2070 2283 sub-

162 2318 382 2369 sultando
421 2318 752 2384 movendoque
797 2333 936 2380 sese,
992 2327 1071 2367 aut
1113 2317 1207 2367 alio
1245 2317 1416 2385 quovis
1457 2317 1623 2379 modo,
1684 2319 1850 2368 matris
1881 2326 2070 2368 uterum

162 2402 346 2452 laniare
373 2401 607 2468 unguibus
640 2418 695 2451 ac
726 2400 1001 2469 discerpere
1035 2410 1250 2451 narrant.
1330 2399 1495 2469 Quare
1533 2419 1637 2452 cum
1669 2403 1724 2452 ad
1755 2410 1941 2471 partum
1974 2420 2071 2452 ma-

162 2495 237 2536 ter
264 2485 483 2548 venerit,
526 2486 692 2535 eadem
728 2485 811 2535 >illa
847 2486 923 2535 die
953 2485 1011 2535 ab
1042 2486 1170 2535 omni
1202 2485 1498 2554 parturiendi
1529 2486 1803 2537 conditione
1833 2504 1888 2537 ac
1922 2487 2072 2538 mole-

162 2571 252 2621 stia
280 2578 498 2621 ventrem
534 2569 662 2619 illius
702 2569 917 2619 liberari.
996 2568 1245 2637 Siquidem
1287 2570 1334 2620 in
1375 2570 1480 2638 ipso
1521 2579 1656 2639 partu
1689 2579 1878 2621 uterum
1907 2571 2067 2635 simul,

163 2672 219 2706 ac
251 2654 497 2705 matricem
541 2653 740 2704 excerni
777 2655 1063 2705 naturalium
1096 2671 1255 2705 rernm
1297 2654 1605 2723 indagatores
1639 2665 1892 2719 asserunt,
1951 2656 2070 2707 adeo

162 2747 213 2789 ut
240 2738 366 2788 nulla
393 2737 438 2788 in
471 2747 713 2806 posterum
739 2738 933 2787 veneris
961 2739 1217 2807 cupiditate
1247 2747 1491 2806 tangatur,
1535 2738 1625 2789 nisi
1657 2739 1811 2807 aliqua
1841 2740 1911 2791 vis
1937 2740 2072 2791 adbi-

161 2823 350 2874 beatur.
427 2819 567 2889 Quod
598 2821 636 2871 si
675 2838 851 2871 marem
894 2823 1106 2890 experiri
1138 2832 1363 2891 cogatur,
1420 2841 1515 2874 non
1546 2824 1749 2893 amplius
1780 2833 1938 2874 tamen
1971 2826 2072 2875 foe-

162 2915 260 2958 tum
296 2915 487 2975 gestare
527 2923 698 2972 posse,
759 2914 921 2973 utpote
966 2924 1085 2974 quae
1127 2909 1326 2958 matrice
1367 2917 1550 2959 careat.
1629 2905 1739 2974 Qua
1782 2909 1969 2976 quidem
2005 2925 2071 2959 ex

162 2991 441 3042 narratione
476 2990 534 3040 ad
564 2989 608 3039 id
647 2990 702 3039 de
736 3007 829 3057 quo
867 2990 1048 3057 agimus
1088 2991 1444 3042 similitudinem
1487 2993 1720 3060 quandam
1760 2993 1872 3042 licet
1912 3002 2070 3043 trans-

164 3077 319 3139 ferre,
362 3091 484 3141 quae
511 3074 761 3124 utilitatem
793 3074 948 3141 potins
985 3092 1126 3141 quam
1155 3076 1375 3126 damnum
1410 3077 1599 3145 aliquod
1630 3076 1878 3127 continere
1905 3076 2071 3126 videa-

165 3167 258 3210 tur.
349 3157 541 3208 Etenim
581 3159 619 3208 si
664 3158 869 3208 catulum
923 3158 1077 3208 leonis
1123 3157 1283 3210 ludam
1330 3158 1473 3211 laceb
1523 3160 1775 3210 nominans
1821 3157 2065 3211 Christum
2091 3178 2300 3225 Gen.49‚9.

165 3244 363 3311 quadam
413 3242 650 3292 sermonis
690 3243 837 3310 figura
887 3242 1218 3306 adumbravit,
1272 3261 1375 3293 cum
1418 3261 1571 3311 eoque
1611 3244 1721 3294 illud
1766 3262 1829 3294 ex
1873 3241 2066 3295 loannis

164 3326 459 3396 Apocalypsi
490 3327 733 3394 congruit,
772 3331 894 3376 Ecce
923 3331 1034 3375 ve'ce'lv
1059 3329 1127 3375 leo
1154 3331 1209 3375 de
1235 3329 1359 3376 tribu
1385 3332 1518 3388 Iuda,
1563 3338 1611 3377 et
1633 3332 1688 3377 de
1712 3332 1858 3393 stirpe
1886 3333 2061 3390 Davz‘d5
2089 3350 2199 3395 Apoc.
2218 3349 2251 3396 5,
2268 3350 2298 3385 5.

164 3430 270 3462 cum
301 3412 429 3462 leoni
466 3411 684 3462 dominus
720 3410 1058 3474 assimiletur,
1101 3428 1193 3459 non
1226 3419 1395 3462 natura
1427 3412 1644 3479 quidem,
1687 3412 1769 3462 sed
1799 3411 2068 3464 similitudi-

164 3553 268 3592 edz'ti.
1146 3549 1201 3589 cit
1232 3551 1368 3590 Iacob.

219 3605 257 3647 4.
301 3605 480 3674 σκυμνός
520 3609 602 3648 eod
643 3609 963 3661 18η.σκῆμνος
1002 3609 1083 3647 cod.
1200 3607 1237 3646 5.
1270 3608 1520 3647 Scribendum
1548 3611 1707 3658 fortasse
1730 3606 1801 3649 καί
1827 3622 1903 3651 που
1931 3606 1970 3651 ἐν
1999 3609 2070 3664 τῇ.

164 3665 323 3714 Rhediy
384 3658 562 3716 σκύμνος
601 3666 687 3703 edit.
723 3667 846 3714 princ.
909 3662 1085 3715 σκύμνον
1145 3664 1306 3704 Ρειαυίο
1332 3665 1535 3703 videbatur
1559 3661 1667 3706 κατὰ
1690 3661 1787 3712 τούς
1814 3663 1854 3706 ἐν
1872 3666 1940 3720 τῇ
1975 3667 2069 3706 Cor-

164 3722 222 3759 ed.
265 3722 395 3760 Petav.
411 3748 422 3767 ‚
475 3724 508 3760 et
551 3721 759 3759 Carnarius
797 3722 862 3769 qui
897 3722 1007 3759 vertit
1041 3718 1083 3757 Si
1139 3721 1274 3759 narius
1302 3721 1412 3760 vertit
1452 3727 1494 3759 et
1521 3719 1562 3759 in
1596 3719 1842 3775 Apocalypsi
1872 3720 2067 3777 scriptum

166 3774 271 3817 enim
296 3774 472 3816 catulum
500 3774 630 3815 leonis
661 3774 800 3817 tudam
828 3775 996 3816 obscure
1021 3773 1082 3814 di-
1142 3781 1215 3815 est.
