2508 4134
189 2192 276 2227 pag.
303 2181 398 2217 1065.

210 3439 323 3492 Κεφ.
355 3435 412 3492 η’.

422 245 524 296 458
1133 253 1333 295 εΑΝοΤι
1365 254 1643 296 ΕΡΙΡΗΑΝΠ

420 352 510 420 τὴν
538 349 762 405 διάνοιαν
801 357 890 404 τοῦ
926 356 1103 404 πιστοῦ
1133 353 1184 404 έν
1210 356 1269 424 τῇ
1297 353 1567 424 ἐπαγγελία.
1650 356 1806 404 Τοῦτο
1837 351 1890 403 δὲ
1922 351 2089 420 γέγονέ
2119 365 2244 402 τισιν
2273 350 2343 412 εἰς

419 437 619 504 πλάνην.
690 434 958 489 Ἀδύνατον
996 437 1088 506 γάρ
1125 457 1231 489 τινα
1261 435 1394 506 παρά
1420 435 1510 504 τὴν
1534 442 1630 490 τῶν
1655 433 1943 506 α’νθρώπων
1969 433 2121 501 φύσιν
2148 435 2230 488 ἐπὶ
2255 439 2345 503 τῆς

421 529 509 592 γῆς
546 527 830 592 γεννᾶσθαι.
905 520 1068 593 Μόνῳ
1106 518 1198 592 γάρ
1234 522 1499 592 διέπρεψεν
1543 520 1702 594 αὐτῷ,
1760 520 1896 592 μόνῳ
1936 517 2277 590 παρεχώρησεν
2309 515 2344 586 ἦ

423 606 585 674 φύσις.
667 612 682 643 ¹
711 605 884 669 Οὕτως
925 604 991 668 ὥς
1019 606 1235 675 πλάστης
1266 608 1350 660 καὶ
1379 605 1690 674 έξουσιαστής
1727 611 1814 659 τοῦ
1844 603 2131 674 πράγματος
2171 601 2345 658 ἑαυτὸν

423 692 524 748 ἆπδ
564 693 823 763 παρθένου
866 691 1025 762 ὥςπερ
1067 690 1166 745 άπὸ
1209 698 1297 760 τῆς
1332 698 1422 762 γῆς
1453 691 1786 755 άνεπλάσατο,
1835 687 1958 751 θεὸς
1996 687 2081 742 ἀπ’
2118 690 2346 759 οὐρανῶν

421 777 606 844 ἐλθών,
658 777 817 848 σάρκα
863 776 1192 846 ἐνδυσάμενος
1221 776 1250 832 ὁ
1282 777 1426 848 λόγος
1462 779 1511 840 ἐξ
1543 774 1683 846 ἆγίας
1721 776 2008 844 παρθένου·
2059 773 2121 828 ού
2156 773 2253 843 μὴν
2293 774 2348 828 δὲ

424 865 860 935 προςκυνουμένης
905 869 993 932 τῆς
1022 865 1308 933 παρθένου,
1359 861 1475 916 οὐδὲ
1503 865 1586 915 ἵνα
1616 859 1736 914 θεὸν
1777 859 1960 926 ταύτην
1999 856 2346 930 ἀπεργάσηται,

424 949 512 1018 οὐχ
538 952 621 1003 ἵνα
650 951 719 1012 εἰς
750 947 908 1016 ὄνομα
951 948 1106 1016 αὐτῆς
1143 949 1571 1019 προςενέγκωμεν,
1622 946 1712 1014 οὐχ
1746 948 1826 998 ’ἵνα
1855 952 2092 1016 γυναῖκας
2115 943 2260 997 πάλιν
2285 945 2349 997 ἱε-

423 1040 556 1106 ρείας
588 1033 706 1104 μετά
746 1034 984 1097 τοσαύτας
1020 1033 1188 1105 γενεάς
1227 1031 1478 1105 οἷποδείξῃ.
1553 1031 1661 1085 Οὔκ
1707 1030 1972 1098 εὐδόκησεν
2003 1028 2033 1083 ὅ
2058 1027 2180 1091 θεός
2203 1035 2348 1083 τοῦτο

423 1125 474 1177 ἐν
503 1120 721 1194 Σαλώμῃ
761 1122 1016 1190 γενέσθαι,
1068 1120 1162 1173 οὐκ
1191 1122 1240 1173 έν
1268 1118 1394 1192 αὐτῇ
1422 1125 1482 1192 τῇ
1513 1121 1705 1190 Μαρίᾳ.
1786 1118 1896 1169 Οὐκ
1924 1116 2188 1185 ἐπέτρεψεν
2225 1112 2351 1188 αὐτῇ

422 1212 598 1261 δοῦναι
633 1205 911 1275 βάπτισμα,
966 1204 1056 1259 ούκ
1098 1203 1355 1275 εὐλογῆσαι
1395 1201 1638 1272 μαθητάς.
1720 1199 1794 1255 Οὔ
1834 1199 1889 1254 τὸ
1933 1198 2098 1270 ἄρχειν
2139 1201 2221 1254 ἐπὶ
2262 1205 2351 1268 τῆς

423 1300 513 1364 γῆς
539 1294 811 1356 ἐκέλευσεν,
864 1289 899 1359 ἢ
924 1290 1080 1359 μόνον
1107 1288 1321 1361 άγίασμα
1361 1288 1518 1357 αὐτὴν
1549 1286 1704 1353 εἶναι,
1755 1288 1840 1340 καὶ
1872 1289 2240 1353 καταξιωθῆναι
2262 1290 2352 1353 τῆς

425 1379 579 1433 αὐτοῦ
620 1382 879 1447 βασιλείας.
960 1374 1033 1429 Ού
1064 1376 1152 1444 τὴν
1178 1377 1486 1442 καλουμένην
1523 1375 1706 1444 μητέρα
1730 1371 1976 1438 Ῥούφου,
2030 1369 2091 1424 ού
2116 1368 2205 1432 τοὶς
2235 1368 2350 1424 άκο-

423 1463 740 1533 λουθησάσας
778 1464 877 1518 ἆπὸ
908 1466 1191 1527 Γαλιλαίας,
1243 1461 1304 1514 ού
1336 1459 1425 1528 τὴν
1455 1459 1687 1528 Μάρθαν
1721 1457 1811 1526 τήν
1851 1456 2068 1526 άδελφήν
2098 1454 2352 1524 Λαζάρου,

428 1553 512 1605 καὶ
546 1554 820 1620 2Μαρίαν,
876 1547 937 1603 οὔ
964 1570 1073 1601 τινα
1103 1553 1202 1601 τῶν
1234 1544 1386 1616 ἁγίων
1425 1551 1673 1616 γυναικῶν
1704 1547 2105 1607 καταξιωθεισῶν
2138 1538 2237 1594 find
2267 1546 2355 1609 τῆς

428 1635 585 1689 αὐτοῦ
615 1639 887 1706 παρουσίας
925 1640 1182 1701 σωθῆναι,
1240 1632 1730 1702 έξυπηρετησαμένων
1758 1627 1891 1701 αύτῷ
1926 1630 1980 1684 ἐκ
2009 1633 2108 1681 τῶν
2136 1629 2273 1681 ἰδίων
2299 1623 2354 1680 ὖ-

426 1722 739 1793 παρχόντων,
779 1719 840 1775 ού
872 1720 961 1789 τὴν
985 1727 1195 1790 γυναῖκα
1219 1716 1309 1785 τὴν
1337 1723 1625 1782 Χανανῖτιν,
1643 1730 1645 1732 ’
1665 1715 1726 1769 οὗ
1753 1713 1843 1783 τὴν
1872 1717 2232 1784 αἷμορροῦσαν,
2270 1713 2355 1766 καὶ

425 1808 760 1876 σεσωσμένην,
813 1805 874 1860 οὔ
918 1828 1024 1859 τινα
1065 1810 1162 1857 τῶν
1196 1805 1275 1857 ἐπὶ
1315 1809 1402 1872 τῆς
1443 1809 1534 1873 γῆς
1565 1806 1814 1872 γυναικῶν
1841 1806 1985 1853 τοῦτο
2013 1806 2172 1853 ποιεῖν
2207 1819 2355 1866 προς-
2429 1862 2432 1865 Δ

425 1895 559 1957 ε’ταξε
602 1891 657 1945 τὸ
700 1892 902 1960 ἀξίωμα.
980 1889 1156 1944 Πόθεν
1203 1893 1367 1943 τοίνυν
1409 1887 1557 1941 πάλιν
1601 1885 1722 1955 ἡμῖν
1759 1883 2138 1956 κυκλοδράκων,
2195 1882 2357 1938 πόθεν

423 1980 777 2043 ἆνακαινίζεται
803 1976 862 2031 τά
888 1974 1059 2031 σκολιοὶ
1082 1973 1391 2044 βουλεύματα
1401 1997 1416 2038 ,·
1487 1970 1569 2025 Ἐν
1595 1978 1711 2046 τιμῇ
1738 1974 1858 2025 ἔστω
1881 1974 2087 2040 Μαρία,
2126 1967 2156 2023 ὅ
2185 1969 2237 2023 δὲ
2263 1990 2354 2022 πα-

425 2064 543 2136 τὴρ,
579 2066 664 2118 καὶ
687 2062 826 2129 υίὸς,
866 2065 950 2117 καὶ
979 2061 1121 2132 ὃὶγιον
1150 2065 1346 2127 πνεῦμα
1371 2061 1773 2128 προςκυνείσθω,
1829 2055 1918 2124 τὴν
1949 2059 2159 2127 Μαρίαν
2184 2055 2357 2123 μηδεὶς

429 2154 774 2221 προςκυνείτω.
854 2149 928 2201 Οὐ
957 2147 1328 2217 λέγωγυναικὶ,
1378 2142 1477 2197 ἀλλ’
1509 2143 1624 2197 οὐδὲ
1654 2140 1824 2212 άνδρὶ,
1876 2146 1981 2214 θεῷ
2006 2142 2355 2212 προςτέτακται

428 2235 481 2290 τὸ
510 2235 802 2306 μυστήριον·
853 2232 964 2288 οὔτε
992 2232 1184 2304 ἄγγελοι
1209 2236 1423 2301 χωροῦσι
1458 2231 1742 2296 δοξολογίαν
1772 2226 2017 2294 τοιαύτην.
2087 2224 2355 2291 Ἐξαλειφέ-

428 2329 538 2375 σθω
567 2320 628 2374 τοὶ
659 2326 826 2382 κακῶς
852 2320 1102 2390 γραφέντα
1131 2320 1183 2371 ἐν
1207 2319 1386 2388 καρδίᾳ
1417 2319 1516 2367 τῶν
1543 2313 1892 2380 ἠπατημένων·
1933 2309 2272 2379 άμαυρούσθω
2303 2313 2354 2374 ἐξ

428 2408 710 2474 ὀφθαλμῶν
740 2403 794 2458 τό
825 2407 1092 2475 ἐγκίσσημα
1119 2408 1208 2455 τοῦ
1238 2400 1411 2464 ξύλου·
1451 2400 1722 2472 ἐπιστρέψῃ
1751 2397 1897 2451 πάλιν
1926 2396 1979 2450 τὸ
2008 2395 2205 2464 πλάσμα
2229 2393 2357 2466 πρὸς

428 2491 513 2546 τὸν
548 2489 812 2558 δεσπότην,
864 2490 1172 2558 έντρεπέσθω
1211 2485 1325 2539 Εὕα
1366 2483 1484 2552 μετὰ
1521 2490 1608 2537 τοῦ
1639 2481 1802 2550 Ἀδάμ
1843 2481 1965 2536 θεὸν
1998 2488 2145 2549 τιμᾶν
2185 2479 2356 2550 μόνον,

430 2577 497 2646 μὴ
524 2577 727 2647 ἀγέσθω
755 2581 813 2648 τῇ
848 2580 937 2627 τοῦ
964 2572 1127 2639 ὄφεως
1161 2577 1332 2644 φωνῇ,
1389 2568 1487 2623 ἀλλ’
1524 2571 1764 2636 ἐμμενέτω
1792 2574 1851 2642 τῇ
1879 2575 1970 2622 τοῦ
1992 2573 2121 2620 θεοῦ
2148 2564 2358 2638 προςτά-

429 2667 526 2728 ξει,
579 2661 676 2729 Μὴ
718 2660 884 2733 φάγῃς
920 2657 1021 2713 άπὸ
1064 2662 1152 2712 τοῦ
1181 2656 1342 2721 ξύλου.
1419 2657 1519 2708 Καὶ
1555 2649 1620 2723 ἦν
1645 2653 1698 2708 τὸ
1726 2652 1871 2718 ξύλον
1909 2653 1971 2707 οὗ
2001 2651 2186 2721 πλάνη,
2238 2649 2360 2704 ἀλλὰ

431 2746 515 2802 διά
543 2753 632 2801 τοῦ
662 2745 808 2810 ξύλου
838 2747 1035 2815 γέγονεν
1067 2742 1100 2811 ἦ
1131 2742 1359 2813 παρακοὴ
1398 2747 1486 2809 τῆς
1514 2739 1715 2807 πλάνης.
1790 2738 1887 2807 Μὴ
1925 2739 2119 2808 φαγέτω
2156 2759 2229 2799 τις
2257 2734 2358 2790 άπδ

431 2840 518 2902 τῆς
557 2831 747 2900 πλάνης
786 2838 874 2899 τῆς
912 2829 993 2884 διά
1031 2833 1239 2900 Μαρίαν
1270 2827 1357 2897 τὴν
1395 2825 1552 2897 άγίαν.
1630 2827 1730 2878 Καὶ
1769 2824 1861 2896 γάρ
1897 2825 2048 2878 εἶκαὶ
2087 2821 2271 2892 ὦραῖον
2303 2819 2357 2874 τὸ

433 2920 606 2984 ξύλον,
643 2916 742 2971 ἀλλ’
769 2916 861 2971 οὔκ
895 2919 962 2979 εἷς
994 2920 1198 2987 βρῶμα,
1248 2916 1332 2967 καὶ
1357 2915 1402 2966 εί
1424 2915 1649 2978 καλλίστη
1678 2909 1710 2978 ἦ
1737 2914 1939 2980 Μαρία,
1986 2910 2072 2963 καὶ
2097 2905 2237 2978 άγία,
2274 2907 2360 2960 καὶ

436 3006 755 3073 τετιμημένη,
794 3000 892 3056 ἄλλ’
931 3002 1026 3055 οὐκ
1064 3003 1130 3063 εἷς
1166 2998 1221 3053 τὸ
1266 3004 1708 3069 3προςκυνεῖσθαι.

576 3426 736 3484 Αὗται
771 3431 824 3483 δὲ
850 3428 995 3481 πάλιν
1025 3426 1387 3491 άνακαινίζουσι
1413 3431 1471 3499 τῇ
1509 3424 1640 3496 Τύχῃ
1673 3420 1728 3475 τό
1760 3421 2003 3487 κέρασμα,
2054 3419 2138 3471 καὶ
2165 3416 2357 3486 ἕτοιμά-

437 3524 571 3581 ζουσι
608 3523 676 3588 τῷ
707 3519 927 3582 δαίμονι,
982 3515 1066 3567 καὶ
1095 3512 1155 3566 ού
1192 3517 1297 3583 θεῷ
1337 3508 1425 3578 τὴν
1451 3507 1716 3578 τράπεζαν,
1771 3502 1894 3557 κατά
1921 3502 1975 3557 vd
2001 3505 2357 3573 γεγραμμένον,

497 3633 593 3672 Cn.
624 3633 717 3672 VII.
748 3654 801 3662 -α
866 3632 898 3672 1.
941 3631 1156 3670 Cor-narius
1195 3631 1229 3667 et
1256 3629 1372 3668 Peta-
1484 3623 1522 3666 3.
1553 3626 1597 3664 ln
1624 3623 1708 3663 cod.
1738 3624 1816 3662 len.
1845 3621 2025 3670 inferiore
2057 3622 2229 3671 paginae
2252 3631 2360 3659 mar-

440 3692 526 3728 vius
553 3694 744 3729 verterunt
782 3687 875 3741 hic,
914 3692 957 3727 ut
982 3681 1099 3733 οὕτος
1128 3686 1292 3725 voluisse
1316 3685 1377 3722 vi·
1432 3684 1519 3733 yine
1546 3682 1595 3719 ab
1623 3681 1785 3728 amiqua
1816 3678 1963 3727 (eadem
1988 3681 2081 3727 pulo
2109 3689 2134 3716 a
2158 3688 2235 3727 qna
2262 3680 2361 3715 totus

438 3747 614 3785 deantur.
1432 3741 1527 3778 liber
1549 3737 1786 3784 conscripfus
1814 3733 1882 3785 est>
1910 3746 2031 3773 mauu
2055 3735 2171 3773 rubro
2201 3734 2361 3782 adpicta

494 3803 533 3842 2.
563 3800 728 3855 Μαρίαν
757 3803 869 3841 codd,
900 3813 989 3843 mss.
1049 3796 1217 3853 Μαρίας
1244 3797 1349 3837 editi.
1436 3796 1528 3845 leyis
1553 3794 1646 3832 haec
1674 3792 1789 3831 verba
1816 3788 2166 3844 Προςκυνείσὲῖω,
2212 3784 2360 3842 πάτερ,
