2508 4134
452 248 553 300 158
1056 268 1060 273 ’
1163 260 1369 304 SANGTI
1393 262 1679 305 EPIPHANII

456 353 648 408 Τούτου
688 360 851 422 μεῖζον
888 353 982 408 οὐκ
1022 357 1115 424 ἔχω
1154 358 1322 427 λέγειν.
1399 357 1524 422 Θεὸς
1559 361 1612 413 δὲ
1648 358 1677 413 6
1711 359 1834 422 υἱός.
1900 359 1988 424 Ἐξ
2024 353 2119 427 οἷν,
2169 362 2320 430 φησὶ,
2358 358 2388 416 o‘

451 437 666 510 Χριστός
694 438 896 492 Ξθκατᾶ
934 439 1118 510 σάρκα,
1174 439 1205 496 6
1241 441 1311 496 o'iv
1333 445 1416 498 ἐπὶ
1445 445 1646 499 πάντων
1679 445 1815 507 θεός.
1895 449 2194 513 Πίστευσον,
2245 448 2387 515 φησὶ,

445 528 515 587 είς
540 523 627 578 τὸν
647 524 822 595 κύριον
846 523 1055 593 Ἰησοῦν,
1093 528 1178 580 καὶ
1209 528 1434 604 σωθήσῃ.
1509 532 1628 596 Καὶ,
1663 528 1907 599 Ἐλάλησε,
1948 537 2006 568 2¹
2025 533 2178 599 φησὶ,
2217 531 2389 594 αὐτοῖς

445 608 533 664 τόν
555 609 701 681 λόγον
727 616 817 664 τοῦ
844 615 1051 683 κυρίου,
1106 610 1368 684 άναγαγών
1392 636 1443 668 τε
1473 614 1655 678 αὐτούς
1682 618 1751 678 εἰς
1770 616 1856 670 τὸν
1886 613 2053 682 οἷκον,
2104 617 2390 686 παρέθηκεν

446 695 619 758 αὐτοῖς
648 695 918 766 τράπεζαν,
970 700 1056 751 καὶ
1087 695 1408 770 ἠγαλλιάσατο
1437 703 1639 755 πανοικὶ
1666 699 2004 764 πεπιστευκώς
2030 707 2100 774 τῷ
2123 707 2243 774 θεῷ’.
2304 699 2387 768 Ἢ,

445 780 521 835 ὅτι
542 779 625 835 Ἐν
652 779 775 856 άρχῇ
806 776 870 851 ἦν
897 781 927 836 o‘
958 783 1130 854 λόγος,
1166 786 1252 838 καὶ
1278 783 1308 838 6
1335 785 1479 857 λόγος
1511 781 1570 855 ἦν
1597 786 1724 858 πρὸς
1751 786 1837 841 τόν
1863 785 2015 853 θεόν,
2066 788 2153 840 καὶ
2176 784 2300 849 θεός
2329 779 2391 855 ἦν

444 864 474 920 6
497 865 664 937 λόγος,
715 866 774 935 ἢ,
810 866 918 921 Ἵνα
943 868 1034 937 τὴν
1067 873 1383 924 διδασκαλίαν
1418 878 1508 925 τοῦ
1541 878 1840 943 Ὴσωτῆρος
1876 870 2020 941 ἡμῶν
2056 871 2388 940 κοσμήσωσιν,

440 951 498 1021 ἢ,
546 952 807 1021 Ἐπεφάνη
847 952 1016 1025 Ὴγᾶρ
1055 953 1089 1023 ἦ
1112 954 1252 1026 χάρις
1283 962 1341 993 24
1358 963 1446 1010 τοῦ
1482 961 1659 1028 κυρίου
1703 960 1787 1012 καὶ
1825 964 2049 1027 σωτῆρος
2091 956 2236 1027 ἡμῶν
2269 963 2390 1028 Χρι-

444 1044 564 1092 στοῦ
605 1044 758 1092 πᾶσιν
794 1036 1115 1110 ἀνθρώποις,
1172 1040 1557 1095 25διδάσκουσα
1592 1041 1749 1111 ἡμᾶς,
1802 1043 1864 1112 ἢ,
1917 1045 2262 1112 ἳθΔεχόμενοι
2298 1041 2390 1111 τὴν

444 1127 693 1195 μακαρίαν
728 1126 925 1191 ἐλπίδα,
978 1128 1061 1180 καὶ
1094 1126 1389 1193 ἐπιφάνειαν
1427 1134 1517 1196 τῆς
1543 1127 1692 1196 δόξης
1722 1134 1889 1184 Ἦτοῦ
1915 1128 2128 1200 μεγάλου
2151 1134 2282 1190 θεοῦ
2303 1129 2388 1183 καὶ

241 1248 328 1290 pag.
348 1237 423 1274 895.
447 1216 668 1281 σωτῆρος
704 1207 845 1278 ἡμῶν
880 1209 1046 1279 Ἰησοῦ
1076 1217 1326 1282 Χριστοῦ,
1378 1211 1439 1280 ἢ,
1492 1212 1636 1282 Αὕτη
1664 1212 1699 1282 ἦ
1726 1218 1950 1268 διακονία
1977 1221 2067 1269 τοῦ
2094 1212 2387 1282 πνεύματος,

444 1297 530 1350 καὶ
557 1301 648 1349 τοῦ
673 1295 845 1366 λόγου·
882 1298 1160 1368 προςέχετε,
1216 1304 1274 1335 ²⁸
1292 1300 1438 1366 φησὶ,
1495 1301 1715 1365 ἑαυτοῖς,
1766 1301 1850 1353 καὶ
1883 1303 2030 1354 παντὶ
2061 1307 2130 1374 τῷ
2154 1306 2388 1377 ποιμνίῳ,

445 1385 499 1436 ἐν
523 1375 563 1456 ᾧ
594 1388 654 1420 ²⁹
672 1384 817 1436 ἔθετο
848 1380 978 1450 ὑμᾶς
1005 1381 1059 1436 τό
1091 1389 1286 1451 πνεῦμα
1321 1383 1376 1437 τὸ
1406 1383 1549 1455 ἅγιον
1580 1384 1909 1451 ἐπισκόπους,
1946 1391 2228 1455 ποιμαίνειν
2260 1392 2319 1425 ³⁰
2337 1385 2388 1456 ἦ·

444 1475 541 1538 μᾶς
563 1466 650 1537 τὴν
676 1471 936 1547 ἐκκλησίαν
961 1475 1051 1522 τοῦ
1079 1474 1234 1534 θεοῦ,
1284 1468 1463 1537 ὅμοιον
1500 1476 1569 1543 τῷ
1597 1473 1778 1538 εἰπεῖν,
1831 1470 1995 1542 Χάριν
2019 1474 2112 1541 ἔχω
2136 1479 2204 1547 τῷ
2237 1479 2260 1512 ³
2276 1479 2294 1511 ¹
2314 1475 2389 1529 3⁹-

445 1557 746 1622 δυναμοῦντί
777 1576 837 1622 με
872 1559 1069 1628 Χριστῷ
1095 1552 1257 1623 Ἰησοῦ
1288 1561 1355 1629 τῷ
1380 1559 1537 1630 κυρίῳ
1563 1554 1731 1626 ἡμῶν,
1782 1555 1856 1611 ὅτι
1884 1556 2061 1612 πιστόν
2084 1580 2144 1627 με
2172 1556 2389 1630 ἡγήσατο

452 1643 597 1704 Ηείς
634 1644 890 1695 διακονίαν
925 1642 1149 1709 θέμενος.

227 1750 341 1808 Κεφ,
370 1745 416 1804 ζ,
591 1732 832 1797 Συνεργεῖ
845 1729 1031 1793 τοίνυν,
1072 1724 1140 1789 ὥς
1164 1724 1531 1794 ἀποδέδεικται,
1567 1733 1635 1800 τῷ
1658 1729 1807 1798 πατρὶ
1829 1725 1859 1781 6
1879 1727 1990 1791 υῖὸς
2011 1732 2097 1784 καὶ
2115 1729 2173 1785 τὸ
2196 1737 2389 1801 πνεῦμα

443 1811 497 1867 τό
532 1810 689 1883 ἅγιον.
774 1820 790 1848 ¹
819 1818 897 1885 Τῷ
922 1811 1050 1885 λόγῳ
1092 1811 1187 1883 γάρ
1220 1816 1397 1883 κυρίου
1433 1817 1485 1868 οἰ
1510 1811 1718 1885 οὐρανοὶ
1759 1814 2158 1885 ἐστερεώθησαν,
2212 1818 2390 1891 καὶτῷ

443 1898 682 1967 πνεύματι
707 1903 798 1953 τοῦ
823 1896 1061 1966 στόματος
1097 1898 1257 1952 αὐτοῦ
1282 1905 1418 1952 πᾶσα
1444 1896 1478 1968 ἦ
1507 1898 1714 1968 δύναμις
1742 1905 1769 1938 2
1788 1900 1959 1954 αὐτοῦ.
2037 1895 2390 1973 Προςκυνητὸν

444 1986 498 2039 δὲ
533 1992 555 2023 3
574 1983 628 2039 τὸ
657 1990 850 2053 πνεῦμα
872 1981 927 2038 τὸ
953 1982 1122 2054 ἅγιον,
1159 1982 1277 2047 τούς
1299 1984 1394 2055 γάρ
1430 1991 1835 2056 προςκυνοῦντας
1863 1992 1971 2060 θεῷ
2001 1992 2029 2024 4
2046 1987 2288 2057 πνεύματι
2314 1991 2394 2044 δεῖ

444 2078 740 2142 προςκυνεῖν
778 2071 862 2124 καὶ
903 2068 1126 2143 άληθείᾳ.
1202 2074 1274 2125 Εἰ
1301 2073 1354 2125 δὲ
1387 2078 1612 2142 συνεργεῖ
1642 2068 1718 2139 ὗῆ
1750 2069 1984 2140 άλήθεια,
2034 2077 2191 2136 κτίσις
2231 2076 2388 2129 κτίσιν

444 2156 536 2211 οὐκ
564 2155 836 2228 ἐργάζεται,
888 2155 1008 2210 οὐδὲ
1034 2154 1205 2224 κτιστή
1245 2154 1320 2225 δὴ
1346 2155 1529 2226 θεότης
1565 2160 1768 2227 γίνεται,
1819 2155 1935 2211 οὐδὲ
1975 2159 2027 2212 ἐν
2053 2161 2213 2233 μέτρῳ
2243 2157 2280 2228 ἢ
2303 2180 2383 2214 πε·

443 2249 584 2317 ριοχῇ
611 2241 734 2305 θεὸς
759 2240 1062 2313 γινώσκεται.
1120 2240 1259 2296 ’Ἐστι
1285 2241 1380 2313 γάρ
1406 2241 1769 2314 άπερίγραφος,
1808 2241 2084 2313 ἇχαίρητος,
2124 2242 2386 2315 άπερινόη-

443 2351 552 2395 τος,
603 2326 765 2382 πάντα
809 2327 1191 2398 7περιεχόμενος
1221 2326 1282 2381 τά
1308 2327 1561 2397 ποιήματα
1596 2335 1685 2383 τοῦ
1717 2335 1860 2383 θεοῦ.
1941 2327 2016 2384 Οὔ
2044 2331 2303 2401 λατρευτέα
2333 2330 2387 2384 δὲ
2465 2361 2469 2371 -

443 2412 479 2483 ἡ
504 2417 671 2478 κτίσις.
742 2412 1066 2483 Ἐλάτρευσαν
1109 2412 1203 2484 γάρ
1241 2420 1304 2488 τῇ
1340 2417 1490 2468 κτίσει
1525 2414 1663 2485 παρὰ
1702 2413 1790 2470 τὸν
1827 2419 2084 2482 κτίσαντα,
2135 2417 2222 2470 καὶ
2262 2417 2386 2485 ἐμω-

446 2499 717 2571 ράνθησαν.
794 2505 916 2563 Πῶς
940 2498 1033 2570 γάρ
1058 2497 1119 2553 οὗ
1141 2498 1312 2569 μωρόν
1339 2503 1495 2553 κτίσιν
1518 2507 1799 2572 θεολογεῐν,
1838 2499 2038 2557 άθετεῖν
2065 2501 2118 2555 δὲ
2150 2507 2173 2540 ⁸
2193 2499 2386 2572 πατρός

444 2584 534 2653 τήν
573 2583 773 2654 ἐντολὴν
804 2583 894 2653 τὴν
925 2586 1190 2655 λέγουσαν,
1229 2583 1417 2640 ’Ἀκουε
1443 2584 1666 2656 Ἰσραὴλ,
1723 2587 1910 2659 Κύριος
1937 2585 1968 2642 6
1993 2585 2117 2650 θεός
2151 2592 2284 2641 ςὶσου
2315 2583 2387 2649 εἷς

446 2674 601 2736 ἐστιν,
658 2670 755 2725 οὐκ
808 2672 1014 2724 10ἔσται
1049 2672 1102 2724 ἐν
1140 2673 1220 2725 σοὶ
1264 2669 1388 2734 θεὸς
1422 2671 1738 2742 πρόσφατος,
1793 2676 1844 2728 ἐν
1880 2680 2097 2744 γραφαῖς
2133 2673 2188 2726 δὲ
2225 2669 2388 2743 ἆγίαις

451 2756 746 2826 ι’ὀνόματα
777 2756 998 2827 διάφορα
1036 2763 1248 2811 καλεῖται
1289 2756 1476 2829 πατρὸς
1511 2759 1597 2811 καὶ
1633 2762 1750 2813 υἱοῦ
1786 2761 1872 2813 καὶ
1909 2757 2053 2830 ἁγίου
2091 2756 2384 2826 πνεύματος.

449 2842 652 2914 Πατρός
682 2844 768 2912 μὲν
803 2842 966 2914 πατὴρ
1005 2841 1388 2914 παντοκράτωρ,
1441 2842 1602 2915 πατὴρ
1642 2842 1904 2911 ἁπάντων,
1958 2842 2119 2914 πατὴρ
2148 2851 2383 2916 Χριστοῦ.

451 2936 511 2968 ¹²
529 2933 722 3001 Κυρίου
751 2930 802 2983 δὲ
829 2928 1000 3000 λόγος,
1042 2927 1280 2999 Χριστὸς,
1326 2928 1532 2995 13υἷὸς,
1570 2936 1681 2997 φῶς
1704 2928 1959 2999 ἀληθινόν.
2041 2936 2141 2983 Τοῦ
2165 2931 2218 2984 δὲ
2241 2916 2384 3002 άγίόυ

443 3016 725 3085 πνεύματος
748 3015 1084 3086 παράκλητος,
1123 3021 1315 3083 πνεῦμα
1344 3012 1596 3083 άληθείας,
1633 3022 1830 3085 πνεῦμα
1857 3022 2001 3082 θεοῦ,
2037 3021 2232 3084 πνεῦμα
2262 3021 2384 3087 Χρισ-

446 3109 579 3157 στοῦ.
663 3107 719 3139 ¹4
742 3106 799 3155 Τί
826 3105 1020 3166 τοίνυν,
1072 3099 1193 3163 θεός
1220 3108 1402 3154 νοεῖται
1433 3103 1517 3154 καὶ
1543 3100 1704 3171 πατὴρ
1735 3109 1870 3169 φῶς,
1921 3099 2021 3155 ἀλλ’
2044 3099 2112 3163 οἷς
2138 3099 2382 3171 ὑπέρλαμ-

445 3211 601 3259 προν,
658 3186 893 3256 δύναμις,
944 3190 1110 3253 σοφία.
1185 3188 1256 3238 Εἰ
1294 3186 1347 3238 δὲ
1390 3192 1500 3252 φῶς
1540 3184 1569 3240 6
1595 3187 1716 3250 θεὸς
1754 3190 1838 3241 καὶ
1867 3185 2057 3257 πατὴρ,
2120 3192 2302 3253 15φῶς
2327 3188 2383 3241 ἐκ

448 3273 617 3342 φωτός
657 3272 687 3328 6
714 3273 851 3341 υίὸς,
901 3275 987 3328 καὶ
1015 3270 1099 3326 διοὶ
1128 3276 1272 3326 τοῦτο
1314 3277 1331 3308 ¹
1349 3277 1498 3338 ὃφῶς·
1534 3274 1687 3326 οἰκῶν
1717 3271 1770 3326 vd
1798 3271 2083 3343 άπρόςιτον.
2158 3270 2384 3341 Δύναμις

500 3419 570 3462 20.
602 3417 648 3464 τό
681 3417 791 3463 κατὰ
817 3417 956 3473 σάρκα
976 3421 1116 3462 Ancor.
1496 3419 1564 3462 27.
1594 3416 1667 3460 τοῦ
1698 3415 1841 3472 κυρίου
1871 3415 1945 3459 καὶ
1976 3429 2076 3460 σωτ.
2096 3419 2238 3460 Ancor.

501 3475 570 3518 21.
603 3477 714 3531 φησὶ
743 3490 817 3518 οπι.
838 3480 981 3520 Ancor.
1494 3476 1563 3518 28.
1595 3471 1668 3520 δὲ.
1699 3472 1830 3529 φησὶν
1851 3475 1995 3516 Ancor.

501 3531 569 3574 22.
598 3531 760 3588 πατρὸς
787 3530 913 3588 ἡμῶν
944 3533 1044 3575 θεοῦ
1076 3545 1202 3586 κοσμ.
1226 3533 1371 3573 Αηοον.
1496 3531 1565 3574 29.
1595 3527 1707 3585 ὗμᾶς
1736 3529 1856 3573 {Sero
1877 3532 2018 3572 Ancor.

501 3588 570 3631 23.
599 3589 679 3644 γὰρ
709 3604 784 3632 om.
806 3593 949 3634 Amor.
1494 3588 1561 3630 30.
1594 3584 1706 3642 ὑμᾶς
1731 3589 1792 3628 ed.
1819 3589 1953 3628 Petav.
1988 3589 2117 3629 Gelon.
2148 3591 2290 3640 repet„
2319 3588 2380 3628 vi-

502 3643 570 3686 24.
599 3648 671 3689 τοῦ
698 3648 798 3691 θεοῦ
813 3679 826 3702 ,
870 3645 902 3702 ἡ
926 3643 1134 3701 σωτήριος
1156 3645 1282 3690 πᾶσιν
1299 3647 1382 3689 An·
1437 3647 1542 3686 tiose.
1600 3647 1657 3685 Ab
1677 3646 1821 3686 Ancor.
1848 3655 2059 3694 pronomen
2086 3646 2205 3696 plane
2235 3647 2352 3686 abest.

444 3714 522 3748 cor.
1493 3702 1560 3744 31.
1592 3697 1932 3754 ἐνδυναμῶσαντι
1949 3702 2092 3743 Ancor.

501 3762 568 3803 25.
598 3758 855 3803 παιδεύουσα
874 3763 1016 3803 Ancor.
1493 3757 1563 3800 32.
1593 3756 1767 3811 Ξέμενος
1798 3755 1859 3805 εἰς
1889 3757 2100 3801 διακονίαν
2120 3759 2263 3801 Ancor.

502 3818 570 3861 26.
599 3815 923 3873 προςδεχόμενοι
941 3821 1082 3861 Ancor.
1497 3815 1594 3856 CAP.
1619 3815 1708 3856 V11.
1731 3837 1787 3845 —
1833 3814 1868 3855 1.
1896 3815 1957 3870 τῷ
1988 3811 2069 3870 γὰρ
2100 3812 2213 3870 λόγῳ
2235 3816 2376 3857 Ancor.
