2508 4134
925 283 1102 326 INDEX
1132 283 1335 327 RERUM.

183 383 459 424 Sebuaeorum
479 394 669 437 perversa
690 379 799 423 ratio
820 380 863 421 in
889 380 1097 422 celebran-

236 452 299 493 dis
327 451 444 493 festis
474 455 540 493 29.

181 526 326 564 Sectae
354 523 508 579 primae
534 521 742 563 hominum
771 527 947 575 quatuor
977 523 1042 562 16.

181 595 325 634 Sectae
353 601 512 648 septem
540 599 725 646 tempore
757 589 903 631 Christi
931 593 999 631 43.

182 664 393 703 Sectarum
436 661 648 717 gentilium
688 668 863 716 quatuor
903 660 1097 702 refutatio

237 735 301 772 15.

181 804 327 843 Sectae
367 801 466 843 olim
509 800 614 842 duae
653 799 815 855 gentilis
857 814 907 841 ac
934 798 1097 841 Iudaica

236 874 302 913 15.

181 945 393 983 Sectarum
432 941 544 997 apud
581 939 800 982 Samaritas
840 946 882 980 et
910 939 1095 990 Iudaeos,

235 1026 337 1067 quae
367 1010 645 1066 superfuerint
671 1009 868 1064 reliquiae
896 1012 964 1050 46.

180 1082 529 1124 Secundianorum
542 1080 735 1129 haeresis,
754 1093 856 1135 quae
871 1087 966 1133 post
980 1078 1099 1120 Chri-

235 1151 488 1193 stianismum
524 1159 587 1191 est
622 1148 866 1191 duodecima
907 1152 998 1189 208.
1045 1171 1094 1180 —-

233 1236 258 1263 a
290 1235 372 1277 quo
400 1220 636 1263 introducta
663 1218 761 1260 ibid.

179 1294 334 1333 Senaar
357 1291 400 1332 iu
428 1292 639 1332 Persarum
665 1288 832 1344 regione
856 1287 959 1338 sita,
999 1287 1096 1329 olim

236 1361 494 1417 Assyn’orum
522 1360 604 1401 suit
633 1363 671 1400 6.

181 1434 335 1491 Senaar
363 1444 527 1486 campus
556 1429 708 1472 electus
735 1444 760 1471 a
787 1428 926 1471 liberis
949 1427 1097 1470 Noemi

233 1500 332 1542 ibid.
380 1503 383 1506 ’

178 1574 326 1612 Sensus
370 1569 555 1626 corporis
595 1570 790 1624 fallaces,
827 1578 869 1611 et
898 1570 966 1611 vix
1003 1584 1098 1611 vera

234 1639 469 1696 percipiunt
498 1643 594 1682 568.

178 1715 272 1753 Sem
302 1719 403 1766 quot
429 1710 616 1766 genuerit
655 1710 760 1752 filios
797 1710 864 1766 qui
892 1724 1004 1751 suam
1030 1724 1097 1751 re-

233 1781 397 1836 gionem
423 1789 666 1836 receperunt
697 1784 789 1821 704.

179 1850 288 1892 Semi
313 1849 431 1891 liberi
455 1858 708 1906 nepotesque
737 1851 788 1892 ab
814 1851 863 1892 iis
892 1851 1099 1906 procreati

233 1923 270 1961 5.

176 1989 520 2031 Semiarianorum
588 1991 765 2033 haeresis
835 1991 943 2032 Lm.
1013 1992 1098 2032 sive

232 2061 432 2101 Lxxm.
464 2065 559 2102 844.
586 2085 635 2093 —
665 2061 830 2118 quinam
856 2061 917 2101 illi
944 2061 1097 2102 fuerint

233 2133 325 2171 845.
345 2155 398 2162 -
427 2131 525 2187 quid
540 2131 591 2172 ab
610 2131 765 2172 Arianis
783 2130 978 2172 differant
996 2131 1094 2172 ibid.

232 2225 285 2234 —
316 2201 414 2256 quid
442 2201 494 2242 de
532 2201 617 2242 filio
657 2201 723 2242 dei
750 2209 792 2242 et
819 2201 980 2256 qualem
1009 2216 1096 2242 csse

233 2270 374 2312 dicant
399 2270 497 2312 ibid.
527 2295 576 2302 —
637 2270 990 2312 consubstantialis
1015 2286 1094 2312 vo-

234 2356 321 2382 cem
355 2340 545 2382 reiiciunt
581 2340 749 2382 ibid.—
810 2341 878 2396 qui
908 2350 1093 2383 auctores

233 2411 349 2452 istius
377 2418 515 2452 sectae
546 2410 698 2451 suerint
726 2410 829 2453 ibid.

178 2484 463 2535 Sempseorum
508 2472 718 2522 hominum
765 2482 878 2523 natio
929 2482 1092 2522 Ossenis

232 2550 366 2591 affinis
394 2553 462 2591 40.

179 2621 370 2675 Sepedon
394 2620 558 2675 viperae
582 2634 707 2675 genus
731 2620 883 2676 biceps,
911 2622 973 2663 cui
996 2622 1096 2663 hae-

232 2690 331 2732 resis
362 2690 542 2731 Cerinthi
574 2699 832 2745 comparatur
861 2695 955 2731 116.

177 2765 278 2817 Seps
313 2760 425 2816 quod
451 2759 608 2801 bestiae
647 2775 772 2815 genus
815 2762 877 2802 cui
916 2761 1093 2803 haeresis

235 2838 493 2885 comparatur
521 2833 615 2870 267.

177 2903 366 2941 Serarum
402 2913 511 2940 mors
554 2899 772 2952 ridiculus,
821 2909 866 2942 ut
905 2901 1094 2956 placeant

234 2969 425 3010 uxoribus
456 2973 577 3012 1091.

177 3039 386 3094 Serpentis
429 3039 668 3094 prudentia,
724 3048 767 3081 et
806 3055 877 3082 cur
915 3041 974 3082 illi
1019 3057 1092 3083 nos

231 3110 382 3151 similes
419 3125 507 3150 esse
546 3110 634 3150 vult
676 3110 855 3151 Christus
902 3114 995 3151 274.
1040 3134 1092 3143 ·—

233 3181 314 3221 duo
331 3179 575 3235 prudentiae
592 3180 705 3234 signa
721 3179 761 3220 in
783 3189 973 3234 serpente
993 3180 1092 3222 ibid.

177 3254 353 3306 Serpens
383 3266 406 3291 a
436 3251 581 3304 Moyse
612 3264 682 3290 cur
711 3258 868 3290 erectus
898 3253 991 3290 273.

177 3324 395 3376 Serpentes
436 3319 578 3375 quibus
604 3319 723 3360 rebus
752 3320 884 3373 fugari
917 3319 1089 3361 credan-

231 3399 299 3431 tur
331 3394 425 3431 422.

178 3461 331 3502 Seruch
370 3460 472 3500 filius
510 3460 650 3515 Rhaga
674 3460 1012 3516 provocationem
1038 3460 1089 3500 si-

231 3530 398 3584 gnificat
427 3533 463 3570 7.

178 3600 324 3640 Sethus
351 3608 451 3655 quot
479 3614 607 3641 annos
639 3600 813 3650 vixerit,
856 3608 901 3640 et
929 3599 1090 3655 quando

233 3668 369 3710 vivere
397 3670 564 3711 desierit
594 3670 745 3711 relictis
776 3670 911 3710 liberis
941 3673 1033 3710 289.

179 3737 464 3782 sethianorum
487 3740 665 3782 haeresis
689 3739 846 3781 decima
868 3753 973 3781 nona
997 3748 1091 3795 post

1972 266 2069 321 773

1212 380 1559 422 Christianismum
1572 383 1667 421 284.
1679 401 1735 411 -
1750 378 1858 420 unde
1871 377 1931 420 sic
1942 377 2070 419 nomi-

1212 451 1298 492 nati
1320 450 1419 492 ibid.
1436 474 1487 482 —
1530 464 1671 491 eorum
1686 448 1877 504 (logmata
1901 447 2001 490 ibid.
2020 450 2071 480 —'·

1210 521 1292 563 duo
1307 534 1455 575 genera
1470 520 1681 562 hominum
1700 519 1951 561 constituunt
1974 521 2069 560 285.

1210 614 1264 622 -
1294 604 1434 632 eorum
1462 590 1599 631 fabula
1623 590 1676 631 de
1705 589 1857 630 Chamo
1884 588 1986 629 ibid.
2018 611 2070 623 -

1208 659 1319 701 idem
1359 674 1448 701 cum
1488 659 1651 702 Christo
1680 659 1827 701 Sethus
1865 657 1991 699 fuisse
2018 658 2069 699 ab

1208 729 1288 770 illis
1314 729 1494 770 creditur
1518 733 1610 770 286.
1642 753 1692 762 -
1750 728 1844 770 libri
1868 727 2071 769 subdititii

1212 799 1499 840 Sethianorum
1526 799 1624 841 ibid.
1656 822 1701 830 —·—
1734 799 1939 841 Horaeam
1952 798 2069 841 Sethi

1212 868 1424 924 coniugem
1452 868 1610 924 fingunt
1637 868 1735 910 ibid.

1155 938 1464 981 Severianorum
1499 938 1677 980 haeresis
1718 942 1784 981 25.
1821 947 1918 995 post
1948 938 2069 980 Chri-

1209 1009 1457 1050 stianismum
1474 1042 1486 1063 ,
1515 1008 1601 1050 sive
1631 1012 1699 1049 45.
1724 1008 1867 1051 ordine
1891 1012 1986 1050 388.
2016 1033 2069 1041 —

1209 1094 1233 1121 a
1250 1082 1402 1120 Severo
1430 1078 1606 1135 quodam
1630 1079 1730 1120 dicti
1757 1079 1857 1121 ibid.
1889 1104 1940 1111 —
1985 1080 2069 1121 eius

1210 1149 1404 1203 dogmata
1430 1148 1528 1190 ibid.
1555 1173 1602 1180 -
1660 1150 1798 1191 vinum
1821 1150 1986 1191 damnat
2004 1150 2069 1191 vi-

1208 1226 1374 1274 temque
1413 1219 1594 1273 serpenti
1620 1233 1668 1260 ac
1701 1219 1869 1261 draconi
1898 1219 2071 1261 similem

1210 1288 1353 1330 asserit
1376 1287 1473 1330 ibid.
1495 1313 1540 1320 --
1571 1289 1781 1331 mulierem
1806 1304 1968 1345 quoque
1992 1289 2071 1331 da-

1210 1367 1349 1408 mnat,
1379 1366 1424 1398 ut
1450 1372 1551 1413 opus
1580 1361 1754 1400 Satanae
1779 1359 1877 1400 ibid.
1907 1368 1948 1400 et
1976 1364 2068 1400 389.

1210 1452 1255 1459 -
1291 1428 1498 1469 hominem
1526 1430 1673 1484 partim
1697 1428 1779 1479 dei,
1809 1429 1960 1484 partim
1983 1444 2071 1471 esse

1210 1498 1363 1540 diaboli
1376 1498 1471 1539 ibid.
1488 1522 1542 1531 ——
1568 1498 1681 1540 libris
1695 1499 1940 1555 apocryphis
1954 1509 2070 1541 utun-

1210 1577 1276 1610 tur
1297 1567 1395 1610 ibid.
1410 1591 1462 1600 ·-
1496 1567 1622 1609 vitem
1643 1582 1725 1610 non
1749 1583 1836 1610 esse
1859 1584 1882 1610 a
1904 1569 2070 1612 diabolo

1210 1653 1260 1680 ex
1286 1638 1486 1693 serpentis
1512 1638 1666 1680 semine
1694 1638 1937 1694 productam
1967 1654 2070 1681 con-

1210 1716 1273 1749 tra
1303 1708 1544 1750 Severianos
1570 1708 1669 1750 ibid.

1156 1778 1438 1834 Sicyoniorum
1460 1791 1629 1834 regnum
1645 1778 1980 1834 antiquissimum,
2007 1781 2069 1822 cui

1210 1850 1369 1904 Europs
1397 1848 1512 1889 dedit
1538 1848 1698 1890 initium
1727 1853 1765 1891 9.

1156 1918 1446 1960 Similitudines
1493 1919 1535 1959 in
1582 1919 1812 1974 scripturis,
1863 1920 2068 1976 quomodo

1212 1997 1307 2030 sunt
1337 1988 1598 2044 accipiendae
1631 1992 1750 2030 1027.

1155 2059 1480 2101 Simonianorum
1505 2059 1682 2100 haeresis
1703 2059 1834 2115 prima
1855 2061 1905 2102 ab
1925 2069 2070 2103 exortu

1208 2129 1414 2184 religionis
1447 2129 1697 2171 Christianae
1727 2130 1834 2172 unde
1861 2131 1973 2173 dicta
2003 2134 2068 2174 55.

1151 2199 1292 2241 Simon
1320 2200 1464 2254 Magus
1494 2200 1578 2240 eius
1604 2209 1748 2241 auctor
1782 2201 1888 2242 unde
1926 2202 2069 2243 oriun-

1208 2270 1282 2310 dus
1307 2269 1407 2311 ibid.
1424 2293 1480 2303 —
1509 2269 1617 2325 apud
1651 2284 1751 2325 quos
1775 2285 1819 2311 se
1845 2270 1965 2312 deum
1990 2287 2069 2327 pa-

1205 2348 1328 2389 trem,
1358 2340 1467 2394 apud
1493 2354 1593 2395 quos
1615 2340 1741 2381 filium
1770 2340 1948 2383 iactabat
1970 2342 2068 2383 ibid.

1210 2433 1258 2441 —·
1289 2424 1312 2451 a
1330 2423 1410 2465 quo
1433 2409 1662 2464 baptizatus
1685 2410 1781 2451 ibid.
1799 2436 1851 2443 —
1885 2420 2070 2453 sanctum

1206 2479 1392 2534 spiritum
1421 2493 1502 2521 non
1525 2480 1708 2530 accedit,
1755 2489 1796 2521 et
1826 2496 1895 2522 cur
1921 2496 1971 2523 eo
1997 2497 2069 2523 ca-

1207 2549 1333 2591 ruerit
1344 2550 1443 2591 ibid.
1462 2575 1516 2582 —
1545 2550 1740 2592 avaritiae
1763 2551 1924 2592 deditus
1940 2551 1994 2592 ib.
2015 2576 2070 2585 —

1206 2620 1396 2676 pecunias
1427 2620 1577 2661 obtulit
1618 2622 1765 2671 Petro,
1811 2628 1856 2662 ut
1883 2621 2070 2676 spirirum

1206 2699 1389 2732 sanctum
1423 2690 1481 2730 illi
1520 2691 1729 2732 conferret
1768 2706 1843 2747 per
1877 2708 2069 2735 manuum

1205 2760 1509 2815 impositionem
1544 2764 1610 2801 56.
1641 2786 1692 2792 -
1751 2776 1774 2802 a
1805 2762 2068 2805 daemonibus

1206 2845 1280 2885 per
1303 2830 1476 2885 magiam
1504 2830 1679 2879 delusus,
1712 2839 1753 2872 et
1782 2832 1984 2874 veneficus
2012 2833 2066 2874 ib.

1207 2924 1258 2932 -
1280 2899 1322 2940 in
1340 2901 1538 2941 Venerem
1553 2900 1745 2956 proclivis
1763 2902 1861 2943 ibid.
1877 2927 1930 2934 —
1961 2917 2064 2944 con-

1208 2970 1391 3011 cubinam
1406 2970 1548 3011 habuit
1566 2970 1730 3012 nomine
1746 2973 1945 3013 Helenam
1968 2972 2066 3014 ibid.

1206 3063 1261 3071 —-
1290 3055 1410 3096 quam
1437 3055 1541 3081 vana
1568 3040 1621 3081 de
1644 3056 1703 3091 se,
1735 3050 1776 3082 et
1800 3041 1852 3083 de
1879 3057 1951 3083 sua
1979 3043 2067 3083 He-

1204 3111 1297 3152 lena
1330 3111 1503 3151 absurde
1541 3110 1701 3151 finxerit
1727 3111 1824 3152 ibid.
1857 3137 1906 3144 —
1964 3113 2068 3153 haec

1204 3180 1254 3221 ab
1274 3180 1489 3221 haereticis
1515 3189 1660 3222 vocata
1680 3182 1856 3223 Barbero
1879 3182 1942 3222 vel
1967 3185 2066 3223 Bar-

1204 3251 1299 3290 belo
1323 3250 1420 3291 ibid.
1448 3258 1488 3291 et
1508 3254 1572 3291 57.
1589 3275 1643 3282 —
1673 3260 1713 3291 et
1736 3252 1786 3292 ab
1801 3251 1890 3306 ipso
1903 3252 2066 3294 Simone

1204 3321 1328 3374 Mago
1354 3320 1464 3361 dicta
1490 3321 1675 3362 Minerva
1705 3324 1769 3361 57.
1792 3345 1845 3352 -
1901 3322 1999 3363 item
2025 3332 2067 3364 et

1204 3389 1333 3430 Notio
1377 3398 1420 3430 et
1460 3390 1554 3430 Ovis
1601 3391 1825 3432 errabunda
1868 3393 2067 3446 evangelii

1205 3462 1270 3499 58.
1298 3482 1353 3490 —
1409 3460 1482 3500 sub
1514 3459 1621 3501 Iovis
1651 3475 1694 3501 se
1721 3460 1920 3515 imagine,
1965 3462 2065 3503 item

1204 3544 1314 3570 suam
1352 3529 1552 3571 Helenam
1582 3531 1655 3571 sub
1694 3531 1830 3585 specie
1856 3532 2064 3575 Minervae

1203 3614 1227 3640 a
1252 3599 1332 3640 suis
1357 3599 1487 3641 voluit
1511 3600 1674 3642 adorari
1697 3601 1796 3642 ibid.
1826 3627 1879 3634 —
1937 3603 2061 3646 foeda

1205 3684 1419 3724 corporum
1450 3670 1644 3725 profluvia
1673 3671 1848 3713 instituit
1877 3672 1975 3714 ibid.
2009 3698 2059 3705 —

1203 3739 1332 3782 varias
1361 3739 1649 3795 intelligentias
1677 3740 1720 3784 in
1750 3742 1872 3784 coelis
1903 3744 2060 3789 consti-
