2508 4134
555 268 775 308 PANAan
805 268 905 307 Lm.
926 268 997 306 111.
1029 269 1229 308 ToM.n.
1261 269 1677 309 HAER.LXXV111.
1966 258 2067 307 407

173 383 262 433 que
290 381 316 413 a
347 364 515 432 spiritu
541 373 710 415 sancto
734 365 890 415 aliena
920 373 1061 427 suut,
1103 365 1147 414 in
1179 365 1266 416 hac
1298 375 1455 416 aetate
1484 374 1648 416 nostra
1673 373 1784 415 sunt
1810 363 2065 427 exhausta,

134 489 140 497 t
172 449 228 498 ad
262 447 352 497 alia
394 464 448 499 se
479 448 710 516 quaedam
740 466 863 500 nova
897 456 1205 498 convertunt.
1282 448 1485 515 Quidam
1521 449 1644 499 enim
1676 450 1721 498 in
1754 457 1934 517 patrem
1964 447 2071 498 uni-

172 548 422 581 versorum
457 532 596 582 deum
631 548 686 583 ac
716 531 1010 582 conditorem
1041 532 1357 582 contumelias
1388 533 1594 596 iaciunt,
1647 532 1811 599 quales
1845 540 1956 582 sunt
1991 532 2071 599 qui

172 613 393 666 Gnostici
430 613 669 666 dicuntur.
743 617 813 666 At
838 614 1118 666 Marciones
1163 623 1211 665 et
1243 615 1553 678 Archontici,
1607 632 1696 665 nec
1739 634 1832 666 non
1876 625 1925 665 et
1965 616 2072 666 illo-

171 716 274 748 rum
318 698 534 749 asseclae
575 697 877 762 Manichaei,
932 699 1009 767 qni
1051 716 1146 749 non
1185 699 1290 748 siue
1331 699 1491 748 divina
1532 699 1728 765 quadam
1770 700 2069 766 providentia

171 782 400 832 furiosum
440 782 549 832 illud
582 800 754 834 nomen
795 783 949 834 sortiti
981 782 1232 845 videntur,
1285 782 1431 848 igitur
1459 798 1627 831 omnes
1656 781 1734 831 isti
1765 801 1869 833 cum
1899 783 2071 850 pleris-

170 882 260 933 que
292 865 398 916 aliis
433 866 746 929 haeresibus,
789 864 1083 929 Cainorum,
1125 860 1456 926 Setianorum,
1499 863 2068 928 Melchisedecianorum‘,

169 947 595 1013 Colorbasiorum,
639 948 1086 1014 Cerdonianorum‚
1128 967 1183 1000 ac
1213 950 1388 1000 ceteris
1415 949 1459 999 id
1486 966 1668 1016 genus,
1712 951 1911 999 eundem
1942 950 2071 1000 illum

167 1032 504 1083 universorum
552 1042 731 1101 patrem
774 1033 1077 1094 contumeliis
1105 1033 1345 1094 afficiunt,
1400 1033 1507 1083 dum
1538 1033 1691 1100 ipsum
1724 1042 1904 1099 negant
1929 1033 2069 1083 deum

169 1117 298 1167 illum
345 1117 565 1168 extitisse
608 1119 684 1186 qui
727 1119 771 1168 in
815 1120 920 1186 lege
948 1134 1003 1168 ac
1038 1117 1280 1185 prophetis
1321 1117 1508 1166 locutus
1546 1125 1650 1179 est,
1706 1116 1879 1184 quique
1911 1116 2014 1167 iure
2046 1133 2073 1166 a

167 1201 344 1250 creatis
383 1201 526 1251 rebus
554 1202 804 1264 omnibus,
860 1211 1083 1268 tanquam
1117 1209 1311 1251 creator
1347 1210 1393 1250 et
1428 1200 1593 1268 opifex
1621 1201 1879 1263 adoratur3
1936 1201 2071 1251 cuius

166 1285 230 1335 illi
259 1285 434 1335 cultum
480 1303 570 1335 una
613 1303 717 1336 cum
747 1284 991 1336 dominatu
1017 1303 1073 1336 ac
1105 1293 1339 1353 potestate
1373 1293 1611 1334 conantur
1645 1293 1897 1347 evertere,
1940 1294 1991 1334 ut
2024 1293 2073 1335 et

165 1368 329 1431 illum,
383 1368 463 1436 qui
492 1386 664 1420 revera
697 1378 797 1431 est,
857 1370 1044 1419 eiurent
1068 1371 1206 1420 deum
1237 1378 1285 1419 et
1316 1369 1546 1441 alterum,
1603 1369 1679 1435 qui
1714 1385 1945 1435 nusquam
1974 1377 2068 1431 est,

166 1453 285 1504 falsa
312 1470 369 1503 ac
399 1452 614 1503 fabulosa
644 1453 868 1522 opinione
894 1471 980 1504 sua
1009 1453 1303 1520 confingant,
1346 1462 1487 1520 atque
1513 1461 1559 1502 et
1585 1469 1751 1502 verum
1779 1452 1906 1501 illum
1934 1452 2072 1501 amit-

167 1545 288 1599 tant,
331 1545 396 1600 et,
428 1553 567 1604 quem
601 1537 719 1588 falso
751 1537 839 1587 sibi
870 1546 1159 1605 proponunt,
1202 1554 1499 1605 nequaquam
1531 1544 1866 1603 assequantur.
1944 1534 2070 1586 Nam

166 1621 284 1671 haec
317 1629 391 1670 est
415 1620 614 1687 nugacis
646 1620 785 1672 istius
822 1621 1098 1684 doctrinae,
1152 1638 1272 1687 quae
1303 1639 1367 1671 ex
1394 1621 1568 1672 diaboli
1597 1630 1702 1670 satu
1729 1620 2067 1688 proficiscitur,

165 1705 240 1755 vis
274 1714 321 1754 et
348 1713 543 1766 natura,
586 1714 637 1754 ut
664 1704 1045 1755 tumultationem
1075 1722 1130 1754 ac
1163 1705 1569 1773 perturbationem
1599 1705 1839 1766 immittat,
1882 1713 1930 1755 et
1960 1722 2071 1773 pro-

165 1797 436 1839 creatorum
463 1788 704 1838 hominum
737 1797 922 1839 mentes
948 1789 1309 1840 contumeliosis
1337 1790 1382 1839 in
1414 1790 1551 1840 deum
1581 1788 1950 1856 cogitationibus
1982 1806 2071 1839 ex-

164 1873 305 1935 citet,
346 1880 396 1923 ut
425 1864 697 1940 depravatis
726 1872 1006 1939 quibusdam
1039 1873 1371 1941 opinionibus,
1414 1891 1533 1941 quae
1567 1892 1670 1923 cum
1703 1874 1777 1923 dei
1813 1873 2069 1940 negatione

164 1957 450 2008 coniunctae
491 1965 630 2020 sunt,
685 1965 852 2006 contra
896 1957 1136 2007 dominum
1180 1975 1316 2008 suum
1359 1957 1530 2007 hostile
1570 1958 1742 2008 bellum
1782 1958 2064 2025 suscipiant.

163 2039 259 2093 Sed
304 2058 493 2092 rursum
526 2041 656 2090 velut
695 2042 897 2107 quodam
930 2040 1038 2090 hinc
1073 2041 1282 2091 divortio
1313 2042 1437 2092 facto
1470 2041 1685 2091 nonnulli
1714 2041 1852 2091 aliam
1883 2042 1929 2091 in
1960 2059 2070 2109 par—

165 2135 257 2176 tem
285 2126 541 2176 deflectere
568 2141 659 2174 non
692 2125 998 2187 dubitarunt,
1040 2134 1090 2176 ut
1120 2126 1313 2176 unicum
1345 2126 1695 2193 redemptorem
1729 2143 1863 2176 suum
1898 2143 1953 2175 ac
1985 2126 2069 2175 do-

161 2211 339 2260 minum
370 2209 698 2275 abnegarent,
755 2209 1048 2276 unigenitum
1081 2210 1289 2261 viventis
1322 2209 1396 2259 dei
1431 2210 1573 2259 lilium
1611 2207 1767 2259 lesum
1799 2206 2067 2273 Christum,

163 2294 241 2361 qui
274 2293 333 2342 ab
374 2293 540 2343 eodem
576 2301 710 2360 patre
749 2310 924 2344 revera
959 2303 1031 2343 est
1076 2294 1181 2344 sine
1219 2294 1315 2344 ullo
1348 2294 1485 2344 initio
1518 2311 1574 2343 ac
1605 2303 1819 2360 tempore
1853 2293 2066 2361 genitus,

164 2377 336 2444 quique
382 2379 439 2425 ab
480 2393 538 2426 eo
575 2385 621 2426 et
664 2394 768 2427 cum
812 2394 869 2427 eo
913 2395 1107 2446 semper
1135 2377 1332 2442 existit,
1388 2377 1465 2445 qui
1494 2380 1682 2428 ratione
1713 2378 1912 2444 quadam
1947 2394 2068 2444 quae

164 2460 292 2510 omni
321 2460 748 2528 comprehensione
793 2463 1015 2529 superior
1044 2471 1116 2512 est
1155 2463 1260 2511 sine
1290 2463 1383 2512 ulla
1417 2462 1748 2529 inquinatione
1775 2461 1965 2528 genitus
1996 2469 2071 2511 est

164 2544 375 2593 eiusdem
417 2561 522 2593 cum
565 2554 698 2611 patre
739 2546 1065 2608 substantiae,
1125 2564 1213 2595 nec
1257 2546 1315 2595 ab
1355 2563 1411 2596 eo
1453 2547 1549 2596 ullo
1587 2547 1728 2596 modo
1767 2547 2065 2613 discrepans.

164 2626 348 2678 Contra
398 2627 521 2676 hunc
565 2627 710 2694 igitur
746 2627 1046 2679 insanientes
1086 2630 1192 2692 alii,
1246 2630 1380 2680 velut
1414 2631 1563 2680 rabidi
1597 2648 1770 2692 canes,
1827 2629 2068 2680 dominum

163 2729 300 2762 suum
327 2710 627 2771 allatranteS,
669 2713 1061 2777 quemadmodum
1093 2714 1202 2763 olim
1232 2712 1414 2777 ludaei,
1451 2715 1574 2781 quod
1605 2715 1732 2764 illum
1764 2714 2067 2781 ignorarent,

162 2796 334 2846 merito
361 2798 480 2843 muti
501 2813 637 2843 canes
664 2813 688 2843 a
715 2796 941 2863 propheta
970 2806 1219 2848 vocantur.
1297 2797 1434 2866 Quae
1461 2799 1507 2848 in
1539 2799 1645 2849 illos
1673 2798 1925 2867 appellatio
1952 2815 2062 2865 pro·
2084 2810 2319 2855 Esai.56‚1o.

162 2889 269 2948 pter
302 2879 621 2947 impudentem
655 2897 709 2928 ac
741 2881 1046 2930 temerarium
1087 2881 1274 2932 illorum
1309 2883 1356 2932 in
1392 2883 1630 2933 dominum
1652 2923 1663 2945 ,
1722 2892 1767 2932 et
1797 2891 2067 2950 susceptam

164 2964 221 3014 ab
255 2981 312 3013 eo
342 2971 557 3013 naturam
597 2963 821 3030 impetum
866 2972 912 3013 et
956 2964 1183 3015 insultum
1222 2967 1326 3016 iure
1365 2968 1640 3027 confertur,
1696 2977 1745 3016 ut
1775 2984 1837 3017 ex
1869 2983 1925 3015 eo
1954 2983 2068 3015 con-

163 3056 292 3099 stare
328 3056 485 3115 potest
514 3047 635 3113 quod
670 3047 889 3097 rabiosos
916 3066 1061 3097 canes
1092 3049 1151 3098 ob
1180 3050 1224 3099 id
1253 3059 1410 3101 mutos
1437 3067 1546 3100 esse
1575 3059 1800 3113 narrant,
1842 3048 2067 3117 quoniam

163 3131 263 3199 ipsa
302 3130 410 3181 illos
450 3131 610 3181 rabies
649 3132 899 3181 edentulos
943 3131 1071 3182 facit.

302 3213 393 3264 Est
421 3215 546 3265 enim
580 3215 697 3265 haec
734 3224 902 3264 natura
931 3234 1134 3280 canum,
1177 3226 1427 3285 postquam
1458 3218 1591 3268 rabie
1623 3219 1789 3268 tentati
1821 3225 1950 3277 sunt,
1995 3224 2063 3279 ut,
2089 3235 2188 3290 Cap.
2219 3236 2289 3277 ιν,

163 3299 241 3366 qui
272 3299 511 3349 dominum
558 3308 728 3361 antea,
786 3300 982 3366 eiusque
1022 3301 1198 3350 liberos
1235 3319 1291 3350 ac
1320 3303 1640 3364 domesticos,
1695 3311 1982 3367 ceterosque
2012 3301 2067 3350 il-

162 3384 252 3434 lius
297 3384 587 3452 propinquos
630 3393 677 3433 et
715 3384 973 3433 familiares
1022 3394 1379 3450 cognoverant,
1440 3386 1723 3453 simulatque
1770 3385 1937 3434 morbo
1983 3384 2065 3435 illo

165 3467 374 3536 correpti
403 3477 541 3529 sunt,
596 3468 803 3517 omnium
841 3469 1042 3517 istorum
1089 3468 1246 3517 vultus
1279 3469 1466 3519 illorum
1505 3470 1657 3520 oculis
1693 3470 1969 3519 commutati
1994 3469 2067 3519 vi-

165 3552 398 3615 deantur,
453 3561 594 3619 atque
633 3553 681 3601 in
724 3562 863 3602 notos
909 3551 1150 3615 insiliant,
1202 3570 1322 3619 quos
1363 3562 1503 3603 antea
1544 3554 1713 3623 partim
1754 3555 1903 3604 cauda
1934 3553 2067 3620 blan-

218 3691 258 3731 3.
290 3693 473 3741 Suspicor
503 3691 539 3734 οἳ
571 3691 654 3745 μὲν.
1144 3690 1264 3735 ἕνεκα
1290 3694 1377 3745 τῆς.

220 3743 259 3788 4.
292 3749 465 3789 Fortasse
496 3747 543 3791 ἐκ
573 3750 674 3802 τῆς,
705 3751 763 3789 vel
789 3747 1086 3804 κατηξιωμένοι
