2508 4134
775 332 1308 374 ANACEPHALAEosis
1881 318 1981 371 573

89 429 406 498 praedicentis
437 447 544 482 esse
573 448 703 482 more
729 431 874 494 dicta,
917 448 1021 480 cum
1049 430 1150 498 ipse
1179 430 1668 494 nondumexisteret,
1709 430 1792 480 sed
1823 446 1849 479 a
1873 427 1983 479 Ma-

87 514 189 578 ria,
246 513 313 564 uti
349 514 587 579 diximus,
643 525 691 566 et
719 515 776 566 ab
809 531 867 565 eo
903 515 1138 564 duntaxat
1166 523 1380 581 tempore
1424 533 1515 581 quo
1556 531 1698 564 carne
1740 513 1983 581 praeditus

88 597 285 648 advenit
323 615 433 648 esse
472 599 704 668 coeperit.

223 680 528 745 Manichaei,
572 700 690 751 quos
722 691 769 733 et
799 681 1065 732 Acnanitas
1095 690 1298 743 vocant,
1341 679 1503 731 Manis
1531 679 1712 732 Persae
1739 681 1978 750 discipuli,

87 763 331 817 Christum
384 767 546 834 specie
597 776 736 817 tenus
788 767 1100 834 profitentur,
1165 765 1312 815 solem
1365 766 1619 832 lunamque
1667 764 1979 817 venerantur.

87 847 253 901 Stellis
281 867 338 900 ac
367 850 623 905 virtutibus
651 859 699 900 et
729 850 1040 901 daemonibus
1080 849 1365 917 supplicant.
1443 846 1551 899 Duo
1587 849 1847 917 principia,
1899 850 1984 899 bo-

87 951 196 984 num
242 950 296 983 ac
338 934 540 998 malum,
599 935 909 985 constituunt.
1002 930 1245 984 Christum
1287 932 1448 1000 specie
1492 941 1632 982 tenus
1682 934 1981 1002 apparuisse,

86 1016 342 1085 specieque
373 1027 511 1068 tenus
551 1035 660 1068 esse
702 1035 912 1087 passum.
992 1015 1146 1068 Vetus
1176 1025 1541 1079 testamentum,
1598 1034 1799 1085 eumque
1829 1017 1906 1084 qui
1935 1018 1984 1068 in

85 1100 168 1151 ino
216 1101 403 1152 locutus
451 1110 554 1165 est,
611 1101 877 1152 maledictis
919 1110 1142 1151 onerant.
1230 1099 1463 1151 Mundum
1504 1119 1597 1151 non
1639 1101 1918 1152 universum
1956 1119 1983 1151 a

86 1185 205 1248 deo,
260 1186 342 1235 sed
382 1186 486 1236 eius
523 1195 703 1254 partem
745 1186 1020 1236 fabricatam
1060 1202 1169 1236 esse
1207 1193 1443 1236 statuunt.

223 1267 502 1320 Hieracitae
530 1270 588 1320 ab
617 1267 825 1320 Hierace
848 1269 1112 1338 interprete
1140 1287 1196 1320 ac
1222 1271 1418 1320 doctore
1446 1270 1646 1337 quodam
1671 1267 1980 1338 Leontopoli,

85 1353 209 1420 quod
254 1352 466 1422 Aegypti
508 1354 727 1422 oppidum
771 1362 871 1417 est,
929 1353 1150 1404 oriundo,
1236 1353 1331 1422 Qui
1376 1354 1781 1405 resurrectionem
1825 1354 1984 1405 carnis

85 1438 285 1505 respuit.
362 1435 576 1489 Utuntur
615 1438 680 1488 ilii
719 1438 873 1489 veteri
921 1454 978 1487 ac
1018 1455 1144 1489 novo
1182 1447 1488 1489 testamento.
1564 1437 1761 1506 Nuptiis
1794 1439 1983 1506 penitus

83 1520 394 1579 interdicunt.
470 1520 741 1572 Monachos
774 1531 820 1572 et
851 1522 1064 1590 virgines
1098 1523 1400 1574 continentes
1427 1541 1482 1573 ac
1510 1522 1680 1573 viduos
1709 1523 1980 1572 admittunt.

83 1603 270 1656 Pueros
296 1615 465 1657 natura
496 1606 703 1657 nondum
733 1615 892 1657 aetate
928 1607 1063 1675 regni
1096 1608 1321 1658 coelestis
1353 1607 1608 1676 participes
1646 1624 1754 1657 esse
1785 1617 1982 1674 negant,

85 1690 208 1757 quod
249 1690 455 1740 nondum
495 1690 760 1740 certamine
799 1691 1033 1759 perfuncti
1072 1702 1200 1741 sunt.

222 1772 473 1825 Meletiani
505 1775 774 1825 schismatis
807 1775 854 1824 in
888 1776 1141 1843 Aegypto,
1196 1793 1288 1827 non
1317 1776 1536 1827 haeresis
1564 1776 1717 1826 locum
1745 1774 1979 1825 obtinent.

87 1854 181 1924 Qui
210 1876 314 1909 cum
348 1858 439 1909 iliis
469 1875 661 1927 precum
711 1859 1047 1910 communione
1080 1860 1305 1929 coniungi
1347 1861 1603 1911 noluerunt
1634 1861 1711 1928 qui
1744 1859 1791 1910 in
1820 1876 1983 1928 perse-

85 1942 277 1993 cutione
315 1941 436 2011 lapsi
472 1951 601 1993 sunt.
677 1940 824 1993 Nunc
861 1961 914 1995 se
953 1945 1010 1993 ad
1052 1944 1265 1996 Arianos
1304 1954 1645 2013 aggregarunt.

221 2025 421 2090 Ariani,
475 2026 579 2077 sive
618 2026 979 2090 Ariomanitae‚
1036 2029 1110 2078 dei
1156 2030 1295 2079 filiam
1338 2039 1605 2080 creaturam
1650 2046 1758 2079 esse
1801 2028 1981 2093 dicunt,

83 2108 300 2179 spiritum
344 2127 461 2161 vero
503 2120 719 2161 sanctum
758 2121 1011 2163 creaturae
1050 2130 1159 2163 esse
1196 2122 1486 2164 creaturam.
1566 2111 1867 2164 Salvatorem
1899 2131 1985 2163 no-

83 2202 232 2245 strum
261 2211 454 2246 carnem
488 2195 725 2246 duntaxat
759 2213 785 2246 a
818 2194 1005 2260 Maria,
1049 2215 1143 2247 non
1170 2198 1372 2249 animam
1404 2197 1650 2266 accepisse
1680 2198 1978 2248 confirmant.

84 2275 195 2330 Fuit
233 2279 306 2330 hic
344 2280 495 2330 Arius
535 2280 768 2332 ecclesiae
808 2281 1172 2334 Alexandrinae
1212 2282 1484 2351 presbyter.

225 2445 361 2499 Haec
388 2456 462 2498 est
487 2448 694 2516 quinque
720 2449 988 2502 haereseon
1021 2469 1234 2517 summa,
1276 2469 1395 2520 quae
1425 2452 1473 2503 in
1504 2452 1593 2503 hoc
1623 2449 1687 2503 ΙΙ.
1725 2451 1846 2502 libro
1874 2452 1980 2503 sive

82 2531 249 2583 ordine
290 2531 353 2583 V.
398 2534 724 2584 continentur.

217 2617 286 2667 At
311 2615 358 2666 in
385 2617 545 2685 priore
580 2627 707 2668 tomo
733 2619 1030 2689 libri-tertii,
1085 2621 1190 2672 sive
1235 2622 1405 2672 ordine
1440 2620 1563 2685 V1.‚
1619 2623 1878 2674 secundum
1910 2624 1981 2673 in-

80 2701 294 2751 stitutum
323 2719 348 2751 a
375 2701 513 2751 nobis
542 2702 756 2753 ordinem
786 2713 968 2773 septem
1001 2705 1227 2756 haereses
1258 2706 1586 2771 continentur,
1620 2725 1724 2758 cum
1747 2708 1979 2758 schisma—

79 2783 227 2835 tibus.

216 2869 547 2920 Audianorum
593 2871 782 2939 proprie
814 2872 1020 2922 schisma
1058 2891 1113 2923 ac
1143 2874 1379 2938 defectio,
1434 2893 1527 2926 non
1563 2875 1800 2926 haeresis.
1878 2875 1978 2926 Ho-

78 2970 183 3004 rum
210 2954 334 3004 bene
366 2954 582 3005 instituta
607 2955 799 3006 vivendi
827 2957 947 3006 ratio
978 2966 1068 3007 est.
1147 2955 1244 3009 Sed
1277 2977 1461 3027 neque,
1504 2961 1627 3028 quod
1656 2961 1711 3010 ad
1744 2961 1878 3010 iidem
1909 2970 1980 3011 at-

80 3037 226 3100 tinet,
283 3038 340 3088 ab
382 3038 588 3089 ecclesia
625 3039 857 3090 catholica
901 3041 1206 3092 dissentiunt.
1283 3042 1513 3094 Habitant.
1545 3044 1713 3094 maiori
1752 3061 1816 3094 ex
1843 3056 1977 3113 parte

77 3120 126 3171 in
155 3123 478 3173 monasteriis.
552 3121 733 3190 Magna
759 3133 834 3174 est
863 3125 980 3191 apud
1010 3125 1116 3176 illos
1147 3127 1527 3195 apocryphorum
1559 3129 1787 3178 librorum
1815 3128 1971 3196 copia.

82 3201 375 3258 Communes
425 3206 670 3257 nobiscum
714 3208 961 3258 orationes
1006 3226 1100 3259 non
1143 3210 1336 3260 habent.
1425 3211 1552 3263 Nam
1598 3211 1849 3281 episcopos
1891 3231 1976 3263 no-

77 3297 234 3354 stros,
277 3308 464 3347 necnon
499 3298 546 3342 et
575 3291 779 3354 diviteS,
826 3292 1039 3359 aliosque
1068 3294 1405 3346 condemnant.
1484 3293 1759 3361 Quinetiam
1789 3295 1978 3349 Pascha

130 3455 197 3499 66.
230 3458 450 3511 μελιτιανοὶ
477 3462 586 3501 codd.
618 3473 707 3501 mss.
1050 3462 1214 3502 Panarn·
1240 3466 1461 3503 summario.

128 3510 196 3554 67.
241 3514 595 3570 διαβεβαιούμενοι
629 3515 708 3559 ἀπὸ
741 3515 905 3569 Μαρίας
945 3515 999 3557 εἰ·
1110 3517 1176 3557 69.
1205 3519 1263 3557 Ιια
1289 3521 1398 3558 codd.
1421 3531 1511 3560 mss.
1574 3522 1678 3560 Editi
1700 3524 1881 3571 praebent
1903 3538 1977 3566 κα-

75 3566 251 3621 ληφέναι
279 3573 360 3610 cod.
391 3574 551 3624 Rhediy.
1055 3570 1226 3620 λοῦντες.

128 3624 202 3665 68.
231 3623 272 3666 ἐν
314 3628 601 3680 μοναστηρίοις
640 3630 730 3669 dedi
773 3641 820 3668 ex
857 3631 998 3669 Ioanne
1110 3628 1174 3670 70.
1205 3631 1285 3668 Hoc
1312 3633 1472 3671 alterum
1511 3625 1657 3679 ἄλλους
1686 3646 1761 3678 non
1787 3642 1978 3687 comparet

72 3681 255 3720 Damaso.
326 3684 444 3733 Vulgo
487 3687 586 3724 enim
622 3687 726 3724 abest
766 3686 997 3735 praepositio
1053 3686 1093 3724 in
1122 3686 1208 3724 edit.
1240 3687 1373 3726 Pelav.

75 3732 129 3778 ἐν.
204 3739 391 3779 Petamus
428 3742 576 3781 volebat
619 3738 900 3794 μοναστῆρια,
950 3753 997 3780 ex
