2508 4134
1948 271 2049 321 409

157 384 347 446 diendo,
389 382 556 450 partim
582 399 692 433 sese
719 372 1034 445 subiicien‘do,
1074 383 1202 433 velut
1225 384 1405 434 honore
1434 384 1864 453 prosequebantur.
1918 378 2050 431 Ecce

156 467 239 518 tibi
271 464 435 516 ludaei
462 465 548 529 illi,
591 464 670 533 qui
698 474 748 516 et
776 465 954 515 domini
980 467 1237 516 adventum
1266 468 1601 535 expectabant,
1643 476 1690 518 et
1719 467 1774 517 ad
1805 464 2050 532 excipien-

155 551 264 601 dum
289 567 515 618 sponsum
540 565 649 599 sese
677 545 1034 616 comparabant,
1076 548 1154 616 qui
1181 550 1436 617 prophetas
1467 552 1629 602 videre
1659 551 1930 619 cupiebant,
1971 548 2048 617 qui

153 633 327 685 divinis
356 631 557 684 vocibus
580 633 995 701 obtemperaturos
1018 649 1072 683 se
1098 650 1206 684 esse
1232 634 1593 701 profitebantur,
1631 636 1706 702 qui
1739 654 1842 686 cum
1872 632 2051 703 Moyse

154 717 421 785 pactionem
467 716 698 767 eiusmodi
739 717 980 779 fecerant,
1032 720 1147 766 Esto
1189 719 1320 766 nobis
1349 721 1396 766 in
1432 721 1505 766 leis
1535 737 1650 783 quae
1685 730 1795 769 sunt
1820 723 1946 784 apud
1969 721 2050 767 do·
2073 736 2182 772 nent.
2198 734 2231 779 5,
2249 733 2302 768 27.

153 805 350 860 mz'num,
401 800 516 851 item
534 839 548 862 ,
604 804 789 860 Omnia,
843 817 1152 865 quaecumque
1190 804 1365 850 dz'oeere‘t
1407 804 1495 850 tibi
1529 806 1764 863 dominus,
1815 807 2051 853 audiemus

154 895 203 935 et
229 887 483 952 faciemus,
525 885 625 948 illi,
680 885 899 952 inquam,
952 902 1056 934 cum
1099 893 1399 953 praesentem
1444 885 1683 936 dominum
1726 888 2048 949 intuerentur,

153 968 373 1020 veritatis
405 986 668 1037 expressas
700 968 888 1038 species
916 986 970 1018 ac
1000 977 1137 1018 notas
1168 969 1466 1035 ignoranteS‚
1509 987 1624 1037 quas
1652 971 1931 1039 prophetae,
1973 970 2051 1037 qui

153 1053 283 1104 illum
309 1061 702 1116 antecesserunt,
757 1053 1099 1116 describendo,
1157 1052 1471 1115 delineando,
1524 1055 1815 1118 nuntiando,
1872 1054 2051 1122 signifi-

152 1137 399 1204 candoque
433 1137 873 1205 praescripserant,
916 1136 1115 1204 primum
1153 1137 1309 1186 haec
1296 1155 1343 1187 in
1376 1137 1506 1187 illum
1539 1138 1785 1201 iecerunt,
1840 1142 1951 1202 Quis
1979 1147 2051 1187 est
2069 1149 2160 1184 Luc.
2176 1148 2211 1192 5,
2231 1147 2288 1180 ²1.

152 1224 253 1283 hic,
308 1239 385 1287 quz
415 1224 621 1287 loquitur
647 1223 983 1286 blasphemias?
1037 1220 1157 1271 alias
1195 1238 1312 1271 vero
1333 1260 1346 1284 ,
1400 1226 1695 1271 Daemonium
1728 1224 1895 1271 habere
1919 1222 2047 1272 illum
2096 1231 2233 1267 Matth

151 1305 452 1374 impudenter
481 1323 537 1355 ac
566 1306 831 1373 praefracta
867 1306 1066 1372 quadam
1106 1305 1304 1356 audacia
1337 1306 1594 1356 iactarunt.
1673 1303 1769 1357 Sed
1803 1323 1892 1356 nec
1922 1306 2051 1374 ipsos
2074 1276 2239 1357 Idaeiriniii',
2250 1316 2305 1350 ²⁰.

153 1387 508 1440 Samaritannm
541 1390 744 1439 eundem
777 1390 1015 1457 appellare
1051 1389 1232 1456 puduit.
1307 1387 1565 1440 Postremo
1597 1400 1646 1441 ut
1676 1391 1805 1455 dixi,
1847 1391 1916 1440 sic
1948 1400 2053 1440 tan·
2130 1363 2168 1393 et
2189 1341 2243 1392 48⁹.

154 1491 292 1542 quam
321 1473 470 1523 rabidi
504 1490 647 1523 canes
673 1474 721 1523 in
750 1490 856 1523 eum
886 1473 1187 1536 insilierunt,
1244 1491 1299 1524 ac
1334 1491 1500 1524 manus
1531 1475 1811 1538 affixerunt,
1852 1475 1895 1525 id
1929 1476 2053 1542 quod

153 1556 322 1608 furiosi
345 1574 490 1608 canes
522 1557 740 1608 factitare
768 1558 954 1619 solent,
996 1557 1072 1624 qni
1104 1557 1400 1608 dominorum
1433 1576 1627 1609 suorum
1662 1577 1830 1609 manus
1863 1578 1919 1609 ac
1950 1559 2053 1609 vul-

151 1649 228 1691 tus
269 1641 572 1691 incurrentes
615 1641 796 1692 laniare
844 1641 960 1691 nihil
997 1650 1257 1705 verentur,
1315 1643 1384 1693 sic
1425 1643 1489 1694 illi
1532 1643 1772 1693 dominum
1804 1645 1861 1694 ad
1895 1643 2052 1694 crucis

151 1725 430 1793 supplicium
471 1723 796 1788 tradiderunt,
850 1726 1106 1794 propbetas
1139 1726 1351 1778 eiusdem
1386 1728 1675 1778 domesticos
1705 1729 1875 1796 partim
1915 1745 2052 1779 serra

152 1817 536 1871 consecuerunt,
590 1809 759 1877 partim
793 1809 1027 1877 lapidibus
1057 1810 1345 1875 obruerunt,
1399 1812 1568 1879 partim
1607 1813 1766 1879 gladio
1794 1813 2053 1863 interfece—

150 1903 280 1944 runt.
356 1891 629 1944 Secundum
663 1893 769 1943 illos
807 1911 926 1944 vero
969 1894 1165 1961 perinde
1195 1902 1243 1944 et
1275 1895 1413 1946 hodie
1454 1897 1566 1946 novi
1592 1897 1657 1947 illi
1693 1895 1854 1947 ludaei
1883 1897 2052 1947 iisdem

150 1978 356 2029 invicem
395 1977 629 2027 institutis
653 1994 707 2027 ac
737 1976 984 2045 disciplina
1018 1978 1227 2040 formati,
1264 1979 1329 2028 uti
1359 1981 1460 2030 veri
1488 1980 1552 2030 illi
1584 1979 1768 2043 ludaei,
1812 1981 2051 2031 dominum

151 2079 255 2112 cum
288 2079 433 2112 carne
475 2069 777 2129 praesentem
819 2063 1146 2128 abnegarunt,
1202 2063 1268 2112 ita
1308 2063 1397 2131 ipsi
1433 2063 1513 2114 filii
1553 2067 1625 2115 dei
1657 2067 1916 2133 perfectam
1946 2082 2052 2115 cum

150 2155 283 2216 patre
325 2147 693 2214 germanitatem
740 2145 1040 2209 inficianteS‚
1100 2155 1368 2197 creaturam
1409 2166 1517 2198 esse
1546 2149 1676 2199 illum
1713 2159 1760 2199 et
1792 2149 2050 2218 opificium,

152 2241 200 2282 et
225 2249 250 2281 a
281 2241 416 2300 patre
445 2230 636 2298 penitus
661 2229 868 2280 alienum
898 2230 1068 2280 furiosi
1095 2248 1149 2279 ac
1183 2232 1416 2282 vecordes
1450 2233 1706 2284 identidem
1735 2234 1987 2284 affirmant.

292 2315 390 2366 Alii
438 2334 580 2384 porro
626 2315 973 2366 contumeliosa
1019 2315 1100 2365 illa
1142 2316 1190 2364 in
1238 2317 1377 2366 deum
1423 2317 1645 2385 dogmata
1702 2319 2049 2386 relinquentes,

153 2399 287 2468 quasi
315 2400 522 2450 divinam
548 2400 697 2469 ipsam
728 2399 777 2450 in
806 2399 941 2450 coelo
972 2407 1219 2463 naturam,
1262 2409 1313 2450 ut
1342 2401 1404 2451 ita
1431 2401 1580 2452 dicam
1600 2442 1612 2466 ,
1656 2403 1906 2470 aliqnando
1938 2420 2053 2452 con-

151 2485 363 2553 templati
391 2485 596 2547 fuerint,
640 2493 689 2534 et
715 2484 857 2534 altius
881 2484 929 2533 in
960 2501 1136 2533 arcana
1165 2484 1243 2534 illa
1280 2502 1336 2535 ac
1370 2486 1599 2537 coelestia
1633 2487 1954 2555 penetrarint,
1996 2504 2053 2537 ac

152 2569 406 2635 diligenter
431 2569 810 2638 introspexerint
840 2573 916 2631 (ut
945 2585 970 2617 e
1003 2568 1138 2619 coelo
1170 2578 1306 2636 putes
1339 2587 1447 2620 esse
1479 2572 1722 2640 delapsos)
1765 2581 2054 2640 arroganter

150 2653 263 2704 illud
305 2651 614 2721 praedicant,
665 2670 719 2702 ac
747 2653 1059 2702 vehementer
1104 2653 1369 2716 affirmant,
1423 2656 1639 2723 spiritum
1683 2665 1901 2708 sanctum
1927 2675 1953 2707 a
1984 2657 2052 2706 di-

150 2737 363 2789 vinitatis
407 2738 741 2787 communione
780 2736 1118 2803 separandum.
1197 2734 1293 2803 Qui
1334 2756 1440 2789 cum
1487 2757 1642 2808 neque
1690 2751 1871 2810 patrem
1908 2742 2054 2792 abne-

150 2831 295 2890 gent,
348 2839 437 2872 nec
465 2821 523 2872 ab
565 2837 793 2887 germana
830 2837 935 2869 cum
978 2819 1059 2869 illo
1093 2822 1431 2874 coniunctione
1466 2824 1607 2875 filium
1639 2825 1941 2888 abiudicent,
1996 2827 2052 2876 ad

151 2907 276 2958 aliud
303 2906 411 2957 viae
443 2905 772 2956 diverticulum
804 2904 1079 2966 deflectunt,
1122 2914 1171 2955 ut
1201 2907 1395 2957 omnino
1426 2909 1600 2959 dictum
1634 2910 1746 2961 illud
1779 2911 2049 2979 impleatur,

149 2996 296 3041 Periit
320 2993 449 3057 fides
491 3010 550 3039 eoe
582 3008 661 3039 ore
690 2993 908 3054 ipsorum.
989 2986 1115 3053 Quid
1148 2990 1272 3039 euim
1303 2992 1427 3042 aliud
1462 2980 1670 3057 faciunt,
1724 2995 1815 3045 nisi
1855 2995 2053 3062 perinde
2071 3008 2174 3043 Hier.
2189 3009 2222 3052 7,
2237 3009 2289 3044 28-

151 3093 207 3126 ac
235 3076 275 3126 si
305 3075 353 3126 in
380 3075 595 3144 spiritum
626 3083 845 3124 sanctum
873 3073 945 3122 ins
983 3088 1039 3121 ac
1073 3081 1359 3139 potestatem
1393 3077 1623 3128 haberent
1665 3079 1768 3145 (qui
1803 3080 1990 3146 quidem
2025 3095 2051 3127 a

531 285 757 325 PANARH
785 284 889 325 LIB.
912 286 983 325 ΙΙΙ.
1012 286 1144 326 ΤΟΜ.
1169 287 1220 326 ῙῘ.
1251 287 1412 327 HAER.
1438 286 1669 328 LXXVIII.

2089 1750 2205 1786 Hebr.
2229 1748 2282 1784 11.

2098 2328 2181 2383 Cap
2190 2358 2200 2368 .
2229 2330 2279 2370 V.

148 3274 243 3326 sim)
271 3276 367 3314 nihil
391 3275 590 3323 ambi90.“
646 3275 789 3322 Aliter,
835 3284 1069 3322 quamquam

149 3333 276 3370 minus
313 3331 498 3379 feliciter,
540 3331 695 3379 corrigit
735 3331 763 3368 Ι.
789 3331 833 3368 Β.
866 3330 1069 3368 Cotelerius

148 3388 250 3425 Eccl.
293 3388 358 3425 Gr,
402 3388 567 3424 Menum.
606 3390 694 3423 tom.
723 3387 807 3432 ΙΙΙ.,
845 3383 1068 3434 pa9.oo9.,

147 3443 312 3481 scribens
339 3437 481 3492 οἰνακρ.
510 3437 650 3492 αὔτὸν,
681 3437 757 3486 τὰς
785 3445 927 3494 χεῖρας
952 3438 1069 3491 ἐπέρ-

149 3509 290 3551 χεται,
321 3501 354 3536 et
380 3502 547 3546 vertens,
573 3496 676 3535 sicut
705 3510 863 3548 semper
892 3495 1067 3534 Furiosus

151 3552 259 3591 canis
284 3552 532 3603 suspendens
561 3565 626 3599 se,
671 3566 810 3591 manns
838 3551 994 3590 invadit
1022 3565 1069 3589 ac

149 3607 282 3647 vultus
323 3612 402 3647 cett.
480 3611 688 3649 Carnarius
726 3610 920 3647 transtulit
962 3607 1074 3647 velut

149 3663 297 3702 rabiosi
336 3677 454 3702 canes
492 3664 816 3712 insurrexerunt,
859 3671 899 3702 et
934 3678 1072 3702 manus

150 3717 398 3766 iniecerunt,
430 3719 542 3759 velut
564 3735 727 3773 semper
753 3734 842 3759 cum
866 3720 976 3759 rabie
1006 3735 1069 3759 ca-

151 3773 212 3814 nis
237 3774 421 3816 immissis
449 3783 568 3818 antea
594 3776 777 3819 manibus
800 3776 984 3829 invadit,
1030 3783 1069 3814 et

1126 3283 1321 3322 personas
1363 3273 1626 3326 proprioium
1652 3279 1732 3313 cett.
1791 3276 1886 3314 Mihi
1921 3277 2053 3315 viden-

1125 3331 1188 3365 tur
1211 3331 1498 3377 transponenda
1527 3332 1619 3369 haec
1643 3333 1724 3380 ita,
1755 3336 1786 3370 et
1813 3333 2054 3395 corriyenda,

1126 3381 1397 3447 προςέπηξαν,
1429 3375 1793 3436 οἶνακρεμάσαντες
1823 3381 1964 3434 αὐτον,
1996 3401 2054 3434 ως

1126 3433 1194 3478 ἀεὶ
1218 3437 1325 3481 κατὰ
1351 3438 1425 3506 τήν
1455 3440 1597 3507 μανίαν
1625 3445 1703 3489 ivel
1723 3456 1784 3522 ὶτμ
1770 3439 1840 3483 τὰ
1868 3442 1948 3494 τῆς
1974 3457 2052 3495 μα-

1126 3492 1227 3545 νίας)
1262 3510 1281 3536 0
1312 3492 1422 3536 κύων
1450 3493 1526 3542 τὰς
1554 3500 1696 3549 χεῖρας
1722 3497 1952 3552 ἐπέρχεται,
1982 3498 2053 3540 και

1126 3572 1149 3578 -
1179 3573 1204 3578 -
1231 3548 1483 3605 αἰσχυνεται,
1516 3551 1588 3592 καὶ
1615 3553 1860 3605 παρέδωκαν
1889 3556 1974 3595 κτλ.

1132 3663 1173 3701 d
1190 3605 1284 3646 CAP.
1307 3608 1356 3648 V.
1377 3631 1425 3636 -
1480 3610 1513 3648 1.
1534 3606 1829 3662 ἐπαγ,έλλουσι
1851 3613 1933 3650 cod.
1953 3613 2051 3652 Rhe-

1160 3675 1221 3759 29².
1254 3722 1503 3759 scribendum
1529 3726 1623 3770 puto
1663 3721 1718 3763 Τί
1754 3720 1832 3775 γὰρ
1869 3717 1967 3765 ἄλλο
1993 3723 2052 3771 εἰς

1127 3770 1172 3815 τὸ
1200 3777 1364 3829 πνεῦμα
1390 3773 1436 3819 τὸ
1464 3771 1592 3831 ἅγιον,
1625 3775 1757 3822 >omi-a
1786 3777 1831 3823 τὸ
1863 3794 1939 3822 ουκ
1965 3781 2050 3824 nr)
