2508 4134
300 400 412 456 Κεφ.
430 398 490 443 ιε’.

265 2650 355 2687 pag.
375 2641 473 2678 1098.

516 284 617 334 516
884 337 896 348 ‚
1221 291 1423 333 SANCTl
1451 293 1732 335 ΕΡΙΡΗΑΝΠ

649 386 763 440 ’Ότι
804 385 1055 455 ἀληθινῶς
1093 387 1335 456 ἐγεννήθη
1367 387 1580 460 Χριστός
1610 388 1708 443 ἀπό
1741 391 1945 459 Μαρίας
1972 395 2059 457 τῆς
2092 388 2437 462 ἀειπαρθένου,

513 473 679 542 λαβών
718 471 772 526 τό
807 479 947 541 σῶμα
985 475 1037 526 ἐν
1062 471 1295 546 ἀληθείᾳ,
1349 475 1434 527 καὶ
1473 471 1566 527 οὐκ
1605 476 1656 527 ἐν
1696 473 1921 541 δοκήσει,
1974 473 2132 546 σάρκα
2170 475 2437 546 ἀληθινῶς,

514 565 654 627 σῶμα
693 556 971 626 ἀληθινῶς,
1027 556 1117 611 σύν
1157 557 1344 621 ὀστέοις
1385 561 1468 612 καὶ
1510 557 1702 630 νεύροις
1745 560 1829 612 καὶ
1868 565 1989 613 πᾶσι
2028 568 2130 624 τοῖς
2169 559 2438 633 ἡμετέροις,

514 644 665 713 μηδὲν
695 641 780 710 ἀφ’
810 641 952 711 ἡμῶν
979 645 1354 714 διηλλαγμένος,
1392 643 1427 712 ἢ
1455 643 1608 712 μόνον
1634 642 1688 697 τὸ
1720 646 1918 707 ἔνδοξον
1945 651 2030 713 τῆς
2061 643 2213 700 αὐτοῦ
2243 645 2434 719 ἁγιότη-

512 751 596 792 τος
632 730 717 781 καὶ
744 728 981 796 θεότητος
1009 730 1094 782 καὶ
1119 728 1328 792 σκεύους
1359 737 1376 766 ¹
1397 727 1673 800 ἁγιωσύνης
1698 730 1782 782 καὶ
1816 728 2156 799 δικαιοσύνης,
2209 734 2294 785 καὶ
2320 732 2437 786 ἀνα·-

513 814 770 886 μαρτήτως
809 812 870 867 τά
897 813 1058 868 πάντα
1093 818 1281 877 τελείως
1313 816 1461 883 ἔχων,
1514 816 1597 867 καὶ
1628 811 1843 882 ἐσχηκώς
1875 813 2041 883 ψυχὴν
2067 814 2154 884 τὴν
2179 816 2434 888 ἀνθρωπί-

510 922 603 968 νην
637 903 688 954 ἐν
714 899 951 973 ἀληθείᾳ,
992 907 1113 954 νοῦν
1143 899 1228 954 τὸν
1254 898 1574 971 ἀνθρώπινον
1602 901 1654 953 ἐν
1683 898 1921 972 ἀληθείᾳ,
1957 898 2046 968 ούχ
2073 898 2140 964 ῶς
2163 898 2307 969 ἡμῶν
2333 905 2437 956 δια-

509 987 878 1054 βεβαιουμένων
911 985 996 1040 τόν
1031 991 1153 1039 νοῦν
1193 982 1317 1038 εἶναι
1357 982 1654 1047 ύπόστασιν,
1702 982 1877 1047 καθώς
1912 982 2047 1040 ἄλλοι
2081 987 2284 1057 λέγουσι.
2365 986 2434 1042 To}

511 1072 672 1124 πάντα
699 1072 752 1124 δὲ
778 1071 844 1140 μή
869 1072 1143 1141 χρανθέντα
1173 1073 1226 1124 ἐν
1259 1068 1498 1142 ἆμαρτίᾳ,
1535 1068 1692 1137 στόμα
1721 1068 1789 1138 μὴ
1823 1068 2160 1139 ψευσάμενον,
2212 1075 2339 1140 χείλη
2367 1072 2436 1142 μή

509 1154 782 1224 λαλήσαντα
810 1155 971 1221 δόλον,
1007 1160 1214 1227 καρδίαν
1242 1153 1308 1223 μή
1338 1158 1570 1208 κλίνασαν
1601 1157 1670 1216 εἰς
1699 1153 1988 1226 ἔρεθισμὸν,
2025 1161 2147 1210 νοῦν
2175 1156 2244 1226 μὴ
2268 1159 2434 1229 ἐκτρα-

508 1242 688 1306 πέντα,
728 1244 796 1304 εἰς
829 1241 860 1294 ἃ
892 1241 959 1310 μή
984 1241 1102 1312 χρὴ,
1157 1240 1314 1312 σάρκα
1344 1239 1410 1309 μὴ
1439 1239 1500 1293 τά
1529 1239 1711 1310 σαρκός
1742 1238 1928 1309 ἡδονῆς
1959 1243 2313 1313 ἐργασαμένην·
2363 1244 2435 1297 τὲ-

505 1334 632 1390 λειος
663 1325 863 1381 ἄνωθεν
887 1326 1034 1392 θεὸς,
1087 1326 1181 1380 οὐκ
1212 1325 1374 1380 ἐλθών
1412 1332 1702 1394 κατοικῆσαι
1735 1328 1787 1380 ἐν
1817 1324 2099 1401 ἀνθρώπω,
2153 1326 2253 1381 ἀλλ’·
2286 1326 2436 1392 αύτός

508 1410 538 1466 o‘
566 1411 714 1483 λόγος
742 1411 1160 1483 ἕνανθρωπήσας,
1212 1412 1273 1466 οὗ
1305 1413 1507 1483 τραπεὶς
1531 1409 1624 1479 τήν
1652 1410 1832 1479 φύσιν,
1882 1411 2307 1484 συμπεριειληφῶς
2330 1411 2434 1482 ἄμα

505 1504 567 1572 τῇ
599 1497 799 1566 θεότητι
827 1497 917 1567 τήν
953 1501 1085 1552 ι’δίαν
1128 1497 1534 1569 ἑνανθρώπησιν,
1592 1499 1645 1551 ἐν
1673 1495 1835 1570 μήτρᾳ
1860 1499 2120 1569 παρθένου
2145 1497 2355 1570 γεγονώς
2382 1501 2436 1553 ἐν

507 1583 743 1656 ἀληθείᾳ,
797 1585 1141 1655 κυοφορηθεὶς
1171 1582 1253 1638 διά
1279 1589 1574 1654 γεννητικῶν
1600 1582 1769 1654 πόρων
1797 1582 2218 1652 ἀνεπαισχύντως,
2255 1583 2432 1656 ἀχράν-

503 1690 626 1733 τως,
679 1667 989 1737 ἀμολύντως,
1041 1669 1368 1739 ἀνατραφεὶς,
1422 1671 1506 1722 καὶ
1546 1670 1912 1739 ἐναγκαλισθεὶς
1951 1667 2052 1723 ύπό
2088 1691 2138 1723 τε
2166 1675 2433 1739 Συμεῶνος

503 1756 590 1808 καὶ
604 1752 814 1823 ’Ἀννης,
865 1757 1160 1824 βασταχθεὶς
1186 1753 1285 1809 ύπὸ
1315 1757 1546 1824 Μαρίας,
1598 1754 1858 1820 πεζεύσας,
1909 1752 2268 1827 ὁδοιπορήσας,
2321 1777 2433 1809 παι-

504 1843 613 1894 δίον
655 1838 895 1910 γεγονῶς,
946 1839 1217 1912 ἀδρυνθεὶς
1252 1845 1312 1914 τῇ
1341 1838 1507 1913 ἡλικίᾳ
1519 1883 1533 1906 ,
1585 1839 1841 1894 τάιπάντα
1879 1842 2000 1909 ἔχων
2030 1844 2082 1896 ἐν
2105 1843 2261 1915 ἑαυτῷ
2291 1843 2344 1896 ἐν
2370 1847 2430 1915 τῇ

501 1928 789 1994 τελειότητι,
844 1927 897 1978 ἐν
924 1925 1127 2000 ἀριθμῷ
1170 1928 1293 1980 ἐτῶν
1320 1927 1587 1997 λογισθεὶς,
1641 1928 1691 1979 ἐν
1716 1926 1919 2000 ἀριθμῷ
1949 1934 2144 1995 μηνῶν,
2194 1929 2247 1981 ἐν
2271 1930 2431 1999 κοιλίᾳ

502 2013 875 2083 κυοφορηθεὶς,
927 2010 1189 2082 γενόμενος
1220 2014 1273 2066 ἐκ
1301 2010 1563 2082 γυναικός,
1613 2010 1872 2082 γενόμενος
1909 2009 2007 2065 «Su-d
2039 2011 2219 2080 νόμον,
2271 2011 2431 2066 ἐλθών

503 2099 585 2151 ἐπὶ
620 2096 706 2151 τὸν
742 2095 1017 2168 Ἰορδάνην,
1070 2100 1367 2166 βαπτισθεὶς
1403 2095 1500 2150 ύπὸ
1535 2095 1791 2162 Ἰωάννου,
1845 2094 1936 2150 ούκ
1974 2097 2286 2166 ἐπιδεόμενος
2319 2105 2430 2152 λου·-

499 2189 654 2254 τρῶν,
695 2184 788 2237 διά·
807 2204 858 2236 τε
883 2181 938 2237 τὸ
965 2180 1251 2237 ἀκολουθὸν
1277 2189 1364 2251 τῆς
1394 2185 1446 2236 ἐν
1474 2181 1610 2255 νόμῳ
1639 2181 2062 2252 ἑνανθρωπήσεως
2084 2182 2151 2252 μή
2175 2183 2430 2255 ταράσσων

500 2266 555 2322 τὸ
588 2272 802 2336 δίκαιον,
859 2267 996 2331 ὅπως
1026 2275 1301 2342 πληρωθῇ,
1356 2267 1423 2330 ὥς
1455 2266 1603 2330 αύτὸς
1635 2270 1757 2336 ἔφη,
1812 2274 1947 2321 πᾶσα
1977 2268 2295 2337 δικαιοσύνη,
2346 2272 2428 2323 ἵνα

501 2357 635 2428 δείξῃ
664 2353 737 2407 ὅτι
765 2353 1010 2422 ἀληθινὴν
1039 2354 1197 2424 σάρκα
1223 2353 1510 2417 ἐνεδύσατο,
1551 2352 1796 2421 ἀληθινήν
1821 2352 2225 2424 ἐνανθρώπησιν,
2262 2375 2426 2426 κατερ-

499 2438 705 2507 χόμενος
747 2442 815 2502 εἰς
852 2438 911 2492 τά
950 2438 1133 2504 ῦδατα,
1187 2438 1358 2502 διδούς
1394 2437 1521 2510 ’ἤπερ
1559 2438 1844 2508 λαμβάνων,
1900 2440 2266 2510 2παρεχόμενος
2303 2431 2426 2511 ἥπερ

499 2523 842 2592 ἔπιδεόμενος,
892 2528 1117 2591 φωτίζων
1148 2523 1301 2591 αὐτοὶ,
1355 2527 1643 2594 ἐνδυναμῶν
1678 2523 1805 2578 αὐτοὶ
1838 2527 1906 2587 εἰς
1933 2523 2091 2579 τύπον
2113 2531 2212 2579 τῶν
2235 2525 2427 2594 μελλόν-

498 2631 597 2662 των
640 2611 692 2663 ἔν
733 2607 868 2682 αὐτῷ
901 2616 1234 2675 τελειοῦσθαι,
1286 2609 1425 2673 ὅπως
1468 2613 1519 2664 οἱ
1546 2609 1678 2684 αὐτῷ
1713 2610 2086 2673 πεπιστευκότες
2121 2613 2174 2665 ἒν
2200 2610 2426 2685 ἀληθείᾳ,

498 2696 584 2749 καὶ
626 2697 813 2763 ἔχοντες
851 2693 940 2763 τὴν
972 2700 1134 2748 πίστιν
1169 2702 1257 2764 τῆς
1299 2696 1566 2764 ἀληθείας,
1616 2695 1845 2765 μάθωσιν
1880 2696 1956 2750 ὅτι
2000 2694 2252 2765 ἀληθινῶς
2291 2699 2426 2766 ἐνην-

497 2779 790 2851 θροόπησεν,
846 2780 1097 2848 ἀληθινῶς
1127 2783 1430 2850 ἐβαπτίσθη,
1484 2784 1569 2836 καὶ
1598 2782 1756 2845 οὕτως
1782 2780 1865 2835 διά
1893 2788 1978 2850 τῆς
2008 2780 2162 2835 αὐτοῦ
2189 2800 2428 2853 συγκατα-

499 2867 688 2929 θέσεως
715 2868 800 2919 καὶ
841 2865 981 2919 αὐτοὶ
1023 2866 1275 2937 ἐρχόμενοι
1311 2867 1498 2937 λάβωσι
1524 2874 1612 2936 τῆς
1635 2866 1792 2921 αὐτοῦ
1818 2865 2135 2936 καταβάσεως
2162 2866 2252 2935 τὴν
2280 2866 2426 2921 δύνα-

503 2974 611 3020 μιν,
665 2954 748 3006 καὶ
786 2959 1108 3019 φωτισθῶσιν
1136 2951 1234 3006 ἀπὸ
1267 2960 1355 3022 τῆς
1382 2952 1535 3007 αὐτοῦ
1569 2957 1920 3024 φωταγωγίας,
1971 2954 2313 3024 πληρουμένου
2336 2959 2426 3008 τοῦ

500 3040 552 3091 ἐν
579 3043 648 3111 τῷ
674 3040 909 3111 προφήτῃ
938 3041 1115 3108 ῥἠτοῦ,
1156 3042 1251 3102 Εἰς
1281 3038 1577 3110 μεταλλαγήν
1608 3038 1889 3107 δυνάμεως,
1927 3041 1995 3100 εἰς
2019 3036 2242 3108 παροχὴν
2269 3056 2422 3108 σωτη-

500 3127 610 3194 ρίας
649 3130 736 3192 τῆς
780 3122 1038 3191 δυνάμεως
1073 3131 1163 3177 τοῦ
1206 3122 1388 3194 ἄρτου,
1439 3123 1538 3178 ἀπὸ
1573 3131 1660 3193 τῆς
1688 3122 1995 3195 Ἰερουσαλὴμ
2030 3126 2418 3193 λαμβανομένης,

498 3210 583 3261 καὶ
614 3215 702 3277 τῆς
738 3207 903 3277 ἰσχύος
932 3216 1021 3262 τοῦ
1052 3209 1244 3272 ὕδατος.
1318 3209 1568 3264 Ἐνταῦθα
1606 3211 1658 3263 δὲ
1698 3213 1750 3264 ἐν
1787 3215 1983 3281 Χριστῷ
2024 3211 2424 3280 ἰσχυροποιουμέ-

500 3315 597 3346 νων
634 3301 721 3362 τῆς
762 3293 1018 3362 δυνάμεως
1057 3302 1146 3349 τοῦ
1179 3294 1359 3367 ἄρτου,
1409 3298 1493 3350 καὶ
1521 3302 1609 3364 τῆς
1648 3302 1736 3349 τοῦ
1764 3295 1944 3356 ῦὸατος
1976 3293 2163 3362 ἰσχύος,
2216 3297 2300 3350 ’ἵνα
2330 3293 2423 3351 ούκ

500 3377 648 3450 ἄρτος
684 3377 803 3448 ἡμῖν
843 3380 1039 3450 γε’νηται
1076 3380 1306 3449 δύναμις,
1345 3379 1461 3435 ἀλλά
1487 3381 1696 3450 δύναμις
1731 3379 1907 3451 ἄρτου,
1966 3381 2087 3432 3καὶ
2120 3383 2303 3451 βρῶσις
2334 3382 2423 3449 μὲν

559 3496 656 3538 Cn.
684 3498 779 3539 XV.
812 3520 865 3528 —-
926 3498 962 3538 1.
1004 3492 1231 3552 ἁγιωσύνης
1261 3500 1320 3539 ed.
1360 3501 1434 3539 Pe·
1488 3500 1626 3539 vitium
1651 3500 1730 3537 iam
1757 3508 1782 3536 a
1808 3498 1998 3536 comario
2022 3497 2062 3537 in
2082 3499 2255 3539 versione
2277 3498 2423 3539 Latina

497 3557 577 3594 rav.
1491 3558 1713 3596 correctum.

554 3610 594 3651 2.
640 3609 945 3667 παρέρχομενος
986 3614 1102 3663 vulyo
1147 3613 1286 3654 habent
1333 3614 1434 3663 libri,
1546 3611 1587 3652 3.
1616 3607 1663 3652 οὗ
1691 3622 1764 3660 pro
1796 3607 1868 3651 καὶ
1908 3609 2020 3650 habet
2060 3612 2173 3652 codd.
2198 3624 2292 3653 mss.
2318 3616 2421 3654 uter-

1489 3680 1572 3721 que.
1631 3668 1692 3717 Cf.
1718 3666 1953 3716 Anacephal.
1979 3678 2075 3718 pay.
2103 3664 2194 3710 154.
