2508 4134
253 1046 337 1083 pag.
358 1037 434 1073 846.

454 225 521 277 70
1169 231 1375 274 sANcrr
1403 232 1687 275 EPtPHANn

452 326 595 386 οὗτοι
620 333 673 385 οἱ
693 328 794 385 άπό
816 335 903 398 τῆς
929 327 1146 383 συνόδου
1179 331 1508 401 διαιρεθέντες
1534 328 1688 398 αὐτῆς
1715 336 1802 399 τῆς
1826 327 2237 401 Ἀρειομανίτιδος
2259 331 2392 402 αἶρέ-

453 435 601 482 σεως,
653 414 683 470 ό
710 412 861 477 αὖτὸς
892 419 1144 477 Βασίλειος
1169 414 1464 486 Ἀγκυρῖνος
1491 415 1679 470 τούτων
1709 414 1946 486 ἆρχ-ηγός,
1995 416 2080 469 καὶ
2114 416 2393 488 Γεοόργινος

457 501 486 557 ὁ
511 504 812 562 Λαοδικείας
849 506 978 568 7τῆς
1017 499 1145 571 πρὸς
1168 498 1464 571 Ἀντιόχειαν
1490 501 1732 569 Δάφνης,
1782 501 1940 572 ἤγουν
1972 505 2155 570 Κοίλης
2185 506 2405 571 Συρίας,

461 591 531 641 Οἱ
567 587 619 640 δὲ
649 583 791 639 αὐτοὶ
816 587 903 638 καὶ
930 587 1043 657 περὶ
1071 593 1160 640 τοῦ
1188 585 1334 657 ἆγίου
1361 586 1643 662 πνεύματος
1666 590 1787 649 ἰ’σως
1813 593 1917 649 τοῖς
1948 586 2395 657 Πνευματομάχοις

456 674 579 726 εἰσὶν
601 673 803 739 ἔχοντες.
857 668 1038 725 Οὐκέτι
1063 670 1156 742 γάρ
1182 670 1249 735 ῶς
1273 671 1392 741 μετὰ
1415 671 1764 741 δυςωπήσεως,
1792 670 1827 740 ἢ
1848 670 1967 740 μετά
1994 694 2125 735 τινος
2151 676 2394 728 διστακτι·

453 763 548 811 κοῦ
570 755 740 827 λόγου,
780 754 848 819 ῶς
871 759 984 827 περὶ
1007 762 1095 810 τοῦ
1119 761 1233 812 υἷοῦ
1262 757 1602 827 αἰσχυνόμενοι
1630 760 1811 812 τέλειον
1835 762 2014 825 κτίσμα
2040 756 2192 811 αὐτόν
2221 760 2393 823 εἰπεῖν,

454 842 576 912 ὅπερ
604 844 690 896 καὶ
719 840 879 905 οὕτως
898 844 1088 912 ἔχουσι,
1125 843 1209 897 διὰ
1240 844 1293 897 δὲ
1318 842 1404 898 τόν
1429 843 1557 912 πρὸς
1584 841 1886 916 ἀνθρώπους
1912 843 2077 912 φόβον
2101 844 2396 914 ἐπιφέρουσι

452 927 507 983 τό
540 924 854 997 ὅμοιούσιον,
892 930 978 982 καὶ
1005 927 1060 982 τό
1082 932 1262 997 ’κτίσμα
1297 928 1429 997 ὅοῦχ
1458 927 1525 992 ῶς
1545 932 1604 983 ἓν
1630 936 1729 982 τῶν
1757 927 2064 997 κτισμάτων,
2093 962 2165 970 -
2201 930 2311 999 περὶ
2342 929 2396 982 δὲ

455 1020 545 1068 τοῦ
573 1009 718 1084 ἆγίου
747 1013 1052 1081 πνεύματος,
1092 1012 1160 1077 ὥς
1190 1016 1343 1083 ἔφην,
1382 1014 1443 1068 οὗ
1480 1018 1800 1078 διστακτικῶς
1843 1013 2118 1085 ὅρμῶνται,
2171 1012 2295 1080 ἄλλ’,
2329 1011 2397 1077 ῶς

453 1105 754 1168 λυσσητῆρες
779 1097 955 1164 κύνες,
1007 1099 1228 1165 ἀφειδῶς
1257 1103 1433 1168 κτίσμα
1467 1099 1626 1155 9αὗτὸ
1659 1099 1970 1156 παντάπασιν
2002 1097 2271 1170 ὁρίζονται,
2310 1101 2397 1153 καὶ

456 1184 616 1248 οὕτως
650 1187 1053 1253 διαβεβαιοῦνται
1094 1186 1179 1239 καὶ
1219 1184 1472 1255 ἀλλότριον
1499 1185 1688 1256 πατρὸς
1716 1188 1802 1240 καὶ
1838 1190 1952 1240 υἱοῦ
1981 1184 2219 1256 ὑπάρχον.
2295 1187 2396 1240 Καὶ

455 1274 539 1325 ἵνα
564 1268 632 1338 μή
665 1292 739 1332 τις
765 1272 896 1324 εἴποι
923 1268 1048 1323 κατά
1077 1269 1447 1339 συκοφάντησιν
1468 1271 1591 1325 κατά
1619 1295 1767 1326 τινων
1802 1270 1932 1340 ἡμᾶς
1950 1273 2138 1341 λέγειν,
2175 1274 2398 1325 ἐνταῦθα

456 1354 846 1425 παραθήσομαι,
883 1352 951 1418 ῶς
982 1358 1202 1426 ἔγραψεν
1228 1359 1430 1420 ἕκαστος
1457 1356 1651 1422 αὐτῶν,
1691 1355 1978 1426 ἐπιστολὴν,
2030 1360 2284 1420 Βασίλειος
2309 1357 2399 1424 μὲν

456 1446 602 1512 μίαν,
654 1447 704 1494 Γ
699 1439 934 1511 εώργινος
973 1442 1025 1495 δὲ
1062 1439 1092 1496 ό
1132 1445 1438 1504 Λαοδικείας
1481 1441 1583 1510 ἅμα
1623 1447 1862 1516 Βασιλείῳ
1901 1445 1985 1496 καὶ
2015 1450 2118 1506 τοῖς
2144 1441 2235 1497 σὺν
2264 1440 2399 1516 αὐτῷ

455 1526 619 1595 ἄλλην.
695 1530 798 1580 Καί
833 1528 955 1581 εἰσιν
991 1530 1113 1581 αἵδε.

597 1609 661 1665 Ἡ
685 1610 800 1683 άγία
830 1611 1041 1676 σύνοδος
1067 1611 1102 1682 ἦ
1129 1615 1181 1667 ἐν
1201 1612 1424 1686 Ἀγκύρᾳ
1453 1616 1851 1684 προςεγγίζοντος
1880 1620 1972 1668 τοῦ
2001 1612 2179 1684 Πάσχα
2209 1616 2263 1669 ἐκ
2292 1617 2398 1669 δια·

456 1698 631 1768 φόρων
669 1700 915 1768 ἐπαρχιῶν
957 1707 1382 1769 συγκροτηθεῖσα,
1434 1704 1627 1770 κυρίοις
1655 1699 1965 1768 τιμιωτάτοις
2001 1723 2084 1754 και
2121 1698 2400 1769 ομοψύχοις

455 1790 843 1854 συλλειτουργοῖς
878 1791 983 1846 τοῖς
1025 1786 1078 1838 ἐν
1109 1788 1349 1860 Φοινίκῃ,
1396 1787 1481 1838 καὶ
1511 1793 1614 1848 τοῖς
1648 1792 1868 1851 λοιποῖς,
1907 1794 2012 1849 τοῖς
2033 1809 2093 1839 τα
2123 1784 2249 1840 αὐτοὶ
2280 1783 2401 1855 ἡμῖν

457 1876 762 1942 φρονοῦσιν,
800 1871 854 1923 ἐν
891 1873 1047 1944 κυρίῳ
1085 1874 1284 1941 χαίρειν.

600 1953 879 2024 Εὐχόμεθα
918 1956 1005 2023 μὲν
1037 1955 1157 2024 μετὰ
1195 1954 1284 2025 τήν
1315 1954 1384 2019 ὥς
1418 1958 1472 2011 ἐν
1511 1958 1633 2026 πυρὶ
1673 1963 1778 2019 τοῖς
1815 1959 1866 2011 ἐν
1901 1958 2032 2031 μέσῳ
2058 1959 2399 2029 γεγενημένοις

455 2039 581 2110 ὑπὲρ
625 2047 713 2108 τῆς
754 2045 963 2104 πίστεως
1005 2050 1297 2112 πειρασμοῖς
1342 2041 1567 2110 βάσανον
1601 2049 1691 2110 τῆς
1738 2044 2136 2111 ἐκκλησιαστικῆς
2173 2048 2397 2108 πίστεως,

456 2131 545 2182 καὶ
574 2150 633 2180 τα
662 2127 744 2181 ἐπὶ
775 2132 865 2195 τῆς
895 2132 1276 2181 Κωνσταντινου
1301 2127 1491 2190 πόλεως
1514 2126 1598 2182 δια
1632 2127 1927 2198 Μάρκελλον
1949 2130 2274 2199 γεγενημένα,
2312 2152 2399 2183 και

455 2234 575 2283 μετα
614 2235 706 2280 την
741 2214 942 2266 ἔκθεσιν
978 2219 1067 2281 τῆς
1100 2217 1310 2275 πίστεως
1340 2215 1393 2267 ἐν
1418 2220 1479 2287 τῇ
1507 2213 1701 2287 συνόδῳ
1728 2219 2151 2285 συγκροτηθείσης
2177 2216 2258 2268 ἐπὶ
2295 2222 2400 2278 τοῖς

455 2301 721 2368 ἐγκαινίοις
759 2303 849 2365 τῆς
885 2300 936 2352 ἐν
961 2295 1246 2372 Ἀντιοχεία
1259 2301 1543 2367 ἐκκλησίας,
1591 2301 1676 2353 καὶ
1714 2321 1833 2368 μετα
1871 2306 2027 2353 ταῦτα
2063 2323 2190 2354 κατα
2216 2304 2396 2372 Σαρδι-

455 2382 575 2452 κήν,
614 2384 700 2437 καὶ
723 2381 813 2451 τὴν
841 2385 944 2437 ἐκεῖ
964 2377 1116 2446 αυθις
1142 2381 1438 2451 άνθήσασαν
1464 2389 1640 2449 πίστιν,
1679 2387 1764 2439 καὶ
1789 2387 1857 2439 ε’τι
1887 2407 2005 2453 μετα
2033 2409 2093 2439 τα
2125 2388 2176 2443 ἐν
2205 2389 2398 2460 Σιρμίῳ

457 2471 541 2525 ἐπὶ
573 2473 808 2542 Φωτεινῷ
837 2471 1160 2540 γεγενημένα,
1211 2471 1293 2523 ῑεί
1317 2471 1406 2537 μὲν
1432 2493 1515 2524 και
1540 2478 1806 2542 λογισμοῖς,
1845 2494 1935 2534 ους
1965 2469 2042 2538 ἐφ’
2070 2470 2257 2544 ἕκαστῳ
2285 2473 2398 2575 περὶ

457 2561 546 2622 τῆς
588 2558 796 2616 πίστεως
823 2560 1074 2628 κεφαλαίῳ
1105 2557 1500 2624 ἐπερωτηθέντες
1540 2558 1652 2626 περὶ
1680 2563 1780 2610 τῶν
1816 2560 1870 2611 ἐν
1899 2560 2128 2664 Σαρδικῃ
2156 2555 2283 2624 πρός
2309 2579 2399 2625 την

456 2638 704 2707 ἀνατολην
736 2639 1009 2694 διεστώτων
1044 2643 1345 2709 ἐξεθέμεθα,
1395 2641 1637 2712 ἠρεμῆσαι
1668 2641 1869 2706 λοιπόν,
1921 2645 2006 2696 καὶ
2045 2644 2315 2709 ἕνωθείσης
2345 2645 2398 2696 ἐν

456 2732 518 2800 τῇ
561 2725 755 2795 εὐσεβεῖ
775 2730 995 2800 βασιλείᾳ
1033 2734 1122 2780 τοῦ
1161 2726 1403 2781 δεσπότου
1437 2726 1580 2796 ἡμῶν
1609 2732 2001 2782 ’ὶΚωνσταντίου
2032 2733 2121 2796 τῆς
2147 2726 2248 2782 ἀπὸ
2277 2728 2397 2782 σἰνα-

454 2818 600 2880 τολῆς
627 2814 721 2874 ἕως
745 2814 948 2881 δυσμῶν
975 2814 1246 2881 ἐκκλησίας,
1278 2816 1647 2882 ἐκβεβλημένων
1671 2820 1770 2868 τῶν
1793 2813 2094 2878 σκανδάλων,
2133 2812 2398 2884 εἰρηνεύειν

455 2920 505 2952 τε
539 2899 624 2953 καὶ
652 2904 759 2959 ταῖς
798 2904 1040 2966 λατρείαις
1082 2904 1171 2952 τοῦ
1202 2905 1329 2952 θεοῦ
1356 2901 1681 2968 προςανέχειν.
1755 2897 1966 2967 Ἐπειδὴ
1997 2899 2074 2963 δὲ,
2125 2896 2194 2961 ῶς
2217 2902 2396 2965 ἔοικεν,

457 2982 519 3038 οὕ
545 2982 753 3037 παύεται
792 2981 821 3037 ό
850 2983 1084 3051 διάβολος
1115 2982 1197 3037 διοὶ
1231 2990 1329 3038 τῶν
1358 2987 1554 3040 οἰκείων
1589 2991 1780 3039 σκευῶν
1812 2983 2105 3048 σπουδάζων
2133 2982 2250 3038 καθ’
2285 2986 2396 3039 ἔαυ-

455 3068 572 3135 τόν,
620 3072 703 3122 ’ἵνα
733 3066 796 3136 δὴ
824 3068 1018 3131 πάντως
1044 3068 1104 3122 τά
1127 3090 1177 3123 τε
1211 3076 1232 3107 ³
1252 3072 1363 3140 περὶ
1391 3077 1479 3124 τοῦ
1505 3076 1684 3142 κυρίου
1712 3071 2061 3141 προῤῥηθέντα
2088 3072 2169 3124 καὶ
2197 3069 2279 3124 δια
2307 3077 2395 3124 τοῦ

458 3152 603 3223 ἇγίου
630 3153 908 3208 ἀποστόλου
934 3154 1210 3223 σύμφωνα,
1250 3153 1318 3217 οἷς
1350 3158 1431 3209 ἐπὶ
1461 3163 1760 3230 προφυλακῇ
1795 3162 1936 3209 4τῶν
1973 3162 2192 3221 πιστῶν,
2246 3179 2396 3225 κηρυ-

456 3242 638 3309 χθέντα
665 3242 733 3303 εἶς
762 3238 1064 3294 ἀποστασίαν
1091 3239 1368 3309 ἐργάσηται,
1409 3244 1621 3296 ἐπινοῶν
1650 3240 1941 3307 καινισμοῦς
1966 3240 2088 3294 κατά
2115 3247 2203 3309 τῆς
2230 3244 2397 3310 ἐκκλη-

459 3331 711 3393 σιαστικῆς
738 3329 962 3390 πίστεως,
1002 3327 1084 3379 καὶ
1114 3332 1205 3378 νῦν
1229 3329 1281 3379 ἐν
1307 3327 1563 3396 μορφώσει
1585 3325 1719 3389 τινας
1745 3325 1991 3394 εὐσεβείας
2020 3326 2394 3392 οἰκειώσασθαι,

458 3413 542 3463 καὶ
587 3410 829 3479 βεβήλους
867 3415 1205 3477 καινοφωνίας
1241 3411 1304 3465 δι’
1347 3410 1510 3466 αὐτῶν
1557 3415 1813 3480 ἐπινοῆσαι
1853 3412 1977 3466 κατά
2021 3418 2110 3480 τῆς
2157 3410 2392 3480 εὐσεβοῦς

457 3496 778 3566 γνησιότητος
813 3503 901 3551 τοῦ
939 3503 1239 3567 μονογενοῦς
1269 3501 1385 3551 υἱοῦ
1416 3505 1505 3552 τοῦ
1532 3505 1685 3562 θεοῦ,
1736 3496 1976 3567 πρότερον
2003 3499 2090 3566 μὲν
2122 3496 2391 3560 ἀκούοντες

514 3612 552 3653 7.
587 3613 682 3661 „De
706 3613 906 3655 hocloco
945 3613 1112 3655 consule
1139 3621 1293 3655 notas“
1319 3618 1393 3656 Pe·
1452 3628 1573 3655 unam
1612 3628 1661 3653 ex
1705 3614 1923 3669 creaturis)
1965 3619 2000 3656 et
2043 3615 2208 3654 Patavii.
2270 3615 2393 3666 Vulgo

456 3671 596 3711 iavius.
1450 3675 1555 3713 abest
1584 3684 1608 3711 α
1638 3673 1746 3712 libris

513 3731 552 3765 τ’.
584 3720 661 3781 οὔχ
687 3730 842 3776 reposui
869 3740 917 3768 ex
945 3730 1210 3770 emendatione
1242 3731 1391 3770 Corna—
1504 3728 1542 3770 9.
1573 3723 1688 3770 αὐτῶ
1719 3729 1804 3768 cod.
1839 3729 1998 3779 Rhedt'q.

456 3785 508 3824 rii
533 3784 666 3838 (vertit
693 3785 795 3824 enim
838 3786 872 3824 is
900 3793 942 3824 et
971 3794 1200 3826 creaturam
1230 3799 1315 3826 nou
1345 3793 1389 3825 ut
1505 3784 1603 3825 Cn.
1628 3785 1678 3823 ΙΙ.
1708 3808 1758 3815 —-
1822 3786 1855 3824 1.
1890 3782 1951 3827 ἔτι
1990 3782 2074 3839 μὴν
2113 3786 2391 3837 corriqendum
