2508 4134
548 283 771 327 PANARH
801 282 905 324 LIB.
925 282 997 322 111.
1028 282 1161 325 ΤΟΜ.
1182 283 1214 323 Ι.
1246 281 1410 325 HAER.
1431 280 1605 323 Lxxn.
1957 268 2020 316 57

516 497 594 538 Ex
622 495 800 537 AGAcu
829 493 991 535 LIBRO
1023 492 1244 533 CONTRA
1273 493 1634 534 MARCELLUM.

269 597 404 648 Haec
433 603 482 647 et
507 595 580 646 bis
607 593 777 646 similia
805 590 1068 643 Marcellus
1097 591 1325 659 quaedam
1370 600 1534 641 contra
1565 592 1701 642 deum
1727 589 1889 657 iniqua
1916 604 2025 656 gar·
2055 598 2153 653 Cap.
2178 596 2245 637 VI.

132 683 291 744 ricus,
333 690 383 731 et
413 681 460 730 in
488 678 687 730 sublime
717 694 867 728 cornu
895 693 1031 726 suum
1061 675 1284 741 erigenS,
1342 682 1451 741 post
1487 691 1620 723 suam
1663 674 1789 724 illam
1827 690 2026 742 prover-

128 767 314 817 biorum
348 757 736 832 depravationem
770 760 927 829 potius
965 777 1105 827 quam
1132 756 1578 825 interpretationem
1611 757 1875 808 subiunxit.
1951 756 2026 807 Ac

130 850 330 919 primum
356 848 474 899 baec
503 845 686 898 Asterii
713 844 861 895 verba
891 843 1138 912 proponit:
1184 842 1320 892 Alius
1356 849 1430 891 est
1457 841 1581 890 enim
1610 850 1767 907 pater,
1813 842 1888 909 qui
1924 841 2026 891 uni-

131 952 235 984 cum
262 950 328 983 ex
358 931 518 1000 seipso
547 930 690 981 lilium
720 928 917 980 verbum
949 927 1145 995 genuit,
1199 929 1556 991 primogenitum
1582 935 1824 974 creaturae
1859 930 2020 986 omnes,
2050 946 2131 982 ool.
2155 946 2188 990 1,
2212 945 2261 980 15.

130 1018 260 1069 solus
289 1016 472 1077 solnm,
526 1015 764 1082 perfectus
798 1013 1091 1081 perfectum,
1146 1027 1236 1060 rex
1266 1026 1457 1076 regem,
1513 1009 1731 1058 domiuus
1762 1010 2023 1071 dominum,

131 1105 247 1153 deus
275 1102 441 1162 deum,
495 1098 737 1148 essentiae
771 1096 1054 1163 consiliique
1084 1094 1187 1157 sui,
1229 1111 1284 1144 ac
1317 1091 1509 1143 virtutis
1538 1102 1586 1143 et
1616 1093 1798 1160 gloriae
1827 1093 1950 1143 nulla
1979 1093 2027 1143 in

131 1203 183 1237 re
213 1185 564 1252 discrepantem
604 1181 877 1249 imaginem.
956 1177 1144 1246 Quibus
1183 1179 1231 1229 in
1263 1177 1432 1228 mediis
1465 1175 1680 1227 adductis
1717 1176 1805 1227 boc
1839 1177 2028 1245 potissi-

132 1288 255 1321 mum
300 1267 540 1329 offensus,
596 1266 718 1333 quod
756 1267 888 1314 mella
929 1268 976 1313 in
1012 1282 1065 1313 re
1100 1267 1432 1327 discrepantem
1474 1266 1717 1327 imaginem
1759 1261 2025 1330 appellarit,

133 1355 221 1404 boc
253 1360 328 1403 est
352 1351 542 1401 divinae
573 1349 814 1400 essentiae
843 1366 899 1398 ac
931 1355 1201 1398 ceterorum
1231 1346 1440 1397 omnium
1483 1362 1796 1414 expressam,
1850 1354 1898 1396 et
1929 1344 2030 1396 evi-

133 1438 321 1487 dentem
361 1434 642 1502 imaginem,
701 1432 967 1483 istiusmodi
1009 1430 1298 1482 sententiam
1341 1430 1699 1499 improbandam
1744 1447 1852 1481 esse
1894 1429 2025 1495 dicit,

131 1530 273 1589 atque
320 1519 449 1569 bisce
495 1517 656 1569 verbis
699 1525 927 1585 quantum
974 1515 1064 1565 sibi
1107 1515 1188 1565 illa
1242 1514 1525 1583 displiceant
1574 1514 1802 1565 ostendit.
1895 1513 2029 1566 Haec

134 1603 315 1655 Asterii
355 1601 505 1653 verba
549 1602 802 1651 manifeste
846 1617 1040 1668 pravam
1084 1600 1187 1650 eius
1229 1600 1285 1649 de
1329 1599 1577 1650 divinitate
1618 1599 1907 1650 sententiam
1951 1617 2029 1650 ar-

131 1695 300 1757 guunt.
377 1684 570 1736 Etenim
610 1685 686 1752 qni
718 1684 818 1734 fieri
854 1693 1011 1753 potest
1040 1693 1090 1734 ut
1117 1683 1335 1734 dominus
1363 1701 1417 1733 ac
1449 1685 1566 1734 dens
1596 1683 1703 1747 ille,
1747 1683 1825 1751 qui
1857 1683 1920 1734 sit
1946 1701 2030 1752 ge-

132 1771 288 1831 nituS‚
331 1779 379 1820 ut
410 1770 614 1838 ipsemet
642 1778 782 1819 antea
813 1769 1034 1836 scripsit,
1076 1768 1149 1818 dei
1177 1768 1336 1834 imago
1363 1769 1654 1818 censeatur?
1729 1768 1873 1818 Aliud
1905 1769 2030 1818 enim

131 1865 204 1906 est
231 1855 388 1921 imago
423 1853 526 1915 dei,
568 1852 694 1903 aliud
730 1854 866 1902 deus,
946 1851 1111 1919 Quare
1140 1852 1178 1901 si
1207 1851 1367 1920 imago
1398 1853 1470 1902 dei
1501 1861 1603 1916 est,
1650 1871 1745 1903 non
1774 1861 1848 1902 est
1882 1853 2031 1903 domi-

130 1957 219 1990 nus
256 1947 338 1988 aut
378 1937 524 2000 deus,
561 1937 664 1987 sed
710 1935 869 2004 imago
907 1936 1083 1986 domini
1124 1953 1179 1985 ac
1207 1937 1301 1986 dei.
1381 1935 1467 1987 Sin
1500 1954 1671 1987 revera
1711 1937 1930 1987 dominus
1957 1946 2033 1987 est

133 2042 189 2074 ac
231 2025 376 2084 deuS,
439 2022 517 2089 qui
549 2020 783 2071 eiusmodi
819 2028 921 2081 est,
978 2020 1050 2069 dei
1083 2037 1138 2070 ac
1169 2021 1346 2070 domini
1393 2021 1551 2088 imago
1586 2037 1694 2070 esse
1725 2038 1819 2070 non
1853 2030 2027 2090 potest.

134 2105 306 2160 Subdit
331 2115 528 2174 postea:
582 2103 719 2156 Nibil
759 2104 904 2172 igitur
930 2103 1119 2154 illorum
1140 2143 1152 2167 ,
1215 2121 1337 2171 quae
1369 2104 1498 2167 dixi,
1552 2122 1662 2155 esse
1692 2114 1822 2173 putat
1855 2106 2027 2174 ipsum,

132 2211 236 2242 cnm
268 2208 433 2241 eornm
464 2189 720 2258 imaginem
761 2205 871 2239 esse
906 2188 1116 2238 definiat.
1194 2186 1331 2239 Unde
1363 2187 1403 2238 si
1433 2188 1676 2238 esseutiae
1706 2189 1840 2239 verbi
1877 2191 2031 2257 gratia

128 2276 287 2344 imago
316 2276 408 2337 sit,
468 2274 670 2343 ipsamet
711 2273 924 2323 essentia
969 2290 1063 2322 non
1106 2272 1226 2335 erit,
1281 2289 1435 2340 neque
1476 2271 1515 2323 si
1544 2272 1731 2323 consilii
1761 2274 1824 2323 sit
1849 2274 2028 2341 imago,

126 2361 381 2428 ipsummet
408 2375 517 2410 esse
549 2357 799 2409 eonsilium
830 2357 1022 2425 poterit.
1101 2354 1155 2408 Si
1190 2357 1382 2406 virtutis
1414 2365 1487 2406 est
1516 2356 1702 2424 imago,
1759 2358 1911 2409 virtus
1936 2377 2029 2409 non

128 2453 231 2506 est,
287 2459 441 2511 neque
467 2441 649 2510 gloria,
704 2443 744 2492 si
775 2442 913 2493 huius
942 2441 1099 2509 imago
1128 2441 1208 2491 sit.
1289 2438 1452 2508 Imago
1493 2440 1618 2490 enim
1663 2459 1757 2492 non
1784 2443 1888 2506 sui,
1947 2444 2029 2494 sed

131 2527 331 2579 alicuius
370 2527 569 2577 alterius
607 2534 700 2577 est.

267 2610 403 2661 Haec
439 2619 518 2674 tu,
559 2608 820 2672 Marcelle,
875 2610 1054 2672 verba,
1110 2627 1214 2659 cum
1244 2618 1386 2660 anteo
1416 2610 1553 2660 initio
1583 2610 1689 2661 libri
1725 2612 2029 2664 collaudave-

128 2697 223 2758 ris,
279 2712 405 2746 nunc
447 2703 605 2745 autem
642 2694 898 2756 inficieris‚
959 2693 1180 2744 nimirum
1218 2694 1354 2744 deum
1388 2711 1452 2744 ex
1482 2695 1571 2744 deo
1603 2695 1802 2746 verbum
1833 2715 1943 2748 esse
1979 2698 2030 2747 fi-

130 2782 271 2842 lium,
314 2788 362 2830 et
399 2779 551 2828 solum
590 2795 652 2828 ex
679 2779 812 2840 solo,
867 2788 914 2828 et
944 2795 1005 2828 ex
1040 2779 1252 2846 perfecto
1281 2780 1576 2848 perfectum,
1632 2781 1884 2848 perspicue
1913 2782 2030 2833 sini-

129 2874 275 2915 stram
312 2872 437 2914 tuam
476 2863 534 2913 de
560 2863 807 2912 divinitate
843 2863 1133 2913 sententiam
1176 2863 1379 2929 detegis.
1457 2859 1676 2930 Cumque
1704 2866 1859 2932 magni
1899 2867 2030 2934 regis

127 2949 384 3015 imaginem
417 2947 609 3015 capiens
642 2947 772 3009 vita,
831 2946 1106 3010 divinitate,
1164 2947 1394 3009 consilio,
1449 2952 1688 3016 potentia,
1730 2950 1910 3018 gloria,
1953 2968 2029 3001 es-

131 3032 286 3084 sentia
330 3032 533 3099 denique
574 3031 827 3100 spoliariS‚
881 3030 1051 3096 dignus
1091 3048 1143 3081 es
1181 3032 1255 3081 cui
1307 3031 1447 3100 impia
1492 3034 1654 3102 lingna
1703 3035 2024 3104 praecidatur,

137 3116 512 3186 quandoquidem
561 3116 939 3166 consceleratam
979 3115 1025 3164 in
1055 3115 1192 3165 deum
1230 3133 1397 3166 vocem
1433 3117 1587 3168 iecisti
1618 3137 1672 3169 ac
1704 3129 1797 3169 tam
1832 3120 2029 3170 sacrile-

130 3220 240 3269 gum
267 3200 410 3250 animi
439 3217 631 3250 sensum
660 3208 901 3267 postremo
934 3198 1200 3266 prodidisti.
1277 3199 1402 3251 Nam
1431 3202 1508 3269 qni
1538 3202 1612 3252 dei
1643 3203 1896 3269 imaginem
1927 3222 2027 3254 mu-

131 3297 223 3336 tam
253 3303 308 3335 ac
334 3285 430 3335 vita
460 3292 704 3334 carentem
733 3282 934 3345 finxisti,
977 3282 1096 3333 lianc
1127 3291 1173 3332 tu
1199 3301 1353 3352 neque
1381 3286 1641 3349 dominum,
1667 3304 1838 3354 *neque
1865 3288 2025 3351 deum,

130 3386 218 3419 nec
248 3368 537 3430 essentiam,
579 3385 668 3417 nec
704 3367 952 3418 consilium
973 3405 986 3429 ,
1030 3384 1183 3434 neque
1215 3367 1459 3432 virtutem,
1502 3387 1658 3437 neque
1686 3370 1886 3438 gloriam
1917 3389 2027 3423 esse

129 3452 339 3515 iudicas,
391 3452 474 3502 sed
510 3452 675 3501 borum
712 3452 921 3501 omnium
954 3451 1240 3501 immobilem
1279 3452 1511 3519 effigiem,
1570 3471 1692 3520 quae
1726 3472 1815 3505 nec
1846 3457 2019 3519 anima,

129 3553 285 3604 neque
315 3535 411 3587 vita
439 3536 648 3604 praedita
681 3536 770 3595 sit,
821 3535 953 3585 velut
995 3535 1124 3585 foras
1155 3537 1420 3604 expositam
1456 3536 1732 3602 arbitrariS,
1787 3548 1929 3607 atque
1956 3542 2021 3591 ita

186 3716 224 3758 3.
276 3714 476 3780 (ᾆςαύτως
519 3720 655 3768 scripsi
702 3720 931 3758 Carnarium
960 3717 1047 3769 (qui
1103 3719 1160 3755 bri
1201 3690 1288 3758 tans
1324 3721 1458 3770 scripti
1496 3732 1615 3772 quam
1653 3723 1744 3762 editi
1785 3723 1922 3764 habent
1963 3718 2023 3772 ὥς

130 3775 240 3813 vertit
266 3772 470 3827 slmiliter)
498 3779 532 3815 et
546 3776 750 3816 Patavium
776 3777 936 3815 secutus.
978 3774 1044 3812 Li·
1103 3767 1243 3821 αὐτὸς.

2061 2629 2157 2684 Cap.
2192 2631 2279 2672 vll.
