2508 4134
464 238 567 291 648
1040 248 1308 290 ΑῡυΕΝῡΑ
1341 250 1415 292 ET
1446 248 1821 291 cossmcENnA.

463 345 570 402 μετὰ
607 344 685 401 τήν
714 347 820 388 Ven.
885 344 1157 389 Idem,l.14.
1199 344 1400 403 θάνατον,
1443 343 1509 392 ὅτι
1547 343 1698 392 ούκέτι.
1740 348 1883 388 Recte.
1911 370 1967 382 --
2035 348 2154 390 1.15.
2195 348 2269 392 καὶ
2311 346 2390 394 ούκ

463 417 571 461 ἔστιν
616 417 747 471 διορθ.
789 419 892 460 Ven.
925 442 980 450 -
1050 418 1078 459 1.
1114 419 1176 461 16.
1227 417 1336 475 μετὰ
1374 417 1451 475 τὴν
1494 420 1568 463 τοῦ
1610 415 1727 473 οἷνθρ.
1769 417 1960 461 ἐντεῦθεν
1990 414 2243 476 άπαλλαγῆν
2283 421 2389 464 Ven-

456 489 572 531 Idem
595 488 707 531 1.17.
726 487 1015 543 ἐλεημοσύνης
1042 487 1227 539 ἐπίδοσις
1247 491 1417 532 Ven.—
1448 490 1476 532 l.
1492 491 1558 532 22.
1588 489 1797 533 τουτέστιν
1823 487 1940 537 κίους
1960 488 2054 544 (sic)
2071 489 2144 533 καὶ
2162 488 2391 544 σκώληκας

461 560 578 599 Ven.⁴
602 582 652 590 --
709 559 736 601 l.
757 559 826 601 23.
860 560 1030 615 Repone
1059 559 1270 615 εἰργμένον
1298 575 1349 602 ex
1374 561 1523 603 Veneti
1557 560 1830 609 auctoritate,
1864 559 1933 614 qui
1962 560 2100 615 pergit
2125 560 2200 605 καὶ
2221 558 2391 615 άποθῆ-

461 645 543 684 κης
582 626 908 686 ἤσφαλισμένης
932 630 1130 679 πίστεως.
1160 654 1212 663 --
1269 631 1294 672 l.
1322 632 1386 673 25.
1430 630 1491 681 ὦς
1531 631 1618 688 ἔχει
1654 627 1677 674 ὁ
1716 631 1830 679 θεῖος
1864 631 1969 671 Ven.
1999 650 2055 663 -—-
2110 631 2138 674 l.
2164 634 2202 674 5.
2232 632 2284 673 ab
2310 631 2387 672 inf.

463 698 652 754 σκύλων,
684 708 726 741 et
750 701 846 742 dein
874 699 1071 751 πλούσιος
1096 698 1316 757 γενόμενος
1343 695 1401 746 ὧν
1430 702 1607 745 αἰτεῖται
1634 695 1838 756 λαμβάνει
1874 701 1954 742 alia
1989 715 2131 743 manus
2157 702 2259 744 mihi
2284 714 2392 744 eno-

460 772 567 814 tavit
597 787 647 812 ex
677 773 780 813 ven.

573 844 706 901 Pag.
724 845 852 888 190.
907 840 991 886 1.4.
1023 841 1084 887 ἔτι
1107 842 1234 893 ἐλπὶς,
1268 843 1329 887 ἔτι
1355 843 1449 896 θέα,
1482 842 1542 886 ἔτι
1567 839 1684 897 ὁμολ.
1713 843 1818 884 Ven.
1866 843 1980 884 Idem
2005 843 2034 885 1.
2055 842 2096 887 6.
2125 843 2387 896 ἐξοκκίλασα.

461 916 507 955 In
537 916 628 955 Bas.
660 922 722 955 est
747 913 1023 966 ἐξωκείλασα.
1055 936 1107 945 -
1167 915 1194 956 l.
1221 915 1260 958 7.
1292 914 1428 958 ἔοικαν
1457 912 1538 969 γὰρ
1566 915 1695 963 Ven·‚
1738 914 1806 968 qui
1834 914 1860 957 l·
1887 915 1928 958 8·
1959 913 2039 968 τὰ,
2070 913 2390 971 οηῐεὲκάστης,

460 998 547 1026 non
579 985 783 1039 agnoseit.
812 1009 868 1017 —
923 985 949 1026 l.
979 985 1020 1028 9.
1064 982 1125 1035 ὥς
1152 984 1249 1035 ἔπος
1276 985 1431 1038 εἰπεῖν,
1471 984 1711 1039 γελοιωδῶς
1751 979 1854 1038 ὅπερ
1891 982 2175 1043 προβάλλομαι
2202 988 2306 1028 Ven.
2338 1010 2389 1018 —

460 1056 489 1097 1.
522 1056 581 1097 11.
613 1057 791 1112 χρυσοῦν
834 1058 936 1097 Ven.
968 1081 1022 1088 —
1079 1057 1107 1098 l.
1142 1057 1205 1097 12.
1252 1057 1426 1110 Repone
1467 1055 1617 1099 πέδιλα
1655 1068 1732 1110 pro
1760 1053 1912 1110 πόδια,
1961 1071 2011 1097 ex
2042 1066 2195 1098 auctor.
2229 1057 2392 1112 Veneti,

462 1127 531 1183 qui
558 1127 684 1168 habet
707 1126 884 1181 πέδηλα.
919 1152 966 1159 —-
1030 1127 1058 1168 l.
1082 1126 1143 1169 14.
1173 1125 1205 1183 τῖ
1232 1127 1315 1170 τῶν
1343 1125 1420 1180 τήν
1450 1120 1614 1181 ἄγνοιαν
1641 1141 1757 1169 κεκτ.
1786 1140 1857 1182 σφ.
1888 1126 1962 1170 καὶ
1989 1122 2168 1177 ἄτακτος
2196 1125 2390 1183 εύρίσκε-

460 1189 531 1242 ται
560 1195 756 1253 διαταγγῖ.
788 1200 893 1240 Ven.
952 1199 1070 1239 Idem
1094 1199 1120 1239 l.
1150 1199 1211 1240 15.
1247 1197 1307 1246 εἰς
1335 1192 1524 1251 ἅπαντα,
1567 1205 1609 1237 et
1635 1197 1662 1239 l.
1688 1196 1751 1239 16.
1786 1197 2084 1253 στριφνότητος
2108 1213 2200 1239 cum
2229 1200 2318 1240 Bas.
2342 1222 2390 1230 -

460 1270 489 1311 1.
521 1270 582 1313 17.
619 1269 708 1325 θεῷ
738 1271 959 1324 προς-ἧψαν
989 1272 1093 1312 ven.
1124 1293 1177 1301 —
1236 1268 1262 1309 1.
1292 1268 1356 1310 18.
1399 1267 1489 1310 Καὶ
1527 1264 1629 1316 &get
1669 1262 1766 1323 η’τις
1802 1264 1884 1312 οἷπό
1927 1268 2094 1324 ἱματίου
2122 1268 2285 1326 χειρίδα
2316 1269 2394 1323 (ita

464 1341 613 1396 corrig.
643 1340 684 1380 in
715 1354 807 1381 mea
833 1341 932 1381 edit.
965 1355 1042 1396 pro
1080 1340 1284 1397 χειρίδια,
1332 1338 1445 1393 quod
1487 1338 1801 1394 typothetarum
1839 1339 1986 1380 vitium
2030 1339 2114 1395 est)
2155 1337 2394 1397 κατασχών,

462 1411 536 1455 καὶ
562 1410 644 1460 ἕως
670 1409 795 1466 μόνος
817 1412 911 1466 (sic)
939 1414 1043 1452 Ven.
1075 1435 1130 1443 --
1186 1411 1213 1451 1.
1243 1410 1304 1452 19.
1336 1407 1495 1460 ἑαυτὸν,
1526 1409 1726 1464 προφέροι
1750 1408 1798 1454 δὲ
1822 1406 1921 1465 όφθ.
1949 1410 2052 1463 (sine
2076 1408 2178 1466 πρὸ)
2207 1412 2311 1452 Ven.
2341 1435 2392 1444 --

460 1481 489 1522 1.
515 1482 582 1524 21.
612 1483 784 1536 Repone
815 1481 1060 1537 ἐπιλησθεὶς
1096 1491 1140 1522 ut
1178 1490 1242 1522 est
1283 1481 1407 1522 etiam
1447 1480 1491 1520 in
1527 1482 1633 1522 Ven.
1663 1504 1720 1512 —-
1775 1481 1804 1522 l.
1833 1481 1899 1523 23.
1936 1478 2086 1536 ὁμοίας
2121 1478 2281 1539 ταύτῃ,
2323 1481 2397 1526 καὶ

462 1552 524 1597 ἔτι
548 1549 759 1609 ύπερβολῇ
808 1553 916 1608 (cod.
945 1551 1175 1610 ὑπερβολὴ)
1220 1552 1438 1602 καλλίονας
1477 1553 1538 1609 τῷ
1578 1550 1842 1607 φυλάττειν,4
1867 1551 2157 1602 ἐπιθανατίους
2181 1550 2231 1597 δὲ
2259 1552 2300 1596 ἐν
2332 1553 2394 1610 τῷ

463 1621 524 1679 μή
554 1620 868 1679 φυλάττεσθαι,
899 1622 976 1678 τήν
1008 1624 1104 1679 μίαν
1135 1626 1238 1666 Veu.
1300 1626 1422 1664 Bene.
1454 1648 1508 1657 -
1566 1624 1595 1664 l.
1621 1621 1660 1666 4.
1693 1624 1745 1665 ab
1772 1623 1845 1664 ins.
1879 1621 2145 1678 ἐνταλμάτων
2177 1618 2396 1679 οἷλγῆσαν-

462 1709 533 1744 τες
563 1697 666 1737 Ven.
724 1696 840 1735 Idem
867 1695 895 1736 l.
921 1695 1078 1750 penult.
1123 1693 1286 1752 ἑκάστῃ
1328 1694 1501 1750 αἱρέσει.
1538 1720 1592 1726 —-
1649 1694 1675 1736 1.
1700 1695 1773 1736 ult.
1814 1693 1876 1743 εἰς
1903 1692 2059 1749 πολλὴν
2089 1692 2220 1750 φοράν
2250 1697 2393 1739 κακῶν

461 1768 567 1808 Ven.
599 1767 741 1807 Recte.
1085 1776 1088 1779 ’

575 1838 709 1895 Pag.
736 1838 863 1883 192.
918 1837 945 1878 l.
975 1839 1015 1880 5.
1045 1837 1277 1893 ποιήσηται
1306 1841 1411 1880 Ven.
1470 1838 1586 1879 Idem
1614 1838 1642 1879 1.
1669 1837 1709 1881 6.
1742 1838 1877 1878 firmat
1905 1833 2178 1891 προκόπτων,
2224 1845 2267 1878 et
2295 1852 2395 1893 per-

462 1909 522 1965 git
551 1906 662 1952 κατὰ
689 1912 835 1964 χεῖρας
861 1908 902 1952 τὶ
929 1908 1063 1952 πλέον.
1098 1934 1147 1940 ——
1207 1909 1235 1950 l.
1262 1910 1300 1954 7.
1332 1908 1503 1965 κάμνων
1533 1908 1699 1967 ἑαυτῷ,
1743 1907 1817 1952 καὶ
1846 1909 1951 1948 Ven.
1990 1931 2041 1938 -—
2101 1907 2128 1949 l.
2155 1908 2196 1950 8.
2226 1905 2395 1953 ὁδοιπο-

464 1979 553 2035 ρίαν
592 1977 737 2023 ἑαυτόν
766 1976 944 2034 άγάγοι,
989 1977 1100 2037 τάχα
1127 1978 1175 2024 δὲ
1203 1981 1278 2036 (sic
1306 1981 1494 2035 restitue)
1529 1977 1640 2035 μήτε
1667 1981 1770 2022 Ven.
1831 1973 1999 2019 Idem'l.
2020 1978 2059 2021 9.
2091 1976 2196 2033 μήτι
2219 1974 2268 2023 ἂν
2290 1975 2394 2024 οἰνα-

461 2048 629 2106 κάμψει
659 2074 710 2082 -
737 2075 790 2083 —-
822 2046 933 2095 οὕτω
971 2051 1044 2095 καὶ
1088 2048 1263 2106 ἑκάστη.
1296 2077 1346 2084 -
1405 2052 1432 2093 l.
1465 2052 1528 2094 10.
1575 2050 1763 2107 ἐφευρεΐν
1794 2049 2088 2104 διανοηθεῖσα,
2135 2048 2398 2106 παρεξώκιλε

461 2123 566 2163 ven.
626 2121 739 2163 Idem
768 2122 795 2163 1.
823 2123 885 2165 11.
915 2120 1081 2178 ηύρέθη
1111 2121 1160 2166 δὲ
1196 2119 1308 2180 αύτῇ
1349 2117 1480 2178 (αὕτη
1515 2123 1620 2175 Bas.)
1664 2137 1700 2165 τ.
1731 2117 1824 2176 οἷρρ.
1852 2117 1884 2175 τῖ
1921 2123 2002 2178 τῆς
2039 2118 2181 2171 άνοίας
2205 2121 2279 2166 καὶ
2306 2118 2396 2178 οἷγν.

460 2190 735 2248 παρεμπλοκῆ
768 2193 842 2248 (ita
864 2193 1185 2245 restituendum)
1213 2196 1316 2235 Ven.
1352 2218 1403 2226 -
1448 2193 1476 2234 l.
1498 2193 1557 2236 13.
1588 2192 1624 2237 εί
1653 2191 1714 2248 μή
1737 2208 1777 2236 τι
1804 2186 1852 2236 ἂν
1880 2191 2042 2248 ἑκάστη
2066 2189 2311 2249 ἀνακάμψει
2338 2193 2399 2244 εἰς

460 2262 507 2308 τὸ
548 2260 643 2320 οἷρχ.
679 2279 716 2306 τ.
754 2261 883 2319 ὁδοῦ,
926 2280 964 2308 τ.
993 2262 1070 2321 τήν
1115 2262 1348 2321 βασιλικήν.
1380 2266 1482 2308 Ven.
1517 2288 1565 2296 -—
1625 2264 1652 2305 l.
1684 2265 1745 2306 15.
1790 2262 1934 2319 αἰδῶμ
1964 2265 2066 2306 Ven.
2125 2263 2242 2305 Idem
2278 2264 2306 2304 1.
2320 2263 2396 2307 ’16.

463 2334 523 2384 εἰς
557 2333 636 2388 την
664 2335 768 2391 γῆν,
811 2345 853 2376 et
881 2336 908 2378 l.
936 2336 998 2380 17.
1027 2332 1139 2391 γάλα
1165 2335 1238 2379 καὶ
1264 2335 1385 2391 μέλι,
1418 2344 1461 2376 et
1489 2335 1611 2390 paulo
1637 2343 1734 2391 post
1759 2334 2003 2390 Φερεζαίων
2030 2334 2104 2379 καὶ
2128 2333 2397 2391 Γεργεσαίων

461 2405 535 2449 καὶ
573 2401 852 2462 Ἰσβουσαίων
886 2407 958 2450 καὶ
994 2402 1181 2450 Εύαίων.
1215 2431 1265 2437 -
1325 2406 1352 2448 I.
1378 2407 1445 2449 20.
1476 2405 1664 2462 πιόμεθα
1691 2431 1743 2438 -
1773 2403 2004 2461 φαγόμεθα
2030 2408 2135 2448 ven.
2163 2430 2218 2438 -κ
2275 2406 2303 2447 l.
2329 2405 2397 2448 22.

462 2476 536 2520 καὶ
574 2473 605 2532 ηε
633 2473 848 2532 ὁδοιπορία
879 2479 981 2519 Ven.
1041 2478 1157 2517 Idem
1188 2477 1214 2518 1.
1237 2477 1306 2519 23.
1352 2478 1455 2519 Ven.
1483 2491 1562 2518 om.
1604 2478 1728 2519 verba
1769 2475 1887 2529 δεξιοὶ
1912 2470 1946 2533 ἦ
1972 2476 2041 2521 ἐπὶ
2064 2475 2130 2522 τὰ.
2163 2502 2213 2509 —-
2263 2477 2301 2518 *l.
2329 2475 2397 2519 26.

460 2544 621 2602 πλάνης
645 2544 789 2591 οἶνοδία
817 2550 919 2589 Ven.
980 2549 1074 2589 Hoc
1097 2547 1398 2588 restituendum
1429 2556 1502 2589 est.
1534 2572 1589 2580 ——
1646 2548 1673 2590 l.
1690 2548 1758 2591 29.
1790 2553 1951 2605 φωναῖς
1986 2545 2282 2603 α’νελκυθῶμεν
2324 2547 2399 2591 καὶ

462 2618 612 2673 φωνῆς
637 2617 824 2673 ἑκάστης
850 2634 891 2662 π.
919 2617 1022 2661 ἐπιτ.
1049 2615 1263 2675 άχθῶμεν.
1310 2619 1398 2675 Σφ.
1425 2621 1526 2659 Ven.
1566 2621 1686 2661 Bene.
1718 2645 1768 2651 --
1814 2621 1840 2660 l.
1865 2620 1932 2662 31.
1963 2619 2037 2663 καὶ
2062 2615 2161 2664 ου’δὲ
2188 2617 2241 2663 τὰ
2269 2617 2398 2675 μικροὶ

460 2690 565 2731 Ven.
625 2689 739 2729 Idem
769 2689 796 2729 l.
825 2689 893 2731 33.
927 2685 1026 2733 ούδὲ
1054 2684 1177 2738 ὅλως.
1211 2714 1261 2720 -
1320 2690 1348 2732 l.
1368 2690 1408 2732 3.
1434 2690 1486 2731 ab
1512 2689 1587 2731 inf.
1631 2689 1684 2734 τὰ
1713 2687 1855 2746 άληθῆ
1886 2692 1988 2732 ven.
2047 2693 2091 2731 In
2121 2699 2261 2731 nostra
2296 2690 2396 2731 edit.

463 2759 611 2814 corrig.
648 2755 832 2816 τάληθῆ.
866 2785 913 2791 --
977 2761 1003 2801 l.
1036 2760 1194 2815 penult.
1238 2758 1410 2815 Ταύτην
1446 2760 1493 2806 δὲ
1532 2763 1870 2817 παραρρίῴαντες
1914 2758 1976 2811 ὣς
2017 2763 2123 2803 ven.
2180 2761 2295 2803 Idem
2322 2761 2396 2802 lin.

463 2831 535 2872 ult.
567 2830 852 2886 κεκτημένου,
897 2831 952 2888 τῇ
980 2829 1028 2876 δὲ
1067 2831 1262 2889 συντυχίᾳ
1291 2829 1465 2877 θάνατον
1492 2832 1781 2888 ἐμποιοῦντος,
1824 2829 1954 2888 ἡμεῖς
1992 2831 2040 2877 δὲ
2070 2833 2152 2887 τῆς
2176 2834 2249 2876 τοῦ
2274 2829 2395 2883 ξύλου

461 2904 534 2946 τοῦ
568 2904 747 2956 σταυροῦ
779 2901 954 2958 δυνάμει
981 2904 1135 2946 τοῦτον.

574 2975 708 3031 Pag.
740 2973 867 3018 194.
923 2973 948 3014 l.
976 2973 1014 3015 2.
1047 2975 1145 3016 θεοῦ
1186 2974 1452 3019 καθικετείαν
1493 2976 1597 3017 Ven.
1631 3001 1681 3008 -
1741 2976 1769 3016 l.
1792 2974 1819 3018 3
1845 2983 1887 3016 et
1911 2972 1948 3017 4.
1992 2973 2252 3026 καταξιῶσαι
2277 2969 2395 3027 τῗμᾶς

460 3042 513 3087 τὰ
555 3041 703 3098 ἀληθῆ
749 3045 851 3085 Ven·
914 3045 1029 3085 Idem
1060 3042 1145 3086 l.4·
1187 3045 1362 3098 ψευδῶς
1398 3061 1437 3088 τι
1472 3045 1558 3101 λέγ.
1591 3071 1639 3077 —-
1710 3046 1739 3087 1.
1762 3048 1800 3088 5.
1843 3043 1999 3095 ὁποίοις
2039 3046 2083 3089 αἱ
2123 3043 2182 3099 μὴ
2224 3039 2393 3098 τάληθῆ

460 3117 565 3156 Ven.
626 3115 741 3156 Idem
771 3115 796 3155 I.
823 3114 861 3158 6.
897 3109 998 3158 ”Eu
1033 3114 1181 3159 δὲκαὶ
1214 3117 1262 3159 οἱ.
1306 3141 1347 3148 —-
1407 3117 1434 3158 l.
1464 3119 1527 3158 10.
1571 3116 1767 3172 Καθαροὶ
1808 3113 2055 3171 καλούμενοι
2092 3110 2225 3172 (οὕτω
2256 3113 2388 3167 deest)

461 3188 565 3227 ven.
627 3185 742 3227 Idem
772 3186 798 3227 l.
829 3187 890 3228 11.
921 3182 1027 3229 άλλά
1055 3182 1163 3241 ὁμοῦ
1205 3183 1336 3231 αύτοῦ
1362 3193 1450 3237 τοῖς
1476 3190 1589 3238 κτλ.,
1638 3196 1680 3229 et
1706 3187 1734 3229 l.
1763 3187 1822 3230 13.
1854 3186 2067 3238 ἐξέπεσαν.
2126 3185 2259 3226 verba
2286 3180 2392 3228 οἰνα-

460 3255 746 3311 τραπησονται
772 3255 819 3302 δὲ
846 3254 1047 3307 ὦςαύτως
1072 3273 1114 3301 π.
1139 3274 1179 3301 π.
1211 3251 1266 3313 ἧς
1301 3260 1447 3308 κακῶς
1471 3259 1686 3314 φρονοῦσιν
1724 3258 1871 3299 absunt
1898 3273 1921 3299 a
1949 3260 2124 3299 Veneto.
2156 3279 2208 3286 —-
2269 3255 2298 3296 I.
2329 3254 2391 3298 19.

463 3327 502 3382 μ’
531 3322 563 3382 ἦ
589 3327 661 3371 καὶ
685 3325 718 3379 ξ’
746 3330 851 3370 Ven.
885 3352 935 3359 --
995 3330 1020 3370 l.
1048 3326 1117 3370 24.
1149 3328 1222 3372 καὶ
1249 3326 1280 3384 τῖ
1307 3325 1417 3384 αύτῆ
1460 3329 1550 3384 (sic)
1580 3330 1702 3373 τοῦτο
1730 3331 1834 3370 Ven.
1868 3353 1917 3360 —-
1978 3328 2006 3368 l.
2035 3326 2103 3369 25.
2133 3321 2210 3369 ούκ
2239 3325 2323 3383 ἔχω
2351 3342 2392 3370 τι

462 3398 594 3454 λέγειν
620 3401 722 3439 Ven.
751 3385 806 3429 '—
867 3399 894 3439 l.
927 3395 965 3440 4.
999 3400 1049 3440 ab
1078 3400 1155 3440 inf.
1188 3401 1361 3455 Repone
1390 3415 1497 3441 nunc
1525 3396 1746 3456 Ἀγγελινῆ
1781 3415 1830 3441 ex
1857 3399 1939 3440 fide
1967 3407 2008 3439 et
2031 3397 2276 3438 auctoritate
2301 3396 2401 3439 Vess

461 3469 559 3511 neti.
617 3462 812 3524 Ἰνγιλίνη
846 3472 932 3511 Bas.
966 3495 1019 3502 ——
1077 3471 1104 3512 1.
1132 3472 1206 3512 ult.
1235 3468 1409 3526 γενήσει
1439 3473 1543 3511 Ven.

572 3542 706 3599 Pag.
739 3543 865 3587 196.
920 3542 945 3582 l.
980 3543 1015 3583 1.
1048 3542 1165 3597 ῥίζας
1191 3541 1264 3586 καὶ
1298 3540 1375 3591 τὰς
1400 3539 1563 3598 τρόφας
1607 3542 1682 3598 (sic
1712 3540 2008 3582 restituendum
2041 3540 2151 3593 est),
2182 3532 2213 3594 ἤ
2242 3554 2282 3582 τι
2305 3540 2389 3583 τῶν

462 3611 503 3655 ἐν
532 3617 620 3660 τοῖς
652 3614 753 3651 Ven.
813 3612 926 3652 Idem
966 3612 991 3652 1.
1019 3615 1057 3654 2.
1104 3612 1470 3668 ἐπιμνημονεῢσαι.
1502 3638 1552 3644 -—
1613 3613 1640 3653 1.
1669 3611 1704 3653 4.
1747 3608 1886 3659 πάσας
1918 3608 1967 3653 δὲ
1998 3608 2237 3661 ἐξελθόντες
2263 3606 2386 3654 ούδε-

465 3682 560 3736 μίαν
592 3680 776 3736 ἐάσαμεν
806 3683 879 3738 (ita
905 3684 1030 3725 etiam
1062 3685 1174 3740 Bas.)
1209 3687 1312 3725 Ven.
1344 3709 1393 3715 -
1454 3684 1481 3725 l.
1513 3684 1552 3727 7.
1583 3684 1645 3740 τῷ
1670 3682 1828 3736 ταύτης
1855 3677 2030 3734 όνόματι
2056 3683 2156 3723 Ven.
2188 3707 2237 3713 —
2302 3681 2385 3724 l.9·

462 3752 634 3804 Repone
669 3751 739 3795 τὸν
775 3763 871 3795 ante
908 3756 991 3798 τῶν
1035 3750 1157 3799 ὅλων.
1215 3754 1422 3795 Articulus
1459 3754 1612 3794 excidit
1651 3752 1773 3792 etiam
1813 3751 1853 3790 in
1884 3751 1948 3792 ed.
1982 3752 2119 3791 Petav.
2153 3752 2299 3792 Colon.
2333 3775 2385 3783 —-

462 3822 493 3867 1.
521 3823 585 3865 11.
619 3820 922 3875 ἐπιδείξαντες,
967 3834 1008 3868 et
1038 3827 1064 3867 l.
1090 3828 1151 3867 12.
1183 3825 1255 3869 καὶ
1280 3823 1349 3869 τὸν
1382 3824 1479 3879 (sic)
1511 3823 1640 3873 πέλας
1670 3825 1768 3862 Ven.
1812 3846 1854 3852 -
1913 3821 1940 3863 l.
1975 3821 2035 3864 16.
2065 3819 2135 3876 μα’
2162 3816 2194 3877 ἦ
2225 3823 2297 3867 καὶ
2322 3820 2384 3877 ξα’
