2508 4134
571 268 798 309 PANARII
828 269 932 309 Lm.
957 269 1030 310 111.
1059 270 1196 310 ToM.
1220 272 1250 311 t.
1279 269 1443 311 HAER.
1468 269 1608 312 Lxx.
1977 259 2039 310 31

135 366 269 417 iunio
305 366 645 417 traducemuS?
682 383 786 416 cum
819 366 1067 434 apostolos
1097 366 1144 416 in
1172 367 1248 418 illa
1267 365 1631 418 Constitutione
1657 367 1723 417 ita
1747 366 2045 435 praecipien-

127 458 209 500 tes
237 449 514 500 audiamus:
569 445 664 514 Qui
694 441 921 499 afflixerit
949 448 1154 498 animam
1183 467 1314 500 suam
1346 451 1582 501 dominica
1610 450 1714 514 die,
1765 449 2047 500 maledictus

134 542 208 583 est
235 533 344 583 deo.
427 530 640 583 Videsne
670 548 808 599 quam
843 540 1014 582 exacta
1041 532 1105 581 sit
1133 532 1223 582 ista
1256 533 1380 582 ratio
1409 551 1529 600 quae
1557 534 1747 584 illorum
1773 532 2046 584 sententiae

119 617 450 685 ,oppponitnr‚
493 633 598 666 cum
630 633 695 666 ex
726 615 976 683 apostolici
1004 615 1184 665 decreti
1218 616 1460 666 sententia
1489 618 1732 685 negotium
1762 616 1933 667 confici
1962 633 2046 667 ne-

133 701 307 767 q'neat?
396 697 494 749 Sed
535 700 584 749 in
623 716 769 749 sensu
809 698 1225 765 intelligentiaque
1267 707 1366 748 tota
1409 699 1536 750 illius
1579 699 1816 768 dogmatis
1865 699 2046 751 veritas

134 781 385 846 consistit,
407 791 477 831 'et
513 799 576 832 ex
607 781 870 850 apostolica
900 782 976 831 illa
1015 778 1379 832 Constitutione
1408 783 1584 849 liquet,
1626 784 1917 834 concordiae
1938 800 2048 850 gra-

134 866 196 917 tia
239 866 309 916 sic
352 883 463 917 esse
494 866 767 929 decretum,
826 874 876 916 ut
924 867 980 916 ad
1018 856 1391 916 consensionem
1432 866 1797 929 stabiliendam,
1850 867 1894 916 id
1922 867 2046 934 quod

134 967 293 1000 nexus
331 950 433 1017 ipse
478 949 713 1004 orationis
749 949 992 1011 ostendit,
1050 947 1091 999 si
1120 946 1308 999 Pascha
1348 949 1680 1013 celebremus,
1737 952 1955 1017 adeoque
2000 958 2051 1000 et

134 1033 198 1083 illi
228 1033 495 1096 celebrent,
536 1041 639 1100 post
665 1032 1022 1100 aequinoctium
1050 1031 1092 1082 id
1122 1033 1317 1082 omnino
1351 1032 1609 1097 faciamus3
1651 1034 2046 1100 quemadmodum

124 1134 367 1185 vpersaepe
396 1116 643 1167 nobiscum
672 1116 921 1167 celebrare
945 1115 1009 1165 illi
1038 1116 1215 1166 solent.
1293 1113 1418 1166 Cum
1446 1116 1637 1167 interim
1667 1125 1717 1167 et
1744 1125 1855 1167 ante
1883 1118 2048 1185 aequi-

135 1201 343 1252 noctium
387 1201 659 1252 confectum
700 1199 746 1250 id
781 1199 839 1250 ab
875 1199 969 1249 illis
1002 1208 1289 1268 peragatur,
1346 1217 1452 1250 cum
1487 1200 1712 1251 videlicet
1741 1201 1829 1250 soli
1861 1198 2048 1251 Pascha

134 1301 270 1335 suum
299 1284 497 1335 obennt.
574 1281 717 1350 'Quod
750 1283 791 1334 si
825 1300 913 1333 nos
942 1300 1034 1333 una
1067 1283 1400 1346 celebremus,
1443 1284 1490 1333 in
1520 1285 1723 1334 eundem
1752 1302 1927 1335 annum
1956 1285 2047 1335 duo

134 1366 372 1419 Pascltata
419 1368 558 1418 nobis
610 1368 887 1430 incurrent,
957 1376 1069 1417 ante
1112 1366 1364 1430 videlicet,
1430 1376 1480 1417 et
1518 1376 1625 1435 post
1670 1368 2044 1435 aequinoctium.

133 1450 258 1502 Tum
296 1469 424 1502 anno
453 1460 687 1519 sequente
728 1468 789 1501 ne
822 1468 967 1501 unum
996 1450 1186 1518 quidem
1215 1451 1565 1501 celebrabitur:
1621 1469 1774 1519 eoque
1808 1453 1947 1501 modo
1979 1452 2050 1502 in-

135 1536 352 1586 stitutum
394 1552 537 1586 omne
578 1544 792 1585 nostrum
844 1551 1032 1584 summo
1074 1551 1180 1584 cum
1224 1551 1394 1585 errore
1433 1535 1739 1586 coniunctum
1784 1553 1810 1585 a
1845 1536 2050 1585 veritate

135 1620 327 1688 penitus
355 1619 652 1669 abhorrebit.
714 1617 905 1668 Etenim
936 1626 1045 1668 ante
1075 1618 1432 1685 aequinoctium
1463 1621 1671 1670 nondum
1701 1637 1856 1670 annus
1884 1620 2050 1687 imple·

136 1711 211 1753 tus
239 1711 342 1766 est3
382 1719 538 1770 neque
568 1702 834 1769 legitimum
865 1702 1164 1752 circuitionis
1190 1701 1317 1752 illius
1350 1710 1567 1770 tempUS,
1621 1704 1744 1770 quod
1778 1721 1806 1754 a
1844 1704 1935 1753 deo
1967 1703 2050 1753 ho-

134 1786 342 1837 minibus
369 1785 704 1855 praestitutum
730 1794 823 1850 est,
866 1787 1137 1836 consectum
1165 1794 1377 1854 putatur,
1411 1786 1503 1837 nisi
1529 1787 1886 1854 aequinoctium
1913 1804 2043 1855 prae·

137 1871 341 1922 terierit.

274 1953 382 2023 Qua
414 1954 471 2004 de
501 1970 555 2004 re
586 1953 719 2022 plura
752 1970 778 2002 a
811 1952 948 2003 nobis
979 1952 1348 2003 commemorari
1372 1962 1601 2021 possent,
1643 1972 1705 2005 ex
1738 1954 1909 2023 quibus
1937 1971 2051 2006 con-
2075 1962 2289 2018 Cap.X11.

133 2046 283 2089 staret
325 2037 536 2087 maiores
575 2047 767 2086 nostros
804 2036 1124 2087 saluberrimo
1163 2037 1398 2101 consilio,
1453 2038 1557 2088 sive
1602 2039 1758 2105 potins
1791 2040 1929 2089 deum
1967 2056 2053 2106 per

133 2121 240 2172 illos
284 2120 637 2189 religiosissimi
679 2119 805 2170 illius
849 2138 904 2170 ac
951 2121 1244 2170 sanctissimi
1295 2122 1386 2170 diei
1431 2122 1704 2172 celebrandi
1743 2122 2050 2173 accuratissi-

134 2222 256 2255 mam
291 2206 548 2256 tradidisse
594 2204 862 2267 ratiouem,
918 2213 968 2253 nt
1003 2203 1224 2254 nimirum
1278 2212 1387 2273 post
1427 2204 1782 2272 aequinoctium
1824 2205 2046 2268 iniretur,

133 2289 321 2357 quoties
372 2289 514 2339 lunae
557 2288 748 2338 decima
796 2297 965 2354 quarta
1013 2288 1114 2337 dies
1164 2287 1430 2350 incideret,
1488 2307 1582 2339 non
1626 2297 1675 2338 ut
1713 2289 1815 2357 ipsa
1867 2289 2052 2339 decima

134 2380 299 2440 quarta
345 2380 624 2440 peragatur.
699 2370 828 2421 Nam
867 2369 1032 2422 ludaei
1073 2372 1260 2438 qnidam
1303 2375 1493 2422 unicam
1534 2373 1655 2423 diem
1695 2374 1985 2435 observant3
2024 2389 2053 2421 a

135 2455 274 2506 nobis
310 2472 427 2506 vero
457 2473 550 2505 non
591 2456 760 2518 unius,
816 2456 900 2505 sed
938 2454 1159 2521 integrae
1201 2455 1510 2506 hebdomadis
1545 2456 1761 2506 habenda
1795 2456 1918 2506 ratio
1955 2465 2047 2505 est.

137 2537 217 2591 Ob.
254 2539 299 2589 id
342 2540 424 2590 lex
461 2540 563 2608 ipsa
600 2540 734 2590 velut
771 2547 957 2606 tempus
1005 2539 1303 2603 diffundens,
1360 2543 1644 2604 Aeez'pietzs,
1701 2539 1882 2606 inquit,
1924 2541 2051 2588 vobis
2067 2547 2298 2592 Exod.1²,5.

135 2641 307 2688 agnum
341 2626 608 2674 anniculum
624 2661 637 2683 ‚
692 2625 1060 2681 immaculatum,
1112 2625 1399 2690 perfeetum,
1453 2642 1481 2673 α
1517 2627 1691 2672 decima
1738 2627 1812 2671 die
1860 2627 2045 2682 mensis,

135 2726 265 2773 quem
305 2726 385 2757 vos
410 2709 656 2757 servabitis·
698 2725 840 2771 usque
870 2710 933 2755 ad
967 2710 1186 2755 decimam
1218 2718 1461 2772 qzcartam,·
1518 2717 1565 2756 et
1597 2708 1891 2756 immolabitis
1920 2709 2050 2755 illam

135 2795 199 2841 ad
238 2810 472 2857 vesperam
512 2795 686 2840 decima
724 2800 892 2855 quarta
930 2793 1004 2838 die
1045 2794 1242 2850 mensis,
1299 2791 1388 2841 hoc
1422 2799 1497 2840 est
1526 2791 1687 2840 lunae.
1764 2788 1976 2839 Proinde
2004 2790 2049 2839 id

138 2875 374 2926 eeclesiae
407 2875 706 2926 consuetudo
740 2874 916 2923 retinet
955 2882 1004 2923 nt
1032 2871 1287 2925 Paschatis
1324 2877 1527 2937 festum,
1572 2875 1660 2924 hoc
1692 2882 1764 2923 est
1797 2874 2052 2923 bebdoma-

139 2960 244 3009 detn
276 2959 334 3009 ab
366 2959 597 3027 apostolis
640 2958 686 3007 in
719 2958 797 3007 illa
829 2954 1189 3008 Constitutione
1231 2959 1525 3024 praelixam,
1582 2975 1609 3007 a
1639 2958 1848 3007 secunda
1880 2957 2052 3006 sabba-

141 3051 295 3093 torum
331 3043 579 3093 celcbrare
617 3041 844 3109 incipiat,
901 3058 1023 3107 qnae
1057 3041 1159 3090 dies
1187 3042 1297 3108 agni
1327 3052 1400 3092 est
1430 3041 1658 3109 emptioni
1686 3041 1829 3090 dieta.
1909 3037 2049 3105 Quod

141 3127 179 3177 si
207 3123 355 3176 XlV.
386 3126 524 3176 lunae
555 3126 658 3175 dies
690 3126 739 3175 in
776 3122 840 3174 ll.
873 3124 1179 3174 sabbatorum
1223 3125 1433 3187 incidat,
1491 3125 1698 3174 indidem
1739 3122 1850 3190 agni
1885 3123 2051 3171 immo-

140 3209 266 3259 landi
309 3217 494 3277 tempus
533 3209 728 3277 incipit3
782 3208 886 3258 sive
916 3206 962 3255 in
993 3204 1083 3255 ΙΙΙ.
1114 3207 1421 3258 sabbatorum
1442 3247 1454 3271 ,
1498 3209 1602 3258 sive
1632 3207 1679 3256 in
1714 3205 1826 3266 lV.,
1867 3206 1972 3254 sive
2003 3205 2050 3254 in

141 3290 232 3356 V.,
272 3291 376 3343 sive
408 3292 455 3342 in
487 3309 811 3361 parasceuen,
853 3291 957 3340 sive
985 3290 1030 3339 in
1061 3290 1309 3341 sabbatum
1339 3292 1523 3359 ipsum,
1565 3289 1946 3357 qnandoquidem
1980 3286 2049 3339 Vl

140 3463 383 3510 Epiphanius
421 3465 474 3499 est
512 3462 629 3498 ettam
665 3471 756 3498 usus
791 3461 831 3498 in
868 3460 987 3508 Epist.
1018 3458 1071 3496 ad
1127 3461 1236 3497 vertit
1263 3457 1302 3495 in
1334 3456 1513 3496 medinm
1543 3454 1675 3508 agitur
1702 3453 1955 3494 sacrificium.

141 3519 352 3564 Acacium,
381 3521 415 3555 et
440 3517 545 3565 infra
575 3527 662 3564 cap.
692 3518 748 3553 Η.
1183 3512 1220 3553 4.
1251 3515 1360 3551 Libri
1387 3514 1500 3561 vul9o
1530 3509 1589 3552 δὲ.

198 3575 236 3611 2.
271 3574 391 3611 Verba
430 3567 452 3612 ὁ
487 3567 611 3622 νόμος
639 3572 780 3609 omissa
820 3573 907 3608 sunt
943 3571 984 3608 in
1010 3569 1067 3607 ed.
1182 3570 1221 3608 5.
1249 3566 1430 3620 τετράδη
1472 3568 1561 3606 edit.
1594 3568 1718 3615 princ.
1753 3562 1932 3618 τετράδα
1969 3567 2052 3605 cod.

142 3628 278 3669 Petav.
310 3628 488 3666 Coloniae
515 3630 628 3674 repet.
1440 3623 1482 3664 δ’

1124 3651 1285 3699 Rhediy.
1314 3663 1439 3700 τετρα
1508 3650 1589 3689 cod.
1624 3651 1702 3689 Ien.

199 3683 239 3722 3.
282 3684 340 3721 lta
385 3684 473 3721 libri
518 3693 657 3720 omnes.
702 3682 837 3721 Petav.
869 3681 1068 3719 annotavit
1179 3704 1219 3746 6·
1255 3701 1557 3759 προσαββάτων
1586 3706 1695 3745 codd·
1725 3717 1815 3745 ‘mss'

144 3735 399 3786 „Coi-nasius
435 3736 537 3790 legit
573 3735 633 3783 εἰς
676 3735 848 3789 μέσον.“
905 3738 942 3775 Is
969 3737 1069 3774 enim
