2508 4134
227 640 338 695 Κεφ.
365 638 417 694 γ’.

221 1921 309 1958 pag.
328 1910 403 1947 993.

213 2869 325 2925 Κεφ.
356 2866 409 2914 δ’.

447 253 548 310 338
1134 260 1367 304 εΑΝοΤῙ
1394 261 1680 303 EPIPHANII

474 463 862 508 *ΑΘΑΝΑΣΙΟΣ
892 460 1263 505 ΕΠΙΣΚΟΠΟΣ
1294 457 1752 508 ΑΛΕΞΑΝΔΡΕΙΑΣ
1782 459 1950 502 ΠΡΟΣ
1979 459 2347 504 EHIKTHTON

983 531 1357 575 ΕΠΙΣΚΟΠΟΝ
1388 533 1408 557 *
1427 533 1446 557 *
1463 529 1831 574 ΚΟΡΙΝΘΙΩΝ.,

581 616 711 688 Ἐγώ
754 618 841 685 μὲν
881 614 1102 683 ἐνόμιζον
1139 621 1304 668 πᾶσαν
1353 618 1696 683 ματαιολογίαν
1732 613 1958 679 πάντων,
2013 613 2378 682 ὅσοιδηποτοῦν

442 706 564 758 εἰσιν
593 704 854 774 αἷρετικοὶ,
906 706 1197 754 πεπαῦσθαι
1230 702 1282 754 ἐκ
1310 706 1398 767 τῆς
1424 700 1685 769 γενομένης
1716 700 1768 752 έν
1802 702 1991 770 Νικαίᾳ
2020 698 2251 753 συνόδου.
2321 697 2385 753 ‘H

442 789 536 861 γάρ
565 791 618 843 ἐν
646 788 773 861 αὐτῇ
805 785 940 858 παρά
968 792 1067 839 τῶν
1103 787 1328 856 πατέρων
1356 783 1482 837 κατά
1509 782 1596 845 τοὶς
1624 779 1767 853 άγίας
1789 782 1987 853 γραφάς
2012 781 2377 855 ὁμολογηθεῖσα

443 879 604 936 πίστις
639 872 890 943 αὐτάρκης
920 874 1021 926 ἐστὶ
1053 870 1181 942 πρός
1204 867 1493 940 ἀνατροπὴν
1533 869 1620 935 μὲν
1656 867 1820 936 πάσης
1847 865 2095 935 ἀσεβείας,
2144 869 2378 925 σύστασιν

443 961 496 1013 δὲ
522 966 609 1027 τῆς
649 961 700 1013 ἐν
731 963 927 1030 Χριστῷ
956 957 1193 1024 εὐσεβοῦς
1221 959 1442 1016 πίστεως.
1516 951 1615 1007 Διά
1639 958 1786 1007 τοῦτο
1814 958 1935 1023 γοῦν
1961 954 2043 1006 καὶ
2075 959 2167 1007 νῦν
2199 954 2377 1022 διαφό-

443 1067 543 1115 ρων
571 1046 848 1116 γενομένων
875 1041 1113 1104 συνόδων,
1153 1043 1205 1094 ἔν
1228 1062 1278 1093 τε
1302 1046 1363 1114 τῇ
1395 1043 1589 1111 Γαλλίᾳ,
1625 1041 1710 1093 καὶ
1742 1042 1959 1111 Σπανίᾳ,
1997 1040 2082 1092 καὶ
2107 1045 2168 1113 ’τῇ
2193 1039 2375 1115 μεγάλῃ

436 1129 598 1205 Ῥώμῃ
615 1174 628 1196 ,
679 1131 863 1192 πάντες
892 1132 943 1182 οἱ
969 1125 1288 1188 συνελθόντες
1318 1123 1435 1186 τούς
1464 1125 1551 1192 μὲν
1599 1131 1619 1162 ¹
1639 1126 1708 1178 ἔτι
1737 1125 2110 1195 κρυπτομένους
2138 1126 2224 1178 καὶ
2253 1147 2377 1196 φρο-

438 1222 653 1278 νοῦντας
677 1214 738 1268 τά
763 1213 968 1284 Ἀρείου,
1005 1211 1274 1275 Αὕξέντιον
1301 1209 1364 1279 δὴ
1387 1211 1510 1280 λέγω
1532 1208 1618 1263 τὸν
1651 1211 1702 1263 ἐν
1724 1209 2043 1284 Μεδιολάνῳ,
2068 1213 2153 1264 καὶ
2184 1209 2377 1282 Οὗρσά-

440 1325 568 1368 κιον,
607 1302 693 1356 καὶ
727 1299 995 1364 Οὐάλεντα,
1036 1299 1161 1350 2καὶ
1190 1296 1343 1350 Γάϊον
1371 1292 1471 1349 <ind
1498 1300 1586 1363 τῆς
1629 1300 1651 1331 ³
1672 1299 1972 1361 Παννονίας,
2008 1298 2272 1365 παμψηφὶ,
2310 1294 2378 1360 ὥς

441 1386 541 1441 vind
581 1386 690 1449 ἓνὸς
715 1385 994 1453 πνεύματος
1029 1381 1334 1451 κινούμενοι,
1384 1379 1765 1448 ἀνεθεμάτισαν·
1817 1383 2042 1452 ἔγραψαν
2068 1388 2094 1419 4
2113 1383 2167 1436 δὲ
2194 1403 2376 1436 παντα-
2420 1435 2423 1441 χ

438 1479 555 1542 χοῦ,
595 1472 677 1526 διοὶ
707 1470 761 1525 τὸ
790 1470 908 1533 τούς
931 1468 1190 1530 τοιούτους
1218 1470 1431 1522 ἐπινοεῖν
1458 1467 1651 1528 ἑαυτοῖς
1682 1465 1902 1534 ὀνόματα
1929 1466 2183 1534 συνόδων,
2230 1470 2374 1536 μηδε-

440 1562 558 1626 μίαν
588 1560 640 1611 έν
669 1563 729 1631 τῇ
758 1561 1007 1629 καθολικῇ
1037 1557 1265 1627 ἐκκλησίᾳ
1295 1551 1509 1606 σύνοδον
1540 1550 1893 1620 ὀνομάζεσθαι,
1932 1555 1976 1605 εἰ
2004 1551 2071 1621 μὴ
2099 1551 2256 1622 μόνον
2285 1551 2375 1622 τὴν

439 1646 492 1698 έν
530 1647 720 1716 Νικαία
746 1643 1042 1714 γενομένην,
1092 1638 1333 1709 τρόπαιον
1365 1644 1388 1675 ⁶
1407 1638 1496 1706 μὲν
1528 1632 1681 1691 οὖσαν
1709 1637 1872 1706 πάσης
1901 1640 2155 1710 αἱρέσεως,
2194 1639 2374 1708 ἐξαιρέ-

438 1751 534 1792 τως
575 1729 628 1781 δὲ
669 1734 758 1796 τῆς
790 1725 1068 1799 Ἀρειανῆς,
1121 1723 1183 1778 δι’
1213 1724 1277 1792 ἢν
1315 1723 1521 1792 μάλιστα
1557 1725 1642 1776 καὶ
1682 1721 1716 1791 ή
1744 1722 1957 1787 σύνοδος
1990 1723 2098 1778 τότε
2134 1723 2373 1793 συνήχθη.

439 1821 562 1877 Πῶς
586 1817 755 1867 τοίνυν
791 1815 864 1866 ἔτι
893 1810 1010 1879 μετά
1042 1817 1256 1864 τοσαῦτα
1286 1810 1615 1878 ἀμφισβητεῖν
1663 1814 1684 1846 ⁶
1707 1830 1832 1871 τινες
1863 1808 1898 1877 ἢ
1924 1815 2079 1878 ζητεῖν
2105 1812 2375 1881 ἐπιχειροῦ-

438 1918 547 1965 σιν,·
621 1902 693 1952 Εἰ
712 1899 798 1968 μὲν
826 1892 918 1953 οὗν
946 1900 999 1952 ἐκ
1025 1903 1124 1950 τῶν
1147 1895 1410 1966 Ἀρειανῶν
1437 1897 1575 1960 εἰσιν,
1613 1893 1759 1948 οὐδὲν
1788 1894 2081 1964 θαυμαστόν
2106 1898 2151 1949 εἰ
2171 1894 2231 1949 τά
2257 1893 2374 1950 καθ’

438 1993 464 2023 ⁷
482 1988 671 2040 ἑαυτῶν
694 1986 943 2056 γραφέντα
976 1981 1343 2051 διαβάλλουσιν·
1402 1986 1425 2017 ⁸
1441 1979 1602 2052 ἆίςπερ
1635 1987 1658 2018 ⁹
1673 1982 1757 2033 καὶ
1770 1979 2005 2049 ’Έλληνες
2041 1989 2057 2018 ¹
2074 1987 2099 2017 ⁰
2116 1979 2373 2046 ἀκούουσι,

446 2070 518 2125 Tc}
549 2074 726 2125 εἴδωλα
762 2077 860 2124 τῶν
888 2072 1058 2123 ἐθνῶν
1088 2067 1333 2139 ἀργύριον
1358 2069 1443 2120 καὶ
1467 2069 1692 2136 χρυσίον,
1737 2072 1757 2102 ¹
1777 2072 1792 2101 ¹
1813 2069 1958 2137 ἔργον
1977 2072 2151 2136 χειρῶν
2176 2064 2374 2135 ἀνθρώ-

435 2179 573 2223 πων,
614 2160 804 2228 μωρίαν
828 2153 1066 2226 ήγοῦνται
1092 2152 1181 2222 τὴν
1211 2154 1322 2223 περὶ
1357 2158 1449 2205 τοῦ
1483 2148 1701 2222 12οἷγίου
1734 2150 2010 2220 πνεύματος
2035 2155 2367 2206 διδασκαλίαν.

437 2246 509 2296 Εἰ
532 2244 583 2297 δὲ
604 2249 702 2296 τῶν
727 2240 1011 2296 δοκούντων
1037 2238 1206 2310 ὀρθῶς
1229 2240 1472 2291 πιστεύειν
1501 2239 1586 2290 καὶ
1615 2237 1815 2308 ἀγαπᾶν
1842 2236 1900 2290 τοὶ
1930 2239 2214 2305 δηλωθέντα
2235 2236 2370 2307 παρὰ

434 2335 534 2383 τῶν
570 2336 586 2366 ¹
604 2335 625 2366 ³
641 2330 865 2398 πατέρων
893 2328 1032 2391 εἰσὶν,
1070 2328 1122 2378 οἱ
1146 2323 1228 2378 δια
1253 2328 1340 2377 τοῦ
1361 2329 1518 2391 ζητεῖν
1548 2320 1890 2387 άνασκευάζειν
1917 2325 2185 2389 ἐθέλοντες,
2222 2322 2370 2377 οὐδὲν

435 2417 600 2486 ἕτερον
628 2420 861 2468 ποιοῦσιν
890 2411 925 2479 ἢ
953 2409 1080 2464 κατὰ
1108 2409 1162 2463 τὸ
1191 2410 1555 2480 γεγραμμένον,
1611 2407 1709 2462 Τὸν
1738 2408 1826 2476 μὲν
1856 2412 2062 2477 πλησίον
2091 2412 2369 2473 ποτίζουσιν

435 2498 720 2573 ἀνατροπὴν
745 2496 989 2567 θολεροὶν,
1039 2500 1365 2566 λογομαχοῦσι
1389 2495 1442 2547 δὲ
1470 2499 1529 2531 ¹4
1547 2496 1599 2547 ἐν
1633 2491 1797 2547 οὐδενὶ
1824 2498 2067 2569 χρησίμῳ,
2105 2493 2150 2563 ἢ
2169 2496 2250 2548 ἐπὶ
2281 2517 2367 2549 κα-

434 2591 686 2659 ταστροφῇ
723 2590 822 2637 τῶν
859 2581 1118 2654 ἀκεραίων.

1374 2692 1395 2711 q

585 2846 750 2893 Ταῦτα
776 2840 828 2893 δὲ
859 2826 1015 2902 οὕτως
1058 2838 1236 2910 γράφω
1282 2835 1496 2906 ἐντυχών
1532 2843 1636 2900 τοῖς
1679 2835 1816 2908 παρά
1845 2843 1932 2905 τῆς
1960 2843 2051 2905 σῆς
2078 2840 2366 2906 θεοσεβείας

442 2934 774 2998 1πραχθεῖσιν
809 2923 1186 2994 ὑπομνήμασιν,
1255 2922 1286 2975 ἃ
1332 2923 1454 2991 μηδὲ
1498 2929 1755 3004 ,γραφῆναι
1820 2921 2037 2990 ὤφελον,
2105 2925 2211 2975 ἰ’να’
2243 2923 2366 2991 μηδὲ

436 3012 602 3082 μνήμη
630 3034 703 3075 τις
730 3012 918 3065 τούτων
944 3019 1047 3073 τοῖς
1076 3008 1194 3079 μετά
1224 3015 1377 3062 ταῦτα
1418 3009 1629 3079 γένηται.
1712 3012 1796 3071 Τίς
1833 3007 1927 3080 γάρ
1957 3006 2138 3076 ἤκουσε
2163 3007 2365 3063 τοιαῦτά

490 3186 513 3211 *
539 3189 659 3227 Extat
676 3188 771 3227 haec
791 3188 957 3237 epistula
978 3188 1181 3226 Athanasii
1209 3187 1251 3225 in
1274 3186 1372 3234 Opp.
1430 3184 1592 3234 Rhediy.
1624 3206 1678 3213 —
1736 3185 1780 3223 In
1815 3195 1940 3233 marg.
1981 3183 2065 3222 cod.
2104 3185 2183 3224 Ien.
2223 3195 2366 3225 manus

433 3246 556 3284 eiusa
575 3245 832 3284 Benedictinis
846 3245 1035 3283 editorum
1054 3245 1211 3296 (Patav.
1236 3239 1373 3292 1777.)
1433 3243 1596 3291 antiqua
1641 3240 1797 3294 (eadem
1832 3251 1931 3290 quae
1971 3241 2102 3288 ipsum
2141 3242 2366 3292 conscripsit

433 3305 524 3341 tom.
552 3302 580 3340 Ι.
610 3312 706 3351 pay.
733 3299 815 3342 720
853 3312 958 3351 sqq.,
998 3302 1108 3339 cuius
1145 3299 1377 3339 recensionis
1430 3296 1592 3350 librum)
1619 3299 1738 3337 rubro
1766 3298 1948 3346 appinxit
1973 3294 2054 3356 fga
2086 3295 2241 3350 ρώμς.,
2266 3308 2367 3348 quae

433 3360 648 3407 scripturas
672 3358 946 3407 discrepantes,
975 3359 1127 3397 omissis
1154 3356 1374 3403 levioribus,
1430 3356 1621 3394 vocabula
1659 3354 1850 3404 quomodo
1889 3356 2155 3395 constituenda
2180 3357 2367 3405 interpre—

433 3416 495 3454 hic
534 3416 727 3454 annotabo
767 3418 801 3453 et
833 3416 930 3464 si9lo
959 3415 1003 3453 Β.
1034 3414 1273 3464 significabo.
1330 3412 1376 3450 In
1431 3413 1627 3461 tandaque
1651 3412 1728 3449 sint
1751 3410 1846 3449 mihi
1873 3421 1951 3449 non
1973 3414 2069 3452 satis
2092 3413 2220 3461 liquet.

437 3472 534 3520 Opp.
575 3472 779 3510 Athanasii
805 3472 892 3510 edit.
921 3472 1112 3510 Benedici.
1147 3471 1376 3518 inscriptum
1492 3466 1588 3506 ΠΛΡ.
1614 3468 1685 3506 ΙΙΙ.
1713 3488 1769 3496 -
1837 3464 1874 3506 1.
1907 3463 1968 3508 ἔτι
1988 3465 2294 3521 κρυπτομένους
2315 3469 2361 3508 Β.

433 3528 571 3577 le9itur
584 3522 971 3580 ΠρὸςἜπίκτητον
990 3525 1210 3568 ἐπίσκοπον
1224 3522 1370 3578 Κορίν-
1428 3520 1798 3576 ἐπικρυπτομένους
1834 3525 1997 3574 vulyata
2038 3526 2148 3575 apud
2186 3525 2362 3575 Epipha-

436 3582 539 3635 Sou,
581 3580 690 3626 κατὰ
713 3584 796 3625 τῶν
827 3583 1043 3637 αἱρετικῶν
1080 3577 1291 3635 ἐπιστολή.
1335 3579 1351 3636 ΙΙ
1426 3583 1536 3620 nium
1562 3581 1754 3628 scriptura
1785 3582 1853 3618 est.

434 3637 582 3693 Κυρίῳ
612 3655 717 3693 μου,
758 3637 965 3695 ἀγαπητῷ
996 3635 1170 3693 ἀδελφῷ
1202 3637 1274 3680 καὶ
1300 3652 1372 3680 πο·
1484 3636 1522 3676 2.
1553 3633 1625 3678 καὶ
1647 3637 1884 3684 particulam
1902 3639 2083 3678 revocavi
2105 3649 2153 3678 ex
2176 3638 2364 3678 vocabulo

436 3693 659 3749 ἓεινοτάτῳ
747 3698 1046 3752 συλλειτουργῷ
1121 3690 1370 3750 Ἐπικτήτῳ
1427 3696 1600 3750 sequente
1637 3705 1663 3732 a
1691 3703 1766 3742 quo
1795 3696 1977 3743 absorpta
2006 3699 2100 3735 erat.
2154 3696 2278 3734 Habet
2298 3696 2360 3746 Β.,

432 3745 684 3800 Ἀθανάσιος
714 3751 754 3794 ἐν
778 3753 909 3808 κυρίῳ
939 3753 1108 3808 χαίρειν.
1427 3752 1494 3790 sed
1523 3748 1628 3790 abest
1653 3751 1770 3801 vulgo
1798 3753 1846 3790 ab
1876 3753 2088 3802 Epiphanii
2116 3753 2234 3791 libris.

492 3807 513 3831 '⁴‘
541 3807 563 3831 *
591 3803 759 3862 κορινῑθί
798 3812 880 3849 cod.
911 3812 988 3850 len.
1046 3808 1264 3863 κορινὲίοις
1287 3811 1368 3849 cod.
