2508 4134
462 268 564 319 430
1167 277 1374 322 SANc'rl
1400 279 1685 322 EPIPHANII

462 373 516 428 τὸ
544 372 704 443 ὄνομα
733 374 914 439 αὐτοῦ,
954 375 1132 442 ταχέως
1157 374 1440 441 σκύλευσον,
1478 376 1631 441 ὀξέως
1654 375 2024 446 προνόμευσον,
2061 375 2146 431 καὶ
2178 375 2238 431 τά
2262 378 2387 447 ἑξῆς.

460 463 702 527 Σημαίνει
726 460 779 513 δὲ
809 461 1029 513 ἐνταῦθα
1054 457 1144 528 τὴν
1172 467 1263 513 τοῦ
1294 460 1510 532 Γαβριὴλ
1537 464 1728 525 εἷ’ςοδον
1757 461 1884 534 πρὸς
1914 461 2003 531 τὴν
2032 465 2269 533 Μαρίαν,
2308 462 2389 518 ὅτε

463 547 707 613 4ἐξῆλθεν
740 544 1145 615 εὐαγγελίσασθαι
1178 543 1327 620 αὐτῇ,
1382 546 1458 600 ότι
1500 548 1652 615 μέλλει
1677 554 1852 617 γεννᾶν
1891 546 2002 601 υἷὸν
2030 554 2155 602 θεοῦ
2195 554 2390 619 σωτῆρα

460 635 530 702 τῷ
560 629 756 704 κόσμῳ,
805 629 902 684 οὐκ
939 628 1040 684 ἆπὸ
1083 632 1358 703 σπέρματος
1400 630 1611 702 ἀνδρὸς,
1662 631 1781 685 ἀλλά
1811 630 1895 686 δια
1926 632 2203 701 πνεύματος
2229 631 2388 718 άγίου.

453 713 601 768 Ἀλλά
631 717 714 769 καὶ
744 721 813 788 τῷ
849 719 1082 770 Φιλίππω
1120 723 1190 790 τῷ
1217 715 1528 790 ευαγγελιστῇ
1566 718 1792 788 τέσσαρες
1819 711 1945 786 ἦσαν
1968 719 2238 790 θυγατέρες
2270 740 2390 790 προ-

461 799 786 869 φητεύουσαι
824 800 1168 872 ἐπροφήτευον
1196 800 1237 855 δ’
1264 800 1358 873 ἄρα
1383 800 1499 855 δι’5
1515 802 1579 870 ἣν
1607 805 1968 870 κατηξιοῦντο’
1952 804 2074 870 ε’χειν
2099 807 2388 874 παρθενίαν.

461 888 562 940 Καὶ
602 888 759 940 Θέκλα
792 887 879 955 μὲν
908 892 1130 960 συναντᾷ
1161 886 1346 960 Παύλῳ
1374 893 1443 960 τῷ
1469 885 1620 960 ἁγίῳ,
1668 889 1755 940 καὶ
1794 886 2041 941 διαλύεται
2069 885 2259 958 γάμου,
2310 887 2391 959 ὅρ-

458 971 642 1040 μαστὸν
671 974 847 1041 ἔχουσα
877 971 1235 1038 εὐειδέστατον,
1291 971 1604 1044 πρωτεύοντα
1632 972 1685 1025 δὲ
1713 971 1925 1037 πόλεως,
1978 971 2216 1035 πλούσιον
2244 971 2389 1045 ὄὶγαν,

458 1059 797 1129 εὐγενέστατον
832 1058 934 1111 δὲ’
912 1081 964 1112 εν
993 1064 1063 1132 τῷ
1102 1062 1194 1132 βίῳ
1233 1060 1317 1111 καὶ
1362 1059 1783 1125 διαφανέστατον,
1840 1059 1924 1111 καὶ
1965 1065 2259 1130 περιφρονεῖ
2293 1064 2391 1112 τῶν

459 1147 687 1215 ἐπιγείων
716 1141 752 1212 ἦ
781 1141 923 1214 αγία,
975 1146 1058 1197 ’ἵνα
1083 1149 1181 1197 τῶν
1222 1145 1529 1213 ἐπουρανίων
1567 1141 1806 1250 ἐγκρατὴς
1846 1144 2054 1213 γένηται.
2132 1147 2204 1197 Εἰ
2227 1147 2392 1199 τοίνυν

461 1233 597 1284 οὗτοι
625 1235 800 1295 ταῦτα,
841 1228 981 1282 πόσω
1016 1250 1067 1298 γε
1092 1234 1273 1296 μᾶλλον
1297 1226 1330 1296 ἦ
1354 1232 1560 1298 Μαρία,
1600 1227 1676 1295 ἐφ’
1709 1227 1772 1296 ἣν
1801 1226 1835 1297 ἦ
1862 1232 2124 1298 θαυμασία
2155 1236 2290 1283 πᾶσα
2321 1231 2388 1284 ol-

462 1318 670 1384 κονομία
697 1317 973 1386 γεγένηται,
1053 1313 1228 1367 Πόθεν
1268 1317 1436 1367 τοίνυν
1473 1314 1666 1378 συνάξω
1712 1317 1930 1377 διανοίας
1965 1317 2035 1378 εἰς
2075 1337 2131 1369 το
2175 1313 2391 1386 ἀγαθόν,

459 1403 543 1455 καὶ
571 1402 793 1471 ἒκτρέψω
823 1397 909 1453 τόν
938 1401 1094 1464 ζόφον
1126 1405 1223 1452 τῶν
1250 1398 1308 1452 τοὶ
1340 1398 1476 1454 δεινά
1504 1398 1925 1470 έγκισσησάντων,
1963 1397 2195 1471 καθάπερ
2221 1401 2391 1472 γέγρα-

459 1510 605 1552 πται,
643 1487 893 1553 Συνέλαβε
915 1483 1097 1550 πόνον,
1137 1486 1222 1538 καὶ
1246 1486 1405 1539 ἔτεκεν
1430 1484 1670 1554 ἀνομίαν,
1751 1479 1903 1540 Οὗτοι
1928 1483 2022 1557 γάρ
2050 1483 2252 1554 ἀληθῶς
2278 1492 2389 1540 συλ-

460 1571 767 1642 λαμβάνουσι
803 1569 958 1624 πόνον
995 1570 1370 1640 διανοημάτων,
1409 1575 1628 1626 τίκτουσι
1664 1572 1716 1625 δὲ
1753 1571 1965 1640 ἀνομίαν
2000 1574 2340 1642 βλασφημιῶν.

234 1924 345 1980 Κεφ·
369 1917 432 1975 ιζ·
596 1912 744 1972 Ἀλλά
773 1915 841 1986 μή
870 1939 941 1980 τις
968 1915 1125 1971 ἐκεῖνα
1150 1911 1434 1981 ύπονοείτω,
1474 1917 1558 1970 καὶ
1582 1915 1758 1984 ἑτέρως
1786 1913 1912 1970 αύτά
1942 1913 2259 1987 ὗποσπείρειν
2282 1916 2394 1969 ἑαυ-

461 2010 532 2079 τῷ
555 2003 859 2075 πειρώμενος
892 2004 1093 2074 λεγέτω,
1149 2008 1270 2065 Πῶς
1300 1996 1393 2056 οὖν
1424 1999 1528 2056 εἶπε
1554 2000 1608 2056 τό
1638 2002 1919 2073 εὐαγγέλιον
1947 2000 2049 2067 ὅτι,
2100 1998 2310 2072 Εὖρέθη
2340 2002 2394 2055 ἐν

237 2112 327 2149 pag.
348 2100 443 2135 ¹⁰⁴⁹·
466 2092 637 2162 γαστρὶ
669 2091 844 2158 ἔχουσα
885 2092 939 2143 ἐκ
979 2087 1258 2156 πνεύματος
1302 2086 1445 2159 ἆγίου
1479 2085 1512 2156 ἡ
1542 2092 1747 2159 Μαρία,
1800 2089 1919 2158 πρὶν
1951 2085 1985 2155 ἢ
2009 2094 2264 2140 συνελθεῖν
2303 2085 2392 2140 αὖ-

463 2175 603 2240 τούς,·
688 2173 840 2245 ι’Ἁρα
871 2168 960 2228 οὖν
990 2177 1325 2245 προςεδοκᾶτο
1364 2171 1398 2241 ἦ
1423 2174 1728 2238 συνέλευσις,
1777 2174 1862 2225 καὶ
1891 2171 2070 2227 τούτου
2100 2171 2242 2242 χάριν
2270 2168 2391 2237 εἶπε,

469 2260 580 2333 Πρὸ
623 2266 712 2314 τοῦ
752 2268 1031 2324 συνελθεῖν,
1105 2257 1244 2313 'And
1282 2261 1365 2313 καὶ
1405 2257 1552 2312 πάλιν
1585 2260 1638 2312 ἐν
1677 2257 1802 2331 ἄλλῳ
1840 2258 1976 2332 τόπῳ
2016 2256 2070 2311 τό
2098 2256 2220 2311 αύτὸ
2246 2255 2394 2311 πάλιν

465 2345 748 2417 εὐαγγέλιόν
768 2364 907 2414 φησι,
949 2348 1083 2399 ἳΚαὶ
1116 2343 1299 2416 εὑρέθη
1324 2347 1375 2398 ἐν
1398 2345 1568 2414 γαστρὶ
1597 2346 1774 2412 ἔχουσα
1799 2345 1918 2415 πρὶν
1943 2345 2173 2406 εἷςελθεΐν
2193 2340 2394 2408 αὐτούς,

463 2432 498 2501 ἢ
529 2434 640 2498 καὶ,
691 2429 971 2502 Ἐγέννησε,
1019 2433 1104 2485 καὶ
1142 2428 1234 2485 οὐκ
1264 2430 1388 2500 ἔγνω
1419 2428 1603 2498 αὐτὴν,
1656 2429 1689 2498 ἢ
1717 2431 1828 2495 καὶ,
1873 2428 2132 2500 Ἐγέννησε
2168 2427 2255 2483 τόν
2285 2426 2395 2482 υἷὸν

465 2517 619 2585 αὐτῆς
646 2515 731 2570 τόν
759 2515 1099 2587 πρωτότοκον,
1153 2518 1237 2569 καὶ
1270 2515 1362 2570 οὐκ
1395 2514 1502 2590 ᾔδει
1528 2513 1709 2584 αὐτὴν,
1757 2517 1872 2582 καὶ,
1935 2515 2044 2568 Οὐκ
2070 2516 2195 2586 ἔγνω
2220 2511 2394 2582 αὐτὴν,

465 2604 559 2665 ἕως
588 2601 706 2656 ὅτου
733 2603 955 2672 ἐγέννησε
988 2600 1072 2656 τόν
1097 2600 1211 2655 υἷὸν
1239 2600 1394 2670 αὐτῆς
1427 2599 1512 2655 τὸν
1541 2600 1872 2672 πρωτότοκον.
1950 2602 2050 2654 Καὶ
2079 2601 2175 2655 οὐκ
2202 2603 2396 2654 οἴδασιν

471 2695 494 2726 ³
511 2691 563 2742 οἵ
579 2685 667 2749 τοὶς
691 2691 906 2759 θεωρίας
934 2694 1033 2741 τῶν
1061 2693 1266 2758 γραφῶν
1289 2691 1497 2758 διαιρεῖν
1524 2685 1942 2758 ἐπαγγελλόμενοι,
1981 2688 2065 2739 καὶ
2090 2684 2149 2738 τά
2179 2687 2395 2757 μετέωρα

438 2815 441 2820 -
466 2775 549 2828 καὶ
583 2772 844 2842 βαθύτατα
873 2772 1272 2844 περιεργάζεσθαι
1299 2775 1685 2843 ἐπιχειροῦντες,
1738 2772 1813 2826 ὅτι
1843 2770 1877 2840 ἦ
1910 2777 1934 2809 4
1954 2774 2143 2842 θεωρία
2167 2776 2396 2825 τοιοῦτον

468 2862 561 2928 ἔχει
588 2858 672 2912 τόν
699 2858 897 2930 τρόπον.
974 2862 1045 2912 Εἰ
1063 2858 1153 2930 γάρ
1182 2857 1327 2912 πάλιν
1359 2860 1612 2928 ἐγέννησεν
1640 2856 1674 2927 ἦ
1699 2861 1903 2929 Μαρία,
1956 2859 2054 2911 ἔδει
2079 2857 2164 2910 καὶ
2191 2862 2290 2909 τῶν
2315 2854 2396 2909 ἅλ-

468 2951 566 2998 λων
597 2943 827 3011 ἀδελφῶν
863 2947 1017 2999 εἰπεῖν
1053 2944 1112 2998 τά
1142 2943 1376 3013 ὀνόματα.
1451 2946 1523 2996 Εἰ
1547 2945 1600 2997 δὲ
1628 2942 1798 3012 ἐπειδὴ
1828 2940 2141 3013 πρωτότοκός
2175 2943 2273 2995 ἔστι
2304 2941 2397 2994 πά-

471 3049 559 3098 σης
585 3034 787 3092 κτίσεως
816 3027 846 3084 ό
872 3031 1165 3101 μονογενὴς,
1205 3028 1273 3099 μὴ
1299 3033 1544 3100 θορυβοῦ.
1625 3029 1700 3083 Οὐ
1729 3027 1820 3099 γὰρ
1849 3026 1983 3081 εἶπεν
2006 3026 2108 3092 ὅτι,
2140 3026 2398 3098 Ἐγέννησε

469 3115 554 3170 τόν
578 3116 893 3187 πρωτότοκον
928 3117 1109 3185 αὐτῆς,
1148 3114 1271 3181 ἀλλ’,
1326 3114 1432 3168 Οὔκ
1462 3116 1587 3185 ἔγνω
1615 3114 1772 3183 αὐτὴν
1803 3115 1893 3176 ἕως
1922 3111 2039 3166 ὅτου
2066 3113 2287 3183 ἐγέννησε
2312 3110 2397 3166 τόν

470 3200 582 3255 υἱὸν
607 3200 773 3271 αὐτῆς.
850 3204 950 3256 Καὶ
979 3203 1072 3256 οὐκ
1099 3199 1228 3268 εἷπε,
1275 3199 1372 3254 Τόν
1399 3199 1718 3271 πρωτότοκον
1741 3199 1912 3268 αὐτῆς,
1951 3197 2095 3264 ἀλλὰ,
2143 3196 2239 3252 Τὸν
2264 3219 2396 3268 πρω-

469 3285 688 3341 τότοκον.
759 3286 871 3341 Ἐπὶ
901 3289 988 3356 μὲν
1014 3286 1107 3357 γάρ
1134 3294 1202 3360 τῷ
1238 3289 1344 3359 Τίῷ
1380 3285 1536 3353 αὐτῆς
1577 3284 1813 3354 ἐσήμανεν
1841 3287 1891 3348 ἐξ
1915 3284 2068 3352 αὐτῆς
2092 3284 2216 3338 κατά
2238 3281 2398 3354 σάρκα

470 3379 820 3443 γεγεννῆσθαι,
877 3375 957 3427 ἐπὶ
986 3374 1040 3427 δὲ
1068 3379 1128 3447 τῇ
1159 3378 1248 3427 τοῦ
1289 3370 1611 3442 πρωτοτόκου
1653 3373 1906 3442 ἐπωνυμίᾳ
1944 3369 2112 3423 οὐκέτι
2138 3368 2191 3423 τό
2227 3365 2398 3437 Αὐτῆς

527 3542 566 3586 4.
610 3546 798 3600 εἶςῆλὲεν
827 3550 965 3598 le9itur
1002 3550 1044 3588 in
1073 3560 1199 3599 mar9.
1241 3548 1407 3597 exempli
1519 3544 1558 3585 2.
1603 3546 1726 3584 Verba
1766 3541 1856 3584 Καὶ
1896 3537 2049 3596 ευρέὲη
2092 3565 2117 3572 -
2147 3564 2172 3572 -
2212 3540 2284 3584 καὶ
2320 3555 2396 3584 ουκ

473 3605 712 3653 Schotriam‘,
754 3606 891 3645 addito
915 3607 1014 3655 si9lo
1037 3606 1088 3644 M.
1118 3627 1170 3635 -
1232 3605 1405 3644 Ceterum
1461 3595 1562 3657 ῃδει
1585 3613 1717 3652 αυτην
1743 3601 1783 3639 in
1802 3601 1955 3640 uncinis
1977 3602 2180 3639 collocavit
2199 3600 2396 3648 Petavius,

473 3661 522 3710 cf.
551 3662 666 3700 etiam
698 3663 822 3701 Grabe
854 3663 1034 3712 Spicile9.
1064 3663 1106 3711 Ι,
1133 3673 1225 3711 pa9.
1253 3658 1320 3702 99.
1352 3660 1406 3698 ad
1463 3659 1677 3698 Carnarius
1702 3658 1743 3695 in
1764 3658 1935 3696 versione
1950 3658 2095 3697 Latina
2116 3666 2278 3706 prorsus
2301 3655 2398 3694 omi-

475 3716 512 3755 h.
542 3718 568 3755 l.
1464 3717 1523 3756 sit.
1557 3736 1610 3744 --
1670 3713 1729 3762 Cf.
1767 3713 1874 3763 infra
1909 3724 1997 3763 cap.
2027 3713 2094 3754 20.
2140 3716 2174 3753 et
2211 3711 2395 3751 Gataher.

533 3773 570 3811 5-
605 3787 657 3825 ην
687 3774 746 3813 ed.
778 3776 912 3815 Petav.
943 3775 1134 3815 mendose.
1463 3773 1619 3811 Dissert.
1639 3770 1686 3808 de
1706 3770 2065 3809 NoviInstrumenti
2085 3770 2193 3819 Stylo
2222 3780 2306 3818 cap
2332 3767 2397 3817 11,

535 3826 629 3867 (ἴω).
661 3829 794 3871 XVII.
832 3853 877 3860 -
941 3830 975 3870 1.
1008 3832 1130 3881 Vulyo
1158 3820 1251 3884 οἷρα.
1461 3841 1502 3877 p.
1522 3824 1586 3869 74.
1648 3827 1772 3865 Grabe
1803 3827 1935 3876 Spicil.
1965 3828 1988 3865 l.
2023 3829 2046 3865 l-
