2508 4134
407 255 508 310 756

403 366 623 422 Epiphanii
665 364 839 421 epistola
883 365 1078 408 adversus
1119 368 1337 410 Antidico-

459 435 697 477 marianitas
727 440 852 477 1034.

400 506 622 562 Epiphanii
648 507 851 549 modestia
881 516 922 549 et
954 508 1097 550 veniae
1130 509 1333 566 depreca-

455 576 516 619 tio
546 577 589 618 in
617 578 854 620 haeresibus
884 578 1150 621 confutandis
1182 577 1307 626 1100.

397 647 649 703 Epiphanius
693 663 775 705 quo
828 658 1048 704 tempore,
1105 659 1147 692 et
1189 652 1333 708 quibus

452 717 771 774 imperatoribus
799 719 1012 775 scripserit
1039 724 1135 764 404.

395 789 651 845 Epiphanius
679 790 860 832 incertus
889 806 942 833 an
974 791 1090 848 virgo
1117 791 1247 837 Maria
1278 795 1332 835 sit

451 870 617 904 mortua
645 865 766 903 1055.
797 887 853 895 -
919 864 1078 906 Mariae
1117 864 1331 921 virginitas

452 935 577 975 1056.

393 1003 615 1060 Epiphanii
631 1004 835 1047 modestia
853 1005 896 1046 in
909 1006 1169 1062 suscipienda
1184 1007 1331 1064 dispu—

447 1075 608 1117 tatione
636 1076 833 1118 adversus
862 1068 1053 1119 haereses
1083 1082 1122 1119 3.

391 1145 589 1201 Ephraim
619 1149 745 1204 Syrus
777 1147 890 1190 citat.
921 1152 1018 1189 444.
1053 1149 1290 1203 (Addend.)

391 1217 587 1274 Episcopi
601 1250 613 1272 ‚
632 1219 878 1277 'presbyteri
892 1250 906 1270 ,
935 1219 1100 1262 diaconi
1113 1253 1126 1276 ‚
1157 1220 1329 1262 subdia-

449 1289 570 1340 coni,
613 1290 817 1342 lectores,
859 1290 1138 1344 diaconissae,
1188 1300 1230 1333 et
1273 1291 1328 1333 ad

446 1359 546 1416 quid
572 1360 786 1403 institutae
817 1365 942 1404 1104.
973 1387 1020 1394 —
1067 1362 1217 1419 quales*
1239 1377 1327 1404 esse

445 1430 626 1473 debeant
653 1433 752 1474 ibid.
786 1457 842 1465 -—
885 1431 1129 1485 exorcistae,
1161 1434 1326 1489 lingua-

444 1517 535 1544 rum
575 1503 829 1560 interpretes
871 1503 972 1546 ibid.
1017 1528 1071 1536 —
1127 1503 1323 1546 laboran-
1368 1525 1375 1537 ι

443 1582 507 1616 tes
537 1575 607 1631 qui
636 1575 719 1617 sint
746 1575 789 1616 in
819 1576 992 1618 ecclesia
1020 1575 1121 1617 ibid.
1157 1601 1206 1607 —
1257 1576 1322 1618 ia-

441 1645 599 1688 nitores
629 1646 728 1688 ibid.

383 1716 637 1774 Episcopum
666 1733 756 1760 esse
792 1720 1036 1775 presbytero
1070 1718 1322 1773 superiorem

443 1791 540 1830 908.

383 1860 613 1918 Episcopus
638 1861 727 1903 sine
752 1860 930 1903 diacono
958 1875 1047 1903 esse
1072 1875 1156 1903 non
1180 1870 1322 1917 potest

439 1932 540 1974 ibid.

381 2004 581 2061 Episcopi
623 2003 996 2060 Hierosolymitani
1043 2003 1113 2060 qui
1166 2004 1318 2046 Iacobo

437 2075 574 2132 primo
620 2075 820 2131 episcopo
843 2074 981 2128 ¹fratri
1028 2075 1185 2116 domini
1231 2074 1318 2116 filio

437 2145 605 2203 Iosephi
633 2154 918 2188 successerunt
947 2149 1044 2187 636.
1075 2171 1130 2178 —
1176 2160 1318 2187 eorum

435 2233 641 2260 numerus·
670 2232 799 2274 usque
843 2217 897 2258 ad
940 2218 1113 2273 triginta
1156 2226 1317 2273 septem

436 2289 679 2340 distinctus,
710 2289 936 2330 secundum
960 2298 1150 2345 tempora
1177 2288 1316 2345 impe-

433 2370 619 2404 ratorum
647 2360 749 2402 ibid.
782 2369 826 2401 et
856 2364 952 2401 367.

377 2433 566 2490 Epistola
596 2431 909 2488 pseudosynodi
949 2437 1191 2488 Ancyranae
1217 2436 1310 2474 846.

434 2529 483 2536 —
530 2503 573 2544 in
616 2518 696 2559 qua
736 2502 790 2544 de
827 2511 944 2559 patre
974 2502 1142 2559 filioque
1169 2504 1313 2559 genito

432 2574 693 2630 disputatur,
748 2582 791 2614 et
831 2573 884 2614 de
926 2573 1092 2615 nornine
1136 2574 1313 2616 filiorum

433 2649 528 2688 849.
552 2648 634 2687 850
674 2648 770 2686 851.
807 2668 855 2676 -
914 2644 1097 2686 eiusdem
1126 2646 1308 2701 pseudo-

429 2716 581 2774 synodi
609 2715 937 2758 anathematismi
969 2719 1064 2757 856.

373 2788 562 2845 Epistola
598 2787 654 2830 ad
684 2787 941 2830 Laodicenos
973 2796 1036 2829 est
1071 2788 1311 2845 apocrypha

431 2863 528 2902 375.

372 2933 511 2988 Equus
541 2931 744 2974 Troianus
776 2930 875 2987 quid
905 2945 956 2971 ex
989 2931 1167 2973 Simonis
1198 2932 1310 2987 Magi

427 3017 548 3045 sensu
578 3002 870 3059 significaverit
901 3005 968 3043 57.

370 3073 523 3116 Esdras
553 3074 775 3116 samaritas
815 3074 858 3115 in
898 3074 990 3129 lege
1020 3074 1203 3117 Mosaica
1239 3074 1306 3116 in-

427 3145 564 3187 stituit
594 3149 661 3187 23.

368 3217 619 3259 Essenorum
637 3217 817 3259 haeresis
848 3231 952 3273 quae
982 3224 1046 3259 est
1075 3216 1205 3273 prima
1226 3220 1306 3260 Sa-

425 3288 722 3330 maritanorum
754 3292 819 3330 28.

368 3359 457 3401 Eva
498 3360 709 3416 quomodo
750 3359 917 3402 differat
955 3360 1007 3401 ab
1054 3361 1171 3403 Heva
1214 3376 1305 3403 cum

425 3431 677 3486 aspiratione
708 3435 833 3473 1092.

367 3502 722 3558 Evangelistarum
754 3503 988 3545 institutum
1025 3503 1067 3545 in
1096 3503 1303 3561 mysteriis

424 3573 663 3628 evulgandis
700 3578 794 3615 747.

366 3642 719 3701 Evangelistarum
743 3645 950 3688 declarata
972 3646 1188 3688 consensio
1204 3649 1302 3688 430.

366 3711 589 3767 Evangelia
633 3715 735 3757 nihil
773 3716 929 3759 habent
971 3718 1205 3775 ambiguum
1235 3718 1302 3760 vel

421 3796 656 3837 repugnans
683 3790 778 3827 438.

1160 267 1340 312 INDEX
1367 271 1579 317 RERUM.

1396 370 1750 426 Evangelistarum
1802 370 2035 414 institutum
2089 373 2130 416 in
2182 375 2328 418 ordine

1451 441 1658 483 scribendi
1686 444 1783 485 425.

1395 511 1682 566 Evangelistae
1729 528 1800 554 cur
1842 527 1926 554 non
1984 513 2128 556 eadem
2183 530 2325 559 omnes

1451 583 1712 624 narraverint
1741 586 1839 624 427.
2195 625 2198 628 .

1392 653 1680 709 Evangelistae
1721 653 1978 710 explicantur
2021 645 2078 696 et‘
2095 656 2323 700 concilian-

1449 731 1516 765 tur
1555 727 1651 764 805.

1391 795 1744 850 Evangelistarum
1773 795 2009 838 conciliatio
2040 796 2147 839 circa
2176 812 2323 841 nume*

1445 880 1534 906 rum
1587 865 1951 908 daemoniacorum
2000 871 2095 910 653.
2150 893 2200 901 --
2282 878 2325 912 ct

1444 936 1673 992 scripturae
1701 937 1936 993 proprietas
1967 939 2196 995 explicatur
2226 942 2323 982 654.

1388 1007 1656 1062 Evangelium
1673 1008 1988 1065 Aegyptiacum,
2016 1009 2123 1051 liber
2141 1025 2324 1068 apocry-

1443 1077 1548 1133 phus
1580 1081 1677 1120 514.

1388 1149 1654 1204 Evangelium
1707 1149 1952 1206 veritatem,

1443 1220 1634 1262 continet
1661 1223 1727 1262 19.

1385 1290 1601 1346 Evangelii
1639 1291 1692 1333 de
1735 1291 1920 1344 semine,
1969 1301 2012 1335 et
2039 1293 2209 1336 homine
2237 1295 2321 1336 ini-

1439 1361 1548 1404 mico
1565 1362 1856 1419 interpretatio
1874 1371 2019 1406 contra
2034 1364 2321 1407 Manichaeum

1440 1435 1534 1473 679.
1555 1457 1607 1465 -
1636 1433 1736 1475 item
1764 1434 1852 1490 quis
1877 1434 1931 1476 sit
1955 1435 2148 1492 princeps
2177 1435 2319 1479 mundi

2013 1151 2078 1193 lex
2139 1152 2324 1196 umbram

1443 1507 1536 1544 680.
1571 1513 1614 1545 et
1645 1508 1738 1545 681.
1770 1519 1899 1562 usque
1926 1507 1981 1548 ad
2010 1510 2106 1553 683.

1382 1576 1592 1631 Evangelii
1624 1585 1839 1632 corruptus
1869 1577 1984 1619 locus
2013 1579 2227 1621 restitutus
2251 1582 2317 1621 21.

1381 1647 1671 1688 Eunuchorum
1700 1655 1784 1689 tres
1815 1647 1998 1701 ordines,
2027 1649 2204 1705 primum
2233 1664 2317 1710 ge-

1437 1732 1513 1759 nus
1533 1721 1630 1759 491.
1666 1743 1716 1750 -
1760 1719 1987 1776 secundum
2013 1721 2114 1762 ibid.
2146 1745 2200 1754 —-
2228 1730 2318 1763 ter·-

1435 1788 1539 1829 tium
1566 1789 1668 1831 ibid.
1699 1813 1755 1822 —-
1814 1790 1924 1832 unde
1951 1791 2127 1834 eunuchi
2166 1791 2314 1834 dicun-

1434 1868 1503 1901 tur
1533 1860 1636 1902 ibid.

1380 1931 1576 1973 Eusebius
1618 1932 1891 1975 Vercellensis
1934 1934 2027 1975 exul
2080 1934 2133 1976 ob
2190 1926 2315 1977 fidem

1435 2006 1528 2044 129.

1376 2074 1574 2115 Eusebius
1604 2074 1823 2131 episcopus
1842 2075 2170 2118 Nicomediensis
2191 2076 2310 2119 Aria-

1431 2160 1578 2187 norum
1609 2146 1783 2201 signifer
1814 2150 1909 2188 73⁷.
1940 2171 1992 2179 ——
2034 2146 2069 2188 is
2102 2146 2310 2190 Constan-

1428 2217 1533 2258 tium
1561 2217 1855 2272 imperatorem
1884 2232 2003 2260 sacro
2033 2217 2200 2261 lavacro
2229 2219 2312 2261 im-

1430 2288 1574 2330 buerat
1602 2288 1702 2330 ibid.

1376 2361 1567 2400 Eutactus
1607 2360 1787 2401 haeresis
1822 2360 2164 2403 Archonticorum
2206 2376 2310 2418 pro·

1426 2439 1603 2485 pagator
1632 2434 1728 2471 291.
1756 2455 1812 2463 —
1870 2432 1956 2473 eius
1997 2432 2169 2475 historia
2209 2432 2307 2475 ibid.

1428 2510 1470 2541 et
1500 2504 1598 2544 292.
2146 2499 2150 2505 '

1371 2572 1606 2614 Eustathius
1665 2574 1916 2616 Sebastenus
1970 2589 2041 2616 seu
2096 2575 2308 2618 sebastiae

1427 2644 1673 2701 episcopus,
1729 2646 1799 2702 qui
1826 2638 1966 2688 ‘etiam
2011 2646 2182 2688 Arianus
2227 2646 2308 2689 fuit

1427 2717 1519 2756 906,

1373 2786 1599 2829 Ezechielis
1643 2787 1749 2830 liber
1792 2789 2084 2846 apocryphus.
2125 2797 2169 2831 et
2208 2788 2306 2832 inde

1425 2868 1622 2915 excerpta
1652 2874 1692 2902 v.
1721 2859 1925 2903 Addenda
1951 2860 2004 2902 ad
2025 2875 2067 2917 p.
2094 2862 2190 2902 601.
2268 2903 2274 2907 ,

1812 2988 1859 3029 F.

1368 3072 1480 3114 Fasti
1511 3072 1755 3116 Consulares
1786 3072 1903 3115 citati
1929 3077 2026 3115 444.
2066 3073 2300 3131 (Addend.)

1421 3146 1518 3185 445.

1364 3216 1512 3258 Fatum
1541 3231 1593 3258 an
1622 3215 1703 3268 sit,
1735 3224 1778 3257 et
1808 3224 1953 3258 contra
1992 3216 2123 3258 fatum
2151 3214 2297 3271 dispu-

1418 3288 1524 3329 tatio
1556 3290 1623 3329 35.

1362 3359 1509 3400 Fatum
1528 3359 1762 3400 Stoicorum
1783 3358 1966 3401 breviter
1988 3358 2212 3399 refutatum
2229 3361 2293 3400 13.

1366 3431 1479 3472 Fidei
1530 3429 1758 3472 catholicae
1802 3429 2027 3471 declaratio
2072 3430 2194 3473 1095,
2241 3453 2295 3462 -

1418 3502 1561 3544 unicae
1591 3502 1807 3544 columbae
1837 3500 1978 3542 similis
2006 3498 2107 3540 ibid.
2141 3524 2194 3532 —
2250 3501 2294 3543 in

1419 3573 1591 3615 ecclesia
1631 3573 1777 3615 eadem
1816 3571 1916 3613 fides
1958 3584 2098 3612 verum
2142 3570 2294 3614 Christi

1416 3645 1680 3700 sanguinem,
1729 3658 1802 3686 ceu
1843 3640 1939 3684 vitis
1981 3640 2168 3696 quotidie
2200 3642 2287 3685 lar-

1417 3718 1526 3773 gitur
1557 3718 1680 3759 1097.
1716 3739 1770 3747 -
1828 3713 1937 3754 vitae
1983 3711 2133 3753 Christi
2174 3729 2290 3756 sum-

1415 3804 1481 3830 ma
1509 3789 1609 3831 ibid.
1642 3812 1694 3820 --
1740 3783 1963 3839 baptismus
1994 3782 2079 3824 eius
2107 3783 2207 3828 ibid.
2235 3809 2290 3819 ..-
