2508 4134
567 324 792 364 ΡΛΝΑΒΠ
821 320 922 364 Lm.
945 324 1017 364 111.
1048 326 1180 367 ToM.
1211 327 1242 366 ι.
1274 326 1437 367 HAER.
1468 326 1668 367 Lxxnr.
1997 315 2062 365 93

162 429 241 472 tur
269 421 509 484 essentia,
549 420 830 490 particulam
867 420 1019 486 hauc,
1058 426 1156 482 Sic,
1200 425 1411 475 essentia
1450 443 1554 476 cum
1592 423 1806 476 essentia
1843 422 2063 474 similitu-

161 505 317 556 dinem
356 505 589 557 indicare.

300 587 354 642 Si
386 589 492 658 quis
521 589 612 640 ista
645 588 881 639 dicentem
916 588 1046 639 illum
1081 589 1308 641 audiens:
1353 595 1540 641 Creavz‘t
1563 612 1655 653 me,
1709 603 1757 642 et
1783 596 1949 658 genuit
1974 610 2058 651 me,
2096 604 2293 660 Cap.Xt.

160 691 255 724 non
293 674 348 724 ad
383 674 584 724 eundem
625 682 673 724 et
711 674 972 724 secundum
1013 673 1272 724 essentiam
1311 677 1553 740 pertinere
1599 685 1757 744 putet,
1811 678 1894 728 sed
1940 677 2063 727 idem

161 773 270 808 esse
302 758 457 821 dicat,
501 760 672 807 Genuz't
689 775 783 817 me,
842 767 890 806 et
913 762 1090 807 creavit
1118 776 1213 817 me,
1271 767 1492 826 tanquam
1526 760 1668 811 fitium
1700 761 1806 812 sine
1837 762 1929 811 ulla.
1958 778 2065 828 pas-

159 841 296 892 sione
323 843 585 909 perfectum
618 859 684 892 ex
713 841 896 892 duobus
928 841 1022 893 illis
1050 841 1295 892 vocabulis
1327 843 1595 905 confflem,
1651 848 1835 894 Creave'e
1863 864 1959 905 me,
2014 854 2063 895 et

161 928 331 975 Genuz't
351 943 444 985 me,
488 926 571 976 sed
600 934 870 995 creaturam
899 927 1153 990 duntaxat,
1197 943 1291 976 non
1322 925 1464 976 filium
1495 928 1753 991 affirmanS,
1795 929 2060 980 cuiusmodi

159 1008 284 1076 pium
327 1010 465 1060 nobis
506 1027 572 1061 ex
614 1009 799 1061 duabus
826 1010 919 1061 illis
950 1010 1151 1061 vocibus
1183 1027 1377 1060 sensum
1412 1007 1661 1079 Sapientia
1690 1013 1907 1077 tradidit,
1947 1030 2061 1064 ana-

158 1092 316 1144 thema
342 1094 423 1144 sit.
501 1092 555 1146 Si
585 1094 691 1162 quis
719 1093 813 1144 titio
843 1111 975 1146 suam
1012 1113 1116 1145 cum
1146 1103 1280 1163 patre
1314 1096 1578 1145 secundum
1609 1095 1868 1146 essentiam
1897 1096 2063 1148 simili-

158 1177 367 1228 tudinem
397 1178 534 1229 nobis
569 1179 640 1229 his
673 1178 836 1229 verbis
878 1179 1148 1229 indicante:
1206 1182 1345 1228 Siout
1364 1183 1482 1229 enim
1513 1190 1653 1245 pater
1683 1185 1820 1230 vitam
1850 1183 1986 1231 habet
2015 1186 2061 1231 z'n

155 1266 332 1328 sezpso,
387 1266 457 1312 sic
483 1273 532 1312 et
549 1265 654 1328 sileo
687 1266 817 1328 dedit
842 1266 980 1311 vitam
1007 1265 1178 1312 habere
1211 1267 1258 1313 in
1285 1267 1461 1329 sezpso,
1518 1281 1625 1315 eam
1652 1282 1770 1316 vero
1795 1265 2062 1316 similitudi-

157 1364 294 1410 nem,
348 1365 470 1415 quae
508 1347 556 1398 in
599 1347 789 1398 actione
830 1346 983 1415 posita
1020 1346 1092 1398 his
1123 1347 1284 1398 verbis
1315 1349 1547 1413 docente,
1600 1352 1917 1415 Quaecumque
1946 1354 2062 1400 enim
2128 1362 2253 1398 loann.

151 1441 293 1497 pater·
321 1433 464 1496 fucit,
521 1449 575 1481 ea
614 1441 664 1480 et
671 1433 815 1496 filius
848 1434 1063 1480 simililer
1075 1433 1230 1498 facit,
1287 1433 1436 1483 solam
1464 1433 1586 1484 hanc
1612 1433 1817 1484 actionis
1846 1434 2063 1484 similitu·
2128 1406 2161 1448 5,
2188 1407 2238 1441 ’θ’

157 1516 313 1566 dinem
359 1516 659 1578 concedens,
716 1516 944 1578 alteram,
1004 1533 1127 1584 qnae
1170 1518 1227 1566 ad
1276 1517 1536 1568 essentiam
1580 1527 1792 1586 spectat,
1848 1536 2064 1586 quaeque

156 1600 463 1669 praecipuum
493 1600 599 1651 fidei
626 1609 824 1651 nostrae
857 1610 999 1669 caput
1026 1610 1130 1662 est,
1172 1601 1267 1651 filio
1303 1601 1571 1666 subtrahat,
1613 1612 1835 1671 tanquam
1869 1614 2064 1654 aeterna

151 1684 282 1747 ¹vita,
338 1701 459 1752 quae
500 1683 548 1734 in
589 1684 737 1753 patris
780 1702 834 1735 ac
876 1685 955 1735 lilii
996 1685 1272 1752 cognitione
1309 1686 1555 1750 consistit,
1597 1687 1807 1756 seipsum
1846 1687 2060 1756 privans,

155 1768 408 1819 anathema
450 1767 531 1819 sit.
607 1766 661 1820 Si
704 1768 809 1836 quis
845 1769 892 1819 in
934 1778 1118 1838 patrem
1164 1788 1219 1821 ac
1259 1770 1401 1821 filium
1443 1771 1643 1821 credere
1686 1789 1795 1823 sese
1834 1773 2063 1840 profitens

155 1861 340 1921 patrem
370 1870 464 1904 non
493 1851 664 1904 similis
694 1871 798 1904 cum
832 1853 926 1903 filio
954 1853 1197 1904 essentiae
1230 1856 1357 1906 dicat
1386 1873 1524 1918 esse,
1566 1857 1650 1906 sed
1681 1856 1915 1920 actioniS,
1960 1867 2064 1907 tan-

154 1955 324 2005 quam,
373 1939 603 2004 profanas
654 1956 813 1987 vocum
859 1945 1085 1988 novitates
1123 1940 1179 1989 de
1232 1940 1310 1990 filii
1362 1940 1436 1990 dei
1487 1941 1699 1991 essentia
1748 1942 2061 2009 pronuntiare
2085 1955 2295 2012 aspiranum

154 2038 321 2085 ausus,
379 2031 428 2072 et
459 2039 622 2073 veram
653 2022 739 2072 l'ilii
770 2023 1112 2091 proprietatem
1147 2032 1394 2086 evertens,
1435 2025 1688 2075 anathema
1720 2026 1800 2076 sit.
1880 2024 1935 2077 Si
1959 2026 2063 2093 quis
2129 2000 2175 2042 δ’
2200 2000 2250 2031 ω’

156 2106 299 2157 fitium
338 2107 540 2158 similem
579 2107 792 2158 essentia
838 2107 965 2158 illius
995 2107 1271 2174 intelligens
1311 2108 1448 2158 cuins
1479 2109 1601 2160 fitius
1631 2108 1943 2177 intelligitur,
1986 2110 2064 2161 vel

154 2190 278 2241 idem
307 2209 506 2259 prorsus
531 2210 636 2242 cum
672 2200 805 2260 patre
832 2192 975 2242 fitium
1003 2209 1113 2243 esse
1147 2192 1292 2256 dicat,
1316 2193 1390 2243 vel
1420 2194 1569 2261 patris
1600 2202 1803 2262 partem,
1845 2194 1923 2245 vel
1955 2212 2062 2262 pro-

157 2274 303 2325 fluvio
343 2276 548 2343 quodam
576 2293 633 2327 ac
671 2276 927 2345 passione,
992 2294 1333 2345 corporeorum
1370 2277 1521 2327 instar
1558 2278 1789 2342 liliorum,
1839 2277 2062 2347 incorpo-

157 2376 291 2410 reum
339 2360 398 2410 ab
439 2361 726 2429 incorporeo
772 2369 904 2429 patre
948 2361 1184 2429 prodiisse
1227 2362 1371 2412 lilium
1411 2371 1627 2426 asserat,
1687 2363 1938 2413 anathema
1979 2364 2060 2413 sit.

159 2441 215 2495 Si
245 2444 350 2512 quis
384 2455 636 2513 propterea
672 2447 795 2512 quod
838 2462 993 2513 neque
1033 2454 1167 2512 pater
1195 2446 1317 2497 lilius
1350 2464 1505 2515 nequo
1535 2446 1661 2498 filius
1692 2464 1800 2498 esse
1830 2456 1967 2516 pater
1991 2448 2062 2498 in-

156 2529 399 2596 telligatur
423 2547 658 2597 unquam,
699 2530 899 2580 alterum
929 2547 956 2579 a
984 2538 1118 2596 patre
1149 2531 1296 2581 l'ilinm
1328 2548 1436 2582 esse
1465 2532 1660 2596 dicenS,
1701 2549 1760 2582 eo
1793 2532 1913 2600 quod
1943 2533 2065 2583 alter

156 2613 219 2664 sit
246 2621 383 2682 pater
411 2631 467 2665 ac
498 2614 625 2664 fitius
644 2653 657 2677 ‚
713 2622 762 2665 ut
795 2613 970 2664 dictum
1000 2622 1099 2676 est,
1140 2618 1284 2664 Alius
1315 2626 1387 2666 est
1412 2620 1497 2682 qui
1525 2621 1828 2666 testimonium
1852 2618 2065 2682 perhibet
2077 2630 2307 2686 Ionnapssz.

154 2700 211 2746 de
240 2715 334 2758 me,
392 2698 534 2761 item,
592 2702 912 2748 Testimonium
935 2701 1152 2764 perhibet
1176 2704 1261 2765 qui
1284 2705 1410 2750 mz'sz't
1433 2719 1502 2750 mc
1528 2712 1698 2767 pater:
1738 2702 1777 2751 si
1810 2701 1946 2769 quis,
1988 2701 2060 2751 in·
2126 2676 2229 2709 ‘Mb‘

156 2772 325 2850 quam,
380 2791 576 2851 propter
602 2781 725 2852 piam
761 2782 921 2848 illam,
974 2801 1093 2851 quae
1127 2784 1175 2834 in
1210 2785 1415 2836 ecclesia
1449 2785 1717 2855 concipitur
1746 2803 2060 2854 personarum

154 2865 302 2934 patris
330 2883 385 2916 ac
416 2866 501 2917 filii
531 2868 870 2936 proprietatem
890 2907 903 2931 ,
955 2868 1141 2919 veritus
1170 2886 1230 2920 ne
1256 2869 1382 2920 idem
1413 2870 1608 2921 omnino
1634 2888 1741 2921 cum
1773 2878 1904 2938 patre
1933 2868 2059 2919 filius

153 2949 477 3018 intelligatur,
532 2951 811 3002 dissimilem
853 2953 1062 3003 essentia
1096 2954 1242 3021 patris
1274 2970 1384 3005 esse
1421 2955 1567 3004 filium
1599 2955 1752 3017 dicat,
1809 2953 2060 3004 anathema

154 3033 234 3084 sit.
314 3032 367 3086 Si
397 3035 501 3103 quis
531 3044 714 3104 patrem
746 3036 975 3104 unigeniti
1010 3037 1094 3087 lilii
1120 3037 1167 3087 in
1196 3047 1411 3107 tempore
1440 3048 1621 3107 patrem
1654 3038 1803 3089 fuisse
1835 3037 1921 3086 sibi
1951 3053 2058 3104 per-

154 3118 373 3183 suadeat,
416 3137 570 3187 neque
598 3129 708 3171 ante
738 3129 924 3189 tempus
953 3139 1094 3171 omne
1124 3139 1178 3172 ac
1205 3140 1350 3191 supra
1380 3123 1629 3173 humanam
1660 3138 1846 3171 omnem
1876 3123 2058 3187 cogita-

153 3202 354 3266 tionem,
397 3203 691 3271 unigenitum
724 3205 871 3255 filium
900 3223 924 3254 a
955 3214 1086 3274 patre
1113 3206 1217 3257 sine
1244 3208 1334 3257 ulla
1365 3208 1590 3275 passione
1622 3206 1785 3255 credat
1811 3221 1919 3253 esse
1950 3221 2057 3271 pro-

154 3287 376 3348 ductum,
431 3297 652 3356 tanquam
693 3289 1005 3357 apostolicum
1047 3291 1218 3358 dogma
1257 3290 1646 3357 transgrediens,
1699 3288 1821 3355 qnod
1864 3305 1890 3337 a
1920 3299 2055 3355 patre

154 3371 350 3440 filioque
391 3373 617 3441 temporis
659 3373 862 3441 spatium
905 3391 1046 3424 omne
1080 3374 1264 3437 reiicit,
1316 3374 1406 3423 hoc
1436 3390 1554 3422 vero
1586 3390 1673 3422 nos
1707 3372 1915 3423 fideliter
1941 3373 2055 3422 edo-

154 3465 259 3519 cet,
321 3460 381 3506 In'
391 3461 623 3522 principio
654 3468 757 3507 erat
787 3460 998 3518 verbum,
1056 3468 1104 3507 et
1129 3462 1240 3507 deus
1265 3468 1369 3507 erat
1398 3459 1609 3516 verbum,
1664 3465 1714 3505 et
1738 3457 1921 3505 verbum
1950 3466 2055 3505 erat
2072 3473 2283 3522 Ioann.1‚1.

153 3543 279 3605 apud
303 3544 460 3601 deum,
502 3551 548 3590 et
573 3545 684 3591 deus
708 3553 813 3592 erac
837 3544 1039 3601 verbum,
1083 3541 1334 3591 anathema
1360 3540 1439 3590 sit.
1519 3537 1571 3590 Si
1604 3539 1708 3607 quis
1736 3549 1916 3608 patrem
1951 3541 2055 3591 nni-

153 3623 346 3691 genito,
388 3642 526 3693 quem
556 3626 809 3694 produxit,
865 3626 967 3676 silio
998 3636 1209 3693 tempore
1239 3623 1530 3674 anteriorem
1558 3640 1667 3674 esse
1694 3624 1843 3688 dicat,
1903 3625 2051 3675 filium

149 3765 373 3812 positionem
416 3761 523 3806 κατὰ
564 3769 789 3806 succrevisse
828 3778 876 3806 ex
916 3767 1080 3813 repetitis
1136 3765 1319 3805 Pelavius
1345 3766 1561 3812 suspicatus
1584 3767 1637 3803 est
1666 3763 1739 3806 καὶ
1764 3762 1876 3818 παρὰ
1902 3758 2051 3813 πάσας.

152 3821 289 3859 vocula
315 3822 386 3863 iot-t
412 3825 446 3861 et
469 3823 619 3869 syllaba
642 3824 700 3864 τῖᾶ
725 3824 901 3862 vocabuli
925 3818 1076 3866 πάσας.
1189 3821 1227 3859 ὁ.
1260 3814 1386 3861 αὐτοῦ
1415 3820 1497 3860 cod.
1531 3820 1690 3871 Rhediy.
