2508 4134
578 304 801 345 rammi
831 304 935 344 Lm.
963 305 1034 345 111.
1063 305 1195 346 ToM.
1224 307 1253 345 1.
1283 305 1445 346 HAER.
1467 304 1662 345 Lxxvl.
1970 291 2072 341 297

169 402 424 475 pellation'e
450 402 699 454 confusus.
759 400 889 453 Nam
913 401 1137 453 diviuitas
1167 420 1321 470 neque
1351 403 1512 454 efferri
1539 420 1649 454 sese
1679 402 1903 471 postulat,
1935 400 2071 469 quasi

169 505 265 539 nou
296 487 387 550 sit,
443 502 599 555 neque
639 486 979 537 sublimitatem
1025 485 1256 553 requirit,
1313 486 1427 536 licet
1469 487 1527 537 ab
1569 487 1752 555 ignaris
1791 485 2071 554 quibusdam

168 570 488 641 praedicando
529 588 624 622 uon
654 570 928 644 attollatur,
986 586 1142 637 neque
1177 569 1315 620 ullius
1347 570 1550 621 hominis
1583 571 1973 639 pronuntiatione
2004 569 2076 620 di-

166 655 381 707 vinitatis
420 654 688 706 substantia
727 662 935 705 constat.
1010 652 1126 705 Non
1161 653 1288 703 enim
1321 654 1561 704 hominum
1598 663 1932 706 ceterorumve
1966 671 2073 723 pro-

167 740 282 791 latio
319 739 515 808 gloriari
543 737 720 808 poterit
748 739 838 789 deo
864 755 946 801 se,
1003 737 1133 788 velut
1167 737 1429 805 indigenti,
1480 738 1681 804 gloriam
1717 739 1957 807 decusque
1990 739 2074 789 tri-

166 824 359 887 buisse,
413 831 496 874 aut
543 823 696 874 eidem
747 822 1062 891 omnipotenti
1096 823 1436 890 adoraudoque
1470 822 1561 872 deo
1594 823 1864 874 ornamenti
1898 822 2073 891 aliquid

168 907 418 973 attulisse,
479 924 618 975 quem
661 907 850 975 quidem
898 907 1037 956 deum
1085 915 1133 956 et
1174 915 1444 957 creatorem
1496 906 1888 975 conditoremque
1936 926 2073 958 suum

166 991 403 1061 agnoscit.
478 990 595 1043 Non
621 991 767 1055 enim,
810 990 1010 1060 opinor,
1054 999 1146 1041 tam
1175 990 1417 1058 exquisito
1446 1008 1498 1041 se
1529 991 1785 1059 splendore
1813 993 2073 1060 praeditam

159 1075 444 1139 existimat,
484 1084 537 1126 ut
570 1076 715 1126 etiam
751 1075 1049 1126 conditorem
1083 1092 1219 1126 suum
1252 1092 1493 1126 exornare
1524 1076 1694 1144 possit.
1772 1075 1965 1143 Alioqui
1998 1093 2076 1126 se-

167 1159 416 1229 metipsam
461 1160 752 1211 adorandam
792 1177 902 1211 esse
930 1160 1180 1224 crederet,
1235 1178 1331 1211 non
1367 1177 1473 1211 eum
1506 1177 1645 1228 quem
1677 1160 1845 1210 adorat
1873 1178 2076 1212 venera-

167 1253 321 1295 retur.
398 1240 562 1309 Quare
589 1245 768 1296 frustra
796 1245 1030 1295 adversus
1058 1261 1226 1295 omnes
1255 1253 1352 1308 tua,
1396 1263 1423 1295 o
1449 1244 1583 1309 Ae'ti,
1626 1245 1871 1295 contendit
1898 1245 2070 1295 oratio,

309 1327 440 1378 Aetii
466 1324 624 1396 Caput
655 1326 880 1381 XXVII.
960 1326 1013 1380 Si
1058 1346 1163 1379 cum
1203 1346 1261 1379 eo
1300 1330 1428 1380 omni
1462 1330 1584 1397 quod
1625 1329 1838 1397 genitum
1876 1338 1950 1380 est
1989 1328 2077 1379 im-

168 1411 342 1480 plicata
381 1420 430 1462 et
471 1413 725 1463 coniuncta
765 1430 964 1464 caussae
991 1413 1124 1464 notio
1154 1422 1254 1476 est,
1312 1415 1528 1481 ingenita
1558 1431 1675 1464 vero
1706 1423 1874 1465 natura
1906 1432 2077 1465 caussa

169 1505 331 1559 caret,
373 1513 479 1547 cum
510 1498 775 1565 ingenitum
804 1496 1032 1561 dicimuS,
1073 1516 1167 1548 non
1198 1516 1418 1550 caussam
1457 1499 1696 1567 aliquam,
1739 1499 1821 1550 sed
1855 1499 2078 1550 substau-

167 1581 281 1631 tiam
320 1580 654 1649 exprimimus·

310 1660 509 1715 Confut.
556 1663 782 1718 XXVII.
879 1664 1020 1733 Quod
1077 1684 1182 1716 cum
1236 1667 1365 1718 omni
1415 1668 1578 1735 genito
1628 1667 1916 1737 implicatam
1967 1686 2076 1721 esse

168 1765 370 1800 caussae
398 1749 644 1800 notionem
676 1750 886 1813 asseris,
941 1749 1247 1802 verissimum
1285 1752 1473 1820 quidem
1512 1762 1612 1816 est,
1670 1754 1753 1804 sed
1790 1772 1883 1804 nou
1927 1754 2073 1816 istud,

169 1833 302 1901 quasi
331 1850 358 1884 a
385 1842 431 1884 te
460 1833 797 1899 didicerimus,
852 1834 1154 1904 profitemur.
1231 1834 1337 1886 Hoc
1372 1837 1496 1887 enim
1533 1854 1647 1887 vera
1679 1837 1780 1906 ipsa
1814 1839 1934 1889 fides
1960 1839 2077 1889 iam-

169 1918 343 1968 dudum
385 1917 726 1986 praesenserat
763 1927 812 1968 et
857 1921 1075 1987 professa
1121 1920 1278 1970 fuerat
1305 1938 1362 1971 ac
1389 1921 1647 1985 docuerat,
1703 1923 1839 1973 deum
1872 1941 2075 1974 caussae

167 2019 277 2053 esse
319 2002 474 2053 omnis
518 2011 797 2072 expertem,
852 2020 940 2054 uec
989 2004 1082 2054 ulla
1126 2021 1179 2054 re
1220 2005 1541 2073 permixtum,
1597 2024 1686 2056 nec
1728 2007 1785 2057 ad
1825 2007 1965 2058 ullius
2005 2007 2076 2058 rei

167 2086 500 2154 aequalitatem
531 2104 673 2156 posse
699 2087 901 2138 demitti.
955 2086 1082 2138 Nam
1108 2098 1364 2157 propterea
1392 2090 1507 2140 nihil
1535 2091 1828 2142 adorandum
1855 2101 2074 2160 putamus

167 2171 291 2238 quod
332 2170 492 2222 divina
529 2171 632 2240 ipsa
665 2181 836 2222 natura
869 2172 931 2222 sit
968 2172 1188 2223 inferius.
1269 2171 1457 2243 Quippe
1500 2193 1605 2225 cum
1646 2176 1690 2225 ei
1730 2176 1818 2226 soli
1851 2177 1927 2244 qui
1962 2177 2077 2227 nulli

168 2255 414 2305 subiectus
454 2264 531 2306 est
570 2256 633 2306 sit
673 2255 752 2306 ille
786 2256 941 2307 cultus
975 2257 1299 2320 adhibenduS,
1353 2259 1477 2327 patri
1515 2260 1738 2311 videlicet
1774 2260 1990 2329 ingenito
2029 2270 2078 2312 et

170 2338 299 2402 filio,
341 2339 419 2406 qui
449 2339 506 2390 ab
533 2340 638 2407 ipso
668 2341 860 2408 genitus
892 2350 993 2404 est,
1048 2350 1096 2391 et
1122 2342 1308 2410 spiritui
1342 2353 1538 2406 sanct0,
1592 2345 1670 2412 qui
1699 2345 1756 2395 ab
1791 2346 1958 2396 eodem
1993 2363 2077 2414 per

171 2423 468 2489 unigenitum
497 2425 756 2492 productus
781 2435 873 2475 est.
950 2424 1352 2494 Quandoquidem
1380 2428 1496 2479 nihil
1523 2427 1571 2477 in
1598 2429 1811 2479 trinitate
1838 2439 2069 2494 creatum,

169 2508 285 2558 nihil
315 2524 517 2558 caussae
555 2507 636 2558 ulli
666 2517 741 2558 est
769 2508 1054 2561 obnoxium.
1131 2509 1244 2561 Non
1286 2512 1413 2562 enim
1453 2513 1627 2581 aliquid
1662 2513 1709 2563 iu
1738 2514 1816 2563 illa
1845 2523 1918 2564 est
1947 2532 1972 2565 e
2003 2516 2074 2565 ni-

169 2592 266 2643 hilo
298 2592 611 2660 productum,
651 2593 783 2643 velut
810 2602 973 2644 cetera
1003 2612 1124 2661 quae
1158 2612 1377 2646 caussam
1407 2596 1614 2665 aliquam
1645 2599 1814 2649 sortita
1850 2616 2076 2650 caussae-

169 2693 260 2745 que
298 2675 514 2727 subiecta
552 2684 681 2726 sunt.
759 2674 1002 2742 Quocirca
1038 2697 1142 2729 cum
1170 2679 1405 2731 eiusmodi
1433 2699 1652 2732 caussam
1682 2683 1855 2733 nullam
1886 2684 2075 2734 trinitas

168 2761 367 2823 habeat,
422 2760 728 2828 semetipsam
759 2761 906 2811 solam
935 2762 1040 2812 siue
1075 2763 1169 2814 ullo
1196 2780 1364 2815 errore
1394 2767 1682 2817 adorandam
1716 2767 1903 2831 docuit3
1959 2787 2075 2835 quo-

168 2846 291 2896 niam
331 2845 435 2896 sola
477 2861 677 2895 caussae
720 2845 874 2896 omnis
914 2855 988 2896 est
1030 2863 1237 2915 expers,
1295 2849 1480 2917 reliqua
1518 2868 1635 2901 vero
1678 2852 1835 2902 omnia
1875 2870 1901 2901 a
1941 2861 2075 2902 certa

167 2946 340 2981 caussa
381 2928 771 2998 proficiscuntur.
850 2928 985 2979 Haec
1027 2932 1150 2982 enim
1191 2934 1315 2983 facta
1353 2944 1703 3003 procreataque
1746 2946 1884 2999 sunt,
1939 2945 2074 3004 pater

166 3015 444 3077 increatus,
497 3013 645 3064 filium
690 3014 871 3064 habeus
907 3030 932 3063 a
960 3032 1012 3065 se
1045 3017 1285 3083 genitum,
1340 3036 1434 3068 non
1475 3028 1715 3083 creatum,
1772 3029 1819 3069 et
1856 3030 2071 3071 sanctum

167 3099 383 3168 spiritum
409 3116 436 3149 a
459 3116 511 3149 se
536 3100 894 3168 procedentem,
928 3117 1021 3148 non
1052 3102 1245 3151 factum.
1324 3100 1463 3169 Quae
1485 3121 1589 3153 cum
1616 3104 1679 3153 ita
1707 3120 1815 3154 sese
1842 3104 2068 3168 habeant,

169 3201 322 3252 neque
350 3183 542 3234 affectio
574 3184 665 3234 ulla
702 3184 749 3233 iu
782 3184 1075 3233 adoraudum
1112 3185 1258 3235 silium
1292 3187 1370 3236 vel
1402 3187 1619 3254 spiritum
1653 3197 1869 3238 sanctum
1896 3190 2071 3240 redun-

168 3269 247 3319 det
273 3286 299 3318 a
328 3286 530 3333 caussa,
587 3268 772 3319 etiamsi
806 3268 1072 3336 genitorem
1115 3268 1242 3319 filius
1272 3269 1445 3321 habeat
1484 3281 1695 3339 patrem,
1752 3290 1904 3339 neque
1936 3291 2071 3324 crea-

167 3362 242 3404 tae
271 3361 465 3403 ceterae
496 3370 575 3403 res
602 3352 869 3403 affectionis
900 3361 1128 3420 expertes
1162 3363 1303 3417 sunt,
1346 3372 1464 3419 quae
1493 3373 1555 3405 ex
1586 3373 1785 3406 caussae
1815 3359 2067 3410 sortitione

169 3438 340 3500 oritur,
383 3455 488 3488 cum
519 3438 614 3488 sint
641 3455 667 3487 a
697 3447 860 3506 patre,
904 3437 1001 3486 filio
1029 3445 1073 3486 et
1105 3437 1274 3505 spiritu
1301 3447 1470 3488 sancto
1499 3449 1795 3506 procreatae.
1872 3441 1939 3492 At
1963 3444 2068 3494 uui-

165 3521 355 3589 geuitus
387 3521 502 3572 nihil
532 3540 595 3572 ex
627 3522 895 3572 istiusmodi
925 3538 1125 3571 caussae
1154 3521 1462 3572 attributione
1499 3523 1704 3590 patitur,
1747 3542 1900 3592 neque
1931 3529 2070 3595 spiri-

167 3614 242 3655 tus
272 3615 500 3669 sanctus,
542 3607 935 3673 quemadmodum
970 3622 1123 3670 neque
1156 3614 1291 3672 pater
1319 3605 1450 3673 ipse3
1504 3618 1754 3675 propterea
1791 3612 1912 3678 quod
1944 3613 2070 3664 filius

167 3690 328 3757 genita
359 3690 550 3741 soboles
581 3701 683 3754 est,
738 3709 832 3741 non
858 3698 1097 3740 creatura.
1176 3686 1338 3755 Quare
1381 3691 1552 3740 nullam
1585 3709 1647 3741 ex
1685 3710 1741 3743 co
1779 3697 1900 3764 quod
1935 3698 2068 3766 geni-

168 3815 346 3842 caussam
366 3802 563 3856 passionis
583 3803 779 3844 sortietur
803 3801 927 3857 filius)
952 3806 987 3842 et
1009 3803 1206 3845 Petavius.
1264 3804 1371 3843 Libri
1399 3806 1514 3855 vulyo
1544 3803 1667 3849 αἰτία.
