2508 4134
199 1896 274 1934 1)δὲ
283 1912 291 1923 ·

317 1886 392 1922 963.

415 299 516 351 276
1120 302 1324 345 sANcTt
1352 304 1636 347 EPIPHANII

413 410 560 471 ἕξεως
587 402 893 473 ὑπομείνασα
919 398 1177 469 ἀποβολὴν
1204 401 1494 472 ἀγεννησίας
1523 404 1784 472 ἐστέρηται.
1859 408 1960 475 Εἰἠ
1989 405 2050 461 ἂν
2077 399 2171 461 οὖν
2199 405 2346 460 οὐσία

414 493 502 559 μὲν
542 487 765 561 γεννητὴ,
819 486 875 541 τὸ
904 488 957 540 δὲ
987 486 1249 557 ἀγέννητον
1279 489 1389 551 ἕξις.
1462 491 1534 540 Εἰ
1561 489 1613 542 δὲ
1640 488 1694 543 τὸ
1723 492 1937 560 γέννημα
1977 490 2201 562 παρόδου
2243 490 2343 544 ἐστὶ

416 573 711 644 δηλωτικόν,
749 571 976 642 δηλονότι
1012 570 1156 635 ἕξεως
1193 574 1291 626 ἐστι
1326 572 1653 641 σημαντικόν,
1705 574 1767 629 ἀν
1795 597 1846 630 τε
1874 578 2264 646 μεταπέπλασται
2295 577 2345 639 ἐξ

415 661 590 724 οὐσίας
626 657 786 725 τινός,
821 657 883 712 ἀν
918 679 967 711 τε
1003 656 1151 712 τοῦτό
1191 660 1320 712 ἔστιν
1356 657 1386 712 ὃ
1420 659 1606 730 λέγεται
1646 662 1876 732 γέννημα.

550 832 745 901 Ἀνατρ.
805 827 937 897 ’Ήδη
965 829 1049 897 μὲν
1079 822 1171 883 οὖν
1195 830 1307 899 περὶ
1334 837 1621 900 στερητικῆς
1651 830 1943 897 ὖποθέσεως
1973 832 2127 889 πολλοὶ
2155 850 2347 902 συμμομ

414 916 676 988 χεσάμενος
703 913 732 970 ὅ
752 915 941 978 Ἀέτιος
979 922 1083 978 τοῖς
1121 913 1224 968 ἀπό
1250 921 1338 983 τῆς
1364 919 1570 980 πίστεως
1607 918 1904 990 ἀλλοτρίοις,
1958 921 2044 974 καὶ
2075 917 2228 982 αὐτὸς
2265 921 2348 972 ἰ’σα

415 1006 615 1058 ἐκείνων
660 1000 787 1056 κατά
823 1007 911 1069 τῆς
954 1004 1160 1064 πίστεως
1198 1003 1522 1069 ἐξωπλίσατο,
1581 1004 1730 1058 οὐδὲν
1780 1004 1881 1059 ἀπὸ
1928 1009 2135 1067 πίστεως
2178 1005 2346 1074 λέγων,

415 1087 533 1143 οὐδὲ
557 1089 863 1158 μεμνημένος
890 1092 979 1140 τοῦ
1004 1089 1157 1156 ῥητοῦ
1184 1085 1309 1157 πρὸς
1335 1087 1451 1150 τούς
1478 1086 1565 1155 ἀφ’
1592 1090 1781 1144 ἓαυτῶν
1805 1090 2095 1162 κενολόγους
2121 1094 2348 1157 φωνοῦν-

415 1198 530 1242 τας,
571 1177 656 1229 καὶ
685 1172 745 1228 ού
771 1179 1074 1244 κρατοῦντας
1101 1171 1190 1240 τὴν
1219 1170 1376 1244 ἀρχὴν
1399 1180 1486 1241 τῆς
1517 1178 1749 1242 πίστεως,
1799 1173 1867 1238 ὥς
1893 1174 2021 1246 πρὸς
2046 1172 2227 1237 αὐτούς
2253 1177 2348 1228 διε-

413 1268 672 1332 λεγκτικῶς
697 1258 725 1314 ὁ
751 1258 894 1330 λόγος
921 1260 1073 1326 φησὶ,
1114 1255 1280 1312 Εἶπον
1309 1256 1402 1328 ἐγώ
1432 1261 1482 1313 έν
1504 1266 1562 1333 τῇ
1591 1259 1808 1315 ἐκστάσει
1840 1283 1966 1329 μου,
2008 1266 2124 1323 Πᾶς
2151 1258 2348 1329 ἀνθρω-

415 1369 511 1409 πος
538 1345 781 1414 ψεύστης·
833 1343 953 1414 μετά
982 1345 1068 1397 καὶ
1098 1349 1212 1409 τοῦ,
1258 1342 1639 1415 Ἐταπεινοόθην
1673 1345 1884 1418 σφόδρα.
1961 1351 2077 1400 Νῦν
2114 1346 2167 1399 δὲ
2197 1339 2350 1407 αὖθις

414 1440 517 1495 τοῖς
542 1430 710 1494 αὐτοῖς
735 1429 1177 1500 κατατριβόμενος,
1213 1429 1505 1500 στερήσεως,
1558 1432 1827 1501 ὀνομασίας
1853 1454 1903 1486 τε
1935 1433 2019 1486 καὶ
2048 1433 2216 1496 ἕξεως,
2264 1430 2348 1483 καὶ

415 1523 748 1588 συλλογισμῶν
787 1517 1112 1587 ἀνθρωπίνης
1143 1522 1388 1587 σφαλερᾶς
1414 1514 1653 1581 ὑπονοίας
1671 1561 1683 1585 ,
1723 1517 1913 1589 φόρτον
1939 1514 2349 1590 προβαλλόμενος,

415 1605 499 1657 καὶ
534 1608 881 1670 πνευματικῶς
920 1599 1306 1673 ἀνακρινόμενος
1341 1603 1522 1657 ἑαυτοῦ
1552 1607 1809 1672 θφείδεται
1849 1603 2105 1671 ἀνακόψαι
2133 1599 2188 1655 to*
2220 1603 2351 1654 ἰ’διον

413 1688 614 1758 ὅρμημα
663 1694 751 1756 τῆς
794 1690 842 1752 ἐξ
875 1686 1200 1758 ἀνθρωπίνης
1231 1692 1564 1759 πανουργίας,
1627 1688 1812 1756 θάφεὶς
1843 1691 1955 1762 περὶ
1983 1693 2113 1743 θεοῦ
2141 1688 2295 1757 λέγειν
2317 1682 2354 1738 δι’

414 1773 654 1843 βούλεται.
718 1771 866 1827 Ἀλλά
896 1775 980 1827 καὶ
1011 1771 1165 1842 ἡμᾶς,
1216 1777 1391 1845 καίπερ
1432 1774 1585 1828 πολλά
1614 1777 1726 1847 περὶ
1756 1781 2049 1847 στερητικῶν
2074 1774 2350 1842 διαλεχθέν-

415 1881 529 1926 τας,
581 1858 841 1930 ἀναγκάζει
873 1858 1021 1913 πάλιν
1062 1867 1166 1922 τοῖς
1210 1859 1379 1923 αὐτοῖς
1420 1862 1669 1929 ἐμμένειν,
1720 1863 1806 1915 καὶ
1834 1864 1888 1916 έν
1911 1868 2018 1924 ταῖς
2049 1857 2173 1931 πρὸς
2200 1856 2351 1912 αὐτὸν

413 1945 721 2017 ἀνατροπαῖς
760 1949 1156 2016 κατατρίβεσθαι.
1232 1947 1334 1998 Καὶ
1372 1940 1436 2015 ἦν
1475 1947 1563 2014 μὲν
1602 1945 1748 2015 ἱκανὴ
1785 1945 1819 2015 ἦ
1854 1945 1950 2018 πρὸ
2002 1944 2182 2014 ταύτης
2231 1943 2348 1998 ἀνα-

411 2031 571 2102 τροπὴ
605 2032 883 2100 δυναμένη,
924 2029 1007 2085 διά
1032 2029 1086 2085 τὸ
1122 2028 1410 2103 ὅμόρροπον
1438 2033 1524 2085 καὶ
1560 2030 1830 2101 ὁμώνυμον
1860 2038 1950 2086 τοῦ
1979 2035 2349 2103 συλλογιστικοῦ

413 2118 571 2172 αὐτοῦ
598 2116 776 2188 λόγου,
816 2115 940 2171 κατά
977 2122 1117 2170 7ταῖν
1145 2116 1441 2188 ἀμφοτέρων
1466 2119 1723 2188 φέρεσθαι.
1795 2116 1915 2171 Ἀλλ’
1948 2119 2052 2171 ἐπεὶ
2085 2123 2109 2154 ⁸
2129 2120 2206 2170 δεῖ
2232 2114 2352 2185 μήτε
2428 2122 2430 2124 ’

412 2206 572 2258 ἵππον
604 2203 960 2274 σιδηρόστομον
989 2202 1290 2272 ἀχαλίνωτον
1317 2205 1433 2269 έᾶν,
1471 2201 1566 2256 κάν
1591 2225 1640 2257 τε
1666 2201 1791 2257 κατά
1815 2202 2094 2275 βαράθρων
2122 2203 2350 2273 φέρηται,

411 2287 507 2343 κάν
537 2311 586 2343 τε
618 2288 718 2342 ἀπὸ
745 2295 836 2342 τοῦ
862 2287 1146 2360 ὅρμήματος
1172 2287 1269 2357 ἤδη
1292 2286 1606 2359 ἀνεκρούσθη
1623 2332 1637 2354 ,
1690 2287 1802 2343 οῦτε
1831 2289 1978 2360 ἀνδρὶ
2011 2286 2135 2341 κατά
2161 2293 2250 2356 τῆς
2272 2290 2351 2340 πί-

414 2372 565 2436 στεως
602 2372 661 2427 τά
697 2372 824 2427 αὐτοὶ
847 2376 1034 2445 λέγοντι
1071 2382 1364 2446 συγχωρεῖν,
1417 2376 1503 2427 καὶ
1528 2373 1594 2443 μή
1624 2373 1751 2445 πρός
1781 2373 1932 2428 αύτὸν
1963 2374 2142 2444 λέγειν,
2197 2366 2350 2435 αὖθις

415 2461 623 2529 ἐροῦμεν
651 2458 752 2525 ὅτι,
795 2461 838 2513 εἰ
869 2461 953 2528 μὲν
983 2463 1037 2513 αἱ
1060 2459 1306 2530 στερήσεις
1331 2458 1477 2524 ἕξεων
1510 2462 1631 2514 εἰσιν
1662 2460 1978 2531 ἀφαιρέσεις,
2028 2457 2083 2513 τὸ
2115 2460 2195 2513 ἐπὶ
2221 2463 2350 2513 θεοῦ

417 2545 683 2614 ἀγέννητον
713 2542 824 2613 ’ἤτοι
853 2547 1074 2617 στέρησίς
1105 2548 1232 2599 ἐστιν
1259 2547 1427 2611 ἕξεως,
1465 2544 1501 2614 ἢ
1529 2547 1626 2610 ἕξις
1653 2546 1946 2617 στερήσεως,
1983 2546 2067 2599 καὶ
2096 2544 2270 2611 πάλιν,
2308 2545 2354 2597 εἰ

416 2630 504 2697 μὲν
544 2632 763 2701 στέρησίς
803 2633 931 2684 ἔστιν
959 2633 1128 2697 ἕξεως,
1178 2637 1285 2694 πῶς
1314 2630 1375 2685 ὅῖν
1401 2630 1457 2686 τό
1497 2630 1566 2701 μὴ
1597 2630 1783 2703 προςὸν
1825 2629 1893 2695 ὥς
1921 2629 2103 2703 προςόν
2138 2636 2207 2703 τῷ
2242 2634 2348 2703 θεῷ

414 2732 568 2787 συναρ
574 2715 907 2784 ιθμηθήσεται
919 2741 934 2781 3

559 2973 658 3025 Καὶ
695 2971 728 3040 ἢ
753 2972 989 3035 τοιούτως
1013 2971 1047 3041 ἢ
1069 2972 1303 3036 τοιούτως
1346 2975 1458 3045 περὶ
1490 2979 1617 3027 θεοῦ
1643 2991 1695 3026 σε
1722 2976 2054 3037 διανοεῖσθαι,
2110 2963 2149 3025 ὦ
2179 2969 2346 3038 Ἀέτιε,

414 3059 500 3110 καὶ
528 3058 649 3121 ἕξεις
685 3060 796 3127 περὶ
823 3057 909 3112 τόν
939 3057 1064 3113 θεὸν
1092 3058 1343 3124 τοπάζειν,
1396 3061 1529 3112 ἕσται
1564 3077 1642 3112 σοι
1671 3059 1758 3127 μὲν
1785 3056 1818 3126 ἦ
1844 3056 2038 3111 διάνοια
2066 3063 2089 3094 ⁹
2106 3074 2347 3128 στερισκο-

418 3143 554 3210 μένη.
614 3142 745 3196 ’Ὀσα
769 3141 862 3215 γάρ
898 3150 916 3180 ¹
932 3149 956 3180 0
973 3143 1036 3197 ἂν
1068 3147 1295 3218 ε’παναβῇ
1318 3142 1351 3212 ’ἡ
1376 3147 1554 3215 καρδία
1583 3146 1674 3198 σου
1702 3142 1828 3215 πρός
1846 3141 1970 3196 θεὸν
1999 3140 2346 3210 ἀποτίθεσθαι,

414 3226 542 3294 πλὴν
577 3230 736 3296 μόνου
776 3235 865 3283 τοῦ
902 3229 1144 3284 πιστεύειν
1186 3232 1270 3284 καὶ
1311 3228 1733 3301 ύπερθαυμάζειν,
1783 3230 1866 3282 καὶ
1907 3230 1956 3291 ἐξ
1982 3227 2098 3296 ὅλης
2127 3230 2348 3290 διανοίας

416 3313 657 3378 δοξάζειν,
696 3314 990 3390 έλεγχθήσῃ,
1030 3314 1152 3369 θεὸν
1180 3316 1268 3383 μὲν
1296 3313 1364 3384 μὴ
1392 3314 1667 3383 δυνάμενος
1692 3316 2079 3383 συλλογίζεσθαι,
2118 3311 2237 3382 μήτε
2261 3310 2348 3366 τόν

417 3397 574 3451 αὐτοῦ
610 3397 750 3465 υίὸν,
801 3401 920 3470 μήτε
950 3400 1003 3455 τό
1033 3399 1176 3470 ἅγιον
1209 3398 1366 3454 αύτοῦ
1406 3407 1627 3470 πνεῦμα,
1680 3402 1761 3452 ’ἵνα
1785 3397 1854 3467 μή
1880 3417 1930 3451 σε
1959 3396 1989 3452 ὁ
2017 3395 2139 3460 θεός
2163 3399 2344 3471 ἐλέγξῃ,

415 3484 498 3534 καὶ
528 3483 746 3553 ψεύστης
775 3488 916 3561 γένῃ,
956 3484 1082 3540 κατά
1116 3485 1170 3540 τό
1200 3487 1549 3558 γεγραμμένον.
1618 3483 1700 3538 Ἐν
1727 3482 1847 3553 ἡμῖν
1874 3482 1967 3555 γάρ
1992 3485 2077 3538 καὶ
2104 3484 2223 3547 ἕξεις
2256 3483 2343 3536 καὶ

473 3627 512 3666 5
546 3642 593 3669 ου
619 3628 811 3682 φείδεται
829 3633 991 3672 coniecit
1013 3632 1213 3674 Petavius.
1255 3633 1352 3672 Cor·
1465 3628 1507 3672 6.
1536 3624 1661 3684 ἀφεὶς
1684 3629 1904 3670 emendavit
1930 3630 2129 3671 Petavius.
2189 3621 2265 3682 ἀφ’
2288 3618 2346 3680 ἧς

415 3685 553 3723 narius
577 3689 690 3725 vertit
717 3695 760 3726 et
784 3686 1052 3740 spiritualiter
1079 3694 1352 3743 percunctans
1409 3689 1594 3728 librorum
1623 3688 1818 3736 scriptura
1847 3690 1911 3726 est.

416 3738 623 3792 seipsum,
656 3755 706 3781 eo
729 3743 899 3784 enititur
921 3751 965 3784 ut
989 3744 1205 3800 proprium
1234 3758 1352 3784 suurn
1465 3743 1505 3786 7.
1533 3740 1611 3795 τὴν
1640 3744 1915 3793 cod.Rhed1·9.

417 3795 676 3849 propositum
702 3799 879 3849 relidat,
925 3815 974 3841 ex
1000 3800 1178 3842 humana
1205 3815 1349 3842 versu-
1465 3798 1503 3841 8.
1535 3796 1627 3841 ἐπεὶ
1657 3800 1728 3841 δεῖ
1760 3803 2005 3839 correxerunt
2041 3799 2255 3840 cornaria-3
2283 3800 2344 3837 at-

416 3851 499 3901 tia,
532 3867 553 3891 a
584 3866 661 3906 qua
693 3853 744 3892 de
775 3854 854 3896 deo
886 3855 987 3897 dicit
1019 3871 1121 3911 quae
1151 3856 1251 3899 vult.
1409 3867 1480 3907 que
1506 3857 1704 3897 Petavius.
1765 3851 1910 3909 ἐπειδη
1935 3857 2119 3906 praebent
2149 3856 2238 3895 libri
2263 3858 2344 3894 tam
