<?xml version="1.0" encoding="UTF-8"?>
<!DOCTYPE html PUBLIC "-//W3C//DTD XHTML 1.0 Transitional//EN"
    "http://www.w3.org/TR/xhtml1/DTD/xhtml1-transitional.dtd">
<html xmlns="http://www.w3.org/1999/xhtml" xml:lang="en" lang="en">
 <head>
  <title>
</title>
<meta http-equiv="Content-Type" content="text/html;charset=utf-8" />
  <meta name='ocr-system' content='tesseract 3.04.00' />
  <meta name='ocr-capabilities' content='ocr_page ocr_carea ocr_par ocr_line ocrx_word'/>
</head>
<body>
  <div class='ocr_page' id='page_1' title='image "./pt3corporishaere02epipuoft_0142.png"; bbox 0 0 2508 4134; ppageno 0'>
   <div class='ocr_carea' id='block_1_1' title="bbox 258 557 464 615">
    <p class='ocr_par' dir='ltr' id='par_1_1' title="bbox 258 557 464 615">
     <span class='ocr_line' id='line_1_1' title="bbox 258 557 464 615; baseline -0.005 -13"><span class='ocrx_word' id='word_1_1' title='bbox 258 557 370 615; x_wconf 77' lang='grc' dir='ltr'><em>Κεφ.</em></span> <span class='ocrx_word' id='word_1_2' title='bbox 388 557 464 615; x_wconf 85' lang='grc' dir='ltr'><em>λβ’.</em></span> 
     </span>
    </p>
   </div>
   <div class='ocr_carea' id='block_1_2' title="bbox 271 1997 454 2043">
    <p class='ocr_par' dir='ltr' id='par_1_2' title="bbox 271 1997 454 2043">
     <span class='ocr_line' id='line_1_2' title="bbox 271 1997 454 2043; baseline 0 -11"><span class='ocrx_word' id='word_1_3' title='bbox 271 2006 356 2043; x_wconf 78' lang='lat' dir='ltr'><strong>pag.</strong></span> <span class='ocrx_word' id='word_1_4' title='bbox 378 1997 454 2033; x_wconf 72' lang='lat'>581.</span> 
     </span>
    </p>
   </div>
   <div class='ocr_carea' id='block_1_3' title="bbox 490 265 1715 317">
    <p class='ocr_par' dir='ltr' id='par_1_3' title="bbox 490 265 1715 317">
     <span class='ocr_line' id='line_1_3' title="bbox 490 265 1715 317; baseline -0.001 -1"><span class='ocrx_word' id='word_1_5' title='bbox 490 265 588 317; x_wconf 88' lang='lat'><em>132</em></span> <span class='ocrx_word' id='word_1_6' title='bbox 1200 272 1406 316; x_wconf 78' lang='lat' dir='ltr'>SANCTI</span> <span class='ocrx_word' id='word_1_7' title='bbox 1434 274 1715 316; x_wconf 78' lang='lat' dir='ltr'>EP1PHAN11</span> 
     </span>
    </p>
   </div>
   <div class='ocr_carea' id='block_1_4' title="bbox 471 366 2455 3173">
    <p class='ocr_par' dir='ltr' id='par_1_4' title="bbox 482 366 2418 511">
     <span class='ocr_line' id='line_1_4' title="bbox 482 366 2418 440; baseline 0.002 -16"><span class='ocrx_word' id='word_1_8' title='bbox 482 368 676 425; x_wconf 80' lang='grc' dir='ltr'><em>Ἰκανὸν</em></span> <span class='ocrx_word' id='word_1_9' title='bbox 707 370 762 423; x_wconf 93' lang='grc' dir='ltr'><em>δέ</em></span> <span class='ocrx_word' id='word_1_10' title='bbox 790 371 890 424; x_wconf 81' lang='grc' dir='ltr'><em>ἔστι</em></span> <span class='ocrx_word' id='word_1_11' title='bbox 919 370 1004 423; x_wconf 84' lang='grc' dir='ltr'><em>καὶ</em></span> <span class='ocrx_word' id='word_1_12' title='bbox 1028 366 1082 423; x_wconf 84' lang='grc' dir='ltr'>τὸ</span> <span class='ocrx_word' id='word_1_13' title='bbox 1113 374 1201 437; x_wconf 84' lang='grc' dir='ltr'><em>τῆς</em></span> <span class='ocrx_word' id='word_1_14' title='bbox 1232 372 1415 437; x_wconf 84' lang='grc' dir='ltr'><strong><em>σοφίας</em></strong></span> <span class='ocrx_word' id='word_1_15' title='bbox 1449 368 1605 440; x_wconf 78' lang='grc' dir='ltr'><em>ὄνομα</em></span> <span class='ocrx_word' id='word_1_16' title='bbox 1641 375 1805 424; x_wconf 84' lang='grc' dir='ltr'><em>πᾶσαν</em></span> <span class='ocrx_word' id='word_1_17' title='bbox 1832 370 2029 424; x_wconf 76' lang='grc' dir='ltr'><em>ἔννοιαν</em></span> <span class='ocrx_word' id='word_1_18' title='bbox 2070 370 2272 435; x_wconf 81' lang='grc' dir='ltr'><em>πάθους</em></span> <span class='ocrx_word' id='word_1_19' title='bbox 2296 369 2418 427; x_wconf 80' lang='grc' dir='ltr'><em>άπο-</em></span> 
     </span>
     <span class='ocr_line' id='line_1_5' title="bbox 484 463 681 511; baseline -0.02 0"><span class='ocrx_word' id='word_1_20' title='bbox 484 463 681 511; x_wconf 78' lang='grc' dir='ltr'><strong><em>κλεῖσαι.</em></strong></span> 
     </span>
    </p>

    <p class='ocr_par' dir='ltr' id='par_1_5' title="bbox 471 535 2455 3173">
     <span class='ocr_line' id='line_1_6' title="bbox 616 535 2419 610; baseline 0.002 -18"><span class='ocrx_word' id='word_1_21' title='bbox 616 538 763 592; x_wconf 73' lang='grc' dir='ltr'><em>Ἀλλά</em></span> <span class='ocrx_word' id='word_1_22' title='bbox 806 546 900 593; x_wconf 92' lang='grc' dir='ltr'><em>ποῖ</em></span> <span class='ocrx_word' id='word_1_23' title='bbox 936 539 1198 610; x_wconf 89' lang='grc' dir='ltr'><em>φερόμεθα</em></span> <span class='ocrx_word' id='word_1_24' title='bbox 1236 539 1303 609; x_wconf 78' lang='grc' dir='ltr'><em>μή</em></span> <span class='ocrx_word' id='word_1_25' title='bbox 1336 540 1722 609; x_wconf 84' lang='grc' dir='ltr'><em>μνημονεύοντες</em></span> <span class='ocrx_word' id='word_1_26' title='bbox 1747 545 1836 593; x_wconf 94' lang='grc' dir='ltr'><em>τοῦ</em></span> <span class='ocrx_word' id='word_1_27' title='bbox 1865 538 2115 607; x_wconf 86' lang='grc' dir='ltr'><em>εἰπόντος,</em></span> <span class='ocrx_word' id='word_1_28' title='bbox 2154 535 2229 597; x_wconf 81' lang='grc' dir='ltr'><em>Ὦ,</em></span> <span class='ocrx_word' id='word_1_29' title='bbox 2254 542 2419 610; x_wconf 87' lang='grc' dir='ltr'><em>βάθος</em></span> 
     </span>
     <span class='ocr_line' id='line_1_7' title="bbox 486 622 2416 698; baseline 0.002 -20"><span class='ocrx_word' id='word_1_30' title='bbox 486 623 707 679; x_wconf 86' lang='grc' dir='ltr'><em>πλούτου</em></span> <span class='ocrx_word' id='word_1_31' title='bbox 750 626 836 678; x_wconf 83' lang='grc' dir='ltr'><em>καὶ</em></span> <span class='ocrx_word' id='word_1_32' title='bbox 878 629 1059 692; x_wconf 85' lang='grc' dir='ltr'><strong><em>σοφίας</em></strong></span> <span class='ocrx_word' id='word_1_33' title='bbox 1101 627 1222 679; x_wconf 85' lang='grc' dir='ltr'><em>1καὶ</em></span> <span class='ocrx_word' id='word_1_34' title='bbox 1267 625 1492 697; x_wconf 86' lang='grc' dir='ltr'><em>γνώσεως</em></span> <span class='ocrx_word' id='word_1_35' title='bbox 1530 631 1687 691; x_wconf 93' lang='grc' dir='ltr'><em>θεοῦ,</em></span> <span class='ocrx_word' id='word_1_36' title='bbox 1739 622 1804 686; x_wconf 82' lang='grc' dir='ltr'><em>ώς</em></span> <span class='ocrx_word' id='word_1_37' title='bbox 1842 623 2186 696; x_wconf 82' lang='grc' dir='ltr'><em>ἆνεξερεύνητα</em></span> <span class='ocrx_word' id='word_1_38' title='bbox 2219 623 2280 680; x_wconf 76' lang='grc' dir='ltr'><em>τά</em></span> <span class='ocrx_word' id='word_1_39' title='bbox 2315 630 2416 698; x_wconf 86' lang='grc' dir='ltr'><em>κρί-</em></span> 
     </span>
     <span class='ocr_line' id='line_1_8' title="bbox 485 708 2417 782; baseline 0.001 -19"><span class='ocrx_word' id='word_1_40' title='bbox 485 733 614 779; x_wconf 85' lang='grc' dir='ltr'><em>ματα</em></span> <span class='ocrx_word' id='word_1_41' title='bbox 648 708 829 776; x_wconf 74' lang='grc' dir='ltr'><em>αὐτοῦ,</em></span> <span class='ocrx_word' id='word_1_42' title='bbox 881 712 963 764; x_wconf 78' lang='grc' dir='ltr'><em>καὶ</em></span> <span class='ocrx_word' id='word_1_43' title='bbox 997 708 1344 779; x_wconf 70' lang='grc' dir='ltr'><em>ἀνεξιχνίαστοι</em></span> <span class='ocrx_word' id='word_1_44' title='bbox 1372 714 1428 764; x_wconf 82' lang='grc' dir='ltr'><em>αἱ</em></span> <span class='ocrx_word' id='word_1_45' title='bbox 1447 709 1559 765; x_wconf 80' lang='grc' dir='ltr'><em>ὁδοὶ</em></span> <span class='ocrx_word' id='word_1_46' title='bbox 1586 709 1765 775; x_wconf 70' lang='grc' dir='ltr'><em>αὐτοῦς</em></span> <span class='ocrx_word' id='word_1_47' title='bbox 1824 709 2037 779; x_wconf 75' lang='grc' dir='ltr'><em>’Έχομεν</em></span> <span class='ocrx_word' id='word_1_48' title='bbox 2061 708 2156 782; x_wconf 74' lang='grc' dir='ltr'><em>γάρ</em></span> <span class='ocrx_word' id='word_1_49' title='bbox 2185 710 2417 766; x_wconf 85' lang='grc' dir='ltr'><em>διδάσκα-</em></span> 
     </span>
     <span class='ocr_line' id='line_1_9' title="bbox 482 793 2417 867; baseline 0.001 -18"><span class='ocrx_word' id='word_1_50' title='bbox 482 802 571 849; x_wconf 92' lang='grc' dir='ltr'><em>λον</em></span> <span class='ocrx_word' id='word_1_51' title='bbox 609 794 664 850; x_wconf 77' lang='grc' dir='ltr'><em>τό</em></span> <span class='ocrx_word' id='word_1_52' title='bbox 697 802 889 864; x_wconf 88' lang='grc' dir='ltr'><em>πνεῦμα</em></span> <span class='ocrx_word' id='word_1_53' title='bbox 928 801 1018 864; x_wconf 81' lang='grc' dir='ltr'><em>τῆς</em></span> <span class='ocrx_word' id='word_1_54' title='bbox 1054 795 1312 864; x_wconf 77' lang='grc' dir='ltr'><em>ἀληθείας,</em></span> <span class='ocrx_word' id='word_1_55' title='bbox 1363 794 1392 849; x_wconf 74' lang='grc' dir='ltr'>ὃ</span> <span class='ocrx_word' id='word_1_56' title='bbox 1423 798 1603 850; x_wconf 74' lang='grc' dir='ltr'><em>ἔδωκεν</em></span> <span class='ocrx_word' id='word_1_57' title='bbox 1642 794 1763 864; x_wconf 86' lang='grc' dir='ltr'><em>ήμῖν</em></span> <span class='ocrx_word' id='word_1_58' title='bbox 1808 793 1838 849; x_wconf 79' lang='grc' dir='ltr'>ὁ</span> <span class='ocrx_word' id='word_1_59' title='bbox 1864 795 2039 867; x_wconf 85' lang='grc' dir='ltr'><em>κύριος</em></span> <span class='ocrx_word' id='word_1_60' title='bbox 2069 795 2189 865; x_wconf 70' lang='grc' dir='ltr'><em>μετὰ</em></span> <span class='ocrx_word' id='word_1_61' title='bbox 2221 796 2312 866; x_wconf 80' lang='grc' dir='ltr'><em>τήν</em></span> <span class='ocrx_word' id='word_1_62' title='bbox 2348 799 2417 861; x_wconf 76' lang='grc' dir='ltr'><em>εἰς</em></span> 
     </span>
     <span class='ocr_line' id='line_1_10' title="bbox 485 878 2415 952; baseline 0.001 -18"><span class='ocrx_word' id='word_1_63' title='bbox 485 879 735 951; x_wconf 78' lang='grc' dir='ltr'><em>οὕρανοῦς</em></span> <span class='ocrx_word' id='word_1_64' title='bbox 781 879 1059 949; x_wconf 82' lang='grc' dir='ltr'><em>άνάληψιν,</em></span> <span class='ocrx_word' id='word_1_65' title='bbox 1110 884 1194 934; x_wconf 77' lang='grc' dir='ltr'><em>ἵνα</em></span> <span class='ocrx_word' id='word_1_66' title='bbox 1223 884 1406 950; x_wconf 77' lang='grc' dir='ltr'><em>ἴδωμεν</em></span> <span class='ocrx_word' id='word_1_67' title='bbox 1438 879 1498 934; x_wconf 77' lang='grc' dir='ltr'><em>τά</em></span> <span class='ocrx_word' id='word_1_68' title='bbox 1539 878 1640 935; x_wconf 59' lang='lat' dir='ltr'><em>iao*</em></span> <span class='ocrx_word' id='word_1_69' title='bbox 1671 886 1761 934; x_wconf 90' lang='grc' dir='ltr'><em>τοῦ</em></span> <span class='ocrx_word' id='word_1_70' title='bbox 1788 886 1915 934; x_wconf 87' lang='grc' dir='ltr'><em>θεοῦ</em></span> <span class='ocrx_word' id='word_1_71' title='bbox 1950 884 2248 952; x_wconf 83' lang='grc' dir='ltr'><em>χαρισθέντα</em></span> <span class='ocrx_word' id='word_1_72' title='bbox 2278 880 2415 952; x_wconf 76' lang='grc' dir='ltr'><em>ἡμῖν,</em></span> 
     </span>
     <span class='ocr_line' id='line_1_11' title="bbox 484 959 2417 1039; baseline 0.002 -20"><span class='ocrx_word' id='word_1_73' title='bbox 484 968 537 1019; x_wconf 81' lang='grc' dir='ltr'><em>έν</em></span> <span class='ocrx_word' id='word_1_74' title='bbox 571 959 714 1039; x_wconf 72' lang='grc' dir='ltr'><em>ᾧκαὶ</em></span> <span class='ocrx_word' id='word_1_75' title='bbox 743 973 1006 1034; x_wconf 82' lang='grc' dir='ltr'><em>λαλοῦμεν,</em></span> <span class='ocrx_word' id='word_1_76' title='bbox 1046 964 1138 1020; x_wconf 80' lang='grc' dir='ltr'><em>οὔκ</em></span> <span class='ocrx_word' id='word_1_77' title='bbox 1165 969 1217 1020; x_wconf 82' lang='grc' dir='ltr'><em>έν</em></span> <span class='ocrx_word' id='word_1_78' title='bbox 1248 970 1498 1029; x_wconf 85' lang='grc' dir='ltr'><em>διδακτοῖς</em></span> <span class='ocrx_word' id='word_1_79' title='bbox 1519 965 1841 1036; x_wconf 69' lang='grc' dir='ltr'><em>ἀνθρωπίνης</em></span> <span class='ocrx_word' id='word_1_80' title='bbox 1870 964 2051 1033; x_wconf 81' lang='grc' dir='ltr'><em>σοφίας</em></span> <span class='ocrx_word' id='word_1_81' title='bbox 2071 967 2264 1038; x_wconf 80' lang='grc' dir='ltr'><em>λόγοις,</em></span> <span class='ocrx_word' id='word_1_82' title='bbox 2316 965 2417 1022; x_wconf 77' lang='grc' dir='ltr'><em>ἀλλ’</em></span> 
     </span>
     <span class='ocr_line' id='line_1_12' title="bbox 483 1050 2414 1124; baseline 0.001 -20"><span class='ocrx_word' id='word_1_83' title='bbox 483 1053 536 1105; x_wconf 82' lang='grc' dir='ltr'><em>έν</em></span> <span class='ocrx_word' id='word_1_84' title='bbox 565 1055 816 1115; x_wconf 81' lang='grc' dir='ltr'><em>διδακτοῖς</em></span> <span class='ocrx_word' id='word_1_85' title='bbox 846 1058 935 1106; x_wconf 90' lang='grc' dir='ltr'><em>τοῦ</em></span> <span class='ocrx_word' id='word_1_86' title='bbox 967 1051 1266 1120; x_wconf 88' lang='grc' dir='ltr'><em>πνεύματος,</em></span> <span class='ocrx_word' id='word_1_87' title='bbox 1321 1059 1673 1121; x_wconf 83' lang='grc' dir='ltr'><em>πνευματικοῖς</em></span> <span class='ocrx_word' id='word_1_88' title='bbox 1710 1050 2017 1120; x_wconf 76' lang='grc' dir='ltr'><em>πνευματικοὶ</em></span> <span class='ocrx_word' id='word_1_89' title='bbox 2054 1057 2414 1124; x_wconf 81' lang='grc' dir='ltr'><em>συγκρίνοντες,</em></span> 
     </span>
     <span class='ocr_line' id='line_1_13' title="bbox 483 1130 2415 1212; baseline 0.002 -23"><span class='ocrx_word' id='word_1_90' title='bbox 483 1138 536 1190; x_wconf 81' lang='grc' dir='ltr'><em>ἒν</em></span> <span class='ocrx_word' id='word_1_91' title='bbox 567 1130 611 1210; x_wconf 68' lang='grc' dir='ltr'><em>ᾧ</em></span> <span class='ocrx_word' id='word_1_92' title='bbox 634 1136 932 1208; x_wconf 88' lang='grc' dir='ltr'><em>λατρεύομεν</em></span> <span class='ocrx_word' id='word_1_93' title='bbox 968 1139 1054 1190; x_wconf 85' lang='grc' dir='ltr'><em>καὶ</em></span> <span class='ocrx_word' id='word_1_94' title='bbox 1090 1142 1492 1208; x_wconf 81' lang='grc' dir='ltr'><em>προςκυνοῦμεν,</em></span> <span class='ocrx_word' id='word_1_95' title='bbox 1550 1134 1660 1190; x_wconf 67' lang='grc' dir='ltr'><em>2δι’</em></span> <span class='ocrx_word' id='word_1_96' title='bbox 1691 1136 1721 1190; x_wconf 78' lang='grc' dir='ltr'>ὃ</span> <span class='ocrx_word' id='word_1_97' title='bbox 1748 1133 2088 1206; x_wconf 79' lang='grc' dir='ltr'><em>άτιμαζόμεθα</em></span> <span class='ocrx_word' id='word_1_98' title='bbox 2129 1140 2182 1192; x_wconf 83' lang='grc' dir='ltr'><em>ἐν</em></span> <span class='ocrx_word' id='word_1_99' title='bbox 2222 1131 2262 1212; x_wconf 74' lang='grc' dir='ltr'><em>ᾧ</em></span> <span class='ocrx_word' id='word_1_100' title='bbox 2295 1160 2415 1210; x_wconf 82' lang='grc' dir='ltr'><em>προ-</em></span> 
     </span>
     <span class='ocr_line' id='line_1_14' title="bbox 482 1216 2416 1295; baseline 0.002 -20"><span class='ocrx_word' id='word_1_101' title='bbox 482 1229 636 1290; x_wconf 85' lang='grc' dir='ltr'><em>φῆται</em></span> <span class='ocrx_word' id='word_1_102' title='bbox 660 1222 1062 1294; x_wconf 82' lang='grc' dir='ltr'><em>προεφήτευσαν,</em></span> <span class='ocrx_word' id='word_1_103' title='bbox 1102 1225 1153 1276; x_wconf 78' lang='grc' dir='ltr'><em>ἐν</em></span> <span class='ocrx_word' id='word_1_104' title='bbox 1186 1216 1227 1295; x_wconf 71' lang='grc' dir='ltr'><em>ᾦ</em></span> <span class='ocrx_word' id='word_1_105' title='bbox 1259 1226 1441 1276; x_wconf 88' lang='grc' dir='ltr'><em>δίκαιοι</em></span> <span class='ocrx_word' id='word_1_106' title='bbox 1479 1219 1831 1292; x_wconf 82' lang='grc' dir='ltr'><em>ὁδηγήθησαν,</em></span> <span class='ocrx_word' id='word_1_107' title='bbox 1871 1221 1932 1276; x_wconf 89' lang='grc' dir='ltr'><em>δι’</em></span> <span class='ocrx_word' id='word_1_108' title='bbox 1963 1216 2028 1277; x_wconf 81' lang='grc' dir='ltr'><em>οῦ</em></span> <span class='ocrx_word' id='word_1_109' title='bbox 2063 1222 2416 1294; x_wconf 88' lang='grc' dir='ltr'><em>προςαγόμεθα</em></span> 
     </span>
     <span class='ocr_line' id='line_1_15' title="bbox 480 1305 2415 1381; baseline 0.002 -21"><span class='ocrx_word' id='word_1_110' title='bbox 480 1313 549 1380; x_wconf 78' lang='grc' dir='ltr'><em>τῷ</em></span> <span class='ocrx_word' id='word_1_111' title='bbox 587 1310 697 1381; x_wconf 80' lang='grc' dir='ltr'><em>υἱῷ.</em></span> <span class='ocrx_word' id='word_1_112' title='bbox 775 1306 924 1362; x_wconf 75' lang='grc' dir='ltr'><em>Ἀλλά</em></span> <span class='ocrx_word' id='word_1_113' title='bbox 963 1311 1009 1361; x_wconf 83' lang='grc' dir='ltr'><em>τί</em></span> <span class='ocrx_word' id='word_1_114' title='bbox 1047 1313 1556 1378; x_wconf 82' lang='grc' dir='ltr'><em>πολυπραγμονοῦμεν</em></span> <span class='ocrx_word' id='word_1_115' title='bbox 1593 1305 1653 1360; x_wconf 78' lang='grc' dir='ltr'><em>τά</em></span> <span class='ocrx_word' id='word_1_116' title='bbox 1693 1313 1783 1375; x_wconf 78' lang='grc' dir='ltr'><em>τῆς</em></span> <span class='ocrx_word' id='word_1_117' title='bbox 1824 1306 2050 1373; x_wconf 78' lang='grc' dir='ltr'><em>φύσεως;</em></span> <span class='ocrx_word' id='word_1_118' title='bbox 2100 1308 2169 1376; x_wconf 83' lang='grc' dir='ltr'><em>μή</em></span> <span class='ocrx_word' id='word_1_119' title='bbox 2208 1307 2302 1380; x_wconf 76' lang='grc' dir='ltr'><em>γάρ</em></span> <span class='ocrx_word' id='word_1_120' title='bbox 2346 1306 2415 1373; x_wconf 70' lang='grc' dir='ltr'><em>οἷς</em></span> 
     </span>
     <span class='ocr_line' id='line_1_16' title="bbox 480 1390 2414 1466; baseline 0.002 -20"><span class='ocrx_word' id='word_1_121' title='bbox 480 1401 758 1462; x_wconf 81' lang='grc' dir='ltr'><em>σαρκικοῖς,</em></span> <span class='ocrx_word' id='word_1_122' title='bbox 812 1391 913 1447; x_wconf 82' lang='grc' dir='ltr'><em>ἀλλ’</em></span> <span class='ocrx_word' id='word_1_123' title='bbox 946 1392 1038 1461; x_wconf 80' lang='grc' dir='ltr'><em>οὐχ</em></span> <span class='ocrx_word' id='word_1_124' title='bbox 1074 1390 1141 1455; x_wconf 82' lang='grc' dir='ltr'><em>ώς</em></span> <span class='ocrx_word' id='word_1_125' title='bbox 1182 1400 1536 1461; x_wconf 85' lang='grc' dir='ltr'><em>πνευματικοῖς</em></span> <span class='ocrx_word' id='word_1_126' title='bbox 1566 1391 1916 1462; x_wconf 73' lang='grc' dir='ltr'><em>διαλεγόμεθας</em></span> <span class='ocrx_word' id='word_1_127' title='bbox 1998 1392 2105 1446; x_wconf 83' lang='grc' dir='ltr'><em>Ἐπ’</em></span> <span class='ocrx_word' id='word_1_128' title='bbox 2141 1392 2296 1448; x_wconf 70' lang='grc' dir='ltr'><em>ἄλλων</em></span> <span class='ocrx_word' id='word_1_129' title='bbox 2321 1393 2414 1466; x_wconf 75' lang='grc' dir='ltr'><em>γάρ</em></span> 
     </span>
     <span class='ocr_line' id='line_1_17' title="bbox 479 1475 2416 1549; baseline 0.001 -18"><span class='ocrx_word' id='word_1_130' title='bbox 479 1481 666 1549; x_wconf 81' lang='grc' dir='ltr'><em>εἴρηται</em></span> <span class='ocrx_word' id='word_1_131' title='bbox 710 1478 812 1544; x_wconf 78' lang='grc' dir='ltr'><em>ὅτι,</em></span> <span class='ocrx_word' id='word_1_132' title='bbox 870 1476 945 1531; x_wconf 78' lang='grc' dir='ltr'><em>Οὐ</em></span> <span class='ocrx_word' id='word_1_133' title='bbox 989 1477 1249 1546; x_wconf 83' lang='grc' dir='ltr'><em>δυνάμεθα</em></span> <span class='ocrx_word' id='word_1_134' title='bbox 1293 1476 1450 1547; x_wconf 77' lang='grc' dir='ltr'><em>3ύμῖν</em></span> <span class='ocrx_word' id='word_1_135' title='bbox 1478 1483 1683 1546; x_wconf 79' lang='grc' dir='ltr'><em>λαλῆσαι</em></span> <span class='ocrx_word' id='word_1_136' title='bbox 1709 1475 1777 1540; x_wconf 83' lang='grc' dir='ltr'><em>ώς</em></span> <span class='ocrx_word' id='word_1_137' title='bbox 1808 1486 2183 1545; x_wconf 82' lang='grc' dir='ltr'><em>πνευματικοῖς,</em></span> <span class='ocrx_word' id='word_1_138' title='bbox 2221 1477 2416 1544; x_wconf 20' lang='grc' dir='ltr'><em>ἄλλ’Ᾰώς</em></span> 
     </span>
     <span class='ocr_line' id='line_1_18' title="bbox 481 1562 2415 1634; baseline 0.001 -17"><span class='ocrx_word' id='word_1_139' title='bbox 481 1571 750 1634; x_wconf 89' lang='grc' dir='ltr'><em>σαρκικοῖς.</em></span> <span class='ocrx_word' id='word_1_140' title='bbox 824 1564 953 1626; x_wconf 83' lang='grc' dir='ltr'><em>Δέος</em></span> <span class='ocrx_word' id='word_1_141' title='bbox 993 1562 1087 1634; x_wconf 85' lang='grc' dir='ltr'><em>γάρ</em></span> <span class='ocrx_word' id='word_1_142' title='bbox 1116 1565 1216 1617; x_wconf 89' lang='grc' dir='ltr'><em>έστι</em></span> <span class='ocrx_word' id='word_1_143' title='bbox 1252 1563 1320 1632; x_wconf 90' lang='grc' dir='ltr'><em>μή</em></span> <span class='ocrx_word' id='word_1_144' title='bbox 1345 1585 1453 1626; x_wconf 89' lang='grc' dir='ltr'><em>πως</em></span> <span class='ocrx_word' id='word_1_145' title='bbox 1483 1564 1538 1617; x_wconf 79' lang='grc' dir='ltr'><em>ἐκ</em></span> <span class='ocrx_word' id='word_1_146' title='bbox 1573 1569 1662 1631; x_wconf 85' lang='grc' dir='ltr'><em>τῆς</em></span> <span class='ocrx_word' id='word_1_147' title='bbox 1686 1569 1787 1616; x_wconf 89' lang='grc' dir='ltr'><em>τῶν</em></span> <span class='ocrx_word' id='word_1_148' title='bbox 1819 1562 2177 1630; x_wconf 70' lang='grc' dir='ltr'><em>ἀκαταλήπτων</em></span> <span class='ocrx_word' id='word_1_149' title='bbox 2202 1571 2415 1632; x_wconf 87' lang='grc' dir='ltr'><em>φιλονει-</em></span> 
     </span>
     <span class='ocr_line' id='line_1_19' title="bbox 477 1647 2409 1720; baseline 0.002 -17"><span class='ocrx_word' id='word_1_150' title='bbox 477 1652 591 1712; x_wconf 89' lang='grc' dir='ltr'><em>κίας</em></span> <span class='ocrx_word' id='word_1_151' title='bbox 636 1651 720 1703; x_wconf 86' lang='grc' dir='ltr'><em>καὶ</em></span> <span class='ocrx_word' id='word_1_152' title='bbox 757 1655 846 1717; x_wconf 85' lang='grc' dir='ltr'><em>τῆς</em></span> <span class='ocrx_word' id='word_1_153' title='bbox 891 1655 991 1702; x_wconf 87' lang='grc' dir='ltr'><em>τῶν</em></span> <span class='ocrx_word' id='word_1_154' title='bbox 1029 1649 1305 1715; x_wconf 82' lang='grc' dir='ltr'><em>ἀνεφίκτων</em></span> <span class='ocrx_word' id='word_1_155' title='bbox 1343 1647 1586 1717; x_wconf 84' lang='grc' dir='ltr'><em>ζητήσεως</em></span> <span class='ocrx_word' id='word_1_156' title='bbox 1622 1651 1691 1711; x_wconf 83' lang='grc' dir='ltr'><em>εἰς</em></span> <span class='ocrx_word' id='word_1_157' title='bbox 1725 1647 1892 1720; x_wconf 78' lang='grc' dir='ltr'><em>βυθὸν</em></span> <span class='ocrx_word' id='word_1_158' title='bbox 1929 1649 2152 1718; x_wconf 73' lang='grc' dir='ltr'><em>ἀσεβείας</em></span> <span class='ocrx_word' id='word_1_159' title='bbox 2197 1652 2409 1719; x_wconf 79' lang='grc' dir='ltr'><em>ἐμπέσω-</em></span> 
     </span>
     <span class='ocr_line' id='line_1_20' title="bbox 479 1732 2411 1807; baseline 0.002 -20"><span class='ocrx_word' id='word_1_160' title='bbox 479 1756 581 1803; x_wconf 91' lang='grc' dir='ltr'><em>μεν.</em></span> <span class='ocrx_word' id='word_1_161' title='bbox 658 1736 759 1788; x_wconf 83' lang='grc' dir='ltr'><em>Καὶ</em></span> <span class='ocrx_word' id='word_1_162' title='bbox 789 1732 929 1800; x_wconf 85' lang='grc' dir='ltr'><em>εἶπα,</em></span> <span class='ocrx_word' id='word_1_163' title='bbox 967 1734 1386 1803; x_wconf 85' lang='grc' dir='ltr'><em>Σοφισθήσομαι,</em></span> <span class='ocrx_word' id='word_1_164' title='bbox 1423 1736 1509 1787; x_wconf 87' lang='grc' dir='ltr'><em>καὶ</em></span> <span class='ocrx_word' id='word_1_165' title='bbox 1540 1733 1667 1802; x_wconf 81' lang='grc' dir='ltr'><em>αὐτὴ</em></span> <span class='ocrx_word' id='word_1_166' title='bbox 1697 1733 1987 1804; x_wconf 83' lang='grc' dir='ltr'><em>έμακρύνθη</em></span> <span class='ocrx_word' id='word_1_167' title='bbox 2015 1732 2102 1789; x_wconf 75' lang='grc' dir='ltr'><em>ἄπ’</em></span> <span class='ocrx_word' id='word_1_168' title='bbox 2136 1737 2259 1805; x_wconf 78' lang='grc' dir='ltr'><em>ἐμοῦ</em></span> <span class='ocrx_word' id='word_1_169' title='bbox 2287 1734 2411 1807; x_wconf 70' lang='grc' dir='ltr'><em>ὑπὲρ</em></span> 
     </span>
     <span class='ocr_line' id='line_1_21' title="bbox 478 1813 2414 1892; baseline 0.001 -19"><span class='ocrx_word' id='word_1_170' title='bbox 478 1819 508 1873; x_wconf 76' lang='grc' dir='ltr'>ὃ</span> <span class='ocrx_word' id='word_1_171' title='bbox 541 1813 628 1887; x_wconf 85' lang='grc' dir='ltr'><em>ἧν,</em></span> <span class='ocrx_word' id='word_1_172' title='bbox 664 1821 750 1873; x_wconf 81' lang='grc' dir='ltr'><em>καὶ</em></span> <span class='ocrx_word' id='word_1_173' title='bbox 787 1818 929 1888; x_wconf 77' lang='grc' dir='ltr'><em>βαθῦ</em></span> <span class='ocrx_word' id='word_1_174' title='bbox 966 1819 1158 1888; x_wconf 89' lang='grc' dir='ltr'><em>βάθος,</em></span> <span class='ocrx_word' id='word_1_175' title='bbox 1195 1823 1268 1882; x_wconf 87' lang='grc' dir='ltr'><em>τίς</em></span> <span class='ocrx_word' id='word_1_176' title='bbox 1306 1817 1498 1891; x_wconf 84' lang='grc' dir='ltr'><em>εὗρήσει</em></span> <span class='ocrx_word' id='word_1_177' title='bbox 1532 1819 1709 1888; x_wconf 76' lang='grc' dir='ltr'><em>αὐτὴν·</em></span> <span class='ocrx_word' id='word_1_178' title='bbox 1749 1819 2165 1890; x_wconf 86' lang='grc' dir='ltr'><em>μνημονεύσωμεν</em></span> <span class='ocrx_word' id='word_1_179' title='bbox 2195 1820 2287 1892; x_wconf 73' lang='grc' dir='ltr'><em>γάρ</em></span> <span class='ocrx_word' id='word_1_180' title='bbox 2323 1827 2414 1875; x_wconf 89' lang='grc' dir='ltr'><em>τοῦ</em></span> 
     </span>
     <span class='ocr_line' id='line_1_22' title="bbox 477 1903 2410 1978; baseline 0.002 -20"><span class='ocrx_word' id='word_1_181' title='bbox 477 1904 728 1971; x_wconf 79' lang='grc' dir='ltr'><em>εἰπόντος,</em></span> <span class='ocrx_word' id='word_1_182' title='bbox 781 1903 866 1959; x_wconf 87' lang='grc' dir='ltr'><em>Ἐκ</em></span> <span class='ocrx_word' id='word_1_183' title='bbox 915 1906 1095 1974; x_wconf 83' lang='grc' dir='ltr'><em>μέρους</em></span> <span class='ocrx_word' id='word_1_184' title='bbox 1139 1904 1467 1976; x_wconf 75' lang='grc' dir='ltr'><em>γινώσκομεν,</em></span> <span class='ocrx_word' id='word_1_185' title='bbox 1528 1906 1611 1958; x_wconf 79' lang='grc' dir='ltr'><em>καὶ</em></span> <span class='ocrx_word' id='word_1_186' title='bbox 1649 1907 1704 1959; x_wconf 86' lang='grc' dir='ltr'><em>έκ</em></span> <span class='ocrx_word' id='word_1_187' title='bbox 1741 1907 1921 1975; x_wconf 82' lang='grc' dir='ltr'><em>μέρους</em></span> <span class='ocrx_word' id='word_1_188' title='bbox 1970 1905 2410 1978; x_wconf 82' lang='grc' dir='ltr'><em>4προφητεύομεν·</em></span> 
     </span>
     <span class='ocr_line' id='line_1_23' title="bbox 480 1989 2412 2065; baseline 0.002 -22"><span class='ocrx_word' id='word_1_189' title='bbox 480 1989 600 2044; x_wconf 79' lang='grc' dir='ltr'><em>ὅταν</em></span> <span class='ocrx_word' id='word_1_190' title='bbox 629 1992 682 2044; x_wconf 83' lang='grc' dir='ltr'><em>δὲ</em></span> <span class='ocrx_word' id='word_1_191' title='bbox 709 1993 834 2065; x_wconf 70' lang='grc' dir='ltr'><em>ἔλθῃ</em></span> <span class='ocrx_word' id='word_1_192' title='bbox 871 1989 927 2044; x_wconf 85' lang='grc' dir='ltr'>τὸ</span> <span class='ocrx_word' id='word_1_193' title='bbox 965 1992 1166 2057; x_wconf 86' lang='grc' dir='ltr'><em>τέλειον,</em></span> <span class='ocrx_word' id='word_1_194' title='bbox 1217 1989 1326 2045; x_wconf 89' lang='grc' dir='ltr'><em>τότε</em></span> <span class='ocrx_word' id='word_1_195' title='bbox 1363 1989 1418 2045; x_wconf 81' lang='grc' dir='ltr'>τὸ</span> <span class='ocrx_word' id='word_1_196' title='bbox 1458 1992 1512 2044; x_wconf 78' lang='grc' dir='ltr'><em>ἐκ</em></span> <span class='ocrx_word' id='word_1_197' title='bbox 1548 1991 1727 2061; x_wconf 80' lang='grc' dir='ltr'><em>μέρους</em></span> <span class='ocrx_word' id='word_1_198' title='bbox 1761 1990 2209 2062; x_wconf 83' lang='grc' dir='ltr'><em>καταργηθήσεται·</em></span> <span class='ocrx_word' id='word_1_199' title='bbox 2262 1995 2412 2056; x_wconf 78' lang='grc' dir='ltr'><em>εἴτις</em></span> 
     </span>
     <span class='ocr_line' id='line_1_24' title="bbox 477 2075 2412 2148; baseline 0.001 -18"><span class='ocrx_word' id='word_1_200' title='bbox 477 2079 617 2131; x_wconf 90' lang='grc' dir='ltr'><em>δοκεῖ</em></span> <span class='ocrx_word' id='word_1_201' title='bbox 633 2075 918 2148; x_wconf 74' lang='grc' dir='ltr'><em>γινώσκειν,</em></span> <span class='ocrx_word' id='word_1_202' title='bbox 958 2075 1103 2130; x_wconf 80' lang='grc' dir='ltr'><em>οῦπω</em></span> <span class='ocrx_word' id='word_1_203' title='bbox 1136 2079 1260 2147; x_wconf 74' lang='grc' dir='ltr'><em>ἔγνω</em></span> <span class='ocrx_word' id='word_1_204' title='bbox 1283 2075 1461 2139; x_wconf 79' lang='grc' dir='ltr'><em>καθώς</em></span> <span class='ocrx_word' id='word_1_205' title='bbox 1493 2079 1572 2128; x_wconf 82' lang='grc' dir='ltr'><em>δεῖ</em></span> <span class='ocrx_word' id='word_1_206' title='bbox 1598 2080 1795 2146; x_wconf 88' lang='grc' dir='ltr'><em>γνῶναι.</em></span> <span class='ocrx_word' id='word_1_207' title='bbox 1871 2078 1973 2130; x_wconf 82' lang='grc' dir='ltr'><em>Καὶ</em></span> <span class='ocrx_word' id='word_1_208' title='bbox 2002 2076 2086 2131; x_wconf 76' lang='grc' dir='ltr'><em>διά</em></span> <span class='ocrx_word' id='word_1_209' title='bbox 2122 2083 2266 2132; x_wconf 89' lang='grc' dir='ltr'><em>τοῦτο</em></span> <span class='ocrx_word' id='word_1_210' title='bbox 2298 2079 2412 2140; x_wconf 87' lang='grc' dir='ltr'><em>δέος</em></span> 
     </span>
     <span class='ocr_line' id='line_1_25' title="bbox 477 2154 2410 2233; baseline 0.001 -17"><span class='ocrx_word' id='word_1_211' title='bbox 477 2164 576 2217; x_wconf 79' lang='grc' dir='ltr'><em>ἐστὶ</em></span> <span class='ocrx_word' id='word_1_212' title='bbox 615 2161 683 2231; x_wconf 86' lang='grc' dir='ltr'><em>μή</em></span> <span class='ocrx_word' id='word_1_213' title='bbox 721 2184 829 2224; x_wconf 90' lang='grc' dir='ltr'><em>πως</em></span> <span class='ocrx_word' id='word_1_214' title='bbox 865 2162 1145 2230; x_wconf 80' lang='grc' dir='ltr'><em>βιαζόμενοι</em></span> <span class='ocrx_word' id='word_1_215' title='bbox 1192 2163 1348 2232; x_wconf 88' lang='grc' dir='ltr'><em>λέγειν</em></span> <span class='ocrx_word' id='word_1_216' title='bbox 1385 2163 1498 2232; x_wconf 88' lang='grc' dir='ltr'><em>περὶ</em></span> <span class='ocrx_word' id='word_1_217' title='bbox 1537 2154 1605 2214; x_wconf 78' lang='grc' dir='ltr'><em>ῶν</em></span> <span class='ocrx_word' id='word_1_218' title='bbox 1642 2161 1704 2215; x_wconf 80' lang='grc' dir='ltr'><em>οὗ</em></span> <span class='ocrx_word' id='word_1_219' title='bbox 1756 2162 2016 2231; x_wconf 85' lang='grc' dir='ltr'><em>δυνάμεθα</em></span> <span class='ocrx_word' id='word_1_220' title='bbox 2051 2164 2204 2233; x_wconf 92' lang='grc' dir='ltr'><em>λέγειν</em></span> <span class='ocrx_word' id='word_1_221' title='bbox 2240 2164 2410 2232; x_wconf 84' lang='grc' dir='ltr'><em>μηκέτι</em></span> 
     </span>
     <span class='ocr_line' id='line_1_26' title="bbox 480 2240 2406 2319; baseline 0.001 -19"><span class='ocrx_word' id='word_1_222' title='bbox 480 2254 880 2319; x_wconf 86' lang='grc' dir='ltr'><em>συγχωρηθῶμεν</em></span> <span class='ocrx_word' id='word_1_223' title='bbox 917 2248 1040 2316; x_wconf 81' lang='grc' dir='ltr'><em>μηδὲ</em></span> <span class='ocrx_word' id='word_1_224' title='bbox 1078 2249 1191 2318; x_wconf 90' lang='grc' dir='ltr'><em>περὶ</em></span> <span class='ocrx_word' id='word_1_225' title='bbox 1229 2240 1300 2300; x_wconf 75' lang='grc' dir='ltr'><em>ῶν</em></span> <span class='ocrx_word' id='word_1_226' title='bbox 1334 2246 1618 2315; x_wconf 85' lang='grc' dir='ltr'><em>δυνάμεθα·</em></span> <span class='ocrx_word' id='word_1_227' title='bbox 1658 2249 1712 2301; x_wconf 79' lang='grc' dir='ltr'><em>ἐκ</em></span> <span class='ocrx_word' id='word_1_228' title='bbox 1749 2251 1957 2311; x_wconf 89' lang='grc' dir='ltr'><em>πίστεως</em></span> <span class='ocrx_word' id='word_1_229' title='bbox 1990 2246 2084 2318; x_wconf 76' lang='grc' dir='ltr'><em>γὰρ</em></span> <span class='ocrx_word' id='word_1_230' title='bbox 2123 2252 2201 2301; x_wconf 89' lang='grc' dir='ltr'><em>δεῖ</em></span> <span class='ocrx_word' id='word_1_231' title='bbox 2229 2255 2406 2315; x_wconf 87' lang='grc' dir='ltr'><em>λαλεῖν,</em></span> 
     </span>
     <span class='ocr_line' id='line_1_27' title="bbox 476 2330 2407 2403; baseline 0.001 -17"><span class='ocrx_word' id='word_1_232' title='bbox 476 2330 569 2387; x_wconf 78' lang='grc' dir='ltr'><em>οὐκ</em></span> <span class='ocrx_word' id='word_1_233' title='bbox 607 2334 659 2386; x_wconf 79' lang='grc' dir='ltr'><em>ἐκ</em></span> <span class='ocrx_word' id='word_1_234' title='bbox 696 2338 794 2386; x_wconf 89' lang='grc' dir='ltr'><em>τῶν</em></span> <span class='ocrx_word' id='word_1_235' title='bbox 831 2334 1139 2401; x_wconf 84' lang='grc' dir='ltr'><em>λαλουμένων</em></span> <span class='ocrx_word' id='word_1_236' title='bbox 1175 2331 1434 2385; x_wconf 85' lang='grc' dir='ltr'><em>πιστεύειν.</em></span> <span class='ocrx_word' id='word_1_237' title='bbox 1503 2330 1794 2386; x_wconf 86' lang='grc' dir='ltr'><em>Ἐπίστευσα</em></span> <span class='ocrx_word' id='word_1_238' title='bbox 1820 2331 1942 2403; x_wconf 76' lang='grc' dir='ltr'><em>γάρ,</em></span> <span class='ocrx_word' id='word_1_239' title='bbox 1980 2335 2130 2402; x_wconf 86' lang='grc' dir='ltr'><em>φησὶ,</em></span> <span class='ocrx_word' id='word_1_240' title='bbox 2183 2332 2261 2387; x_wconf 84' lang='grc' dir='ltr'><em>διό</em></span> <span class='ocrx_word' id='word_1_241' title='bbox 2299 2333 2407 2388; x_wconf 83' lang='grc' dir='ltr'><em>έλά-</em></span> 
     </span>
     <span class='ocr_line' id='line_1_28' title="bbox 473 2412 2408 2489; baseline 0.001 -19"><span class='ocrx_word' id='word_1_242' title='bbox 473 2424 610 2486; x_wconf 88' lang='grc' dir='ltr'><em>λησα.</em></span> <span class='ocrx_word' id='word_1_243' title='bbox 670 2418 827 2471; x_wconf 74' lang='grc' dir='ltr'><em>’Ὅταν</em></span> <span class='ocrx_word' id='word_1_244' title='bbox 864 2412 955 2472; x_wconf 80' lang='grc' dir='ltr'><em>οῦν</em></span> <span class='ocrx_word' id='word_1_245' title='bbox 990 2417 1047 2472; x_wconf 77' lang='grc' dir='ltr'><em>τό</em></span> <span class='ocrx_word' id='word_1_246' title='bbox 1086 2419 1174 2486; x_wconf 84' lang='grc' dir='ltr'><em>μὲν</em></span> <span class='ocrx_word' id='word_1_247' title='bbox 1211 2419 1324 2487; x_wconf 89' lang='grc' dir='ltr'><em>περὶ</em></span> <span class='ocrx_word' id='word_1_248' title='bbox 1362 2423 1449 2486; x_wconf 83' lang='grc' dir='ltr'><em>τῆς</em></span> <span class='ocrx_word' id='word_1_249' title='bbox 1485 2420 1669 2482; x_wconf 82' lang='grc' dir='ltr'><em>οἰκείας</em></span> <span class='ocrx_word' id='word_1_250' title='bbox 1713 2417 1984 2489; x_wconf 83' lang='grc' dir='ltr'><em>γεννήσεως</em></span> <span class='ocrx_word' id='word_1_251' title='bbox 2027 2417 2095 2488; x_wconf 81' lang='grc' dir='ltr'><em>μή</em></span> <span class='ocrx_word' id='word_1_252' title='bbox 2145 2417 2408 2488; x_wconf 89' lang='grc' dir='ltr'><em>δυνάμενοι</em></span> 
     </span>
     <span class='ocr_line' id='line_1_29' title="bbox 474 2501 2408 2576; baseline 0.002 -20"><span class='ocrx_word' id='word_1_253' title='bbox 474 2501 843 2570; x_wconf 70' lang='grc' dir='ltr'><em>ἀποφαίνεσθαι</em></span> <span class='ocrx_word' id='word_1_254' title='bbox 881 2502 1339 2575; x_wconf 83' lang='grc' dir='ltr'><em>περιεργαζώμεθα,</em></span> <span class='ocrx_word' id='word_1_255' title='bbox 1377 2505 1463 2556; x_wconf 88' lang='grc' dir='ltr'><em>καὶ</em></span> <span class='ocrx_word' id='word_1_256' title='bbox 1492 2510 1787 2571; x_wconf 85' lang='grc' dir='ltr'><em>φιλονεικεῖν</em></span> <span class='ocrx_word' id='word_1_257' title='bbox 1819 2506 2135 2575; x_wconf 77' lang='grc' dir='ltr'><em>ἐπιχειρῶμεν</em></span> <span class='ocrx_word' id='word_1_258' title='bbox 2164 2506 2277 2576; x_wconf 86' lang='grc' dir='ltr'><em>περὶ</em></span> <span class='ocrx_word' id='word_1_259' title='bbox 2320 2510 2408 2574; x_wconf 82' lang='grc' dir='ltr'><em>τῆς</em></span> 
     </span>
     <span class='ocr_line' id='line_1_30' title="bbox 475 2588 2408 2660; baseline 0.002 -18"><span class='ocrx_word' id='word_1_260' title='bbox 475 2594 564 2643; x_wconf 86' lang='grc' dir='ltr'><em>τοῦ</em></span> <span class='ocrx_word' id='word_1_261' title='bbox 611 2595 739 2643; x_wconf 84' lang='grc' dir='ltr'><em>θεοῦ</em></span> <span class='ocrx_word' id='word_1_262' title='bbox 775 2590 1072 2660; x_wconf 87' lang='grc' dir='ltr'><em>γεννήσεως,</em></span> <span class='ocrx_word' id='word_1_263' title='bbox 1124 2595 1232 2651; x_wconf 90' lang='grc' dir='ltr'><em>πῶς</em></span> <span class='ocrx_word' id='word_1_264' title='bbox 1270 2588 1330 2642; x_wconf 84' lang='grc' dir='ltr'><em>οὗ</em></span> <span class='ocrx_word' id='word_1_265' title='bbox 1369 2591 1479 2652; x_wconf 88' lang='grc' dir='ltr'><em>δέος</em></span> <span class='ocrx_word' id='word_1_266' title='bbox 1522 2591 1622 2643; x_wconf 79' lang='grc' dir='ltr'><em>ἐστὶ</em></span> <span class='ocrx_word' id='word_1_267' title='bbox 1663 2588 1731 2658; x_wconf 89' lang='grc' dir='ltr'><em>μή</em></span> <span class='ocrx_word' id='word_1_268' title='bbox 1771 2612 1877 2652; x_wconf 89' lang='grc' dir='ltr'><em>πως</em></span> <span class='ocrx_word' id='word_1_269' title='bbox 1907 2588 1937 2643; x_wconf 80' lang='grc' dir='ltr'><em>ὅ</em></span> <span class='ocrx_word' id='word_1_270' title='bbox 1967 2589 2140 2654; x_wconf 75' lang='grc' dir='ltr'><em>διδούς</em></span> <span class='ocrx_word' id='word_1_271' title='bbox 2166 2588 2227 2645; x_wconf 81' lang='grc' dir='ltr'><em>οῦ</em></span> <span class='ocrx_word' id='word_1_272' title='bbox 2252 2589 2408 2659; x_wconf 88' lang='grc' dir='ltr'><em>μόνον</em></span> 
     </span>
     <span class='ocr_line' id='line_1_31' title="bbox 473 2673 2455 2746; baseline 0.002 -20"><span class='ocrx_word' id='word_1_273' title='bbox 473 2680 689 2745; x_wconf 89' lang='grc' dir='ltr'><em>γλῶτταν</em></span> <span class='ocrx_word' id='word_1_274' title='bbox 710 2678 961 2741; x_wconf 88' lang='grc' dir='ltr'><em>παιδείας,</em></span> <span class='ocrx_word' id='word_1_275' title='bbox 1013 2673 1133 2727; x_wconf 75' lang='grc' dir='ltr'><em>ἄλλα</em></span> <span class='ocrx_word' id='word_1_276' title='bbox 1176 2676 1259 2727; x_wconf 85' lang='grc' dir='ltr'><em>καὶ</em></span> <span class='ocrx_word' id='word_1_277' title='bbox 1295 2681 1482 2745; x_wconf 89' lang='grc' dir='ltr'><em>γνῶναι</em></span> <span class='ocrx_word' id='word_1_278' title='bbox 1508 2673 1653 2743; x_wconf 80' lang='grc' dir='ltr'><em>ήνίκα</em></span> <span class='ocrx_word' id='word_1_279' title='bbox 1680 2679 1758 2728; x_wconf 92' lang='grc' dir='ltr'><em>δεῖ</em></span> <span class='ocrx_word' id='word_1_280' title='bbox 1780 2678 1934 2729; x_wconf 85' lang='grc' dir='ltr'><em>εἰπεῖν</em></span> <span class='ocrx_word' id='word_1_281' title='bbox 1956 2674 2129 2746; x_wconf 89' lang='grc' dir='ltr'><em>λόγον,</em></span> <span class='ocrx_word' id='word_1_282' title='bbox 2183 2690 2407 2745; x_wconf 84' lang='grc' dir='ltr'><em>καταψη-</em></span> <span class='ocrx_word' id='word_1_283' title='bbox 2450 2695 2455 2703; x_wconf 90' lang='grc'>·</span> 
     </span>
     <span class='ocr_line' id='line_1_32' title="bbox 475 2757 2407 2833; baseline 0.001 -20"><span class='ocrx_word' id='word_1_284' title='bbox 475 2764 680 2828; x_wconf 90' lang='grc' dir='ltr'><em>φίσηται</em></span> <span class='ocrx_word' id='word_1_285' title='bbox 704 2757 848 2829; x_wconf 81' lang='grc' dir='ltr'><em>ήμῶν</em></span> <span class='ocrx_word' id='word_1_286' title='bbox 877 2766 965 2828; x_wconf 84' lang='grc' dir='ltr'><em>τῆς</em></span> <span class='ocrx_word' id='word_1_287' title='bbox 995 2761 1074 2813; x_wconf 80' lang='grc' dir='ltr'><em>ἐπὶ</em></span> <span class='ocrx_word' id='word_1_288' title='bbox 1104 2765 1172 2833; x_wconf 78' lang='grc' dir='ltr'><em>τῷ</em></span> <span class='ocrx_word' id='word_1_289' title='bbox 1198 2760 1351 2830; x_wconf 88' lang='grc' dir='ltr'><em>λέγειν</em></span> <span class='ocrx_word' id='word_1_290' title='bbox 1389 2765 1679 2831; x_wconf 89' lang='grc' dir='ltr'><em>προπετείας</em></span> <span class='ocrx_word' id='word_1_291' title='bbox 1714 2759 1805 2830; x_wconf 80' lang='grc' dir='ltr'><em>τήν</em></span> <span class='ocrx_word' id='word_1_292' title='bbox 1846 2761 2063 2829; x_wconf 73' lang='grc' dir='ltr'><em>σιωπήνς</em></span> <span class='ocrx_word' id='word_1_293' title='bbox 2121 2760 2280 2832; x_wconf 72' lang='grc' dir='ltr'><em>’Ὅπερ</em></span> <span class='ocrx_word' id='word_1_294' title='bbox 2324 2762 2407 2816; x_wconf 78' lang='grc' dir='ltr'><em>ἐπὶ</em></span> 
     </span>
     <span class='ocr_line' id='line_1_33' title="bbox 473 2842 2406 2920; baseline 0.001 -21"><span class='ocrx_word' id='word_1_295' title='bbox 473 2851 564 2899; x_wconf 89' lang='grc' dir='ltr'><em>τοῦ</em></span> <span class='ocrx_word' id='word_1_296' title='bbox 588 2850 833 2917; x_wconf 89' lang='grc' dir='ltr'><em>μακαρίου</em></span> <span class='ocrx_word' id='word_1_297' title='bbox 863 2849 1111 2916; x_wconf 84' lang='grc' dir='ltr'><em>Ζαχαρίου</em></span> <span class='ocrx_word' id='word_1_298' title='bbox 1144 2848 1429 2913; x_wconf 86' lang='grc' dir='ltr'><em>πεποίηται·</em></span> <span class='ocrx_word' id='word_1_299' title='bbox 1469 2845 1526 2909; x_wconf 72' lang='grc' dir='ltr'><em>ὃς</em></span> <span class='ocrx_word' id='word_1_300' title='bbox 1553 2842 1721 2915; x_wconf 79' lang='grc' dir='ltr'><em>ἐπειδὴ</em></span> <span class='ocrx_word' id='word_1_301' title='bbox 1752 2845 1819 2916; x_wconf 81' lang='grc' dir='ltr'><em>μή</em></span> <span class='ocrx_word' id='word_1_302' title='bbox 1847 2850 2095 2901; x_wconf 81' lang='grc' dir='ltr'><em>ἐπίστευσε</em></span> <span class='ocrx_word' id='word_1_303' title='bbox 2118 2852 2185 2920; x_wconf 79' lang='grc' dir='ltr'><em>τῷ</em></span> <span class='ocrx_word' id='word_1_304' title='bbox 2211 2847 2406 2918; x_wconf 83' lang='grc' dir='ltr'><em>εὐαγγε-</em></span> 
     </span>
     <span class='ocr_line' id='line_1_34' title="bbox 471 2930 2406 3006; baseline 0.001 -21"><span class='ocrx_word' id='word_1_305' title='bbox 471 2933 713 3006; x_wconf 78' lang='grc' dir='ltr'><em>λισαμένῳ</em></span> <span class='ocrx_word' id='word_1_306' title='bbox 750 2930 842 3000; x_wconf 78' lang='grc' dir='ltr'><em>τήν</em></span> <span class='ocrx_word' id='word_1_307' title='bbox 879 2934 1067 3002; x_wconf 87' lang='grc' dir='ltr'><em>γένεσιν</em></span> <span class='ocrx_word' id='word_1_308' title='bbox 1106 2936 1196 2984; x_wconf 90' lang='grc' dir='ltr'><em>τοῦ</em></span> <span class='ocrx_word' id='word_1_309' title='bbox 1235 2930 1442 2998; x_wconf 79' lang='grc' dir='ltr'><em>παιδός,</em></span> <span class='ocrx_word' id='word_1_310' title='bbox 1493 2930 1832 3004; x_wconf 67' lang='grc' dir='ltr'><em>ἀνθρωπίνοις</em></span> <span class='ocrx_word' id='word_1_311' title='bbox 1852 2939 2102 3003; x_wconf 89' lang='grc' dir='ltr'><em>λογισμοῖς</em></span> <span class='ocrx_word' id='word_1_312' title='bbox 2129 2931 2406 3000; x_wconf 79' lang='grc' dir='ltr'><em>δοκιμάζων</em></span> 
     </span>
     <span class='ocr_line' id='line_1_35' title="bbox 471 3015 2405 3089; baseline 0.001 -19"><span class='ocrx_word' id='word_1_313' title='bbox 471 3015 565 3085; x_wconf 79' lang='grc' dir='ltr'><em>τὴν</em></span> <span class='ocrx_word' id='word_1_314' title='bbox 593 3023 684 3071; x_wconf 88' lang='grc' dir='ltr'><em>τοῦ</em></span> <span class='ocrx_word' id='word_1_315' title='bbox 709 3023 836 3071; x_wconf 90' lang='grc' dir='ltr'><em>θεοῦ</em></span> <span class='ocrx_word' id='word_1_316' title='bbox 861 3016 1005 3088; x_wconf 88' lang='grc' dir='ltr'><em>χάριν</em></span> <span class='ocrx_word' id='word_1_317' title='bbox 1031 3017 1117 3070; x_wconf 89' lang='grc' dir='ltr'><em>καὶ</em></span> <span class='ocrx_word' id='word_1_318' title='bbox 1153 3015 1389 3085; x_wconf 86' lang='grc' dir='ltr'><em>δύναμιν,</em></span> <span class='ocrx_word' id='word_1_319' title='bbox 1426 3019 1511 3071; x_wconf 81' lang='grc' dir='ltr'><em>καὶ</em></span> <span class='ocrx_word' id='word_1_320' title='bbox 1540 3021 1795 3089; x_wconf 80' lang='grc' dir='ltr'><em>διαπορῶν</em></span> <span class='ocrx_word' id='word_1_321' title='bbox 1822 3015 1948 3088; x_wconf 77' lang='grc' dir='ltr'><em>πρός</em></span> <span class='ocrx_word' id='word_1_322' title='bbox 1977 3015 2154 3071; x_wconf 81' lang='grc' dir='ltr'><em>ἕαυτὸν</em></span> <span class='ocrx_word' id='word_1_323' title='bbox 2183 3020 2228 3071; x_wconf 88' lang='grc' dir='ltr'><em>εἰ</em></span> <span class='ocrx_word' id='word_1_324' title='bbox 2251 3017 2405 3085; x_wconf 86' lang='grc' dir='ltr'><em>φύσιν</em></span> 
     </span>
     <span class='ocr_line' id='line_1_36' title="bbox 473 3101 2402 3173; baseline 0.001 -17"><span class='ocrx_word' id='word_1_325' title='bbox 473 3105 568 3171; x_wconf 73' lang='grc' dir='ltr'><em>ἔχει</em></span> <span class='ocrx_word' id='word_1_326' title='bbox 606 3101 692 3157; x_wconf 76' lang='grc' dir='ltr'><em>τᾶν</em></span> <span class='ocrx_word' id='word_1_327' title='bbox 719 3102 1001 3173; x_wconf 84' lang='grc' dir='ltr'><em>πρεσβύτην</em></span> <span class='ocrx_word' id='word_1_328' title='bbox 1038 3105 1093 3156; x_wconf 80' lang='grc' dir='ltr'><em>ἐκ</em></span> <span class='ocrx_word' id='word_1_329' title='bbox 1129 3108 1216 3170; x_wconf 86' lang='grc' dir='ltr'><em>τῆς</em></span> <span class='ocrx_word' id='word_1_330' title='bbox 1249 3105 1615 3173; x_wconf 87' lang='grc' dir='ltr'><em>προβεβηκυίας</em></span> <span class='ocrx_word' id='word_1_331' title='bbox 1644 3102 2126 3171; x_wconf 88' lang='grc' dir='ltr'><em>παιδοποιήσασθαι,</em></span> <span class='ocrx_word' id='word_1_332' title='bbox 2178 3106 2225 3156; x_wconf 88' lang='grc' dir='ltr'><em>τί</em></span> <span class='ocrx_word' id='word_1_333' title='bbox 2254 3121 2402 3171; x_wconf 71' lang='grc' dir='ltr'><em>φησις</em></span> 
     </span>
    </p>
   </div>
   <div class='ocr_carea' id='block_1_5' title="bbox 417 3179 2401 3260">
    <p class='ocr_par' dir='ltr' id='par_1_6' title="bbox 417 3179 2401 3260">
     <span class='ocr_line' id='line_1_37' title="bbox 417 3179 2401 3260; baseline 0.001 -20"><span class='ocrx_word' id='word_1_334' title='bbox 417 3179 424 3191; x_wconf 27' lang='lat'><em>⁴⁷</em></span> <span class='ocrx_word' id='word_1_335' title='bbox 476 3194 599 3251; x_wconf 91' lang='grc' dir='ltr'><em>Πῶς</em></span> <span class='ocrx_word' id='word_1_336' title='bbox 626 3187 876 3259; x_wconf 75' lang='grc' dir='ltr'><em>γνώσομαι</em></span> <span class='ocrx_word' id='word_1_337' title='bbox 906 3194 1053 3242; x_wconf 88' lang='grc' dir='ltr'><em>τοῦτο</em></span> <span class='ocrx_word' id='word_1_338' title='bbox 1085 3186 1162 3242; x_wconf 73' lang='grc' dir='ltr'><em>ὅτι</em></span> <span class='ocrx_word' id='word_1_339' title='bbox 1192 3189 1349 3253; x_wconf 69' lang='grc' dir='ltr'><em>ἔσταις</em></span> <span class='ocrx_word' id='word_1_340' title='bbox 1401 3187 1494 3259; x_wconf 79' lang='grc' dir='ltr'><em>ἐγώ</em></span> <span class='ocrx_word' id='word_1_341' title='bbox 1516 3188 1609 3260; x_wconf 87' lang='grc' dir='ltr'><em>γάρ</em></span> <span class='ocrx_word' id='word_1_342' title='bbox 1636 3191 1733 3258; x_wconf 82' lang='grc' dir='ltr'><em>εἰμι</em></span> <span class='ocrx_word' id='word_1_343' title='bbox 1760 3186 2055 3259; x_wconf 82' lang='grc' dir='ltr'><em>πρεσβύτης,</em></span> <span class='ocrx_word' id='word_1_344' title='bbox 2108 3189 2192 3241; x_wconf 88' lang='grc' dir='ltr'><em>καὶ</em></span> <span class='ocrx_word' id='word_1_345' title='bbox 2221 3185 2401 3260; x_wconf 81' lang='grc' dir='ltr'><em>ήγυνή</em></span> 
     </span>
    </p>
   </div>
   <div class='ocr_carea' id='block_1_6' title="bbox 473 3270 2400 3507">
    <p class='ocr_par' dir='ltr' id='par_1_7' title="bbox 473 3270 2400 3507">
     <span class='ocr_line' id='line_1_38' title="bbox 473 3270 2398 3345; baseline 0.001 -19"><span class='ocrx_word' id='word_1_346' title='bbox 473 3295 569 3340; x_wconf 89' lang='grc' dir='ltr'><em>μου</em></span> <span class='ocrx_word' id='word_1_347' title='bbox 609 3277 950 3345; x_wconf 89' lang='grc' dir='ltr'><em>προβεβηκυῖα</em></span> <span class='ocrx_word' id='word_1_348' title='bbox 991 3275 1044 3327; x_wconf 83' lang='grc' dir='ltr'><em>έν</em></span> <span class='ocrx_word' id='word_1_349' title='bbox 1084 3281 1191 3335; x_wconf 91' lang='grc' dir='ltr'><em>ταῖς</em></span> <span class='ocrx_word' id='word_1_350' title='bbox 1230 3271 1435 3344; x_wconf 75' lang='grc' dir='ltr'><em>ἡμέραις</em></span> <span class='ocrx_word' id='word_1_351' title='bbox 1472 3273 1637 3343; x_wconf 75' lang='grc' dir='ltr'><em>αὐτῆς.</em></span> <span class='ocrx_word' id='word_1_352' title='bbox 1717 3279 1989 3345; x_wconf 89' lang='grc' dir='ltr'><em>Τοιγαροῦν</em></span> <span class='ocrx_word' id='word_1_353' title='bbox 2029 3270 2216 3327; x_wconf 66' lang='grc' dir='ltr'><em>ὃὸπότε</em></span> <span class='ocrx_word' id='word_1_354' title='bbox 2249 3272 2398 3342; x_wconf 80' lang='grc' dir='ltr'><em>ἤκου·</em></span> 
     </span>
     <span class='ocr_line' id='line_1_39' title="bbox 473 3356 2400 3433; baseline 0.002 -22"><span class='ocrx_word' id='word_1_355' title='bbox 473 3377 557 3411; x_wconf 88' lang='grc' dir='ltr'><em>σεν</em></span> <span class='ocrx_word' id='word_1_356' title='bbox 586 3357 687 3425; x_wconf 73' lang='grc' dir='ltr'><em>ὅτι,</em></span> <span class='ocrx_word' id='word_1_357' title='bbox 731 3358 868 3413; x_wconf 72' lang='grc' dir='ltr'><em>Ἰδού</em></span> <span class='ocrx_word' id='word_1_358' title='bbox 894 3361 981 3433; x_wconf 74' lang='grc' dir='ltr'><em>ἔσῃ</em></span> <span class='ocrx_word' id='word_1_359' title='bbox 1012 3365 1240 3424; x_wconf 82' lang='grc' dir='ltr'><em>σιωπῶν,</em></span> <span class='ocrx_word' id='word_1_360' title='bbox 1289 3361 1373 3413; x_wconf 87' lang='grc' dir='ltr'><em>καὶ</em></span> <span class='ocrx_word' id='word_1_361' title='bbox 1398 3357 1459 3414; x_wconf 86' lang='grc' dir='ltr'><em>ου’</em></span> <span class='ocrx_word' id='word_1_362' title='bbox 1486 3361 1756 3428; x_wconf 87' lang='grc' dir='ltr'><em>δυνάμενος</em></span> <span class='ocrx_word' id='word_1_363' title='bbox 1786 3365 1970 3425; x_wconf 88' lang='grc' dir='ltr'><em>λαλεῖν,</em></span> <span class='ocrx_word' id='word_1_364' title='bbox 2004 3360 2090 3413; x_wconf 87' lang='grc' dir='ltr'><em>καὶ</em></span> <span class='ocrx_word' id='word_1_365' title='bbox 2117 3356 2210 3414; x_wconf 75' lang='grc' dir='ltr'><em>οὐκ</em></span> <span class='ocrx_word' id='word_1_366' title='bbox 2235 3358 2400 3428; x_wconf 77' lang='grc' dir='ltr'><em>ἐλάλη-</em></span> 
     </span>
     <span class='ocr_line' id='line_1_40' title="bbox 474 3443 820 3507; baseline 0.012 -13"><span class='ocrx_word' id='word_1_367' title='bbox 474 3459 556 3495; x_wconf 90' lang='grc' dir='ltr'><em>σεν</em></span> <span class='ocrx_word' id='word_1_368' title='bbox 594 3443 820 3507; x_wconf 77' lang='grc' dir='ltr'><em>ἐξελθών.</em></span> 
     </span>
    </p>
   </div>
   <div class='ocr_carea' id='block_1_7' title="bbox 472 3539 2400 3772">
    <p class='ocr_par' dir='ltr' id='par_1_8' title="bbox 472 3539 2400 3772">
     <span class='ocr_line' id='line_1_41' title="bbox 531 3539 2398 3591; baseline 0.003 -8"><span class='ocrx_word' id='word_1_369' title='bbox 531 3544 628 3586; x_wconf 77' lang='lat' dir='ltr'>CAP.</span> <span class='ocrx_word' id='word_1_370' title='bbox 649 3546 838 3587; x_wconf 80' lang='lat' dir='ltr'><strong>XXXII.</strong></span> <span class='ocrx_word' id='word_1_371' title='bbox 868 3569 923 3578; x_wconf 88' lang='lat'><em>-—</em></span> <span class='ocrx_word' id='word_1_372' title='bbox 983 3546 1020 3588; x_wconf 89' lang='lat'><em>1.</em></span> <span class='ocrx_word' id='word_1_373' title='bbox 1052 3544 1125 3589; x_wconf 70' lang='grc' dir='ltr'><em>καὶ</em></span> <span class='ocrx_word' id='word_1_374' title='bbox 1162 3539 1236 3588; x_wconf 73' lang='grc' dir='ltr'><em>ονή.</em></span> <span class='ocrx_word' id='word_1_375' title='bbox 1275 3550 1317 3589; x_wconf 82' lang='lat' dir='ltr'><em>in</em></span> <span class='ocrx_word' id='word_1_376' title='bbox 1345 3550 1405 3590; x_wconf 78' lang='lat' dir='ltr'><em>ed.</em></span> <span class='ocrx_word' id='word_1_377' title='bbox 1519 3550 1560 3590; x_wconf 86' lang='lat'><em>5.</em></span> <span class='ocrx_word' id='word_1_378' title='bbox 1586 3545 1685 3591; x_wconf 88' lang='grc' dir='ltr'><em>τότε</em></span> <span class='ocrx_word' id='word_1_379' title='bbox 1712 3549 1862 3587; x_wconf 76' lang='lat' dir='ltr'><em>volebat</em></span> <span class='ocrx_word' id='word_1_380' title='bbox 1890 3549 2087 3587; x_wconf 78' lang='lat' dir='ltr'><strong><em>Petavius.</em></strong></span> <span class='ocrx_word' id='word_1_381' title='bbox 2146 3548 2195 3588; x_wconf 80' lang='lat' dir='ltr'><em>At</em></span> <span class='ocrx_word' id='word_1_382' title='bbox 2218 3551 2315 3588; x_wconf 77' lang='lat' dir='ltr'><strong><em>recte</em></strong></span> <span class='ocrx_word' id='word_1_383' title='bbox 2336 3549 2398 3588; x_wconf 82' lang='lat' dir='ltr'><em>in-</em></span> 
     </span>
     <span class='ocr_line' id='line_1_42' title="bbox 472 3600 2400 3654; baseline 0.004 -16"><span class='ocrx_word' id='word_1_384' title='bbox 472 3600 608 3642; x_wconf 73' lang='lat' dir='ltr'><em>Petav.</em></span> <span class='ocrx_word' id='word_1_385' title='bbox 645 3603 776 3644; x_wconf 85' lang='lat' dir='ltr'><em>Colon.</em></span> <span class='ocrx_word' id='word_1_386' title='bbox 807 3608 922 3654; x_wconf 78' lang='lat' dir='ltr'><strong><em>repet.</em></strong></span> <span class='ocrx_word' id='word_1_387' title='bbox 1462 3606 1605 3646; x_wconf 77' lang='lat' dir='ltr'><em>tellexit</em></span> <span class='ocrx_word' id='word_1_388' title='bbox 1626 3608 1864 3644; x_wconf 75' lang='lat' dir='ltr'><strong><em>structuram</em></strong></span> <span class='ocrx_word' id='word_1_389' title='bbox 1893 3605 2104 3644; x_wconf 79' lang='lat' dir='ltr'><strong><em>comorius</em></strong></span> <span class='ocrx_word' id='word_1_390' title='bbox 2127 3615 2215 3644; x_wconf 85' lang='lat' dir='ltr'><em>cum</em></span> <span class='ocrx_word' id='word_1_391' title='bbox 2241 3608 2400 3645; x_wconf 81' lang='lat' dir='ltr'><strong><em>verteret</em></strong></span> 
     </span>
     <span class='ocr_line' id='line_1_43' title="bbox 529 3657 2398 3711; baseline 0.003 -16"><span class='ocrx_word' id='word_1_392' title='bbox 529 3657 567 3696; x_wconf 81' lang='lat'><em>2.</em></span> <span class='ocrx_word' id='word_1_393' title='bbox 596 3659 705 3698; x_wconf 84' lang='lat' dir='ltr'><strong><em>Libri</em></strong></span> <span class='ocrx_word' id='word_1_394' title='bbox 735 3663 850 3711; x_wconf 66' lang='lat' dir='ltr'><em>vulgo</em></span> <span class='ocrx_word' id='word_1_395' title='bbox 878 3657 956 3703; x_wconf 78' lang='grc' dir='ltr'><em>διὸ.</em></span> <span class='ocrx_word' id='word_1_396' title='bbox 1462 3659 1642 3702; x_wconf 81' lang='lat' dir='ltr'>Proinde</span> <span class='ocrx_word' id='word_1_397' title='bbox 1678 3674 1769 3699; x_wconf 88' lang='lat' dir='ltr'><em>cum</em></span> <span class='ocrx_word' id='word_1_398' title='bbox 1807 3657 2058 3708; x_wconf 86' lang='lat' dir='ltr'><strong>audivisset,</strong></span> <span class='ocrx_word' id='word_1_399' title='bbox 2091 3661 2198 3700; x_wconf 88' lang='lat' dir='ltr'><strong>Ecce</strong></span> <span class='ocrx_word' id='word_1_400' title='bbox 2228 3659 2308 3700; x_wconf 79' lang='lat' dir='ltr'><strong>eris</strong></span> <span class='ocrx_word' id='word_1_401' title='bbox 2335 3658 2398 3700; x_wconf 84' lang='lat' dir='ltr'><em>si-</em></span> 
     </span>
     <span class='ocr_line' id='line_1_44' title="bbox 529 3711 2396 3772; baseline 0.001 -18"><span class='ocrx_word' id='word_1_402' title='bbox 529 3711 569 3754; x_wconf 88' lang='grc'><em>3.</em></span> <span class='ocrx_word' id='word_1_403' title='bbox 605 3715 726 3765; x_wconf 69' lang='lat' dir='ltr'><em>Vulyo</em></span> <span class='ocrx_word' id='word_1_404' title='bbox 755 3712 873 3768; x_wconf 62' lang='grc' dir='ltr'><em>ἡμῖν.</em></span> <span class='ocrx_word' id='word_1_405' title='bbox 1460 3718 1562 3767; x_wconf 88' lang='lat' dir='ltr'>lens,</span> <span class='ocrx_word' id='word_1_406' title='bbox 1594 3724 1636 3757; x_wconf 85' lang='lat' dir='ltr'><em>et</em></span> <span class='ocrx_word' id='word_1_407' title='bbox 1658 3730 1744 3757; x_wconf 90' lang='lat' dir='ltr'><em>non</em></span> <span class='ocrx_word' id='word_1_408' title='bbox 1769 3715 1926 3770; x_wconf 81' lang='lat' dir='ltr'>poteris</span> <span class='ocrx_word' id='word_1_409' title='bbox 1950 3715 2076 3772; x_wconf 83' lang='lat' dir='ltr'>loqui,</span> <span class='ocrx_word' id='word_1_410' title='bbox 2107 3730 2292 3771; x_wconf 81' lang='lat' dir='ltr'>egressus</span> <span class='ocrx_word' id='word_1_411' title='bbox 2318 3724 2396 3769; x_wconf 83' lang='lat' dir='ltr'>est,</span> 
     </span>
    </p>
   </div>
   <div class='ocr_carea' id='block_1_8' title="bbox 472 3765 1923 3868">
    <p class='ocr_par' dir='ltr' id='par_1_9' title="bbox 472 3765 1923 3868">
     <span class='ocr_line' id='line_1_45' title="bbox 528 3765 1923 3825; baseline 0.001 -15"><span class='ocrx_word' id='word_1_412' title='bbox 528 3765 568 3808; x_wconf 78' lang='lat'><em>4.</em></span> <span class='ocrx_word' id='word_1_413' title='bbox 598 3769 937 3825; x_wconf 80' lang='grc' dir='ltr'><em>προεφητεύομεν</em></span> <span class='ocrx_word' id='word_1_414' title='bbox 977 3774 1095 3825; x_wconf 77' lang='lat' dir='ltr'><strong><em>editi,</em></strong></span> <span class='ocrx_word' id='word_1_415' title='bbox 1136 3776 1269 3815; x_wconf 78' lang='lat' dir='ltr'><strong><em>invitis</em></strong></span> <span class='ocrx_word' id='word_1_416' title='bbox 1297 3776 1406 3815; x_wconf 81' lang='lat' dir='ltr'><strong><em>libris</em></strong></span> <span class='ocrx_word' id='word_1_417' title='bbox 1462 3782 1503 3815; x_wconf 88' lang='lat' dir='ltr'><em>et</em></span> <span class='ocrx_word' id='word_1_418' title='bbox 1534 3787 1619 3814; x_wconf 91' lang='lat' dir='ltr'><em>non</em></span> <span class='ocrx_word' id='word_1_419' title='bbox 1651 3780 1715 3813; x_wconf 86' lang='lat' dir='ltr'><em>est</em></span> <span class='ocrx_word' id='word_1_420' title='bbox 1746 3772 1923 3814; x_wconf 81' lang='lat' dir='ltr'><strong>locutus.</strong></span> 
     </span>
     <span class='ocr_line' id='line_1_46' title="bbox 472 3830 809 3868; baseline 0.009 -3"><span class='ocrx_word' id='word_1_421' title='bbox 472 3837 595 3866; x_wconf 83' lang='lat' dir='ltr'><strong><em>manu</em></strong></span> <span class='ocrx_word' id='word_1_422' title='bbox 622 3830 809 3868; x_wconf 78' lang='lat' dir='ltr'><strong><em>exaratis.</em></strong></span> 
     </span>
    </p>
   </div>
  </div>
 </body>
</html>
