2508 4134
241 818 326 856 pag.
350 807 446 845 1⁰43.

230 1554 344 1610 Κεφ.
370 1550 442 1597 ια’.

463 263 567 315 420
1173 269 1380 314 εΑΝοΤι
1409 271 1689 314 ΕΡῙΡΗΑΝΠ

464 363 528 437 ἦν
553 368 711 438 μήτηρ
737 366 892 422 αὐτοῦ
929 373 1019 422 τοῦ
1044 365 1287 432 Ἰωάννου
1315 368 1440 422 κατά
1470 368 1655 440 σάρκα,
1705 367 1801 422 ἀλλ’
1840 371 1923 422 ἵνα
1961 373 2093 443 δείξῃ
2122 368 2280 438 αὐτήν
2306 389 2392 438 μη·

462 454 580 523 τέρα
621 452 836 524 άρχηγὸν
875 459 961 522 τῆς
1000 457 1300 524 παρθενίας,
1356 454 1525 523 ἐπειδὴ
1568 457 1616 519 ἐξ
1655 454 1811 522 αὐτῆς
1853 452 1887 522 ἦ
1922 454 2020 522 ζωή
2059 448 2146 522 ἦν’
2199 455 2284 508 καὶ
2326 458 2395 527 τῷ

462 535 703 612 Ἰωάννῃ,
756 543 841 592 καί
876 543 952 592 τοί
979 560 1031 609 γε
1068 537 1173 593 ὄντι
1212 538 1336 593 κατά
1363 539 1523 611 σάρκα
1560 538 1822 611 ἀλλοτρίῳ,
1873 541 2054 609 ἔλεγεν,
2105 542 2190 592 ἵνα
2220 537 2395 612 διδάξῃ

464 629 611 691 τιμᾶν
637 621 726 691 τήν
755 626 886 677 ἰδίαν
920 623 1077 677 αὐτοῦ
1102 625 1312 695 μητέρα,
1364 623 1440 679 ὅτι
1469 631 1536 698 τῷ
1563 625 1651 692 μὲν
1687 623 1790 677 ὄντι
1817 622 1940 676 κατά
1977 622 2137 695 σάρκα
2163 626 2214 688 ἐξ
2244 621 2397 692 αὐτῆς

467 705 618 770 αὕτδς
643 705 674 761 o‘
699 707 872 781 κύριος
903 710 1207 780 γεγέννηται,
1243 711 1327 763 ἵνα
1354 708 1423 778 μή
1449 732 1521 772 τις
1547 712 1722 782 νομίσῃ
1745 708 1950 776 δόκησιν
1978 705 2102 762 εἶναι
2129 706 2216 778 τήν
2244 730 2397 779 πραγ-

470 797 697 862 ματείαν,
753 794 835 847 καὶ
874 792 965 848 οὐκ
1007 793 1261 863 ἀλήθειαν.
1347 797 1418 848 Εἰ
1456 793 1523 862 μή
1560 793 1651 864 γάρ
1694 787 1759 861 ἦν
1800 794 1957 846 αὐτοῦ
1995 791 2197 863 άληθῶς
2234 793 2395 865 μήτηρ

466 877 590 933 κατά
613 877 773 950 σάρκα
800 879 1027 949 κυήσασα
1053 878 1221 945 αὐτόν,
1259 878 1352 933 οὐκ
1376 878 1438 933 ἂν
1458 880 1576 949 ,περὶ
1598 876 1749 947 αὐτῆς
1769 876 1859 946 τήν
1883 879 2156 947 ἐπιμέλειαν
2187 885 2204 916 ¹
2223 885 2240 916 ¹
2263 880 2397 933 ἐποι-

468 971 568 1018 εῖτο
601 962 656 1017 vd
688 968 997 1036 παραδοῦναι
1034 962 1126 1034 τὴν
1167 962 1534 1035 άειπάρθενον,
1584 964 1767 1034 μητέρα
1799 963 1887 1031 μὲν
1911 970 2170 1034 γεγονυῖαν
2200 961 2399 1032 διά-τήν

467 1053 761 1119 οἰκονομίαν
774 1093 788 1116 ,
846 1048 1084 1122 ἄχραντον
1129 1050 1181 1103 δὲ
1221 1048 1306 1103 διά
1355 1047 1448 1118 τὴν
1484 1047 1611 1119 πρὸς
1658 1046 1743 1101 τὸν
1792 1046 1945 1102 αὐτὸν
1992 1047 2163 1117 τιμήν,
2215 1051 2303 1102 καὶ
2341 1046 2395 1102 τὸ

467 1141 642 1198 σκεῦος
666 1134 721 1189 vd
750 1135 1058 1205 θαυμαστόν.
1135 1136 1285 1206 Λέγει
1312 1135 1364 1188 δὲ
1390 1133 1446 1188 vd
1478 1132 1783 1204 εὐαγγέλιον,
1838 1134 1938 1187 Καὶ
1971 1131 2069 1189 dud
2095 1140 2184 1202 τῆς
2207 1131 2394 1204 ήμέρας

467 1223 654 1289 ἐκείνης
687 1223 859 1290 ἔλαβεν
899 1218 1053 1290 αὐτὴν
1086 1219 1213 1292 πρὸς
1250 1219 1443 1273 ἔαυτόν.
1522 1221 1592 1271 Εἰ
1625 1219 1678 1272 δὲ
1721 1216 1847 1287 εἶχεν
1876 1217 2055 1291 ἄνδρα,
2109 1221 2155 1271 εἰ
2179 1215 2303 1287 εἶχεν
2330 1214 2400 1272 οὗ·

465 1328 582 1373 κον,
638 1309 683 1359 εἰ
705 1304 798 1375 εἶχε
839 1307 1004 1372 τέκνα,
1062 1308 1133 1368 εἰς
1168 1305 1228 1358 τά
1271 1308 1374 1359 ἴδια
1415 1302 1674 1375 άνεχώρει,
1734 1305 1890 1358 12καὶ
1927 1303 1988 1358 οὗ
2027 1303 2154 1375 πρὸς
2193 1301 2279 1357 τδν
2317 1300 2397 1356 άλ-

465 1390 672 1464 λότριον.

604 1561 753 1616 Ἀλλά
793 1562 859 1631 μὴ
890 1569 1035 1617 τοῦτο
1072 1568 1265 1637 στραφῇ
1307 1564 1375 1625 εἷς
1402 1561 1594 1631 βλάβην
1634 1562 1757 1626 τισὶ,
1810 1562 1894 1615 καὶ
1922 1559 2130 1625 δόξωσιν
2156 1563 2208 1615 ἐν
2239 1560 2399 1636 τούτῳ

464 1646 733 1717 λαμβάνειν
758 1646 1024 1720 πρόφασιν,
1065 1644 1412 1711 συνειςάκτους
1435 1649 1520 1701 καὶ
1544 1644 1803 1718 ἄγαπητάς
1833 1652 1853 1684 1
1873 1647 2259 1715 ἐπικαλουμένας
2286 1648 2396 1700 ἔαυ-

465 1742 570 1797 τοῖς
599 1736 836 1800 ἐπινοεῖν,
889 1733 971 1788 διά
1005 1733 1352 1803 κακομήχανον
1385 1730 1642 1787 ὖπόνοιαν.
1714 1731 1896 1786 Ἐκεῖσε
1932 1730 2025 1804 γάρ
2051 1731 2111 1785 τά
2139 1731 2401 1803 πράγματα

466 1822 665 1874 ἐτελεῖτο
708 1817 812 1873 κατ’
842 1821 1159 1888 οἰκονομίαν,
1219 1820 1571 1893 2διῃρημείιων
1612 1825 1708 1872 τῶν
1739 1816 2040 1890 πραγμάτων
2069 1816 2170 1872 άπδ
2200 1824 2287 1886 τῆς
2320 1814 2402 1871 άλ-

463 1912 551 1974 λης
579 1903 776 1974 άπάσης
805 1903 929 1959 κατά
959 1904 1085 1959 θεὸν
1118 1904 1416 1974 ὀφειλούσης
1442 1903 1780 1972 φυλάττεσθαι
1822 1904 2088 1974 ἀκριβείας.
2166 1904 2268 1956 Καὶ
2307 1900 2399 1974 γάρ

466 1991 547 2045 ὅτε
577 1997 723 2046 τοῦτο
756 1993 1009 2062 γεγένητο,
1059 1993 1144 2045 καὶ
1173 1994 1473 2062 παρείληφεν
1503 1988 1658 2059 αὐτὴν
1699 1987 1824 2060 πρὸς
1855 1988 2060 2055 ἑαυτὸν,
2112 1987 2279 2043 οὐκέτι
2306 2010 2395 2041 πα-

467 2078 656 2148 ρέμεινε
680 2075 795 2148 παρ’
822 2076 971 2151 αὐτῷ.
1045 2075 1183 2131 Ἀλλά
1211 2079 1294 2130 καὶ
1323 2079 1369 2129 εἰ
1392 2079 1598 2131 ,δοκοῦσί
1619 2095 1746 2137 τινες
1771 2073 2036 2140 ἐσφάλθαι,
2074 2071 2315 2143 ζητήσωσι
2338 2071 2398 2125 τά

464 2165 574 2232 ἰ’χνη
598 2170 697 2216 τῶν
722 2170 931 2234 γραφῶν
947 2206 960 2229 ,
1016 2165 1101 2216 καὶ
1127 2162 1335 2234 εὕρωσιν
1358 2161 1419 2215 ἂν
1443 2160 1555 2215 οὔτε
1577 2159 1799 2214 θάνατον
1823 2163 2057 2231 Μαρίας,
2110 2157 2224 2213 οὔτε
2254 2161 2302 2212 εἰ
2328 2160 2400 2212 τέ-

464 2257 677 2317 θνηκεν,
716 2247 827 2302 οὔτε
854 2251 900 2301 εἰ
926 2247 995 2317 μή
1024 2251 1283 2316 τέθνηκεν,
1322 2245 1435 2301 οὔτε
1463 2249 1508 2300 εἰ
1534 2247 1800 2309 τέθαπται,
1841 2243 1952 2298 οὔτε
1978 2246 2024 2297 εἰ
2047 2243 2114 2313 μὴ
2139 2246 2398 2299 τέθαπται.

468 2338 570 2388 Καί
602 2338 678 2388 τοί
708 2356 762 2405 γε
790 2339 876 2388 τοῦ
907 2333 1139 2388 Ἰωάννου
1171 2335 1284 2404 περὶ
1323 2331 1412 2401 τήν
1431 2332 1603 2385 Ἀσίαν
1639 2331 2007 2398 ἐνστειλαμένου
2050 2328 2139 2398 τὴν
2178 2332 2398 2400 πορείαν,

466 2422 552 2474 καὶ
579 2418 804 2487 οὐδαμοῦ
821 2421 942 2490 λέγει
962 2419 1036 2474 ὅτι
1061 2419 1327 2490 ἐπηγάγετο
1355 2416 1466 2486 μεθ’
1484 2419 1661 2471 ἑαυτοῦ
1685 2415 1775 2484 τήν
1803 2414 1944 2487 άγίαν
1968 2417 2235 2486 παρθένον.
2283 2412 2403 2468 Ἀλλ’

470 2503 640 2567 άπλῶς
670 2504 941 2572 ἐσιώπησεν
968 2503 1002 2573 ή
1030 2505 1215 2576 γραφὴ,
1254 2501 1338 2557 διά
1367 2503 1420 2557 τό
1454 2500 1758 2572 ὑπερβάλλον
1786 2507 1874 2556 τοῦ
1900 2501 2183 2570 θαύματος,
2220 2504 2305 2554 ἵνα
2332 2498 2401 2569 μή

467 2593 537 2653 εἰς
561 2592 790 2658 ἔκπληξιν
820 2589 982 2665 άγάγῃ
1022 2590 1112 2659 τήν
1152 2589 1375 2644 διάνοιαν
1415 2594 1514 2642 τῶν
1544 2586 1844 2659 ἀνθρώπων.
1911 2585 2041 2658 Ἐγώ
2081 2584 2173 2658 γάρ
2203 2585 2264 2641 οὗ
2297 2592 2399 2640 τολ-

467 2682 542 2745 μῶ
574 2677 753 2746 λέγειν,
806 2673 924 2728 άλλά
969 2674 1323 2744 διανοούμενος
1361 2672 1554 2743 σιωπὴν
1596 2674 1747 2727 ἀσκῶ.
1831 2671 1962 2741 Τάχα
2002 2670 2096 2742 γάρ
2141 2693 2241 2724 που
2281 2672 2402 2725 3καὶ

465 2764 575 2830 ἰ’χνη
608 2760 816 2832 εὕρομεν
856 2768 944 2830 τῆς
985 2759 1126 2832 άγίας
1157 2764 1344 2829 ἐκείνης
1382 2762 1462 2814 καὶ
1502 2766 1527 2797 4
1548 2763 1819 2830 μακαρίας,
1877 2755 1943 2820 ὥς
1971 2755 2083 2810 οὔτε
2111 2754 2272 2828 εὑρεῖν
2299 2758 2402 2810 ἔστι

465 2846 553 2901 τόν
578 2847 802 2900 θάνατον
830 2847 996 2916 αὐτῆς.
1076 2845 1161 2915 Πή
1193 2848 1279 2915 μὲν
1304 2845 1397 2918 γάρ
1430 2844 1459 2899 ὁ
1486 2843 1696 2913 Συμεών
1723 2842 1902 2911 φάσκει
1930 2844 2038 2913 περὶ
2069 2842 2249 2910 αὐτῆς,
2301 2843 2402 2895 Καὶ

470 2938 565 2985 σοῦ
597 2930 751 3001 αὐτῆς
789 2931 878 3001 τὴν
906 2931 1077 3001 ψυχήν
1110 2932 1396 2986 διελεύσεται
1425 2935 1678 3002 ῥομφαία,
1730 2929 1867 2992 ὅπως
1897 2926 1997 2980 ⁵‹32v
2026 2927 2395 2990 ἆποκαλυφθῶ·

469 3037 547 3072 σιν
574 3020 629 3072 ἐκ
660 3023 853 3072 πολλῶν
882 3022 1100 3088 καρδιῶν
1139 3020 1468 3089 διαλογισμοὶ,
1522 3016 1594 3085 πή
1625 3017 1677 3070 δὲ
1705 3021 1793 3083 τῆς
1813 3011 2205 3080 Ἀποκαλύψεως
2239 3010 2400 3066 Ἰωάν-

471 3126 563 3158 νου
594 3103 884 3172 φασκούσης
910 3103 1010 3169 ὅτι,
1053 3106 1152 3156 Καὶ
1180 3106 1415 3158 ἔσπευδεν
1442 3101 1471 3157 ὁ
1497 3101 1697 3174 δράκων
1726 3102 1807 3154 ἐπὶ
1832 3097 1923 3167 τήν
1948 3106 2158 3170 γυναῖκα
2183 3096 2273 3166 τήν
2296 3118 2401 3169 γεν-

473 3189 694 3258 νήσασαν
720 3188 807 3244 τόν
837 3188 1040 3261 ἄρρενα,
1079 3191 1163 3243 καὶ
1193 3189 1443 3258 ἐδόθησαν
1468 3188 1596 3261 αὐτῇ
1623 3188 1856 3256 πτέρυγες
1879 3182 2054 3249 άετοῦ,
2092 3185 2177 3237 καὶ
2202 3181 2401 3251 ἐλήφθη

473 3278 542 3338 εἰς
571 3276 660 3344 τήν
687 3278 896 3345 ἔρημον,
948 3274 1085 3338 ὅπως
1117 3274 1178 3329 ἂν
1213 3274 1281 3343 μή
1321 3273 1450 3348 λάβῃ
1482 3272 1636 3342 αὐτὴν
1667 3271 1696 3326 ὁ
1722 3269 1932 3342 δράκων.
2016 3267 2148 3338 Τάχα
2176 3269 2229 3323 δὲ
2255 3267 2402 3322 δύνα-

643 3360 655 3380 2
734 3361 746 3381 θ
793 3367 815 3378 a..

471 3384 551 3415 ται
581 3364 642 3415 ἐπ
688 3384 814 3435 αυτῃ
840 3367 1177 3430 πληροῦσθαι·
1217 3361 1279 3415 οὗ
1312 3360 1511 3423 πάντως
1538 3360 1592 3413 δὲ
1623 3356 1841 3429 ὁρίζομαι
1871 3361 2044 3423 τοῦτο,
2082 3357 2163 3409 καὶ
2193 3353 2254 3408 οὐ
2278 3355 2401 3426 λέγω

531 3481 592 3519 11.
625 3478 800 3521 ἐποιεῖτο
827 3475 875 3520 τὸ
903 3479 1014 3519 codd.
1042 3490 1131 3519 mss.
1163 3483 1347 3529 uterque,
1378 3482 1411 3518 et
1468 3478 1632 3527 Rhediy.

471 3537 559 3576 edit.
582 3538 713 3576 Petav.
773 3533 941 3589 ἐμποιεῖ
961 3532 1008 3577 τὸ
1041 3537 1129 3575 edit.
1159 3538 1283 3585 princ.
1316 3537 1411 3575 Cor·
1524 3533 1564 3573 2.
1597 3534 1706 3572 Libri
1732 3533 1848 3581 vulyo
1874 3531 2013 3570 habent
2041 3524 2132 3571 κατ’
2170 3525 2401 3584 οἰκονομίαν

471 3595 610 3632 narius
647 3594 761 3632 vertit
798 3605 884 3631 non
925 3605 1023 3631 sane
1064 3592 1116 3631 de
1142 3591 1231 3645 ipsa
1273 3605 1411 3631 curam
1468 3587 1515 3633 δὲ
1541 3586 1818 3644 διῃρημένων.
1875 3588 2007 3626 Βεὶευὶ
2030 3588 2212 3627 voculam
2237 3583 2309 3632 δὲ,
2339 3589 2402 3625 ut-

471 3647 694 3688 habuisset.
1464 3650 1552 3696 pote
1587 3647 1788 3694 repetitam
1828 3655 1897 3694 per
1932 3655 2098 3683 errorem
2135 3655 2183 3683 εκ
2218 3643 2403 3683 vocabulo

537 3708 595 3744 1¹2-
642 3703 715 3747 καὶ
745 3708 874 3747 omiss.
904 3708 946 3746 in
975 3707 1064 3746 edit.
1105 3706 1239 3745 Petav.
1280 3705 1408 3744 Coton.
1461 3704 1668 3753 proximo,
1695 3711 1922 3750 sensumque
1950 3702 2006 3739 ita
2031 3702 2147 3751 plane
2175 3701 2404 3740 turbantem.

473 3765 589 3810 repet.
1523 3759 1562 3801 3.
1595 3756 1667 3800 καὶ
1696 3769 1767 3797 om.
1799 3758 1882 3797 cod.
1912 3758 2072 3808 Rhedz'y.

536 3815 630 3857 Cn».
667 3818 740 3856 Χῖ.
787 3840 838 3848 --
918 3821 951 3860 1.
1011 3816 1270 3874 καλουμένας
1324 3818 1408 3856 cod.
1523 3812 1562 3856 4.
1600 3812 1754 3868 μαρίας
1782 3815 1866 3854 cod.
1898 3815 2059 3865 Rhediy.
