2508 4134
540 286 767 330 ΡΑΝΑΒΠ
794 285 900 330 Lm.
919 290 990 330 111.
1020 286 1155 331 ΤοΜ.
1178 292 1207 332 1.
1231 291 1396 332 HAER.
1424 285 1619 333 cxxvi.
1926 279 2026 331 243

136 385 475 450 substantiam,
514 403 603 438 nec
630 387 856 450 alienam,
899 396 1123 455 tanquam
1149 390 1269 439 facta
1292 390 1373 453 sit,
1415 390 1497 440 sed
1523 389 1782 440 secundum
1805 389 2031 440 substan-

137 472 248 523 tiam
287 470 528 538 genitam,
587 488 677 522 nec
713 488 741 522 a
778 471 998 538 genitore
1037 480 1257 539 putamus
1303 472 1528 523 alienam.
1607 470 1684 524 Ob
1730 473 1777 523 id
1814 473 2029 524 increata

133 564 323 615 manet,
367 572 461 605 non
503 555 660 619 facta,
699 556 783 605 sed
822 571 887 605 ex
924 554 1028 623 ipsa
1066 555 1140 605 dei
1179 555 1445 606 substantia
1484 556 1677 623 genita,
1719 574 1873 625 neque
1912 566 2031 607 tem-

132 639 237 708 pori
276 638 511 690 subiecta.
587 636 776 707 Quippe
812 638 1004 706 genitor
1039 639 1142 707 ipse
1171 639 1374 707 tempori
1412 657 1710 707 nequaquam
1749 641 1941 703 subest,
1982 649 2034 691 ut

133 722 473 792 temporariam
500 721 812 773 substantiam
841 723 1088 791 producat.
1165 721 1292 773 Nam
1331 722 1595 773 cuiusmodi
1626 733 1700 774 est
1726 726 1848 792 quod
1876 724 2032 792 gigni-

135 815 241 871 tur,
284 806 390 857 talis
424 814 500 857 est
535 814 584 857 et
607 805 827 874 genitor,
867 815 915 856 et
945 806 1157 857 vicissim
1199 806 1353 874 qualis
1391 805 1582 874 genitor
1619 818 1719 871 est,
1762 809 1857 859 tale
1888 810 2031 859 etiam

135 900 211 942 est
244 891 369 958 quod
404 888 636 958 gignitur.

274 974 407 1025 Aetii
436 971 594 1042 Caput
619 972 709 1025 VI.
751 972 806 1026 Si
832 973 1096 1042 ingenitum
1133 974 1346 1042 genitum
1376 983 1478 1038 est,
1520 975 1629 1042 quid
1668 984 1799 1025 vetat
1836 985 1884 1026 et
1913 977 2037 1044 quod

136 1059 350 1127 genitum
396 1067 472 1109 est
509 1058 773 1126 ingenitum
822 1058 966 1110 fieri?
1040 1055 1212 1110 Omnis
1255 1058 1380 1109 enim
1423 1067 1591 1108 natura
1620 1059 1678 1109 ad
1709 1059 1754 1108 id
1786 1062 1908 1126 quod
1947 1059 2037 1110 sibi

137 1134 517 1194 consentaneum
546 1151 622 1194 est
658 1143 807 1210 magis
835 1160 974 1211 quam
1004 1145 1063 1194 ad
1090 1143 1295 1194 alienum
1336 1143 1735 1210 peregrinumque
1774 1144 2036 1194 contendit.

279 1223 481 1278 Confut.
512 1224 601 1277 Vl.
660 1224 714 1278 Si
746 1228 868 1294 quod
898 1228 1164 1296 ingenitum
1199 1235 1276 1277 est
1303 1227 1497 1289 secisse,
1540 1244 1633 1277 non
1661 1228 1889 1294 genuisse
1914 1228 2040 1277 dica—

138 1320 245 1375 tur,
301 1311 366 1361 ita
408 1319 459 1361 ut
495 1319 698 1379 utraque
748 1311 866 1362 haec
905 1311 1161 1380 appellatio
1199 1328 1285 1380 pro
1326 1329 1418 1360 una
1459 1319 1508 1361 et
1544 1311 1710 1361 eadem
1758 1310 2039 1380 accipiatur,

139 1412 294 1463 neque
325 1395 527 1445 alterum
566 1396 703 1446 alteri
742 1395 876 1446 velut
912 1413 977 1447 ex
1004 1397 1212 1447 adverso
1250 1396 1548 1464 respondens
1586 1396 1831 1446 contrario
1870 1412 2042 1445 revera

140 1478 375 1530 vocabulo
396 1479 459 1529 sit
483 1479 771 1548 oppositum,
804 1481 877 1530 vis
902 1480 1191 1531 habitudinis
1217 1480 1368 1548 ipsius
1398 1480 1445 1529 in
1471 1479 1624 1530 altero
1649 1480 1887 1530 disiuncta
1912 1480 2045 1548 peni-

142 1573 218 1614 tus
248 1572 342 1626 est,
379 1579 534 1630 neque
561 1564 810 1632 quicquam
840 1564 981 1615 habet
1005 1583 1109 1616 cum
1136 1566 1290 1615 altero
1314 1580 1586 1628 commune,
1619 1572 1812 1632 praeter
1837 1572 2047 1633 potesta·

139 1651 198 1698 tis
229 1635 664 1716 comparationem,
720 1648 842 1715 quod
871 1658 1092 1717 tanquam
1126 1666 1294 1700 caussa
1321 1650 1366 1699 id
1390 1665 1532 1698 omne
1554 1648 1678 1715 quod
1699 1665 1724 1698 a
1749 1665 1802 1698 se
1830 1656 2045 1698 creatum

141 1740 217 1781 est
254 1739 455 1782 naturae
493 1730 722 1798 dignitate
760 1743 974 1800 superet.
1054 1731 1153 1783 lam
1194 1751 1310 1784 vero
1349 1751 1454 1783 cum
1494 1733 1621 1783 inter
1656 1731 1731 1794 id,
1784 1732 1908 1799 quod
1949 1731 2046 1781 effi-

141 1816 297 1866 ciendi
337 1815 382 1866 vi
413 1814 675 1883 praeditum
714 1824 816 1878 est,
858 1826 999 1885 atque
1026 1835 1145 1886 opus
1173 1818 1397 1868 effectum
1428 1826 1473 1867 et
1501 1825 1770 1867 creatorem
1811 1824 2047 1866 creatam-

142 1916 234 1967 que
272 1916 372 1950 rem
411 1899 504 1950 alia
542 1900 772 1967 quaedam
811 1900 1064 1966 interiecta
1091 1902 1155 1951 sit
1187 1901 1473 1969 appellatio,
1516 1918 1636 1968 quae
1665 1909 1716 1951 ut
1745 1901 1802 1950 ad
1841 1898 2045 1967 ingeniti

141 1999 318 2033 nomen
345 1983 558 2046 accedit,
600 1982 670 2034 sic
702 2001 729 2034 a
762 1983 1025 2036 conditoris
1066 1985 1258 2035 nomine
1287 1985 1519 2035 remotior
1547 1993 1651 2047 est,
1695 1984 1803 2035 fieri
1842 2002 1937 2034 non
1964 2001 2049 2051 po-

141 2076 256 2131 test,
297 2067 439 2131 Acti,
481 2067 549 2118 uti
577 2069 926 2119 confundamus
960 2070 1149 2132 omnia,
1191 2078 1334 2137 atque
1365 2087 1430 2121 ex
1461 2069 1656 2136 ingenio
1696 2077 1776 2119 tuo
1805 2068 2047 2136 perfectae

141 2151 474 2220 appellationis
498 2151 884 2202 communionem
914 2153 1135 2204 tollamus
1162 2170 1187 2203 e
1210 2153 1385 2217 medio,
1418 2171 1539 2221 quae
1563 2152 1823 2203 habitudini
1845 2152 1911 2202 illi
1934 2168 2048 2202 con-

140 2236 303 2300 venit,
344 2254 438 2304 qua
475 2253 581 2286 cum
621 2244 754 2303 patre
792 2237 1112 2304 sempiternus
1148 2237 1307 2299 silius,
1350 2238 1692 2305 increatusque
1722 2243 2045 2305 comparatur.

142 2317 275 2370 Fieri
303 2320 417 2371 item
455 2337 551 2370 non
592 2328 750 2388 potest
787 2330 836 2371 ut
874 2321 1085 2389 ingenita
1125 2322 1435 2390 increataque
1474 2331 1644 2372 natura
1681 2329 1844 2372 creata
1875 2319 1937 2370 sit
1965 2319 2052 2370 ali-

142 2405 363 2471 quando,
424 2404 483 2454 ab
522 2420 672 2471 eaque
724 2414 916 2455 creatae
967 2406 1036 2455 rei
1079 2406 1383 2469 conditione,
1446 2407 1578 2456 velut
1615 2404 1935 2474 poenitendo,
1994 2403 2052 2453 ad

144 2488 353 2556 priorem
393 2486 521 2537 illum
568 2486 768 2554 ingeniti
818 2497 993 2539 statum
1044 2490 1336 2558 postliminio
1387 2499 1689 2554 revertatur,
1747 2488 2103 2556 quantumvis..

144 2570 475 2622 Aristotelicis
513 2572 607 2621 tuis
642 2569 762 2622 iisce
799 2571 1003 2623 infinitis
1032 2573 1392 2640 quaestionibus
1421 2574 1669 2643 implicare
1705 2591 1795 2624 nos
1832 2572 2049 2635 studeaS,

144 2654 346 2706 coelesti
382 2672 438 2705 ac
474 2654 677 2723 simplici
725 2664 949 2723 castaque
986 2657 1185 2725 spiritus
1222 2658 1377 2709 sancti
1417 2659 1633 2709 doctrina
1672 2657 1920 2708 derelicta.

286 2738 419 2789 Aetii
447 2734 605 2806 Caput
632 2736 747 2788 Vll.
825 2737 879 2790 Si
920 2739 1037 2791 deus
1080 2742 1275 2792 omnino
1314 2742 1376 2793 sit
1413 2742 1684 2809 ingenitus,
1740 2740 1857 2792 nihil
1898 2740 2052 2807 ipsum

146 2822 366 2891 prohibet
402 2823 663 2873 secundum
714 2831 933 2873 naturam
978 2824 1388 2893 substantiamque
1428 2827 1684 2893 genuisse:
1740 2825 1816 2875 sin
1862 2824 2052 2892 penitus

145 2915 222 2958 est
257 2905 529 2974 ingenituS‚
581 2924 677 2956 non
716 2914 790 2957 est
819 2907 1078 2957 secundum
1110 2908 1425 2959 substantiam
1464 2910 1520 2961 ad
1558 2909 1922 2977 generationem
1957 2906 2053 2957 dis-

149 2999 365 3055 traetus,
406 2991 491 3042 sed
520 2991 644 3058 quod
673 2991 865 3057 genuit,
909 2998 1144 3057 potestate
1183 3009 1238 3042 ac
1280 2994 1505 3044 facultate
1544 2992 1787 3061 produxit.

290 3071 491 3127 Confut.
525 3072 640 3125 Vll.
682 3072 747 3124 Et
776 3082 904 3124 totus
931 3073 1175 3140 ingenitus
1210 3087 1284 3125 est
1314 3076 1652 3144 increatusque
1691 3075 1835 3138 deuS,
1894 3082 1942 3124 et
1975 3072 2054 3140 qui

149 3159 210 3210 ab
234 3159 339 3227 ipso
363 3158 555 3226 genitus
580 3167 656 3209 est
683 3158 947 3219 increatu5‚
968 3183 970 3185 ·
991 3166 1040 3208 ut
1066 3166 1115 3208 et
1140 3167 1335 3210 sanctus
1364 3159 1490 3211 illius
1520 3160 1737 3227 spiritus,
1778 3157 1915 3208 cuius
1951 3167 2055 3207 tan-

150 3251 317 3311 topere
346 3242 752 3294 existimationem
789 3242 980 3303 elevaS,
1022 3260 1049 3291 o
1082 3242 1289 3293 carnalis
1324 3252 1369 3292 et
1400 3243 1618 3293 animalis
1651 3241 1785 3303 Ae'ti,
1826 3243 2305 3306 spem·talz·-1·cor-2.¹⁴-

153 3336 312 3392 terque
339 3329 620 3376 diiudicata!
692 3325 852 3377 Habet
874 3325 963 3376 hoc
990 3342 1162 3393 porr-0,
1204 3335 1255 3376 ut
1282 3326 1341 3376 ab
1375 3327 1479 3394 ipso
1508 3327 1766 3394 procedat,
1821 3324 2055 3391 singulari

154 3411 354 3478 quadam
386 3419 436 3460 et
465 3409 643 3461 eximia
679 3410 894 3472 ratione,
949 3426 1071 3476 quae
1098 3427 1203 3459 cum
1235 3410 1411 3460 ceteris
1445 3410 1663 3460 omnibus
1691 3425 1814 3477 quae
1841 3427 1901 3457 ea:
1935 3412 2049 3473 ipso,
2080 3413 2275 3455 001·1.15-

147 3512 236 3559 per
255 3497 419 3559 ipsum,
460 3504 510 3543 et
526 3496 585 3543 ab
615 3498 712 3560 ipso
744 3504 901 3543 creata
930 3501 1060 3555 sunt,
1102 3493 1370 3560 comparari
1394 3493 1576 3559 nequit.
1633 3492 1875 3560 Quocirca
1901 3509 2058 3559 neque

155 3595 263 3628 cum
291 3577 350 3628 iis
380 3577 526 3628 rebus
550 3595 801 3628 commune
832 3586 907 3628 est
935 3577 977 3626 ei
1015 3575 1296 3643 quicquam,
1342 3592 1429 3626 nee
1462 3576 1582 3627 istae
1615 3592 1915 3627 communem
1950 3594 2054 3626 cum

156 3661 239 3712 illo
266 3661 545 3729 dignitatem
573 3661 818 3712 vindicare
855 3660 943 3711 sibi
986 3667 1204 3727 possunt.
1284 3657 1475 3708 Etenim
1509 3661 1869 3726 praetervolant
1895 3679 1951 3710 ac
1978 3678 2057 3711 ce—

211 3773 251 3815 2.
280 3767 399 3822 ὅλος,
440 3775 497 3812 uti
524 3785 643 3823 supra
672 3777 798 3821 extat,
844 3772 953 3812 codd.
984 3783 1071 3810 mss.
1103 3771 1206 3823 (cod.
1239 3774 1312 3812 len.
1344 3783 1429 3811 cum
1458 3773 1634 3824 rasura).
1694 3768 1801 3820 ὅλως
1831 3775 1934 3813 edili·

1606 3843 1722 3897 16*
