2508 4134
246 1773 332 1811 pag.
355 1763 429 1800 857.

489 274 560 327 90
1206 280 1407 323 SANGTI
1435 280 1718 323 EPIPHANH

483 379 552 449 μὴ
591 381 819 450 προςέχοι
854 385 923 452 τῷ
963 381 1016 432 έν
1058 381 1212 451 σοφίᾳ
1256 377 1406 449 λόγου
1447 378 1745 449 κηρύγματι,
1800 379 1886 431 καὶ
1925 375 2044 445 μετά
2079 380 2286 443 πίστεως
2324 379 2414 449 τὴν

483 463 753 533 ὁμοιότητα
781 466 864 517 καὶ
892 460 996 517 κατ’
1035 463 1210 517 οὐσίαν
1236 469 1325 517 τοῦ
1353 466 1469 518 υἱοῦ
1495 463 1622 532 πρός
1649 465 1837 533 πατέρα
1865 461 2154 534 ὁμολογοίη,
2193 462 2260 527 ὥς
2290 480 2414 532 ψευ-

482 550 720 619 δωνύμως
747 551 900 620 λέγων
929 547 1017 603 τόν
1042 551 1227 624 πατέρα
1249 550 1334 602 καὶ
1362 548 1449 603 τὸν
1479 547 1608 613 υἷὸν,
1645 551 1728 602 καὶ
1762 547 1883 618 μήτε
1910 550 2097 619 πατέρα
2117 550 2269 619 λέγων
2299 548 2410 618 ἀλη·

480 643 618 700 θῶς,
671 636 791 704 μήτε
825 633 962 701 υἱόν,
1011 632 1134 689 ἀλλά
1165 633 1363 702 κτιστήν
1402 635 1486 687 καὶ
1517 638 1719 702 κτίσμα,
1771 636 1856 688 καὶ
1883 640 2184 688 κοινοποιῶν
2213 633 2301 702 τὴν
2325 641 2414 690 τοῦ

480 720 669 791 πατρός
697 723 782 774 καὶ
808 727 896 775 τοῦ
923 724 1039 774 υἱοῦ
1069 722 1260 774 ἔννοιαν
1292 721 1374 773 ἐπὶ
1404 725 1502 772 τῶν
1534 726 1722 773 λοιπῶν
1746 718 2062 788 ποιημάτων,
2113 721 2199 772 καὶ
2226 723 2415 787 σοφίζε-

481 815 603 860 σθαι
641 808 830 871 θέλων,
893 808 1022 858 ιεἴτε
1058 809 1194 878 χρείᾳ
1231 802 1300 867 ὥς
1334 803 1389 858 τό
1424 810 1623 873 πρῶτον
1662 804 1952 873 ποιημάτων
1995 804 2056 859 δι’
2087 805 2270 870 αὐτοῦ,
2321 808 2416 859 εἴτε

478 890 727 966 ὑπερβολῇ
749 897 838 945 τοῦ
866 893 1133 961 μεγέθους,
1172 892 1257 944 καὶ
1284 888 1407 944 κατά
1434 891 1587 958 μηδὲν
1614 888 1867 961 ὁμολογῶν
1895 889 1984 959 τὴν
2014 889 2415 958 ἐκκλησιαστικὴν

478 981 642 1031 πίστιν
663 976 753 1045 τῆν
778 979 848 1039 εἰς
872 979 1060 1045 πατέρα
1093 997 1143 1029 τε
1167 977 1252 1028 καὶ
1278 975 1416 1041 υἱόν,
1471 972 1538 1037 ὥς
1567 975 1681 1046 παρ’
1709 975 1738 1029 ὃ
1770 982 1795 1013 ²
1812 975 2178 1047 εὖαγγελίσαντο
2208 973 2339 1043 ἡμᾶς
2367 977 2419 1029 οἰ

479 1061 745 1116 ἀπόστολοι
787 1063 950 1115 θέλων
993 1059 1420 1132 εὐαγγελίσασθαι,
1478 1059 1710 1128 ἀνάθεμα
1759 1063 1897 1115 ἔστω.
1984 1063 2113 1126 Καὶ,
2165 1059 2290 1115 κατά
2326 1060 2414 1115 τόν

478 1147 722 1218 μακάριον
755 1153 984 1212 Παῦλον,
1023 1146 1410 1218 προειρήκαμεν,
1449 1147 1532 1198 καὶ
1562 1143 1674 1214 ἀρτι
1699 1145 1845 1199 πάλιν
1881 1147 2042 1217 3λέγω
2079 1145 2412 1215 ἀνειληφότες,

477 1235 560 1288 καὶ
590 1233 689 1287 4τὸ
723 1233 1005 1303 ἀναγκαίως
1028 1232 1214 1299 φαμὲν·
1289 1234 1365 1284 Εἴ
1385 1253 1459 1293 τις
1481 1230 1568 1284 τὸν
1595 1229 1753 1298 σοφόν
1788 1233 1943 1298 μόνον
1969 1230 2169 1286 ἀκούων
2208 1233 2414 1303 πατέρα,

476 1321 564 1373 καὶ
586 1322 767 1385 σοφίαν
794 1317 881 1372 τὸν
909 1324 1155 1388 μονογενῆ
1178 1316 1359 1371 τούτου
1396 1315 1535 1382 υἵὸν,
1588 1315 1768 1370 ταῦτὸν
1800 1314 1923 1369 εἶναι
1948 1318 2086 1386 λέγοι
2115 1315 2205 1386 τῆν
2232 1322 2415 1385 σοφίαν

475 1411 544 1477 τῷ
571 1403 707 1478 μόνῳ
748 1409 919 1476 σοφῷ,
969 1404 1189 1473 ἀναιρῶν
1229 1401 1284 1456 τὸ
1317 1399 1443 1455 εἶναι
1474 1399 1610 1467 υἷὸν,
1664 1400 1896 1468 ἀνάθεμα
1927 1403 2064 1455 ἔστω.
2139 1405 2241 1456 Καὶ
2274 1406 2322 1456 εἴ
2342 1425 2416 1466 τις

474 1489 561 1543 τόν
585 1488 746 1555 σοφόν
775 1488 978 1543 ἀκούων
1003 1490 1214 1559 πατέρα,
1266 1489 1351 1541 καὶ
1378 1490 1559 1554 σοφίαν
1587 1486 1673 1540 τόν
1703 1484 1817 1539 υἱόν
1843 1483 2026 1551 αὐτοῦ,
2076 1487 2319 1556 ἀνόμοιον
2343 1490 2415 1542 λέ-

474 1597 574 1646 γων
602 1577 686 1628 καὶ
715 1573 820 1629 κατ’
855 1574 1030 1629 οὐσίαν
1065 1573 1155 1642 τὴν
1195 1577 1378 1640 σοφίαν
1413 1579 1503 1626 τοῦ
1545 1577 1709 1637 σοφοῦ
1738 1577 1894 1636 θεοῦ,
1947 1569 2015 1634 οἷς
2052 1571 2120 1641 μὴ
2150 1575 2304 1644 λέγων
2329 1571 2416 1628 τόν

473 1660 636 1728 σοφόν
672 1667 760 1730 τῆς
796 1664 979 1726 σοφίας
1018 1660 1220 1728 ἀληθῶς
1259 1660 1474 1729 πατέρα,
1532 1656 1761 1725 ἀνάθεμα
1797 1659 1932 1711 ἔστω.
2008 1660 2111 1711 Καὶ
2147 1661 2195 1713 εἴ
2226 1681 2299 1722 τις
2330 1657 2418 1714 τόν

474 1745 600 1800 θεὸν
625 1753 753 1800 νοῶν
785 1744 878 1817 Ιτόν
904 1747 1118 1815 πατέρα,
1169 1744 1255 1799 τὸν
1283 1745 1336 1798 δὲ
1370 1747 1422 1798 ἐν
1445 1744 1571 1817 ἀρχῇ
1610 1743 1760 1813 λόγον
1797 1764 1847 1796 τε
1878 1745 1964 1797 καὶ
1990 1742 2140 1810 θεὸν,
2196 1742 2416 1799 5ταύτὸν

475 1834 604 1903 λέγοι
630 1830 758 1902 πρός
786 1830 873 1885 τόν
898 1830 1024 1885 θεόν
1051 1830 1199 1902 λόγον
1230 1852 1280 1883 τε
1314 1832 1399 1883 καὶ
1442 1827 1566 1883 θεόν
1605 1827 1743 1902 αὐτῷ
1773 1834 1840 1901 τῶ
1868 1835 1974 1902 θεῷ
2004 1836 2070 1901 τῷ
2094 1829 2222 1901 πρός
2251 1829 2311 1885 ὃν
2334 1830 2410 1885 λό-

472 1940 559 1989 γος
583 1939 632 1971 τε
663 1923 686 1954 ⁶
703 1919 787 1971 καὶ
819 1916 959 1981 θεὸς,
1003 1914 1070 1979 ῶς
1097 1916 1163 1985 μῆ
1192 1918 1344 1987 λέγων
1372 1913 1573 1983 ἀληθῶς
1600 1913 1727 1979 υἰὸν,
1774 1912 2008 1983 ἀνάθεμα
2033 1917 2169 1969 ἔστω.
2245 1917 2347 1970 Καὶ
2374 1919 2423 1970 εἷ’

470 2026 544 2066 τις
570 2002 656 2056 τόν
684 2009 927 2074 μονογενῆ
955 2002 1078 2056 θεὸν
1112 2002 1260 2072 λόγον
1291 2001 1406 2055 υἷόν
1434 2000 1632 2055 ἀκούων
1666 2005 1756 2053 τοῦ
1785 2006 1937 2064 θεοῦ,
1976 1999 2103 2071 πρὸς
2130 2000 2189 2054 ὃν
2215 1999 2246 2055 ὅ
2271 1999 2419 2072 λόγος

471 2110 521 2142 τε
547 2091 632 2142 καὶ
657 2088 804 2153 θεός,
859 2086 1102 2156 ἀνόμοιον
1138 2089 1270 2158 λέγοι
1294 2089 1380 2140 καὶ
1409 2085 1513 2139 κατ’
1546 2085 1722 2139 οὐσίαν
1756 2083 1844 2138 τόν
1875 2084 2000 2139 θεὸν
2025 2085 2173 2157 λόγον
2203 2093 2293 2141 τοῦ
2322 2109 2417 2141 πα-

471 2173 587 2244 τρὸς
610 2217 624 2240 ,
679 2173 767 2228 τόν
799 2172 923 2227 θεόν
959 2180 1051 2227 τοῦ
1073 2179 1201 2226 θεοῦ
1226 2174 1310 2226 καὶ
1345 2171 1560 2242 πατρός,
1612 2168 1740 2240 πρός
1768 2169 1825 2224 ὃν
1855 2168 1884 2224 ὅ
1911 2171 2180 2242 μονογενὴς
2208 2174 2261 2225 ἒν
2290 2172 2417 2247 ἀρχῇ

469 2255 534 2328 ’ἧν
561 2259 684 2322 θεὸς
721 2258 892 2328 λόγος,
947 2256 1014 2321 οἷς
1044 2257 1110 2326 μὴ
1137 2260 1291 2328 λέγων
1329 2257 1535 2326 ἀληθῶς
1575 2255 1713 2321 υἷὸν,
1764 2255 1995 2324 ἀνάθεμα
2035 2258 2172 2310 ἔστω.
2247 2259 2351 2311 Καὶ
2373 2260 2422 2311 εἷ’

469 2367 542 2407 τις
570 2344 736 2398 εἰκόνα
765 2342 967 2397 ἀκούων
996 2343 1082 2397 τόν
1110 2342 1220 2396 υἷὸν
1246 2349 1334 2396 τοῦ
1356 2348 1484 2397 θεοῦ
1511 2349 1600 2396 τοῦ
1623 2339 1845 2411 ἀοράτου
1868 2339 2049 2395 ταύτόν
2074 2344 2205 2412 λέγοι
2236 2341 2328 2410 τῆν
2350 2345 2415 2396 εἰ-

469 2430 594 2485 κόνα
626 2437 693 2504 τῷ
736 2435 840 2503 θεῷ
870 2435 940 2502 τῷ
967 2427 1193 2502 ἀοράτῳ,
1246 2426 1314 2491 ὥς
1350 2427 1419 2496 μὴ
1459 2425 1715 2498 ὁμολογῶν
1748 2425 1955 2495 ἀληθῶς
1993 2425 2129 2492 υἱόν,
2185 2425 2415 2496 ἀνάθεμα

472 2518 607 2570 ἔστω.
685 2518 786 2568 Καὶ
813 2517 860 2568 εἴ
877 2537 950 2576 τις
978 2513 1146 2568 εἰκόνα
1186 2512 1388 2567 ἀκούων
1414 2511 1500 2567 τόν
1528 2518 1770 2583 μονογενῆ
1795 2512 1907 2566 υἷὸν
1932 2519 2021 2566 τοῦ
2047 2511 2266 2583 ἀοράτου
2290 2520 2416 2568 θεοῦ

471 2600 711 2669 ἀνόμοιον
740 2601 873 2670 λέγοι
914 2601 1000 2652 καὶ
1037 2598 1140 2653 κατ’
1180 2597 1354 2653 οὐσίαν
1381 2597 1467 2652 τόν
1499 2597 1637 2662 υἱόν,
1694 2598 1863 2651 εἰκόνα
1904 2596 2021 2652 ὄντα
2050 2605 2142 2652 τοῦ
2172 2605 2298 2652 θεοῦ
2325 2601 2415 2653 τοῦ

472 2685 719 2756 ἀοράτου,
772 2679 835 2738 οὗ
875 2683 1022 2738 εἰκῶν
1064 2687 1147 2738 καὶ
1183 2683 1288 2738 κατ’
1331 2684 1508 2738 οὐσίαν
1542 2691 1752 2748 νοεῖται,
1806 2681 1874 2746 ὥς
1911 2682 2115 2752 ἀληθῶς
2158 2682 2226 2752 μὴ
2262 2685 2416 2755 λέγων

469 2772 609 2838 υἷὸν,
649 2772 881 2839 ἀνάθεμα
903 2772 1039 2823 ἔστω.
1116 2773 1215 2823 Καὶ
1247 2773 1294 2823 εἶ’
1321 2792 1394 2833 τις
1433 2767 1632 2823 ἀκούων
1664 2775 1752 2822 τοῦ
1792 2772 1907 2823 υἷοῦ
1934 2771 2185 2839 λέγοντος,
2222 2768 2415 2840 ’Ώςπερ

470 2857 564 2930 γάρ
597 2855 626 2911 ό
651 2854 815 2925 πατὴρ
846 2857 941 2924 ἔχει
967 2853 1096 2924 ζωὴν
1128 2858 1180 2909 ἐν
1208 2857 1367 2928 ἑαυτῷ
1383 2898 1396 2920 ,
1436 2854 1565 2908 οὕτω
1596 2857 1678 2908 καὶ
1712 2861 1779 2927 τῷ
1805 2858 1898 2927 υἱῷ
1928 2857 2112 2908 δέδωκε
2134 2853 2262 2923 ζωὴν
2293 2857 2416 2923 ἔχειν

469 2947 522 2998 ἐν
545 2945 728 3016 ἑαυτῷ,
776 2939 958 2994 ταῦτὸν
982 2942 1107 3011 λέγει
1133 2939 1220 2994 τόν
1247 2939 1486 3009 εἰληφότα
1522 2939 1658 3010 παρά
1705 2939 2011 3010 τοῦπατρὸς
2053 2938 2144 3008 τὴν
2174 2938 2304 3008 ζωὴν
2329 2942 2415 2994 καὶ

470 3027 807 3099 ὁμολογοῦντα
834 3025 943 3091 τὸ,
973 3025 1132 3097 Κάγώ
1171 3032 1234 3090 ζῶ
1263 3024 1346 3079 διά
1375 3024 1462 3079 τόν
1501 3027 1714 3096 πατέρα,
1765 3033 1833 3100 τῶ
1867 3024 2130 3090 δεδωκότι,
2183 3024 2415 3093 ἀνάθεμα

470 3116 606 3168 ἔστω.
683 3115 784 3166 Καὶ
817 3115 866 3165 εἷ’
886 3135 959 3175 τις
990 3111 1190 3165 ἀκούων
1222 3109 1307 3176 τὸ,
1343 3110 1535 3182 ’Ώςπερ
1572 3110 1666 3182 γάρ
1695 3109 1724 3165 ό
1754 3110 1914 3181 πατὴρ
1945 3109 2074 3178 ζωὴν
2100 3112 2195 3178 ἔχει
2225 3112 2278 3164 έν
2303 3112 2412 3164 ἓαυ-

470 3205 568 3271 τῷ,
622 3199 753 3253 οὕτω
790 3200 876 3251 καὶ
911 3204 979 3270 τῷ
1022 3200 1117 3270 υἱῷ
1157 3199 1311 3250 ἔδωκε
1350 3196 1477 3265 ζωὴν
1522 3199 1645 3265 ἔχειν
1678 3199 1731 3250 ἐν
1772 3199 1957 3270 ἑαυτῷ,
2009 3194 2247 3263 ἀνόμοιον
2283 3199 2416 3268 λέγοι

474 3283 617 3337 7κατ’
644 3283 818 3338 οὐσίαν
847 3282 934 3337 τόν
970 3282 1082 3336 υἷόν
1117 3289 1185 3355 τῷ
1219 3285 1396 3352 πατρὶ,
1449 3281 1899 3352 διαμαρτυρόμενος
1931 3281 2007 3335 ὅτι
2041 3281 2200 3343 οὕτως
2227 3283 2321 3349 ἔχει
2346 3279 2416 3344 οἷς

473 3372 690 3438 εἴρηκεν,
742 3370 976 3437 ἀνάθεμα
1007 3370 1143 3422 ἔστω.
1223 3366 1448 3439 Φανερὸν
1481 3367 1574 3438 γάρ
1612 3367 1686 3421 ὅτι
1714 3373 1802 3434 τῆς
1828 3373 1954 3434 ζωῆς
1983 3373 2070 3434 τῆς
2099 3369 2150 3420 έν
2172 3372 2241 3440 τῷ
2265 3369 2414 3436 πατρὶ
2474 3372 2476 3374 ’

473 3456 746 3523 νοουμένης
782 3455 957 3517 οὐσίας
997 3456 1379 3523 σημαινομένης,
1433 3455 1517 3507 καὶ
1563 3459 1652 3522 τῆς
1691 3458 1818 3520 ζωῆς
1857 3457 1943 3520 τῆς
1982 3459 2073 3505 τοῦ
2111 3459 2414 3523 μονογενοῦς

588 3597 684 3638 Cn».
716 3600 774 3638 X.
806 3624 862 3630 —
920 3600 955 3641 1.
988 3600 1071 3643 εἴτε
1113 3598 1233 3656 χρείᾳ
1269 3602 1425 3650 reposui
1479 3603 1514 3640 et
1540 3600 1643 3639 editi.
1704 3596 1744 3639 εἴ
1767 3611 1807 3639 τι
1835 3598 1921 3638 cod.
1950 3598 2112 3648 Rhediy.

473 3667 521 3695 ex
549 3657 739 3695 emendat.
783 3658 962 3697 Cornarii
988 3659 1055 3707 qui
1080 3660 1194 3697 vertit
1221 3664 1263 3695 et
1290 3655 1412 3695 cavil·
1530 3654 1569 3695 2.
1602 3648 1925 3707 εὖηγγελίσαντο
1954 3655 2037 3692 cod.
2072 3656 2230 3706 Rhediy.

472 3710 546 3751 lari
592 3710 760 3758 volens,
813 3712 900 3751 sive
940 3713 993 3753 ob
1037 3712 1286 3766 utilitatem,
1330 3711 1416 3752 sive
1531 3710 1571 3751 3.
1600 3708 1771 3764 λέγομεν
1798 3712 1947 3760 placuit
1976 3712 2149 3751 Perenne,

473 3766 766 3820 magnitudinis
790 3768 1091 3817 excellentiam,
1125 3769 1299 3822 primum
1320 3783 1409 3808 esse
1522 3763 1562 3806 4.
1592 3763 1638 3808 τὸ
1670 3769 1795 3806 unicis
1830 3768 1978 3806 notavit
2007 3769 2202 3808 Petavius.
2261 3769 2410 3808 Rescri-

476 3832 753 3867 creaturarum
781 3828 863 3865 cett.
923 3825 1047 3875 εἴτις
1074 3825 1196 3883 χρείᾳ
1224 3828 1307 3866 cod.
1336 3828 1413 3867 len.
1473 3824 1638 3864 bendum
1666 3824 1828 3873 fortasse
1856 3820 1930 3867 καὶ
1959 3820 2044 3874 ἔτι,
2074 3825 2134 3864 vel
2163 3822 2235 3868 καί
2262 3837 2336 3868 τοι.
