2508 4134
234 372 344 428 Κεφ.
373 371 418 423 ς’.

238 1503 324 1540 pag.
345 1494 420 1532 894.

451 251 550 303 156
1160 261 1365 305 sANc‘m
1395 263 1678 306 EPIPHANn

597 355 770 410 ιἈλλά
803 355 894 425 τὴν
921 359 1177 412 δικαίωσιν
1204 360 1254 422 ἐξ
1285 357 1476 427 ἀμφοῖν
1511 361 1660 431 λέγει,
1707 361 1793 414 καὶ
1826 357 1916 428 τὴν
1940 358 2096 431 χάριν.
2168 367 2384 417 Δικαιω-

451 443 623 505 θέντες
651 443 704 495 δὲ
733 443 786 494 ἐν
808 446 876 514 τῷ
910 440 1116 510 ὀνόματι
1156 449 1292 498 2τοῦ
1327 448 1504 516 κυρίου
1542 443 1683 514 ήμῶν
1717 443 1881 514 Ἰησοῦ
1923 450 2168 517 Χριστοῦ,
2220 448 2306 502 καὶ
2333 449 2385 502 ἐν

446 533 515 600 τῷ
540 525 778 595 πνεύματι
805 533 893 580 τοῦ
935 533 1061 581 θεοῦ
1099 525 1270 597 ήμῶν,
1320 529 1495 598 ὅμοιον
1533 535 1600 604 τῷ
1629 532 1783 584 εἰπεῖν
1794 574 1807 598 ,
1859 532 2224 596 Δικαιωθέντες
2249 533 2303 586 δὲ
2329 534 2385 588 ἐκ
2462 597 2467 605 ,

446 615 654 675 πίστεως
692 610 891 683 εἰρήνην
929 614 1098 682 ἔχομεν
1133 613 1260 686 πρός
1295 613 1382 669 τὸν
1416 614 1541 670 θεὸν
1580 614 1663 669 διά
1703 621 1792 670 τοῦ
1833 620 2011 688 κυρίου
2051 616 2193 686 ήμῶν
2221 615 2385 686 Ἰησοῦ

450 702 687 768 Χριστοῦ.
768 697 948 761 Οὐδεὶς
986 697 1191 753 δύναται
1226 702 1379 754 εἰπεῖν
1408 699 1584 772 κύριον
1617 702 1841 770 Ἰησοῦν,
1897 704 1943 755 εἰ
1969 701 2038 771 μή
2066 704 2119 757 ἐν
2144 702 2387 772 πνεύματι

446 781 592 856 άγίῳ·
644 783 755 847 καὶ,
814 781 992 847 Οὐδεὶς
1033 784 1238 839 δύναται
1276 792 1471 854 πνεῦμα
1514 784 1658 857 ἅγιον
1691 790 1858 855 λαβεῖν
1901 786 1974 856 3ἢ
2010 785 2146 858 παρά
2191 791 2384 859 κυρίου.

447 869 722 939 Διαιρέσεις
752 869 805 922 δὲ
828 868 1138 938 χαρισμάτων
1167 872 1285 938 εἰσὶ,
1323 870 1378 925 τὸ
1405 872 1458 925 δὲ
1484 870 1606 925 αῦτὸ
1631 878 1850 941 πνεῦμα,
1888 874 1972 926 καὶ
1999 873 2256 943 διαιρέσεις
2281 877 2387 927 δια-

444 959 629 1008 κονιῶν
655 955 803 1019 εἷσιν,
857 951 886 1008 ὁ
917 956 971 1008 δὲ
1004 954 1156 1018 αὐτὸς
1190 955 1337 1022 θεός,
1390 955 1420 1011 ὅ
1446 959 1656 1028 ἐνεργῶν
1695 955 1756 1010 τά
1786 956 1948 1011 πάντα
1976 960 2028 1013 ἐν
2063 965 2216 1012 πᾶσι..
2283 960 2386 1012 Καὶ

445 1037 544 1092 nimi
573 1037 721 1108 δόξης
750 1042 818 1102 εἰς
846 1041 1023 1106 δόξαν,
1063 1042 1281 1105 4καθῶς
1310 1041 1410 1096 ἀπὸ
1442 1046 1620 1113 κυρίου
1648 1041 1939 1110 πνεύματος.
2015 1045 2144 1109 Καὶ,
2181 1042 2280 1112 Μὴ
2304 1050 2385 1097 λυ-

444 1132 576 1178 πεῖτε
600 1123 655 1179 τὸ
682 1131 875 1194 πνεῦμα
904 1125 957 1181 τὸ
989 1125 1155 1197 ἅγιον,
1206 1130 1260 1181 ἐν
1291 1121 1332 1201 ᾇ
1369 1130 1734 1199 ἐσφραγίσθητε
1771 1130 1841 1191 εἰς
1876 1127 2061 1200 ἡμέραν
2099 1127 2385 1201 ἀπολυτρώ-

443 1228 591 1276 σεως,
645 1209 818 1279 ὅμοιον
850 1216 917 1285 τῷ
945 1214 1125 1278 εἰπεῖν,
1181 1215 1254 1265 Εἰ
1277 1219 1649 1284 παραζηλοῦμεν
1678 1211 1766 1267 τὸν
1792 1211 1994 1284 κύριον,
2043 1212 2110 1282 μὴ
2141 1213 2382 1285 ἰσχυρότε-

444 1317 524 1361 ροι
554 1295 711 1350 αὐτοῦ
736 1298 905 1365 ἐσμεν,-
943 1296 998 1351 τὸ
1030 1298 1099 1363 δὲ,
1142 1303 1351 1367 Πνεῦμα
1382 1301 1544 1369 ῥητῶς
1568 1300 1710 1369 λέγει,
1750 1297 1927 1367 ὅμοιον
1950 1304 2020 1373 τῷ
2043 1301 2211 1365 εἰπεῖν,
2256 1299 2385 1354 Τάδε

440 1382 566 1452 λέγει
596 1382 771 1452 κύριος
798 1382 1167 1454 παντοκράτωρ.
1243 1385 1373 1448 Καὶ,
1420 1382 1485 1437 Τὸ
1520 1382 1714 1452 πνεῦμά
1751 1405 1848 1451 μου
1884 1385 2146 1453 ἐφέστηκεν
2171 1385 2224 1438 ἐν
2251 1386 2383 1458 μέσῳ

445 1464 602 1536 ὑμῶν,
625 1465 741 1520 Ἐάν
758 1490 830 1530 τις
849 1470 959 1536 ἐμοὶ
979 1467 1151 1543 ἀνοίξῃ
1176 1475 1199 1506 ⁶
1217 1471 1466 1535 εἰςελθεῖν,
1497 1467 1590 1539 ἐγώ
1611 1470 1695 1522 καὶ
1715 1466 1745 1523 ὅ
1763 1466 1923 1540 πατὴρ
1949 1475 1972 1507 ⁶
1988 1467 2143 1538 μονήν
2162 1467 2278 1542 παρ’
2294 1470 2382 1524 αὖ·

441 1558 511 1625 τῶ
527 1551 811 1621 ποιήσομεν.
860 1551 1063 1617 Ἡσαΐας
1090 1555 1160 1620 δὲ,
1193 1556 1292 1607 Καὶ
1319 1551 1392 1608 ἐπ’
1419 1552 1572 1608 αὐτόν
1590 1561 1783 1624 πνεῦμα
1800 1561 1943 1609 θεοῦ.
1991 1553 2055 1608 ‘O
2074 1555 2128 1608 δὲ
2152 1554 2383 1627 Χριστὸς,

447 1642 656 1706 Πνεῦμα
684 1641 860 1708 κυρίου
900 1639 1012 1693 7ἐπ’
1044 1640 1144 1708 ἐμὲ,
1183 1633 1246 1693 οὗ
1281 1642 1461 1693 εἵνεκεν
1486 1641 1642 1711 ἕχρισέ
1666 1662 1736 1710 με.
1796 1643 1915 1708 Καὶ,
1943 1642 2141 1710 Ἰησοῦν
2165 1639 2253 1695 τὸν
2281 1638 2380 1696 άπὸ

444 1724 682 1793 Ναζαρὲτ,
710 1723 767 1779 ὃν
791 1727 977 1794 ἔχρισεν
1001 1731 1023 1762 ⁸
1042 1722 1071 1779 ὅ
1088 1723 1212 1787 θεὸς
1235 1723 1473 1794 πνεύματι
1498 1723 1620 1799 άγίω
1636 1749 1647 1761 ·
1686 1725 1774 1795 θῆ,
1802 1726 1991 1798 Κύριος
2015 1725 2289 1782 ἆπέσταλκέ
2306 1748 2382 1796 με,

440 1810 526 1862 καὶ
553 1808 608 1863 vd
637 1816 829 1879 πνεῦμα
860 1808 1030 1865 αὐτοῦ.
1093 1809 1292 1881 Φανερᾶ
1315 1811 1368 1864 δὲ
1391 1813 1476 1864 καὶ
1501 1808 1535 1879 ή
1565 1810 1710 1881 φωνή
1739 1818 1838 1866 τῶν
1862 1814 2093 1883 Σεραφὶμ
2117 1811 2381 1883 κράζουσα,

430 1893 621 1966 ”Ἀγιος,
660 1893 819 1966 ἅγιος,
859 1895 999 1967 ἅγιος
1025 1895 1199 1967 κύριος
1227 1896 1470 1965 Σαβαῶθ.
1537 1895 1660 1951 Ἐάν
1690 1898 1743 1951 δὲ
1768 1896 1987 1972 α’κούσῃς
2012 1897 2104 1964 ὅτι,
2150 1903 2222 1972 Τῇ
2249 1900 2383 1972 δεξιᾷ

438 1986 528 2035 τοῦ
551 1987 679 2035 θεοῦ
706 1980 957 2050 ὑψωθεὶς,
1002 1988 1060 2020 ¹⁰
1077 1984 1177 2048 καὶ,
1215 1981 1307 2051 τήν
1333 1985 1620 2054 ἐπαγγελίαν
1641 1989 1730 2037 τοῦ
1753 1983 2029 2053 πνεύματος
2051 1981 2217 2053 λαβῶν
2245 1982 2383 2055 παρὰ

439 2072 527 2121 τοῦ
565 2066 777 2138 πατρός,
826 2066 860 2137 ἢ
883 2070 1159 2139 περιμένειν
1186 2068 1276 2137 τήν
1304 2070 1594 2139 ἐπαγγελίαν
1620 2074 1709 2123 τοῦ
1735 2067 1926 2141 πατρὸς
1951 2069 2015 2138 ἣν
2044 2068 2310 2138 ἠκούσατε,
2346 2068 2383 2139 ἢ

441 2152 534 2219 ὅτι,
581 2151 647 2207 Τὸ
673 2158 867 2222 πνεῦμα
887 2152 1040 2207 αὐτόν
1063 2153 1284 2222 ἐκβάλλει
1306 2156 1376 2216 εἰς
1393 2153 1484 2222 τήν
1502 2156 1706 2224 ἔρημον,
1745 2153 1780 2223 ἢ
1803 2154 1894 2220 ὅτι,
1935 2152 2085 2218 αὐτός
2106 2156 2246 2226 λέγει,
2283 2153 2380 2224 Μή

438 2236 762 2311 μεριμνήσητε
790 2243 836 2293 τί
865 2242 1055 2308 εἴπητε,
1095 2239 1171 2293 ὅτι
1197 2237 1251 2293 vd
1286 2245 1477 2308 πνεῦμα
1510 2246 1527 2276 ¹
1545 2245 1567 2277 1.
1586 2238 1640 2293 τὸ
1669 2246 1847 2294 λαλοῦν
1875 2242 1927 2294 ἐν
1954 2238 2096 2308 ὑμῖν,
2134 2238 2192 2308 ἢ,
2230 2243 2302 2293 Εἰ
2326 2241 2380 2294 δὲ

438 2327 490 2379 ἐν
517 2323 758 2392 πνεύματι
797 2331 927 2378 θεοῦ
978 2321 1273 2393 1ῑῑέκβάλλω
1310 2323 1369 2377 τοὶ
1394 2323 1654 2393 δαιμόνια,
1703 2325 1765 2394 ἢ,
1811 2324 1868 2378 Ὅ
1891 2326 1943 2379 δὲ
1972 2329 2280 2394 βλασφημῶν
2310 2328 2380 2388 εἰς

438 2410 492 2466 τὸ
518 2418 714 2480 πνεῦμα
740 2409 795 2464 τὸ
829 2409 1002 2481 ἅγιον,
1042 2408 1136 2463 οὐκ
1163 2409 1467 2478 ἀφεθήσεται
1498 2411 1634 2483 αὐτῷ
1648 2453 1662 2476 ,
1699 2413 1784 2465 καὶ
1811 2410 1872 2464 τά
1900 2412 2035 2479 ἑξῆς,
2093 2417 2148 2448 13
2166 2409 2229 2479 ἢ,
2269 2410 2376 2464 Πά-

378 2514 380 2517 ·
438 2518 536 2568 τερ,
566 2500 634 2560 εἰς
654 2493 820 2567 χεῖράς
845 2514 936 2550 σου
962 2494 1321 2564 παραθήσομαι
1343 2494 1398 2549 τὸ
1424 2495 1621 2564 πνεῦμά
1646 2518 1761 2565 μου,
1798 2494 1847 2565 ἢ,
1885 2495 1951 2550 Τὸ
1979 2500 2178 2550 παιδίον
2200 2493 2380 2565 ηῦξανε

441 2585 527 2637 καὶ
557 2586 875 2654 ἐκραταιοῦτο
903 2587 970 2655 τῷ
994 2580 1253 2650 πνεύματι,
1285 2581 1553 2651 14Ἰησοῦς
1585 2583 1637 2636 δὲ
1658 2583 1898 2650 πλησθεὶς
1927 2580 2205 2651 πνεύματος
2233 2578 2378 2652 άγίου

437 2667 746 2740 ὑπέστρεψεν
785 2665 881 2721 ἆπὸ
922 2673 1010 2720 τοῦ
1048 2665 1330 2739 Ἰορδάνου,
1381 2666 1442 2735 ἢ,
1496 2665 1824 2739 Ι’Τπέστρεψεν
1861 2666 2051 2736 Ἰησοῦς
2080 2673 2141 2740 τῇ
2171 2665 2380 2735 δυνάμει

439 2759 527 2808 τοῦ
552 2753 850 2822 πνεύματος,
901 2752 961 2822 ἢ,
1024 2752 1091 2807 Τὸ
1122 2754 1470 2824 γεγεννημένον
1505 2756 1558 2808 ἐκ
1584 2758 1673 2807 τοῦ
1704 2752 1982 2822 πνεύματος
2011 2750 2206 2819 πνεῦμά
2234 2754 2377 2817 ἐστιν,

440 2839 613 2909 ὅμοιον
641 2845 709 2913 τῷ
737 2842 916 2906 εἰπεῖν,
953 2838 1021 2892 uO
1050 2841 1248 2910 γέγονεν
1275 2841 1328 2892 ἐν
1356 2837 1488 2912 αὐτῷ
1517 2838 1613 2907 ζωὴ
1640 2833 1727 2907 ἧν,
1780 2838 1836 2907 ἢ,
1876 2835 2028 2908 Κάγῶ
2057 2838 2377 2908 παρακαλέσω

437 2924 525 2980 τόν
559 2932 613 2963 ¹⁵
631 2927 845 2997 πατέρα,
883 2927 968 2979 καὶ
999 2923 1147 2996 ἄλλον
1175 2923 1507 2994 Παράκλητον
1535 2925 1682 2979 δώσει
1706 2922 1826 2992 ’ὑμῖν
1848 2921 1903 2977 τὸ
1932 2928 2122 2990 πνεῦμα
2148 2927 2236 2989 τῆς
2262 2922 2377 2991 ἀλη-

438 3014 607 3077 θείας,
657 3010 716 3080 ἢ,
769 3009 869 3064 Aac}
903 3014 949 3064 τί
976 3009 1224 3080 ἐπλήρωσε
1250 3008 1341 3078 τήν
1375 3014 1585 3082 καρδίαν
1611 3028 1701 3064 σου
1729 3007 1760 3063 ὅ
1786 3013 2038 3073 Σατανᾶς,
2088 3012 2158 3079 τῷ
2180 3004 2377 3081 Ἀνανίᾳ

447 3098 695 3167 16λέγων,
743 3097 1032 3164 ψεύσασθαί
1070 3113 1122 3149 σε
1152 3095 1205 3149 τὸ
1241 3101 1437 3163 πνεῦμα
1466 3095 1521 3150 τὸ
1553 3095 1719 3167 ἅγιονς
1770 3096 1854 3149 καὶ
1889 3091 2005 3162 μετά
2032 3098 2210 3159 ταῦτα,
2269 3090 2376 3146 Οὔκ

438 3180 733 3253 ἀνθρώποις
772 3183 994 3251 ἐψεύσω,
1048 3178 1165 3234 ἄλλα
1209 3186 1402 3254 ι’ῑθεςῖἱ
1462 3179 1591 3251 ’Ἆρα
1627 3179 1750 3243 θεὸς
1781 3183 1835 3234 ἐκ
1865 3184 2017 3243 θεοῦ,
2074 3178 2231 3231 18καὶ
2254 3176 2378 3242 θεὸς

437 3267 492 3322 vd
525 3275 718 3337 πνεῦμα
743 3267 798 3322 τό
829 3268 999 3339 ἅγιον,
1039 3260 1078 3340 ᾧ
1111 3264 1383 3334 ἐψεύσαντο
1415 3269 1466 3321 οἷ
1486 3273 1576 3320 τοῦ
1598 3265 1868 3336 τιμήματος
1891 3269 1979 3317 τοῦ
1999 3265 2181 3332 χωρίου
2205 3280 2376 3329 νοσφι-

438 3353 651 3422 σάμενοι.
712 3353 803 3420 ’Ὴ,
861 3352 1019 3415 1⁹⁰09
1059 3351 1354 3423 ἐφανερώθη
1389 3354 1441 3406 ἐν
1488 3354 1660 3422 σαρκὶ,
1711 3347 1984 3416 ἐδικαιώθη
2029 3349 2081 3401 ἐν
2118 3346 2374 3417 πνεύματι.

498 3469 591 3510 CAP.
626 3472 700 3511 VI.
729 3494 784 3500 -—
822 3471 857 3510 1.
889 3464 1017 3511 Ἀλλὰ
1043 3467 1116 3510 καὶ
1141 3465 1219 3522 τήν
1238 3470 1376 3535 Αηορν.
1492 3468 1531 3512 6.
1561 3464 1658 3537 παρ’
1689 3462 1807 3522 αὐτῷ
1839 3461 1964 3520 μονὴν
1995 3466 2080 3505 cod.
2108 3466 2270 3517 Rhediq.

495 3525 534 3567 2.
564 3522 711 3581 Ἰησοῦ
749 3526 936 3581 Χριστοῦ
966 3527 1037 3568 τοῦ
1069 3523 1211 3579 κυρίου
1239 3521 1379 3579 ἡμων,
1491 3526 1531 3569 7.
1564 3522 1616 3567 ἐπ
1658 3522 1735 3576 ἐμὲ
1765 3536 1839 3564 om.
1863 3523 2005 3564 Ancor.

439 3580 514 3624 καὶ
543 3581 584 3625 ἐν
614 3581 820 3637 πνεύματι
838 3586 982 3625 Ancor.
1490 3582 1530 3624 8.
1563 3578 1585 3624 ὁ
1616 3577 1715 3628 θεὸς
1743 3592 1820 3620 om.
1840 3581 1981 3622 Ancor.

495 3636 537 3679 3.
570 3638 607 3680 εἰ
639 3638 696 3692 μὴ
720 3643 862 3682 Ancor.
978 3646 980 3649 ⁴
1492 3637 1532 3680 9.
1563 3636 1601 3680 εἰ
1620 3639 1760 3679 Ancor.

496 3689 535 3733 4.
566 3694 759 3749 καθάπερ
781 3699 923 3738 Ancor.
1496 3695 1559 3736 10.
1583 3690 1663 3747 τήν
1692 3706 1739 3734 τε
1760 3695 1901 3736 Ancor.

496 3751 532 3790 5
582 3750 756 3798 εἰςέλὲω
799 3751 883 3807 ἐγώ
928 3751 1001 3797 καὶ
1042 3749 1066 3797 0‘
1095 3750 1260 3810 πατὴρ,
1307 3752 1380 3797 καὶ
1495 3751 1559 3792 11.
1588 3748 1662 3792 τοῦ
1691 3747 1850 3803 πατρός
1878 3764 1956 3803 μου
1984 3747 2031 3792 τὸ
2064 3750 2209 3792 λαλοῦν
2229 3751 2371 3792 Ancor.

443 3804 569 3863 μονήν
588 3810 729 3853 Ancor.
1496 3806 1561 3850 12.
1592 3803 1760 3863 ἐκβάλω
1791 3808 1905 3848 codd.
1936 3819 2026 3848 mss.
2058 3811 2093 3847 et
2120 3808 2179 3847 ed.
2205 3808 2332 3858 princ.
