2508 4134
290 816 403 873 Κεφ.
433 814 486 860 κ’.

293 995 380 1033 pag.
403 986 499 1022 1⁰52.

269 3465 378 3520 Κεφ.
401 3463 484 3510 κοί.

518 268 621 322 436
1230 276 1431 321 εΑΝοΤι
1460 274 1742 322 ΕΡΙΡΗΑΝΠ

521 380 748 445 πλευρῶν
785 375 967 439 αὐτοῦ,
1005 375 1091 427 καὶ
1123 371 1441 447 φ’κοδόμησεν
1465 375 1598 450 αὐτῷ
1625 379 1693 438 εἰς
1721 383 1949 448 γυναῖκα·
1986 379 2070 430 ἵνα
2097 380 2230 450 δείξῃ
2255 375 2341 431 τὸν
2358 378 2447 446 μὲν

518 460 695 531 κύριον
742 458 841 513 ἆπὸ
891 462 1099 528 Μαρίας
1143 458 1490 515 ἀνακλάσαντα
1532 463 1690 533 ἑαυτῷ
1731 467 1897 526 σῶμα,
1952 459 2033 514 ἄπ’
2076 462 2231 530 αὐτῆς
2271 462 2447 531 δὲτῆς

518 551 730 617 πλευρᾶς
771 548 1171 613 οἰκοδομηθῆναι
1204 548 1485 614 ἐκκλησίαν,
1533 548 1585 599 ἐν
1616 550 1683 618 τῷ
1717 552 1964 614 νυχθῆναι
2001 544 2154 600 αὐτοῦ
2187 544 2278 615 τήν
2304 553 2442 600 πλευ·

518 630 638 703 ράν,
690 632 776 684 καὶ
813 628 872 684 τοὶ
910 629 1152 701 μυστήρια
1200 638 1291 685 τοῦ
1328 635 1536 700 αι’ματος
1582 631 1667 684 καὶ
1716 629 1899 693 ύδατος
1946 632 1998 684 ἐν
2031 629 2151 700 ἡμῖν
2185 632 2335 704 λύτρα
2369 653 2445 703 γε·

515 718 708 770 νέσθαι.

651 799 781 855 ”Αλλ
820 799 955 869 όμως
995 803 1119 872 ἔγνω
1158 800 1249 869 τήν
1290 805 1499 872 Μαρίαν
1539 822 1565 854 ο
1602 798 1810 867 Ἰωσηφ,
1864 799 1926 853 ού
1965 799 2090 854 κατοὶ
2123 805 2304 871 γνῶσίν
2340 823 2484 856 τινα,

516 886 761 958 χρήσεως,
813 886 875 940 οὗ
906 885 1029 940 κατά
1056 893 1237 958 γνῶσιν
1262 889 1539 948 κοινωνίας.
1608 882 1733 938 Ἀλλ’
1762 886 1886 955 ἔγνω
1916 883 2071 954 αὐτὴν
2098 893 2253 954 τιμῶν
2276 885 2363 956 τῆν
2391 889 2446 941 ἐκ

522 980 652 1027 θεοῦ
682 974 1013 1041 τετιμημένην.
1094 970 1169 1025 Ού
1205 970 1299 1042 γάρ
1337 969 1447 1045 ᾔδει
1488 968 1640 1038 αὐτὴν
1677 969 1907 1038 τοιαύτης
1942 970 2090 1038 δόξης
2127 965 2305 1036 οὖσαν,
2354 974 2447 1035 ἕως

514 1059 595 1114 ὅτε
639 1056 736 1112 εἶδε
773 1058 951 1129 κύριον
993 1060 1047 1111 ἐκ
1084 1055 1319 1128 γυναικός
1361 1057 1720 1126 γεγεννημένον.
1796 1056 1897 1108 Καὶ
1926 1054 2010 1121 τό,
2062 1058 2197 1128 Πρὶν
2222 1055 2257 1125 ἢ
2285 1064 2447 1110 συνελ-

514 1153 629 1199 θεῖν
652 1143 862 1209 αὐτούς,
912 1141 1095 1213 εύρέθη
1126 1145 1178 1196 ἐν
1202 1143 1374 1212 γαστρὶ
1404 1143 1607 1209 ἔχουσα,
1645 1143 1727 1194 ἵνα
1753 1139 1821 1209 μή
1852 1162 1970 1195 ποτε
1997 1140 2217 1216 κρατήσῃ
2245 1139 2275 1196 ὅ
2302 1140 2447 1213 λόγος

514 1237 613 1285 τῶν
651 1229 948 1298 νομιζόντων
990 1230 1045 1282 ἐκ
1074 1230 1334 1289 κοινωνίας
1367 1223 1549 1296 άνδρὸς
1586 1223 1710 1280 εἶναι
1737 1224 1792 1280 τὸ
1825 1232 1916 1279 τοῦ
1927 1237 1930 1240 ’
1954 1232 2082 1280 θεοῦ
2114 1228 2446 1296 οἰκονομηθὲν

514 1315 797 1386 μυστήριον.
868 1312 1038 1383 ’Έλεγε
1077 1311 1195 1383 γάρ,
1253 1313 1371 1383 πρὶν
1408 1310 1444 1380 ἢ
1477 1318 1622 1366 τοῦτο
1661 1312 1892 1382 γενέσθαι
1932 1310 2053 1382 ὅπερ
2097 1315 2443 1383 προςεδοκᾶτο.

518 1401 593 1455 Οὐ
622 1403 790 1471 γέγονε
816 1400 868 1453 δὲ
895 1405 1039 1452 τοῦτο
1072 1396 1124 1451 τό
1153 1403 1366 1469 πρᾶγμα.
1440 1400 1512 1450 Εἰ
1534 1396 1628 1468 γάρ
1655 1398 1739 1451 καὶ
1767 1400 2100 1468 προςεδοκᾶτο
2135 1396 2169 1466 ἡ
2192 1399 2446 1469 παρθένος

511 1493 580 1559 τῷ
604 1484 796 1553 Ἰωσήφ
837 1487 905 1547 εἰς
930 1482 1228 1550 συνάφειαν,
1282 1480 1349 1545 ὥς
1382 1480 1498 1536 οὐδὲ
1530 1484 1777 1551 ἐπεδέχετο
1808 1480 1891 1536 διά
1919 1481 1974 1535 τὸ
2002 1485 2261 1554 γηραλέον,
2311 1482 2447 1552 ὅμως

511 1570 850 1643 προλαμβάνει
886 1569 920 1638 ἦ
950 1567 1119 1641 γραφὴ
1138 1612 1151 1635 ,
1201 1570 1284 1622 καὶ
1325 1566 1446 1637 ἡμῖν
1472 1566 1792 1633 ὑποτίθεται,
1843 1569 1929 1622 καὶ
1956 1566 2047 1637 τήν
2076 1567 2302 1623 διάνοιαν
2329 1571 2441 1624 ἐπα·

511 1662 787 1726 σφαλίζεται
804 1699 817 1722 ,
869 1660 1084 1724 δυνατῆς
1111 1653 1265 1722 οὔσης
1290 1661 1377 1722 τῆς
1405 1651 1694 1716 ὑποθέσεως
1717 1652 1842 1707 κατοὶ
1874 1652 1961 1707 τόν
1989 1661 2132 1708 θεῖον
2163 1653 2310 1709 τόκον
2343 1662 2441 1708 πεῖ·

511 1762 594 1797 σαι
633 1744 804 1811 μηκέτι
846 1744 1045 1812 ἐγγίζειν
1086 1741 1233 1812 ἀνδρὶ
1278 1737 1405 1810 πρός
1442 1738 1718 1807 συνάφειαν
1757 1745 1817 1813 τῇ
1854 1741 2109 1814 παρθένῳ.
2181 1737 2268 1803 Ὡς
2302 1737 2446 1794 καὶὸ

510 1828 709 1900 ἅγγελος
747 1826 832 1881 τὸν
854 1826 1045 1895 Ἰωσὴφ
1077 1829 1238 1880 ἔπεισε
1266 1823 1332 1894 μὴ
1368 1822 1493 1879 εἶναι
1530 1824 1620 1894 τὴν
1643 1823 1914 1890 ύπόνοιαν,
1966 1824 2122 1895 ἤνπερ
2161 1823 2310 1888 αὐτὸς
2338 1823 2443 1880 ένό-

511 1921 655 1984 μιζεν.
717 1913 934 1982 ’Ὅμοιον
968 1911 1061 1984 γάρ
1089 1919 1156 1986 τῷ
1187 1911 1552 1982 προρρηθέντι,
1611 1912 1746 1982 Πρὶν
1772 1908 1806 1978 ἢ
1832 1916 2086 1964 συνελθεῖν
2114 1910 2323 1976 αύτούς,
2375 1907 2444 1974 οἷς

507 2001 950 2071 προςδοκωμένου,
1005 1999 1066 2052 οὐ
1105 1999 1371 2068 γενομένου
1401 1998 1479 2062 δὲ,
1531 1994 1610 2062 vd,
1666 2000 1873 2059 Δίκαιος
1916 1995 1987 2050 ὢν
2020 1997 2170 2066 ἐζήτει
2198 1996 2265 2065 μή
2287 2018 2440 2067 παρα-

509 2089 812 2157 δειγματίσαι
852 2082 1037 2153 αύτήν,
1093 2082 1211 2137 άλλοὶ
1238 2082 1402 2153 λάθρα
1431 2080 1883 2150 ἀπολῦσαι-αὐτήν,
1935 2080 2005 2145 ὥς
2030 2081 2225 2149 φαύλου
2258 2082 2346 2150 μὲν
2370 2104 2439 2152 γι-

507 2173 720 2239 νομένου
765 2168 864 2224 άπὸ
910 2176 999 2223 τοῦ
1039 2171 1476 2239 παραδειγματίσαι
1517 2165 1699 2235 αὐτὴν,
1753 2165 1814 2221 ού
1852 2169 2119 2237 γενομένου
2158 2168 2225 2220 δέ.
2297 2164 2383 2229 Ὡς
2411 2163 2442 2221 o‘

507 2256 707 2328 ὄῖγγελος
748 2258 970 2310 διδάσκει
1008 2257 1183 2326 λέγων,
1239 2252 1334 2322 Μὴ
1365 2258 1605 2327 φοβηθῇς
1641 2256 1944 2323 παραλαβεῖν
1985 2251 2202 2322 Μαριάμ
2235 2250 2326 2321 τήν
2355 2274 2438 2323 γυ·

505 2342 654 2396 ναῖκά
683 2359 790 2407 σου,
819 2340 908 2410 τήν
935 2342 1139 2409 μηδέπω
1169 2341 1451 2411 γενομένην,
1474 2341 1558 2392 καὶ
1589 2341 1662 2391 Ῑεί
1685 2340 1737 2392 ἐν
1763 2336 1972 2411 ὑπονοίᾳ
1998 2337 2282 2406 σφάλματος
2305 2335 2440 2408 παρά

505 2432 583 2482 σοι’
612 2431 764 2493 ἐστιν,
804 2426 904 2480 ἀλλ’
936 2426 1053 2480 οὐδὲ
1083 2425 1241 2487 ούτως
1274 2422 1439 2498 2ου’σῃ
1472 2422 1538 2486 ὥς
1568 2427 1687 2490 οἴει,
1740 2425 1825 2476 καὶ
1854 2423 1912 2476 τοὶ
1939 2425 2059 2492 ἑξῆς.
2136 2422 2319 2486 Εὕθυς
2344 2421 2437 2494 γάρ

506 2511 798 2575 ἀκολούθως
835 2515 982 2581 λέγει,
1043 2509 1108 2565 Τὸ
1147 2534 1238 2582 γαρ
1280 2511 1517 2617 γεννηθὲν
1559 2511 1611 2563 ἐν
1638 2509 1791 2583 αὐτη,
1849 2531 1916 2571 ως
1948 2507 2041 2577 ἤδη
2070 2509 2437 2579 γεγεννημένου,

505 2598 649 2652 πάλιν
678 2600 730 2652 δὲ
755 2597 838 2664 τὸ,
885 2599 1078 2660 Τέξεται
1107 2595 1247 2661 υἷόν,
1303 2618 1370 2657 ως
1400 2597 1480 2649 ἐπὶ
1513 2597 1782 2663 μέλλοντος.
1863 2594 2036 2657 Οῧτως
2065 2618 2158 2666 γαρ
2190 2597 2265 2663 ἠν.
2339 2591 2437 2647 Διοὶ

505 2685 558 2738 δὲ
585 2683 639 2737 τὸ
669 2689 1015 2737 πεπιστεῦσθαι
1044 2705 1076 2749 η
1107 2681 1554 2751 προαναφιόνησις,
1595 2703 1662 2743 ως
1689 2682 1774 2734 καὶ
1799 2678 1882 2746 τὸ,
1936 2682 2068 2751 Πρὶν
2094 2678 2128 2748 ἢ
2158 2685 2434 2732 συνελθεῖν·

504 2768 807 2840 άρκούμενοι
846 2769 921 2822 ὅτι
956 2766 1063 2822 οὐδ’
1102 2767 1227 2829 ὅλως
1255 2769 1530 2838 γεγένηται·
1590 2766 1750 2828 3’Ἕως
1780 2765 1898 2820 ὅτου
1928 2767 2058 2819 ἔτεκε
2093 2763 2179 2818 τόν
2210 2763 2322 2818 υίὸν
2349 2763 2434 2818 αὗ-

503 2862 592 2924 τῆς
617 2853 703 2909 τὸν
730 2854 1074 2926 πρωτότοκον,
1111 2861 1215 2915 τοῖς
1241 2851 1410 2916 αὐτοῖς
1441 2855 1568 2906 ἐστιν
1596 2850 2011 2923 ἑρμηνευόμενον,
2050 2848 2132 2903 διοὶ
2156 2848 2210 2903 τὸ
2239 2858 2436 2919 θαυμα-

504 2945 621 2996 στόν
656 2947 744 3010 τῆς
781 2943 894 3012 περὶ
932 2940 1024 3009 τήν
1061 2941 1318 3010 παρθένον
1354 2938 1580 3009 γνώσεως
1616 2937 1743 3010 πρός
1777 2935 1902 2991 θεὸν
1936 2935 2263 3004 τετιμημένης.

646 3450 741 3521 Μὴ
767 3455 943 3526 νομίσῃ
977 3453 1030 3505 δέ
1056 3473 1128 3514 τις
1155 3454 1209 3505 ἐκ
1236 3457 1325 3505 τοῦ
1357 3452 1528 3522 λέγειν,
1569 3447 1678 3558 Πρὸ
1708 3453 1797 3503 τοῦ
1824 3453 2077 3502 συνελθεῖν
2104 3448 2315 3516 αὐτούς,
2355 3447 2429 3505 ὅτι

561 3596 658 3637 Cum
686 3596 788 3637 XX.
822 3620 871 3626 —
936 3598 971 3637 1.
1003 3595 1299 3647 &particulam
1326 3600 1435 3637 resti·
1549 3594 1589 3635 2.
1636 3594 1890 3634 scribendum
1928 3598 2023 3644 puto
2065 3592 2155 3637 ἐστὶ
2195 3607 2267 3645 pro
2305 3609 2350 3637 ου

500 3656 557 3693 tui
598 3666 646 3693 ex
687 3659 846 3704 utroque
888 3655 998 3694 codd.
1039 3666 1130 3694 mss
1189 3655 1440 3694 Desideratur
1493 3655 1562 3692 aut
1589 3655 1686 3692 certe
1717 3640 2066 3692 ouooe.1>etavius
2090 3654 2257 3702 putabat
2285 3649 2357 3694 καὶ
2382 3665 2427 3720 Ην

501 3711 543 3748 in
569 3712 707 3774 equi&
751 3715 791 3750 αι
818 3715 916 3751 recle
950 3712 1160 3751 Carnarius
1186 3713 1438 3751 transtulerat
1494 3721 1606 3751 υπον.
1639 3719 1710 3774 σφ.
1740 3720 1782 3748 π.
1815 3704 1882 3749 σοὶ
1911 3720 2063 3759 ουσαν,
2104 3703 2193 3751 ἀλλ’
2227 3703 2325 3751 ουδὲ
2358 3721 2427 3750 ου-

504 3773 546 3803 et
573 3765 606 3804 si
637 3765 676 3805 in
704 3766 935 3819 suspicione
960 3766 1120 3821 peccati
1151 3767 1261 3821 apud
1289 3775 1331 3806 te
1361 3774 1435 3806 est.
1492 3778 1578 3812 τως
1606 3777 1747 3805 ουσαν.

503 3823 558 3860 At
590 3835 723 3875 neque
750 3823 810 3862 sic
841 3831 926 3872 est,
958 3824 1072 3863 velut
1102 3831 1222 3876 putas
1251 3827 1334 3864 cett.
1550 3821 1882 3871 &Repetendam
1900 3825 1995 3872 puto
2018 3823 2257 3872 particulam
2282 3818 2356 3864 καὶ
2379 3832 2426 3862 ex
