2508 4134
592 327 819 371 PANARH
849 328 955 368 Lm.
973 327 1044 367 111.
1075 326 1211 368 ToM.
1233 329 1281 368 n.
1313 326 1474 368 HAER.
1496 326 1676 367 Lxxx.
1979 312 2077 360 475

325 424 422 480 Sed
454 425 666 477 deterius
696 426 914 494 quiddam
950 442 1005 475 ac
1035 425 1328 475 contrarium
1360 425 1417 476 ab
1453 425 1544 475 illis
1577 424 1789 491 geritur,
1846 419 2080 489 siquidem
2115 422 2212 476 Cap.
2244 421 2334 461 VII·

182 511 264 562 isti
297 510 521 573 barbam,
564 511 654 560 boc
680 518 756 560 est
784 499 1022 578 propriam
1052 508 1144 559 viri
1175 510 1374 558 formam
1394 547 1407 571 ‚
1450 517 1701 571 resecant,
1744 506 1940 575 capillos
1963 520 2084 555 vero

182 604 236 646 ut
265 594 518 663 plurimum
544 593 834 660 prolixiores
870 593 1064 644 habent.
1142 591 1290 659 Atqui
1319 593 1441 659 quod
1474 593 1531 642 ad
1563 592 1758 642 barbam
1793 590 1993 651 attinet,
2033 586 2082 638 in

183 678 529 748 Apostolorum
574 675 1013 728 Constitutionibus
1052 676 1213 728 divino
1254 693 1478 726 sermone
1513 694 1567 726 ac
1600 677 1817 743 dogmate
1848 672 2084 743 praescri·

177 762 340 825 bitur,
393 778 454 812 ne
486 778 542 811 ea
576 770 938 831 corrumpatur,
994 761 1081 810 hoc
1124 769 1198 810 est
1230 777 1290 809 ne
1322 759 1467 810 barba
1503 769 1734 827 ponatur,
1790 774 1912 808 neve
1943 756 2086 807 meri-

185 847 351 913 tricius
376 846 531 896 cultus
562 855 609 896 et
639 855 838 896 ornatus
870 854 1157 913 usurpetur,
1200 861 1255 895 ac
1286 861 1345 894 ue
1374 861 1458 912 per
1488 844 1812 912 arrogantiam
1842 851 1889 891 et
1914 843 2083 892 fastum

185 931 406 981 affectata
452 930 687 997 quaedam
734 929 945 981 iustitiae
998 929 1187 996 species
1237 928 1285 977 in
1329 945 1598 995 congressu
1649 945 1703 977 ac
1741 924 2087 976 consuetudine

186 1015 505 1083 praeferatur.
587 1011 702 1064 lllud
743 1013 868 1063 enim
909 1010 1189 1063 Nazaraeis
1229 1013 1466 1063 duntaxat
1508 1012 1567 1062 ob
1611 1012 1806 1078 figuram
1852 1025 2088 1077 congrue-

186 1098 281 1149 bat.
359 1095 547 1166 Quippe
575 1107 770 1149 veteres
798 1114 883 1166 per
915 1098 1177 1146 futurarum
1202 1113 1364 1146 rerum
1392 1096 1698 1146 adumbratas
1727 1095 1963 1161 imagines
1991 1102 2088 1143 tra-

184 1182 313 1233 ducti
345 1190 486 1245 suut3
527 1182 659 1233 velut
689 1199 794 1234 cum
829 1198 1012 1231 comam
1044 1197 1106 1230 ex
1141 1189 1252 1231 voto
1288 1180 1646 1249 promissiorem
1680 1178 1965 1240 habuerunt,
2007 1178 2090 1227 do-

186 1284 275 1317 nec
306 1265 468 1316 mundi
511 1275 673 1316 votum
717 1265 912 1316 advenit
942 1273 990 1314 et
1017 1264 1262 1332 impletum
1304 1273 1407 1328 est,
1464 1264 1554 1314 hoc
1597 1272 1671 1313 cst
1701 1263 1918 1333 apparuit
1948 1258 2090 1313 Chri-

186 1359 289 1402 stus
313 1350 534 1401 dominus
564 1350 734 1400 unicus
762 1347 837 1400 dei
877 1348 1031 1412 lilius,
1073 1359 1122 1398 et
1149 1349 1456 1399 innotescere
1497 1348 1672 1399 mundo
1703 1347 1860 1416 coepit
1881 1346 1960 1397 ille
1986 1345 2091 1414 ipse

188 1434 511 1502 sempiternus
542 1433 758 1504 quidem,
802 1434 884 1483 sed
913 1433 971 1483 ab
998 1433 1126 1482 omui
1154 1450 1333 1499 genere
1363 1433 1604 1483 hominnm
1634 1449 1931 1500 nequaquam
1957 1430 2092 1498 agui-

187 1528 291 1582 tus..
349 1535 514 1569 verum
557 1535 586 1568 a
615 1517 895 1585 quibusdam
938 1517 1202 1579 duntaxat,
1257 1518 1333 1584 qui
1375 1517 1423 1567 in
1463 1517 1616 1585 ipsum
1655 1516 1989 1580 crediderant3
2043 1522 2093 1564 ut

187 1602 381 1671 cognito
423 1601 579 1670 capite
616 1601 791 1652 nullam
827 1601 935 1652 huic
969 1601 1276 1668 ignominiam
1313 1602 1632 1669 imponamus.
1708 1598 1834 1651 Nam
1873 1618 1966 1651 non
1997 1608 2091 1650 tam

188 1688 246 1738 de
274 1687 467 1756 proprio
496 1685 728 1753 cuiusque
762 1685 919 1754 capite
957 1685 1166 1753 loquitur
1197 1685 1474 1753 apostolus,
1531 1703 1669 1753 quam
1698 1685 1755 1735 ab
1785 1702 1842 1735 eo
1871 1684 1918 1734 in
1952 1682 2095 1736 Chri-

188 1779 311 1822 stum
341 1771 494 1839 ipsum
524 1769 776 1820 ludibrium
807 1770 1240 1837 contumeliamque
1272 1769 1478 1820 derivat.
1553 1773 1747 1830 Nonne,
1790 1769 1970 1837 inquit,
2011 1786 2093 1818 na-

190 1865 297 1904 tura
322 1859 421 1919 ipsa
442 1873 526 1904 nos
551 1858 684 1904 docet
709 1857 822 1919 quid
847 1857 920 1902 vir
944 1871 1115 1902 comam
1143 1857 1190 1903 sz'
1211 1858 1396 1903 nutriat
1416 1858 1669 1919 cgnomz‘nz'a
1698 1865 1767 1903 esc
1793 1857 1898 1903 illi?
1951 1851 2092 1920 Quod

189 1939 375 2007 quidem
405 1937 695 2006 ignominiae
719 1955 873 2005 genus
901 1938 1138 1987 laudabile
1169 1956 1263 1988 non
1291 1948 1394 2001 est,
1438 1948 1488 1988 ut
1516 1938 1595 1988 illa
1623 1956 1744 2006 quae
1772 1937 1911 2001 dicit,
1952 1941 2093 2002 Igno-

186 2027 370 2072 miniam
398 2025 726 2088 contempsrstz'.
804 2020 979 2089 Neque
1011 2022 1137 2071 enim
1183 2022 1318 2089 quasi
1363 2023 1596 2090 quoddam
1635 2022 1824 2073 virtutis
1866 2021 2090 2084 officium,

188 2107 262 2157 dei
292 2107 401 2157 illud
430 2124 600 2157 caussa
629 2105 917 2174 suscipitur,
960 2105 1150 2156 tametsi
1180 2107 1237 2155 ad
1272 2107 1412 2156 deum
1443 2107 1686 2175 pertinere
1719 2107 1968 2169 videatur,
2010 2106 2094 2155 sed

189 2210 218 2243 a
245 2190 556 2242 contentione
595 2207 652 2240 ac
695 2189 962 2258 pertinacia
1003 2190 1270 2258 profectum
1315 2200 1416 2255 est,
1472 2209 1576 2241 cum
1624 2192 1715 2240 iam
1758 2190 1936 2259 pridem
1977 2189 2097 2257 legis

192 2275 366 2326 umbra‘
401 2276 647 2344 figuraque
679 2283 1043 2342 praetergressa
1087 2274 1266 2324 veritas
1307 2276 1408 2343 ipsa
1439 2275 1750 2325 successerit.
1830 2272 1994 2341 Quare
2030 2273 2098 2323 sic

191 2359 438 2428 apostolus
469 2358 715 2409 decernit:
771 2362 831 2407 Sz'
854 2362 957 2423 quis
988 2361 1172 2407 videtur
1197 2363 1509 2408 contentiosus
1531 2378 1657 2418 esse,
1711 2377 1795 2408 nos
1823 2362 1956 2408 talem
1986 2376 2095 2407 con·
2161 2358 2200 2436 h
2219 2359 2306 2438 {gf

188 2447 473 2493 suetudinem
514 2461 604 2492 non
635 2444 881 2502 habemu5‚
936 2461 1020 2491 nee
1050 2445 1271 2492 ecclesiae
1307 2446 1395 2492 dei.
1477 2441 1665 2509 Quibus
1708 2443 1868 2493 verbis
1899 2460 1982 2492 eos
2015 2441 2094 2510 qui
2205 2428 2216 2446 ⁹

188 2528 284 2578 tale
311 2527 486 2594 aliquid
517 2527 724 2590 faciunt,
765 2535 814 2576 et
846 2527 1149 2576 contentiose
1184 2529 1515 2594 resragantur‚
1568 2527 1626 2577 ab
1664 2527 1988 2594 apostolorum
2019 2543 2097 2576 re-

189 2613 298 2681 gula
333 2629 389 2661 ac
419 2611 491 2661 dei
533 2609 736 2660 ecclesia
778 2611 1153 2661 summovendos
1189 2600 1344 2679 putat.
1422 2611 1557 2662 Haec
1593 2611 1740 2679 igitur
1768 2611 1924 2662 omnia
1958 2628 2097 2661 acce-

190 2706 268 2766 pta
298 2714 321 2746 a
348 2693 661 2746 Massalianis
699 2694 956 2745 occasione
998 2695 1159 2746 dicere
1191 2696 1519 2746 necessarium
1554 2696 1803 2747 habuimus
1823 2735 1836 2758 ‚
1893 2695 2017 2763 quod
2048 2703 2097 2745 et

189 2780 278 2850 ipsi
318 2779 524 2830 indidem
564 2786 814 2828 contracto
854 2779 1094 2847 opinionis
1134 2779 1260 2829 illins
1301 2780 1469 2831 morbo
1502 2781 1756 2848 animoque
1796 2779 2041 2849 depravati
2072 2797 2100 2830 a

191 2865 398 2915 veritate
428 2863 739 2925 deciderunt3
781 2863 905 2911 unde
941 2880 1066 2913 nova
1096 2872 1171 2914 est
1203 2863 1419 2914 haeresis
1449 2882 1514 2915 ex
1547 2865 1645 2915 otio
1674 2874 1722 2915 et
1747 2864 1939 2932 ignavia
1971 2872 2099 2914 cete-

190 2950 353 3017 risque
395 2947 607 3017 pestibus
647 2946 871 2996 conflata.

331 3031 465 3083 Haec
495 3040 606 3082 sunt
637 3047 757 3098 quae
786 3030 842 3079 de
873 3029 1141 3079 istiusmodi
1171 3030 1440 3082 hominibus
1475 3033 1768 3100 accepimus,
1811 3032 1888 3098 qui
1918 3031 2092 3080 mundo
2125 3032 2350 3087 eap.V111.

190 3117 248 3168 ad
278 3115 532 3167 ludibrium
567 3114 774 3181 expositi
813 3113 1066 3175 videntur,
1124 3114 1296 3181 quique
1340 3116 1523 3181 plebeia
1558 3116 1738 3183 ingenii
1776 3116 1849 3165 sui
1877 3133 2019 3165 sensa
2051 3124 2098 3165 et

191 3218 444 3252 sermones
472 3208 730 3261 evomunt,
786 3215 840 3248 ac
874 3214 963 3247 nec
992 3197 1081 3246 ulla
1119 3198 1340 3248 firmitate
1371 3200 1663 3263 cohaerent,
1719 3209 1764 3249 et
1794 3200 1987 3249 omnino
2017 3200 2098 3249 de-

191 3285 367 3353 sperati
395 3294 507 3335 sunt
535 3294 675 3351 atque
705 3290 844 3333 extra
877 3280 950 3330 dei
982 3279 1364 3332 aedificationem
1394 3283 1661 3333 constituti.
1741 3282 1906 3349 Quare
1934 3284 2096 3350 paucis

191 3369 285 3419 illis
322 3370 555 3419 adversus
608 3385 693 3418 eos
739 3364 987 3434 disputatis
1034 3365 1089 3413 ad
1136 3366 1330 3415 eosdem
1380 3368 1696 3416 confutandos
1738 3367 2092 3434 aggrediemur.

191 3451 436 3521 Principio
464 3451 690 3502 mulieres
718 3468 824 3501 cum
856 3449 973 3499 viris
1003 3448 1274 3515 promiscue
1305 3450 1520 3512 versari,
1577 3451 1703 3501 nulla
1736 3468 1800 3500 ex
1832 3452 1983 3501 veteri
2015 3468 2097 3502 eo-

194 3594 351 3632 constit.
382 3592 577 3642 Apost.1,
606 3591 646 3632 3.
1235 3587 1273 3629 4.
1322 3584 1470 3642 ἤγοντο
1509 3593 1703 3640 rescripsit
1732 3593 1940 3641 Petamus,
1983 3604 2099 3641 prae-

248 3646 287 3688 3.
339 3648 646 3699 κατακομϊσῖῐαι
693 3647 785 3699 (sic)
833 3647 916 3685 cod.
959 3645 1120 3694 Rhediy.
1177 3650 1284 3684 eunte
1315 3648 1527 3696 cornaria,
1556 3650 1623 3697 qui
1651 3646 1901 3686 ducebantur
1929 3650 2050 3687 vertit.

196 3704 556 3755 κατακοσμεῖσὲται
597 3706 754 3744 coniecit
796 3705 927 3742 Petav.
972 3703 1121 3739 Corna-
1235 3701 1331 3739 CAP.
1364 3703 1471 3740 V111.
1506 3725 1556 3732 -·-—
1620 3703 1652 3743 1.
1689 3704 1796 3743 Libri
1819 3706 1933 3754 vulgo
1961 3707 2098 3757 γυναῖ-

193 3761 275 3799 rius
305 3759 637 3811 κατακομᾶσὲαι.
700 3761 815 3798 Vertit
851 3760 950 3797 enim
990 3770 1118 3809 neque
1177 3771 1261 3805 κες.

194 3813 427 3855 meretricio
456 3829 571 3854 more
602 3815 654 3855 ob
687 3828 841 3855 comam
874 3811 1070 3853 efferaris.
