2508 4134
171 342 257 379 pag.
277 330 374 366 1027.

173 836 283 891 Κεφ.
301 827 380 879 λδ’.

192 3175 276 3211 pag.
302 3164 396 3200 1028.

405 204 508 255 392
1118 212 1324 255 SANcTr
1344 212 1630 255 EPIPHANH

409 309 547 372 ἐκτός
573 310 626 362 δὲ
655 307 860 372 πάθους
886 308 976 377 τὴν
1005 312 1249 380 σωτηρίαν
1277 307 1420 378 ἡμῶν
1448 308 1515 379 μή
1547 312 1879 379 πεποιηκότα,
1918 309 2093 382 άλλήἐν
2118 317 2188 385 τῷ
2214 309 2339 384 ὑπὲρ

403 395 546 464 ἡμῶν
575 391 854 449 άποθανεῖν
893 396 977 448 καὶ
1018 394 1196 449 ἕαυτὸν
1233 397 1554 467 προςενέγκαι
1593 402 1661 470 τῷ
1701 399 1849 468 πατρὶ
1878 400 2064 451 θυσίαν
2094 393 2217 468 ὑπὲρ
2242 403 2341 450 ταῖν

404 479 652 552 ἡμετέρων
681 486 876 549 ψυχῶν,
915 483 969 534 ἐν
995 487 1062 554 τῷ
1090 483 1259 549 αἵματι
1285 479 1438 536 αὐτοῦ
1465 486 1744 552 καθαρίσας
1769 480 1916 552 ἡμᾶς,
1954 485 2118 551 σχίσας
2141 482 2195 537 τὸ
2223 479 2342 536 καθ’

404 565 547 635 ἡμῶν
571 565 925 637 χειρόγραφον,
963 568 1046 620 καὶ
1079 566 1400 639 προςηλώσας
1425 566 1544 621 αὐτὸ
1575 573 1642 642 τῷ
1669 575 1883 642 σταυρῷ,
1920 566 2095 631 καθώς
2119 566 2280 637 πάντη
2309 565 2344 638 ἦ

404 650 576 724 γραφὴ
613 650 837 706 διδάσκει
873 649 1018 720 ἡμᾶς.

552 824 655 875 Καὶ
681 824 812 879 ἔσται
835 844 919 891 μοι
950 825 1062 893 περὶ
1090 823 1307 890 τούτων,
1346 826 1390 877 εἰ
1414 827 1549 894 χρεία
1576 825 1792 895 γένοιτο,
1833 825 1901 886 εἷς
1938 822 2245 896 παράστασιν
2279 827 2343 879 εί-

406 916 519 963 πεῖν
547 906 714 962 πολλά.
791 910 891 961 Καὶ
920 907 1012 980 γάρ
1042 912 1095 964 ἐν
1125 908 1289 972 ὅὲλλοις
1319 912 1596 980 εἰρήκαμεν,
1624 908 1715 978 τὴν
1737 912 1957 977 θεωρίαν
1977 910 2160 980 ταύτην
2187 929 2346 980 σαφη-

410 999 645 1060 νίζοντες,
698 995 809 1064 περὶ
854 1001 943 1063 τῆς
981 993 1121 1064 ἡμῶν
1150 999 1354 1064 βεβαίας
1389 999 1659 1065 σωτηρίας,
1711 993 1786 1048 ὅτι
1814 992 1882 1057 οἷς
1909 993 1970 1048 ἄν
1998 998 2053 1051 ἐκ
2079 999 2347 1067 ῤἀντισμοῦ

408 1085 613 1150 αἵματος
653 1086 670 1117 ¹
689 1078 914 1150 τυγχάνει
941 1080 1084 1149 βαφὴ
1113 1084 1165 1135 ἐν
1191 1084 1392 1155 ἱματίῳ,
1447 1079 1502 1134 τό
1533 1082 1622 1150 μὲν
1664 1086 1805 1149 σῶμα
1832 1076 1924 1134 οὐκ
1957 1083 2118 1150 ἔβαψε
2138 1088 2231 1136 τοῦ
2254 1105 2344 1150 φο-

409 1174 643 1240 ροῦντος,
694 1163 729 1234 ἦ
759 1166 812 1219 δὲ
843 1165 984 1235 βαφὴ
1011 1173 1099 1220 τοῦ
1128 1170 1326 1235 ἱματίου
1359 1164 1452 1220 οῦκ
1480 1169 1548 1230 εἰς
1578 1164 1663 1220 τόν
1689 1164 1885 1234 ἱμάτιον
1913 1165 2208 1238 λελόγισται,
2247 1165 2345 1222 ἀλλ’

409 1257 478 1320 εἰς
502 1251 589 1306 τόν
619 1250 892 1322 ἄνθρωπον
922 1251 1010 1306 τόν
1047 1259 1326 1323 φοροῦντα,
1377 1251 1508 1305 οῦτω
1538 1254 1624 1306 καὶ
1652 1250 1707 1305 τό
1737 1250 1907 1315 πάθος
1937 1258 1996 1326 τῇ
2024 1252 2227 1322 θεότητι
2259 1254 2347 1322 μὲν

410 1338 503 1395 οῦκ
533 1340 830 1405 ἐνέσκηψεν,
871 1335 967 1390 ἄλλ’
994 1340 1045 1392 ἐν
1073 1345 1132 1412 τῇ
1160 1336 1537 1408 ἐνανθρωπήσει
1564 1339 1782 1409 ἐγένετο,
1821 1335 1917 1392 οῦκ
1942 1339 2174 1409 ἐλογίσθη
2206 1339 2259 1393 δὲ
2287 1345 2348 1414 τῇ

410 1422 787 1495 ἐνανθρωπήσει
814 1421 968 1496 μόνῃ,
1009 1422 1105 1476 ἄλλ’
1133 1426 1214 1476 ’ἵνα
1247 1422 1315 1492 μὴ
1345 1429 1590 1497 πληρωθῇ
1623 1426 1676 1478 ἐν
1705 1429 1767 1498 τῇ
1793 1427 2010 1497 σωτηρίᾳ
2041 1430 2128 1493 τῆς
2153 1426 2349 1480 οἰκονο-

409 1515 525 1581 μίας
553 1508 634 1574 τὸ,
685 1507 1075 1579 Ἐπικατάρατος
1113 1516 1213 1571 πᾶς
1241 1509 1297 1572 ὃς
1324 1511 1416 1578 ἔχει
1445 1508 1536 1578 τὴν
1577 1511 1749 1564 ἐλπίδα
1788 1508 1861 1564 ἐπ’
1897 1508 2197 1580 ἄνθρωπον,
2251 1500 2348 1564 ἄλλ’

410 1600 640 1666 ἐλογίσθη
666 1596 751 1647 καὶ
777 1597 844 1657 εἰς
870 1594 960 1662 τὴν
987 1594 1233 1664 θεότητα,
1272 1602 1360 1664 τῆς
1387 1594 1626 1664 θεότητος
1651 1594 1719 1664 μὴ
1751 1594 2059 1665 πασχούσης,
2096 1598 2180 1650 ἵνα
2206 1598 2259 1651 ἐν
2290 1603 2350 1670 τῇ

409 1682 614 1750 θεότητι
649 1687 859 1754 λογισθῇ
894 1687 955 1754 τῇ
995 1678 1111 1754 ἁγίᾳ
1153 1687 1241 1735 τοῦ
1271 1687 1398 1735 θεοῦ
1433 1683 1663 1755 ἐκκλησίᾳ
1703 1688 1793 1736 τοῦ
1821 1681 2029 1745 πάθους
2054 1679 2089 1750 ἦ
2116 1685 2346 1753 σωτηρία.

403 1765 550 1821 Ἀλλά
580 1764 729 1820 πάλιν
761 1764 828 1834 μὴ
860 1770 1058 1838 λεξίθηρ
1102 1764 1172 1821 ὤν
1202 1790 1275 1830 τις
1310 1766 1487 1821 ἑαυτὸν
1530 1767 1718 1842 θελήσῃ
1757 1774 1939 1836 μᾶλλον
1969 1771 2352 1839 συλλογίσασθαι

413 1851 578 1923 2’ἤπερ
614 1851 669 1906 τὸ
703 1855 903 1924 αἴνιγμα
948 1859 1038 1907 τοῦ
1081 1851 1407 1922 όμοισόματος.
1489 1852 1563 1907 Οὔ
1603 1852 1697 1924 γάρ
1739 1860 1874 1908 πᾶσα
1914 1851 2170 1925 παραβολὴ
2210 1856 2263 1909 ἐν
2291 1860 2352 1930 τῇ

410 1945 580 2013 γραφῇ
606 1937 693 2006 ὅλη
724 1938 1025 2006 λαμβάνεται
1059 1937 1128 2001 ὥς
1156 1938 1235 2002 τό,
1288 1938 1520 2008 Σκύμνος
1557 1941 1753 2002 λέοντος
1783 1937 1973 2005 Ἰούδα,
2025 1938 2107 1994 διά
2137 1938 2191 1994 τό
2222 1943 2351 2010 ἰσχυ-

413 2024 614 2095 ρότερον
638 2030 728 2078 τοῦ
761 2023 889 2089 ζώου
916 2026 1001 2077 καὶ
1026 2024 1440 2093 βασιλικώτατον,
1479 2023 1579 2079 ἀλλ’
1608 2026 1717 2094 οὐχὶ
1745 2023 1829 2078 διὰ
1857 2022 1911 2079 τό
1942 2022 2126 2095 ἄλογον
2152 2027 2238 2080 καὶ
2267 2024 2351 2099 ἆρ-

411 2109 678 2165 πακτικόν·
736 2109 867 2164 οῦτω
907 2113 991 2164 καὶ
1023 2113 1105 2165 ἐπὶ
1136 2118 1227 2165 τοῦ
1258 2114 1455 2179 ἱματίου
1467 2154 1480 2177 ,
1533 2111 1630 2165 οὐκ
1657 2112 1962 2178 ἐνδυομένου
2002 2113 2087 2165 καὶ
2116 2112 2350 2180 ἐκδυομέ-

411 2219 531 2262 νου,
570 2194 665 2248 ἄλλ’
695 2195 824 2259 ἅπαξ
844 2196 968 2250 κατά
997 2195 1051 2251 τό
1080 2198 1366 2267 εἰρημένον,
1405 2195 1727 2268 Εὖπρέπειαν
1754 2195 2044 2262 ἐνεδύσατο,
2082 2195 2137 2251 τὸ
2166 2198 2219 2251 δὲ
2243 2199 2351 2252 δεύ-

411 2304 579 2353 τερον,
628 2279 920 2335 Ἐνεδύσατο
964 2282 1205 2350 δύναμιν,
1252 2284 1334 2335 καὶ
1364 2282 1644 2347 διεζώσατο·
1697 2283 2041 2352 πληρουμένης
2077 2284 2156 2353 ἐπὶ
2194 2281 2352 2358 τούτῳ

411 2374 502 2422 τοῦ
533 2365 807 2438 άγιωτάτου
836 2367 1116 2421 ἀποστόλου
1147 2374 1235 2436 τῆς
1264 2374 1462 2436 φωνῆς,
1516 2367 1597 2434 τό,
1656 2367 1836 2422 Οὕκέτι
1867 2367 2209 2437 ἀποθνήσκει,
2257 2367 2350 2422 θά·

411 2475 558 2515 νατος
594 2453 751 2506 αὐτοῦ
784 2452 953 2506 οὐκέτι
980 2452 1209 2524 κυριεύει.
1291 2457 1470 2507 Τοίνυν
1500 2454 1685 2507 τούτων
1715 2453 1875 2517 οὕτως
1915 2455 2124 2523 ἐχόντων
2150 2453 2353 2523 βούλον-

411 2561 491 2591 ται
519 2541 571 2591 οἷ
594 2536 800 2604 ἀδελφοὶ
836 2536 982 2606 ἡμῶν
1017 2541 1086 2601 εἰς
1113 2538 1420 2610 παράστασιν
1446 2538 1568 2608 ἡμῖν
1600 2542 1769 2612 φέρειν
1807 2539 1908 2607 ὅτι,
1959 2538 2122 2608 Ἡμεῖς
2151 2541 2204 2594 δὲ
2230 2546 2353 2595 νοῦν

417 2629 637 2695 Χριστοῦ
665 2625 846 2692 ἔχομεν.
925 2623 1066 2677 Kato}
1095 2625 1148 2678 δὲ
1177 2623 1262 2679 τὸν
1289 2623 1436 2696 λόγον
1464 2625 1655 2692 αὐτῶν,
1692 2625 1779 2679 τόν
1808 2627 1890 2680 ἐπὶ
1916 2632 1978 2700 τῇ
2011 2629 2204 2699 θεωρίᾳ
2233 2616 2351 2679 ταύέ

411 2734 471 2783 τῃ
501 2707 836 2779 φραζόμενον,
889 2712 959 2772 εἰς
988 2708 1226 2764 ὑπόνοιαν
1265 2709 1397 2779 ἡμᾶς
1433 2713 1668 2781 φέρουσι,
1719 2710 1788 2781 μὴ
1815 2711 1936 2781 τάχα
1963 2710 2250 2779 νενοήκασιν
2281 2708 2352 2775 οἷς

411 2802 503 2850 τοῦ
528 2801 619 2849 νοῦ
655 2796 823 2866 ἑτέρου
857 2793 998 2858 ὄντος
1037 2802 1127 2850 τοῦ
1159 2802 1392 2868 Χριστοῦ.
1468 2800 1540 2851 Εἰ
1572 2799 1625 2851 δὲ
1659 2796 1721 2851 οὕ
1747 2801 2017 2868 λογίζονται
2058 2795 2197 2859 ἐκτός
2224 2793 2352 2851 εἶναι

410 2880 501 2949 τὴν
526 2880 742 2949 θεότητα
769 2886 857 2948 τῆς
884 2881 1338 2953 ένανθρωπήσεως,
1377 2882 1495 2937 ἄλλα
1523 2887 1637 2951 μίαν
1662 2881 1785 2937 εἶναι
1812 2881 1903 2951 τὴν
1932 2884 2247 2951 οἰκονομίαν,
2306 2886 2352 2937 τί

413 2966 507 3037 ὅρα
547 2969 682 3020 ἔσται
717 2965 1062 3036 περισσότερον
1096 2974 1218 3030 νοῦς
1258 2974 1477 3039 Χριστοῦ
1510 2967 1540 3023 ό
1565 2967 1822 3039 λεγόμενος
1834 2991 1850 3033 ‚·
1923 2967 2021 3036 Μὴ
2056 2965 2194 3039 3ὅῖρα
2233 2966 2352 3021 καθ’

415 3051 590 3106 ἓαυτὸν
619 3050 650 3106 ό
674 3048 797 3113 θεός
822 3051 965 3122 λόγος
994 3055 1120 3119 ἐστὶ,
1174 3053 1241 3122 μή
1269 3056 1393 3122 ἔχων
1422 3061 1542 3108 νοῦν
1573 3053 1922 3125 ἀνθρώπινον,
1974 3052 2043 3115 ὥς
2073 3071 2250 3119 φασιν,
2299 3056 2352 3108 ἐν

419 3144 481 3212 τῇ
508 3137 728 3211 ἐνσάρκῳ
755 3142 1030 3211 παρουσίᾳ,
1088 3146 1210 3193 νοῦν
1235 3140 1287 3193 δὲ
1316 3146 1343 3176 4
1364 3141 1527 3210 ἕτερον
1561 3142 1653 3209 ἔχει
1685 3137 1897 3210 Χριστός
1926 3137 2063 3207 παρὰ
2089 3137 2177 3207 τὴν
2198 3134 2353 3193 αὐτοῦ

412 3222 685 3277 ’ὑπόστασιν
714 3229 801 3291 τῆς
826 3221 1065 3291 θεότητος
1075 3248 1090 3288 3
1130 3223 1164 3293 ἢ
1196 3232 1592 3296 καταχρηστικῶς
1620 3228 1768 3279 εἴωθε
1791 3230 1892 3278 πᾶν
1919 3226 2052 3294 ῥῆμα
2075 3221 2352 3297 ’ὑπέρογκον

416 3311 643 3380 λέγεσθαι
681 3307 802 3377 ἡμῖν
839 3311 908 3370 εἰς
943 3309 1251 3380 παράστασιν
1286 3317 1386 3364 τῶν
1423 3314 1476 3365 ἐν
1512 3309 1631 3379 ἡμῖν
1668 3310 2046 3380 πληρουμένων,

473 3426 571 3466 CAP.
587 3426 795 3466 XXXIV.
820 3447 868 3455 -
919 3423 953 3465 1.
986 3428 1266 3479 Corriyendum
1285 3440 1350 3469 su·
1408 3430 1489 3468 lum
1516 3439 1595 3469 esse
1616 3429 1821 3468 indicavit.
1880 3427 2092 3467 Gornarius
2115 3428 2228 3467 vertit
2250 3425 2349 3467 Non

412 3485 539 3534 spicor
565 3479 766 3537 τυγχάνῃ.
1411 3485 1518 3524 enim
1547 3484 1678 3525 omnis
1704 3482 1931 3522 similitudo
1962 3483 2003 3522 in
2028 3483 2232 3537 scriptura
2256 3490 2350 3524 tota

470 3539 509 3580 2.
541 3533 651 3592 ἥπερ
691 3541 831 3589 scripsi
850 3551 924 3589 pro
950 3530 979 3592 ἦ
1010 3538 1133 3592 περὶ,
1174 3542 1277 3591 quod
1304 3543 1352 3580 li·
1409 3541 1636 3596 accipitur,
1665 3542 1890 3590 simpliciter
1918 3543 2032 3591 atque
2062 3544 2176 3581 recte.

415 3598 474 3635 bri
494 3598 609 3647 vulgo
632 3598 842 3646 praebeam
875 3595 1194 3650 συλλογίζεσθαι
1215 3601 1268 3637 est
1286 3612 1351 3637 ra·
1465 3597 1505 3640 3.
1536 3588 1618 3650 ἆρα
1646 3598 1759 3637 codd.
1788 3608 1877 3636 mss.

413 3652 595 3692 tionibus
637 3651 822 3691 refutare
837 3683 848 3700 ‚
890 3655 1082 3703 quomodo
1119 3659 1351 3703 usurpatum
1466 3651 1505 3694 4.
1538 3652 1673 3705 ἕτερον
1698 3650 1786 3707 ἔχει
1804 3650 1993 3706 Χριστὸς
2017 3655 2101 3694 cod.
2122 3656 2198 3695 Ien-
2224 3658 2259 3694 et
2284 3655 2344 3695 ed.

413 3709 516 3747 idem
542 3711 701 3748 verbum
728 3710 935 3749 habuimus
966 3711 1072 3750 haer.
1100 3708 1179 3760 76,
1206 3722 1246 3760 p.
1268 3707 1351 3751 948
1404 3713 1529 3761 princ.
1581 3708 1718 3761 ἕτερον
1744 3707 1831 3765 ἔχει
1857 3706 1879 3752 ὁ
1910 3708 2097 3762 Χριστὸς
2123 3711 2182 3750 ed.
2210 3713 2344 3751 Petav.

415 3768 450 3803 et
477 3761 573 3807 963.
602 3787 658 3794 —-
713 3767 898 3806 Petavius
931 3767 1055 3807 locum
1097 3767 1197 3807 hunc
1235 3769 1351 3807 muti·
1410 3765 1496 3824 ἔχει
1524 3762 1710 3820 Χριστὸς
1739 3763 1875 3822 ἕτερον
1903 3769 1987 3809 cod.
2016 3768 2176 3818 Rhediy.
