2508 4134
419 205 518 256 152
1126 212 1330 255 SANch
1358 214 1643 261 EPIPHANII

910 307 923 326 2
960 314 983 325 u

418 315 504 380 μία
534 310 714 378 θεότης
745 314 831 377 τῆς
859 330 1011 377 αυτης
1045 314 1100 353 2¹
1120 309 1401 378 δυνάμεως,
1437 317 1527 380 τῆς
1560 310 1713 380 αὐτῆς
1738 309 2056 375 ὑποστάσεως
2067 354 2083 378 ,
2123 318 2186 351 ²²
2205 310 2352 382 ὁμοία

420 399 469 460 ἐξ
501 394 702 464 ὁμοίου,
760 394 958 462 ἰσότητα
987 392 1181 465 χάριτος
1209 401 1298 463 τῆς
1332 395 1486 464 αὐτῆς
1508 396 1705 468 χάριτος
1731 395 2001 468 ἐργάζεται,
2055 396 2243 470 πατρὸς
2267 400 2354 453 καὶ

421 484 538 534 υἱοῦ
562 481 649 533 καὶ
677 477 821 551 άγίου
845 478 1145 548 πνεύματος·
1173 479 1228 535 τὸ
1257 482 1309 535 δὲ
1337 487 1446 545 πῶς
1467 482 1640 546 αὐτοῖς
1665 489 1726 520 ²3
1746 480 2060 538 ἀπολείπεται
2087 483 2352 539 διδάσκειν.

424 572 487 603 24
508 565 689 628 Οὐδεὶς
712 562 815 619 οἶδε
846 563 933 619 τὸν
957 567 1169 636 πατέρα,
1226 568 1274 619 εἰ
1296 565 1364 635 μὴ
1395 565 1426 621 o‘
1455 566 1594 634 υἷός,
1648 574 1708 605 ²⁵
1725 568 1842 622 οὐδὲ
1870 567 1956 622 τὸν
1981 567 2118 635 υἷόν,
2167 571 2213 623 εἰ
2232 567 2300 638 μὴ
2325 565 2356 623 ὅ

421 649 608 723 πατὴρ,
659 653 745 705 καὶ
773 644 813 724 ᾧ
838 648 926 704 ἐάν
957 648 987 705 ὅ
1015 649 1126 713 υἷὸς
1157 657 1220 689 2⁶
1238 650 1600 707 ἀποκαλύπτει·
1655 652 1991 708 ἀποκαλύπτει
2016 655 2069 708 δὲ
2096 653 2178 708 διά
2209 653 2355 708 πνεύ-

422 759 572 806 ματος
599 734 836 807 Ἡοἳγίου.
916 734 1118 790 Οὐκοῦν
1146 740 1255 808 τρία
1290 743 1446 790 ταῦτα
1484 736 1630 804 ὅντα,
1681 738 1717 808 ἢ
1749 741 1797 803 ἐξ
1824 737 1980 793 αὐτοῦ
1991 782 2005 805 ,
2055 738 2091 808 ἢ
2121 737 2237 811 παρ’
2265 739 2357 794 αὖ·

420 829 534 890 τοῦ,
583 821 618 891 ἢ
644 821 772 894 πρὸς
798 820 976 888 αὐτὸν,
1028 821 1218 896 ἑκάστω
1247 821 1397 886 ἀξίως
1426 823 1695 893 νοούμενα,
1733 823 1908 888 καθώς
1933 823 2081 878 ἑαυτά
2108 823 2359 880 άποκαλύ-

423 929 556 974 πτει,
594 913 732 974 φῶς,
771 914 900 980 πῦρ,
952 913 1165 975 πνεῦμα,
1215 910 1302 961 καὶ
1332 906 1498 972 ι’ἱλλαις
1525 907 1660 979 οἶμαι
1688 908 1908 980 ὁράσεων
1937 907 2224 979 ὁμοιώσεσι,
2270 933 2357 965 κα-

422 993 534 1056 θῶς
578 991 718 1057 ἄξιος
757 991 787 1048 o‘
815 992 1198 1062 διακονούμενος
1241 992 1527 1064 ἅνθρωπος.
1583 993 1781 1058 ·Αυ’τὸς
1819 998 1986 1049 τοίνυν
2028 994 2057 1050 ὁ
2091 994 2213 1059 θεὸς
2248 993 2279 1050 ὅ
2309 998 2361 1051 ἐν

424 1078 549 1154 άρχῇ
575 1078 755 1145 εἰπών,
795 1078 1067 1148 Γενηθήτω
1098 1085 1236 1145 φῶς,
1285 1081 1372 1132 καὶ
1397 1081 1584 1150 ἐγένετο
1619 1087 1756 1148 φῶς,
1795 1080 1850 1134 τὸ
1885 1079 2233 1152 2ὅέροόμενον,
2271 1079 2360 1135 αὖ·

425 1165 509 1229 τὸς
537 1163 566 1220 ὁ
594 1168 814 1232 φωτίσας
849 1162 975 1234 ἡμᾶς
1009 1162 1064 1217 τὸ
1094 1171 1205 1231 φῶς
1231 1166 1352 1218 ἰδεῖν
1378 1164 1433 1219 τὸ
1465 1165 1733 1234 ἀληθινόν,
1768 1164 1824 1220 τὸ
1851 1169 2064 1233 φωτίζον
2089 1165 2251 1220 πάντα
2278 1165 2362 1220 ὄῖν-

424 1259 639 1322 θρωπον
676 1251 935 1322 ἐρχόμενον
974 1253 1042 1313 εἰς
1077 1250 1162 1305 τόν
1202 1250 1403 1319 κόσμον.
1474 1249 1845 1315 Ἐξαπόστειλον
1880 1249 1936 1304 τὸ
1970 1258 2080 1318 φῶς
2111 1269 2227 1318 σου,
2254 1253 2362 1306 καὶ

426 1335 514 1405 τὴν
542 1335 786 1406 ἀλήθειάν
828 1355 945 1402 σου,
1001 1342 1060 1374 29
1077 1333 1106 1390 ὁ
1134 1339 1299 1405 Δαβίδ
1325 1354 1462 1404 φησι.
1535 1335 1703 1400 Αὐτός
1730 1339 1857 1391 ἐστιν
1885 1335 1916 1391 ὅ
1941 1336 2113 1409 κύριος
2138 1335 2167 1392 ὁ
2190 1337 2362 1404 εἰπών,

227 1446 310 1482 pag.
329 1423 510 1476 892.Ἐν
540 1430 647 1486 ταῖς
672 1421 893 1491 ἐσχάταις
919 1420 1124 1492 ἡμέραις
1152 1427 1211 1460 ³⁰
1229 1424 1377 1490 ἐκχεῶ
1415 1420 1517 1475 ἆπὸ
1545 1429 1634 1476 τοῦ
1662 1421 1941 1492 πνεύματός
1962 1445 2060 1492 μου
2090 1425 2180 1478 ἐπὶ
2200 1430 2366 1478 πᾶσαν

204 1862 315 1917 Κεφ.
348 1860 393 1904 ε’.

429 1508 612 1580 σάρκα,
665 1510 751 1562 καὶ
777 1507 1207 1579 προφητεύσουσιν
1235 1513 1288 1544 3¹
1313 1510 1368 1560 αἱ
1394 1509 1665 1579 θυγατέρες
1690 1506 1880 1575 αὐτῶν,
1931 1511 2014 1563 καὶ
2042 1512 2094 1564 οἱ
2119 1513 2368 1564 νεανίσκοι

431 1592 593 1647 αὐτῶν
643 1592 841 1665 ὁράσεις
889 1592 1127 1662 ὄψονται,
1183 1596 1294 1664 τρία
1342 1591 1585 1664 πρόςωπα
1633 1591 1775 1665 άγίας
1822 1599 2123 1667 λειτουργίας
2170 1587 2368 1658 δεικνῦς

436 1677 630 1748 32ύμῖν
667 1677 984 1742 ὑποστάσεως
1021 1681 1070 1743 ἐξ
1106 1676 1426 1742 ὑποστάσεως
1462 1676 1615 1748 οὔσης
1650 1683 1826 1751 τρίτης.

576 1853 724 1922 Λέγω
765 1845 857 1906 οὗν
893 1849 1110 1923 Χριστόν
1145 1848 1384 1906 διάκονον
1421 1857 1715 1923 γεγενῆσθαι
1753 1858 2041 1922 περιτομῆς,
2091 1849 2216 1923 ὑπὲρ
2253 1851 2369 1920 ἄλη-

431 1942 574 2001 θείας
615 1943 773 2003 θεοῦ,
826 1939 896 2000 εἰς
927 1936 981 1990 τό
1014 1942 1269 2007 πληρῶσαι
1306 1935 1394 2000 τάς
1434 1939 1743 2008 ἐπαγγελίας,
1804 1941 2147 1992 συνδιακονεῖν
2184 1938 2238 1991 δὲ
2274 1935 2368 1992 lvd

431 2030 627 2093 πνεῦμα
656 2022 710 2077 τὸ
738 2021 882 2094 ἅγιον
917 2021 1329 2094 2παρειλήφαμεν
1363 2024 1418 2076 ἐκ
1444 2025 1600 2076 θείων
1630 2028 1835 2094 γραφῶν
1875 2022 2047 2086 οὕτως.
2112 2022 2373 2077 Ἀποστέλ-

431 2117 560 2164 λεται
589 2107 619 2164 ὅ
648 2107 863 2181 Χριστός
890 2106 989 2163 άπό
1011 2107 1213 2180 πατρὸς,
1252 2104 1595 2162 α’ποστέλλεται
1619 2106 1672 2162 τό
1698 2114 1890 2176 πνεῦμα
1914 2107 1970 2163 τό
1993 2107 2146 2179 ἅγιον.
2224 2115 2247 2146 3
2264 2114 2370 2161 Λα·

432 2203 507 2250 λεῖ
526 2198 577 2250 ἐν
604 2192 763 2266 άγίοις
789 2193 1017 2266 Χριστὸς,
1054 2200 1191 2247 λαλεῖ
1208 2192 1263 2247 τὸ
1292 2199 1486 2262 πνεῦμα
1514 2192 1567 2247 τό
1595 2192 1749 2264 ἅγιον.
1801 2191 1952 2248 Ἰἆται
1984 2199 2012 2231 4
2030 2192 2260 2265 Χριστὸς,
2298 2196 2373 2248 ίᾶ-

433 2304 511 2335 ται
535 2280 589 2334 τὸ
613 2286 806 2349 πνεῦμα
830 2278 884 2334 τό
913 2278 1066 2351 ἅγιον.
1129 2276 1333 2350 Ἀγιάζει
1363 2277 1590 2349 Χριστός,
1628 2277 1812 2350 ἁγιάζει
1836 2278 1889 2334 τό
1917 2285 2111 2348 πνεῦμα
2135 2277 2190 2333 vd
2217 2278 2371 2350 ἅγιον.

437 2371 666 2432 Βαπτίζει
695 2363 908 2437 Χριστὸς
936 2367 987 2419 ἐν
1010 2370 1080 2438 τῷ
1107 2362 1310 2433 ὀνόματι
1339 2363 1520 2430 αὐτοῦ,
1572 2367 1791 2432 βαπτίζει
1825 2363 1879 2420 τὸ
1908 2370 2103 2434 πνεῦμα
2128 2363 2183 2419 τό
2217 2363 2372 2436 ἅγιον.

442 2452 616 2515 Οῦτως
654 2453 875 2522 λέγουσιν
903 2452 958 2503 αἱ
980 2452 1195 2522 γραφαὶ,
1243 2448 1546 2513 ’Λποστελεῖς
1581 2450 1634 2505 τὸ
1664 2449 1857 2520 πνεῦμά
1887 2469 2004 2516 σου,
2055 2451 2140 2505 καὶ
2169 2449 2372 2504 ἄνακαι·

435 2547 553 2602 νιεῖς
578 2536 633 2591 τὸ
661 2535 923 2608 πρόςωπον
948 2543 1034 2604 τῆς
1063 2542 1176 2606 γῆς,
1232 2535 1406 2605 ὅμοιον
1439 2541 1462 2573 ⁶
1480 2542 1548 2610 τῷ
1574 2538 1752 2608 λέγειν,
1799 2535 2160 2601 Ἐξαποστελεῖς
2182 2534 2268 2590 τὸν
2294 2533 2375 2590 λό-

436 2647 524 2696 γον
559 2641 679 2690 σου,
716 2624 801 2676 καὶ
825 2622 955 2691 τήξει
982 2620 1122 2675 αύτά.
1197 2620 1639 2692 Λειτουργούντων
1665 2623 1719 2676 δὲ
1749 2629 1772 2660 ⁶
1790 2621 1972 2687 αὐτῶν,
2010 2623 2160 2690 φησὶ,
2199 2627 2266 2694 τῷ
2288 2644 2376 2675 κυ-

439 2714 555 2783 ρίῳ,
592 2710 678 2762 καὶ
703 2707 1064 2777 νηστευόντων,
1103 2705 1208 2761 εἶπε
1238 2706 1292 2762 vd
1324 2713 1518 2776 πνεῦμα
1544 2706 1599 2762 τὸ
1630 2707 1794 2779 ἅγιον,
1844 2707 2133 2778 Ἀφορίσατε
2164 2706 2266 2775 7δή
2293 2728 2376 2775 μοι

441 2793 708 2865 Βαρνάβαν
746 2796 830 2848 καὶ
868 2799 1066 2847 Σαῦλον
1109 2796 1177 2856 εἰς
1215 2792 1269 2846 τό
1310 2795 1457 2864 ἔργον
1485 2792 1515 2847 ὃ
1545 2795 1907 2865 προςκέκλημαι
1945 2791 2153 2858 αὐτούς,
2201 2790 2376 2860 ὅμοιον
2422 2850 2426 2855 ,

439 2887 505 2954 τῷ
545 2882 760 2950 8λέγειν,
798 2878 852 2932 Ὅ
882 2880 935 2933 δὲ
961 2880 1134 2950 κύριος
1170 2880 1358 2949 9λέγει,
1398 2880 1658 2941 Εἰςέλθετε
1686 2882 1754 2942 εἰς
1785 2878 1876 2948 τήν
1903 2879 2074 2944 πόλιν,
2126 2877 2274 2931 κάκεῖ
2294 2884 2375 2930 λα-

436 2966 707 3035 ληθήσεται
744 2963 935 3033 10ύμῖν
960 2969 1006 3018 τί
1031 2968 1104 3018 δεῖ
1130 2972 1316 3018 ποιεῖν·
1356 2965 1500 3018 αὐτοὶ
1530 2966 1617 3033 μὲν
1641 2959 1733 3019 οὖν
1760 2964 2126 3033 ἐκπεμφθέντες
2154 2960 2253 3016 ὖπὸ
2286 2954 2377 3016 τοῦ

448 3060 497 3090 1¹
520 3051 797 3120 πνεύματος
838 3057 926 3105 τοῦ
969 3048 1111 3121 άγίου
1147 3056 1399 3118 κατῆλθον
1438 3053 1508 3113 εἰς
1535 3049 1848 3115 Σελεύκειαν,
1900 3046 1967 3112 οἷς
1996 3045 2060 3102 ἂν
2097 3050 2228 3100 εἴποι
2258 3053 2377 3117 Χρι-

439 3137 578 3201 στὸς,
625 3136 750 3191 Ἰδοῦ
779 3137 1056 3191 ἀποστέλλω
1081 3133 1212 3204 ύμᾶς
1243 3133 1310 3198 ὦς
1340 3138 1570 3206 πρόβατα
1592 3138 1648 3189 ἐν
1683 3137 1814 3208 μέσῳ
1843 3133 2019 3188 λύκων.
2078 3130 2256 3196 ’Ἐδοξε
2282 3130 2375 3203 γάρ

438 3231 508 3298 τῷ
541 3223 780 3292 πνεύματι
807 3229 876 3296 τῷ
907 3220 1029 3295 άγίῳ
1057 3222 1208 3290 μηδὲν
1249 3219 1361 3275 ἄλλο
1400 3224 1712 3276 ἐπιτίθεσθαι
1747 3219 1926 3291 βάρος,
1977 3215 2104 3286 πλὴν
2129 3223 2228 3270 τῶν
2257 3216 2390 3272 ἐπά-.

496 3369 563 3410 21.
594 3365 798 3422 θεότητος
825 3371 962 3409 Ancor.
1491 3364 1557 3407 26.
1586 3360 1843 3419 ἀποκαλύψῃ
1873 3363 2009 3405 Ancor.
2068 3363 2250 3404 Rescribe
2275 3359 2377 3406 οἷπο-

497 3425 565 3466 22.
599 3420 723 3478 ὅμοια
753 3423 798 3475 ἐξ
826 3421 921 3479 du„
954 3421 1118 3478 ἰσότητι
1146 3421 1266 3479 χάρ.,
1296 3438 1375 3466 πα·
1433 3421 1638 3477 καλύπτη.

441 3479 540 3535 τρός
567 3486 674 3531 cett„
702 3484 827 3522 verbis
855 3481 935 3535 τῆς
962 3477 1098 3536 αὐτῆς
1126 3478 1223 3538 χάρ.
1252 3478 1375 3536 ἐργά-
1488 3479 1556 3522 27.
1586 3466 1719 3534 άγίου.
1775 3472 1912 3530 τούτῳ
1944 3474 2018 3518 καὶ
2048 3470 2071 3518 ὅ
2098 3474 2238 3544 πατέὶρ
2269 3471 2377 3519 οἷπο-

447 3540 560 3588 ζεται
588 3540 759 3587 omissis,
791 3540 928 3579 Ancor.
1433 3532 1647 3593 καλύπτει.
1707 3529 1854 3577 οὐκοῦν
1885 3532 2020 3575 ταῦτα
2046 3531 2141 3587 τρία
2172 3547 2273 3577 οντα
2297 3535 2378 3574 An-

499 3594 565 3634 23.
597 3593 656 3633 Ita
684 3607 731 3634 ex
758 3597 897 3635 Ancor.
923 3597 1044 3637 edidit
1073 3599 1206 3637 Petav.
1267 3596 1377 3637 Libri
1433 3607 1511 3636 cor.
2305 3619 2307 3621 -

443 3653 544 3692 enim
572 3651 710 3689 habent
739 3646 912 3693 ἀπέλιπε
942 3647 1149 3696 διδάσκει.
1489 3648 1558 3691 28.
1613 3645 1661 3692 τὸ
1704 3644 1910 3715 ἐρώμενον
1954 3647 2067 3686 codd.
2108 3659 2198 3689 mss.
2242 3651 2278 3687 et
2314 3648 2374 3687 ed.

499 3705 567 3747 24.
600 3700 738 3753 οὐδεὶς
767 3704 846 3760 γὰρ
878 3712 1017 3749 Ancor.
1239 3727 1242 3729 ·
1429 3709 1555 3758 princ.
1613 3702 1662 3747 τὸ
1701 3700 1910 3758 ορώμενον
1944 3704 2004 3743 ed.
2029 3705 2165 3744 Petav.
2222 3706 2268 3744 In
2296 3705 2375 3745 An-

498 3763 565 3805 25.
598 3758 737 3813 οὐδεὶς
765 3766 899 3803 Ancor.
1434 3776 1510 3805 cor.
1541 3774 1587 3804 ea
1617 3763 1733 3803 verba
1760 3762 1879 3813 plane
1908 3772 1985 3806 non
2015 3764 2160 3803 extant.
