2508 4134
407 216 509 268 378
1117 225 1320 267 SANCTI
1348 226 1633 268 EPIPHANII

404 325 488 376 καὶ
516 324 916 392 Μαρκιωνισταὶ,
968 324 1054 376 καὶ
1096 320 1234 375 ἅλλαι
1272 324 1507 393 αἷρέσεις,
1557 322 1625 391 μὴ
1653 321 1812 390 σάρκα
1850 322 1986 395 αὐτῷ
2029 320 2328 391 προςάπτειν

405 407 725 476 βουλόμενοι,
779 411 863 461 ἵνα
914 407 982 476 μή
1030 406 1288 462 ἐλάττωσιν
1337 415 1399 482 τῇ
1436 409 1638 476 θεότητι
1689 408 1845 461 αὐτοῦ
1896 405 2329 478 περιποιήσωνται.

179 509 264 545 1³³ss-
287 499 383 536 1⁰1⁹.
405 490 524 545 Ἀλλ’
548 492 609 546 οὐ
635 491 761 545 κατά
789 492 876 561 τὴν
899 498 995 547 τῶν
1027 491 1317 563 ἀνθρώπων
1354 492 1588 562 βούλησιν
1617 491 1649 561 ἡ
1679 490 1887 561 ἀλήθεια
1927 495 2021 562 ἔχει
2056 490 2146 560 τὴν
2175 490 2328 545 δύνα-

404 599 512 645 μιν,
561 576 682 630 ἀλλά
720 577 845 631 κατά
877 577 967 646 τὴν
1005 577 1155 646 αὐτῆς
1194 576 1632 649 διακυβερνητικὴν
1667 581 1849 643 σοφίαν
1884 581 1970 631 καὶ
2009 575 2330 646 οἰκονομικὴν

404 661 760 730 ἀκαταληψίαν.
841 667 1023 718 Τοίνυν
1062 661 1204 732 ἡμῶν
1241 663 1398 726 οὕτως
1437 662 1835 733 ὁμολογούντων,
1884 664 1968 716 καὶ
2001 660 2069 732 μὴ
2094 661 2218 716 κατά
2241 660 2329 716 τᾶν

406 755 691 816 Μανιχαῖον
719 747 930 817 ἐχόντων
968 749 1050 812 (οὗ
1090 750 1232 819 χάριν
1267 748 1360 819 γάρ
1401 750 1588 810 ἐκεῖνος
1626 747 1795 813 δώσει,
1847 751 2011 801 δοκῶν
2036 751 2105 810 εἰς
2129 750 2331 802 ἔπαινον

408 840 626 904 Χριστοῦ
651 834 808 903 σάρκα
831 836 984 905 λέγειν
1014 833 1166 888 αὐτόν
1195 833 1264 901 μὴ
1296 835 1568 901 εἰληφέναι,
1617 830 1737 886 ἀλλά
1778 837 1956 900 μᾶλλον
1985 837 2070 901 τῆς
2096 830 2331 901 ἀληθείας

403 926 644 984 πεσεῖται,
698 919 896 987 δοκήσει
924 916 1180 989 ὁμολογῶν
1201 917 1293 986 τὴν
1319 920 1557 986 ἕνσαρκον
1586 924 1806 988 Χριστοῦ
1828 922 2145 989 παρουσίαν),
2198 916 2328 972 οὕτω

404 1006 490 1058 καὶ
516 1006 568 1058 ἐν
600 1010 667 1077 τῷ
700 1003 911 1075 παρόντι
935 1012 1037 1067 τοῖς
1058 1002 1312 1074 ἡμετέροις
1339 1001 1569 1069 ἀδελφοῖς
1599 1006 1730 1057 ἔσται
1758 1001 1792 1070 ἦ
1817 1006 2124 1073 χυδαιολογία
2151 1005 2330 1071 ματαία

403 1089 542 1160 χάρις
565 1088 895 1160 τυγχάνουσα·
935 1088 1240 1159 οἷμολόγηται
1271 1088 1362 1159 γάρ
1393 1086 1505 1159 παρ’
1534 1087 1704 1150 αὐτοῖς
1729 1109 1779 1141 τε
1804 1090 1890 1142 καὶ
1918 1086 2032 1159 παρ’
2057 1086 2203 1156 ἡμῖν,
2242 1085 2330 1142 έάν

404 1173 472 1242 μὴ
500 1176 713 1229 θέλωσιν
751 1177 936 1247 ἑτέρως’
961 1183 1192 1244 φρονεῖν,
1244 1174 1420 1235 καθώς
1459 1195 1586 1236 τινες
1618 1172 1850 1235 πολλάκις
1889 1171 1974 1226 ἀπ’
2003 1172 2170 1226 αὐτῶν
2195 1172 2331 1236 ὄντες

404 1260 620 1314 ἑάλωσαν
656 1261 959 1328 πιεζόμενοι,
1012 1259 1095 1313 διά
1131 1265 1276 1313 τοῦτο
1321 1261 1404 1313 καὶ
1445 1257 1735 1329 ἀρνούμενοι
1775 1258 1933 1329 σάρκα
1974 1255 2219 1326 ἀληθινὴν
2245 1256 2332 1312 τὸν

408 1344 622 1414 Χριστὸν
669 1348 944 1413 εἰληφέναι,
1003 1344 1070 1406 οἷς
1108 1342 1208 1398 ἀνω
1244 1367 1328 1412 μοι
1369 1347 1558 1414 εἴρηται
1601 1344 1679 1398 ὅτι
1708 1345 1835 1407 τινὲς
1875 1342 2144 1412 ἐτόλμησαν
2180 1345 2332 1415 λέγειν

404 1430 671 1500 ὅμοούσιον
718 1429 839 1485 εἶναι
874 1429 963 1499 τήν
995 1429 1152 1501 σάρκα
1187 1437 1247 1504 τῇ
1287 1428 1440 1484 αὐτοῦ
1471 1428 1687 1498 θεότητι.
1750 1427 1876 1482 Ἀλλ’
1913 1431 2090 1483 ἐκεῖνοι
2125 1430 2213 1497 μὲν
2239 1450 2333 1482 πα-

409 1519 817 1587 ρεκβαλέσθωσαν
848 1514 916 1578 ὥς
952 1515 1292 1586 μεταγνόντες,
1342 1517 1424 1568 καὶ
1452 1517 1753 1586 ἐλεγχθέντες
1782 1517 1863 1570 ἐπὶ
1886 1521 1956 1587 τῷ
1981 1514 2190 1588 τοιούτῳ
2222 1513 2332 1570 ἀτο-

407 1603 595 1670 πήματι
634 1601 769 1672 παρά
810 1609 914 1664 τοῖς
947 1603 1058 1671 περὶ
1096 1599 1278 1670 σαρκός
1316 1602 1369 1654 έν
1399 1601 1569 1663 αὐτοῖς
1603 1607 1763 1664 καλῶς
1789 1607 2046 1670 φρονοῦσι.
2122 1599 2334 1664 Πάντως

406 1687 495 1760 γάρ
531 1709 632 1742 που
669 1685 698 1742 ό
735 1685 884 1750 αὐτὸς
920 1685 1267 1756 εὖλαβέστατος
1300 1684 1644 1758 Ἀπολινάριος
1681 1687 1775 1741 οὐκ
1811 1684 2085 1758 ἀρνήσεται.

170 2112 381 2170 Rev-’‘²3‘-
546 2120 618 2170 Εἰ
647 2120 815 2171 τοίνυν
855 2115 1016 2186 σάρκα
1056 2118 1256 2184 ε’ἰληφεν
1296 2113 1459 2169 ἐλθών
1497 2112 1526 2168 ὅ
1560 2113 1728 2184 λόγος,
1777 2115 1862 2167 καὶ
1903 2111 2003 2167 ἀπὸ
2033 2115 2242 2183 Μαρίας
2281 2114 2334 2167 ἐν

405 2203 642 2276 ἀληθείᾳ,
682 2204 774 2257 οὐκ
804 2202 905 2257 ἀπὸ
934 2203 1213 2270 σπέρματος
1242 2198 1448 2270 ἀνδρὸς,
1488 2199 1607 2253 ἀλλά
1632 2198 1715 2253 διά
1741 2198 2021 2268 πνεύματος
2048 2198 2216 2272 ἆγίου,
2255 2200 2331 2268 ἐγ-

402 2291 712 2357 κυμονηθεὶς
755 2289 808 2342 δὲ
844 2291 895 2342 ἐν
935 2285 1172 2359 ἀληθείᾳ,
1220 2288 1306 2339 καὶ
1346 2284 1754 2353 ἀναπλασάμενος
1793 2287 2039 2353 1ἑαυτοῦ,
2096 2284 2163 2349 οἷς
2191 2282 2332 2349 θεὸς,

405 2377 491 2427 καὶ
517 2373 733 2442 πλάστης
773 2373 844 2427 α’)’ν
881 2379 970 2426 τοῦ
1001 2370 1428 2442 2πρωτοπλάστου
1459 2369 1736 2439 ἀνθρώπου
1763 2372 1849 2424 καὶ
1882 2370 2106 2436 πάντων,
2157 2369 2254 2441 ἀρα
2279 2391 2334 2441 γε

404 2460 498 2513 οὐκ
528 2458 787 2527 ἠλαττώθη
816 2456 977 2512 ἐλθών
1004 2455 1033 2510 ὁ
1060 2456 1224 2527 λόγος,
1278 2452 1376 2509 ἀλλ’
1406 2459 1590 2524 ἔμεινεν
1618 2459 1669 2511 ἐν
1698 2463 1758 2530 τῇ
1789 2460 1889 2530 ἰδίᾳ
1922 2457 2145 2530 ἀτρέπτῳ
2171 2455 2334 2524 φύσει.

411 2545 486 2598 Οὐ
519 2544 612 2615 γάρ
643 2542 809 2612 λαβών
839 2542 929 2611 τήν
961 2541 1120 2612 σάρκα
1147 2541 1336 2612 τροπὴν
1373 2540 1587 2610 ύπέστη,
1638 2540 1706 2605 ὥς
1735 2540 1999 2611 όμοούσιος
2035 2548 2141 2615 θεῷ
2166 2543 2332 2612 πατρὶ,

404 2632 488 2683 καὶ
517 2630 611 2683 οὐκ
645 2628 899 2698 ἀλλότριος
926 2627 1062 2698 παρά
1090 2626 1177 2681 τὸν
1217 2629 1405 2696 πατέρα
1431 2629 1517 2680 καὶ
1553 2626 1606 2681 τὸ
1636 2626 1778 2697 ἅγιον
1807 2628 1962 2681 αὐτοῦ
1986 2634 2208 2696 πνεῦμα.’
2267 2628 2340 2679 Εἰ

405 2719 572 2769 τοίνυν
597 2713 904 2785 ὥμολόγηται
930 2719 1105 2779 σαφῶς
1130 2711 1288 2781 σάρκα
1315 2711 1467 2766 αὐτόν
1494 2715 1773 2780 εἰληφέναι,
1809 2715 1893 2766 καὶ
1918 2710 2198 2783 ἦδρύνθαι,
2238 2709 2335 2781 ἀρα

407 2799 500 2855 οὐκ
533 2798 673 2862 ἐκτός
701 2806 866 2867 ψυχῆς
894 2798 1116 2869 τυγχάνει
1141 2804 1262 2865 (πᾶν
1290 2797 1382 2867 γάρ
1406 2796 1460 2851 τό
1491 2795 1854 2869 άδρυνόμενον,
1892 2797 2018 2866 πλὴν
2042 2803 2140 2850 τῶν
2166 2795 2334 2864 ἀκινή-

405 2908 528 2951 των,
581 2888 636 2939 έκ
666 2891 833 2953 ψυχῆς
872 2887 957 2938 καὶ
995 2883 1219 2952 σώματος
1256 2885 1564 2955 συνέστηκε),
1614 2883 1739 2937 κατά
1778 2882 1832 2936 τό
1864 2884 2143 2953 εἰρημένον,
2192 2879 2256 2935 ‘O
2280 2881 2334 2934 δὲ

398 2971 594 3038 Ἰησοῦς
623 2972 926 3041 προέκοπτεν
964 2972 1015 3023 ἐν
1056 2973 1210 3042 σοφίᾳ
1254 2970 1338 3022 καὶ
1368 2967 1560 3042 ἡλικία·
1614 2971 1696 3022 ’ἵνα
1739 2972 1871 3042 δείξῃ
1906 2966 1996 3035 τὴν
2027 2965 2222 3035 ἡλικίαν
2250 2965 2335 3020 διὰ

407 3056 492 3125 τήν
518 3056 688 3127 σάρκα.
760 3054 946 3109 Ἡλικία
988 3056 1039 3108 δὲ
1069 3054 1168 3107 ἀπὸ
1201 3060 1289 3122 τῆς
1331 3060 1523 3122 ψυχῆς,
1582 3052 1649 3115 ὥς
1673 3056 1828 3121 ἔφην,
1882 3054 1965 3105 καὶ
2001 3051 2227 3119 σώματος
2260 3073 2335 3105 τε-

405 3148 637 3197 λειοῦται.
714 3140 861 3195 Mero?
888 3142 940 3194 δὲ
962 3139 1015 3193 τό
1049 3142 1225 3203 εἰπεῖν,
1283 3142 1599 3209 Προέκοπτεν
1624 3137 1814 3211 ἡλικίᾳ,
1865 3136 2163 3200 ἀκολούθως
2191 3139 2333 3207 φησὶ,

409 3230 510 3280 Καὶ
537 3230 703 3300 σοφία.
777 3225 831 3279 ‘O
859 3225 928 3279 ὢν
961 3226 1013 3278 δὲ
1046 3229 1199 3292 σοφία
1224 3223 1437 3295 πατρὸς,
1487 3231 1595 3287 πῶς
1635 3225 1936 3294 προέκοπτεν
1971 3225 2023 3276 έν
2062 3226 2243 3296 σοφίᾳ,
2292 3225 2337 3276 εἰ

172 3332 376 3380 pag.1020.
411 3312 663 3383 ἀλλότριον
703 3307 766 3380 ’ἦν
798 3311 852 3365 τό
881 3317 1054 3372 σκεῦος
1090 3317 1181 3363 νοῦ
1207 3311 1559 3380 ἀνθρωπίνους
1609 3311 1693 3363 καὶ
1719 3310 1763 3361 εἰ
1789 3306 1907 3360 ἀνευ
1942 3307 2058 3370 νοὸς
2092 3307 2333 3379 ἐτύγχανε,

407 3405 514 3461 πῶς
544 3401 695 3466 σοφία
725 3401 776 3452 έν
804 3402 942 3470 ψυχῇ
979 3397 1064 3449 καὶ
1095 3395 1282 3463 σώματι
1309 3397 1611 3467 προέκοπτες
1687 3395 1787 3446 Καὶ
1818 3391 1939 3462 ὁρᾶς
1974 3392 2104 3460 πόση
2135 3397 2207 3456 τίς
2236 3395 2335 3448 ἐστι

465 3571 561 3612 CAP.
582 3572 763 3613 XXVII.
795 3593 841 3601 ·-
903 3570 938 3610 1.
968 3568 1143 3619 ἑαυτοῦ,
1171 3571 1343 3620 intelleye
1456 3568 1495 3608 2.
1526 3562 1831 3620 πρωτοπλάστα
1855 3568 1994 3607 vilium
2030 3570 2083 3608 est
2105 3568 2165 3608 ed.
2196 3567 2333 3609 Petav.

409 3625 558 3679 σάρκα.
619 3630 804 3679 Suspicor
844 3632 974 3668 autem
1012 3625 1148 3684 ἐαυτῷ
1180 3638 1258 3667 esse
1286 3637 1347 3667 re·
1410 3626 1538 3666 Coton.
1568 3627 1685 3672 repet.

405 3687 659 3724 scribendum.
