2508 4134
424 323 646 366 PANARH
673 324 774 365 Lm.
807 325 876 364 tn.
906 324 1036 365 ΤοΜ.
1062 325 1113 364 11.
1146 325 1338 365 expos.
1368 324 1474 365 Fu).
1510 324 1744 366 cATHoL.
1924 316 2025 365 517

268 408 805 473 PraetereaChristum
834 438 859 472 e
891 419 1051 472 Maria
1081 438 1274 490 semper
1301 422 1490 490 virgine
1521 439 1692 473 revera
1727 429 1887 473 uatum
1916 439 2025 474 esse
2057 430 2156 484 Cap.
2177 431 2273 471 XV.

130 506 307 569 credit,
361 522 418 555 ac
445 504 604 574 reipsa
644 522 848 574 corpus,
901 523 996 556 non
1029 506 1189 574 specie
1233 507 1470 557 duntaxat
1507 506 1751 568 induisse,
1807 523 2021 572 carnem,

129 590 350 658 inquam,
391 606 659 658 corpusque
683 606 872 652 verum,
914 606 1019 639 cum
1053 589 1243 640 ossibus
1271 607 1326 640 ac
1355 590 1540 651 nerviS,
1582 589 1871 657 reliquisque
1900 607 2024 658 quae

128 673 265 724 nobis
295 673 458 724 insunt
488 673 737 737 omnibus,
791 672 906 723 nihil
933 682 983 723 ut
1010 690 1036 723 3
1068 673 1204 723 nobis
1248 672 1364 740 ipsis
1394 682 1729 741 praeterquam
1762 668 2024 725 excellenti

128 758 325 826 quadam
356 756 628 808 sanctitatis
665 774 721 807 ac
749 756 1010 808 divinitatis
1050 756 1203 824 gloria
1235 757 1504 825 discrepet,
1558 765 1655 807 tum
1688 758 1811 824 quod
1843 758 2022 808 sancti-

127 841 237 892 tatis
262 858 318 891 ac
342 841 553 892 iustitiae
582 858 669 892 vas
695 841 774 892 sit.
827 839 986 891 Habet
1013 849 1170 891 autem
1205 841 1364 891 omnia
1395 840 1742 907 perfectissime
1763 841 1883 891 citra
1910 859 2023 909 pec-

126 933 300 975 catum.
356 921 519 990 Quare
550 925 751 975 humana
776 941 946 975 revera
974 933 1048 976 est
1070 925 1225 974 anima
1253 924 1515 992 praedituS,
1558 924 1855 991 humanaque
1888 942 2021 975 men-

126 1017 201 1072 te,
232 1026 326 1059 non
356 1009 476 1074 quod
509 1018 713 1059 mentem
747 1009 1025 1077 hypostasin
1051 1024 1160 1059 esse
1189 1008 1419 1070 dicamuS,
1450 1016 1501 1058 ut
1521 1008 1870 1059 affirmantalii.
1927 1006 2022 1060 Ce-

126 1101 278 1144 terum
307 1092 431 1143 nulla
464 1092 645 1161 peccati
672 1092 955 1159 contagione
983 1093 1198 1143 foedatus
1229 1100 1333 1156 est,
1375 1109 1612 1159 nunquam
1647 1109 1699 1142 os
1729 1092 1856 1142 illius
1887 1109 2020 1143 men-

125 1177 260 1227 titum
293 1185 384 1240 est,
414 1180 573 1242 Neque
592 1179 713 1226 labia
739 1180 890 1226 dolum
909 1179 1061 1226 locuta
1083 1185 1220 1236 sunt5
1257 1193 1341 1225 cor
1368 1176 1423 1225 ad
1449 1175 1731 1226 irritandum
1762 1177 1900 1226 deum
1922 1195 2019 1228 non
2038 1192 2197 1237 1.Pet.2‚
2217 1193 2271 1228 22.

125 1259 399 1322 declinavit,
442 1278 576 1311 mens
603 1261 659 1310 ad
688 1278 744 1311 ea
772 1276 892 1328 quae
921 1261 1057 1310 nefas
1084 1267 1159 1310 est
1188 1278 1281 1310 non
1310 1260 1526 1323 deflexit,
1568 1277 1682 1310 caro
1707 1260 1822 1310 nihil
1849 1278 2016 1312 eorum

124 1361 244 1412 quae
278 1344 334 1394 ad
368 1345 530 1396 carnis>
555 1344 847 1413 voluptatem
880 1345 1121 1412 pertinent
1146 1343 1354 1407 admisit,
1395 1345 1512 1394 deus
1546 1344 1605 1394 ab
1634 1353 1832 1395 aeterno
1863 1346 2019 1413 perfe-

125 1438 249 1491 ctus,
292 1428 370 1496 qui
396 1446 490 1479 non
522 1437 574 1479 ut
600 1429 646 1479 in
677 1428 866 1479 homine
899 1428 1130 1479 habitaret
1158 1428 1371 1490 advenit,
1414 1429 1497 1478 sed
1527 1429 1724 1480 verbum
1755 1429 1906 1497 ipsum
1934 1429 2018 1480 ho-

122 1512 296 1563 minem
332 1513 514 1576 induit,
556 1530 650 1564 non
682 1522 851 1563 natura
880 1520 1139 1577 mutatum,
1181 1513 1264 1563 sed
1300 1529 1403 1563 eam
1433 1529 1555 1580 quae
1586 1512 1791 1564 hominis
1824 1514 2017 1582 propria

123 1605 198 1647 est
228 1614 332 1648 cum
364 1596 612 1648 divinitate
641 1597 960 1664 complexum.
1038 1595 1092 1647 ln
1123 1596 1323 1664 virginis
1354 1604 1491 1647 utero
1526 1613 1700 1648 revera
1739 1598 1929 1665 genitus
1961 1615 2016 1649 36

121 1698 206 1750 per
235 1680 471 1748 genitales
499 1689 682 1732 meatus
709 1681 756 1731 in
789 1682 941 1732 lucem
966 1681 1150 1743 edituS,
1193 1681 1297 1731 sine
1331 1681 1425 1731 ulla
1453 1680 1770 1749 turpitudine,
1814 1683 2017 1733 foedita-

120 1774 195 1828 te,
239 1765 316 1815 vel
344 1765 469 1815 labe.
545 1763 664 1816 Post
692 1765 810 1815 haec
843 1766 1098 1828 educatuS,
1153 1773 1293 1833 atque
1323 1782 1350 1816 a
1384 1762 1660 1834 Symeoue,
1718 1776 1765 1817 et
1792 1765 1937 1817 Anna
1966 1767 2016 1817 iu

121 1848 244 1900 ulnis
270 1857 485 1916 gestatus
510 1866 536 1899 a
556 1847 715 1900 Maria
742 1858 974 1917 portatus,
1006 1849 1099 1899 iter
1125 1858 1289 1916 postea
1316 1848 1511 1917 pedibus
1538 1851 1763 1914 confecit,
1802 1851 2015 1918 peregri-

121 1942 259 1984 natus
289 1941 391 1997 est,
433 1934 489 1984 ad
522 1933 769 2001 pueritiam
801 1933 1048 2002 pervenit,
1091 1942 1248 1984 aetate
1281 1934 1622 1985 corroboratus
1650 1944 1750 1997 est,
1807 1936 2014 1986 humana

116 2017 164 2067 in
189 2034 241 2068 se
272 2016 429 2067 omnia
459 2018 669 2085 perfecte
701 2017 891 2079 habuit,
948 2035 1180 2068 annorum
1222 2018 1551 2086 mensiumque
1594 2037 1792 2070 numero
1837 2037 2013 2071 census

116 2110 208 2163 est,
249 2101 297 2151 in
327 2101 634 2169 praegnantis
661 2110 797 2152 utero
826 2110 1060 2168 gestatus,
1089 2105 1256 2170 saetas
1286 2122 1310 2151 e
1332 2107 1551 2164 muliere,
1590 2106 1748 2170 factas
1773 2106 1858 2153 sub
1890 2107 2007 2169 lege.

115 2184 301 2236 Deinde
330 2186 388 2235 ad
416 2184 669 2236 Iordanem
705 2187 946 2254 profectus
990 2195 1094 2249 est,
1153 2186 1421 2255 ibidemque
1452 2205 1478 2238 a
1504 2187 1684 2238 Ioanne
1711 2188 2004 2256 baptizatUS,
2045 2203 2130 2239 Gai.
2154 2203 2187 2248 4,
2210 2204 2241 2239 4.

116 2287 219 2320 cum
261 2269 440 2320 lotione
478 2270 596 2320 nihil
638 2288 755 2339 opus
794 2270 1023 2334 haberet,
1078 2271 1161 2321 sed
1192 2281 1241 2321 ut
1269 2289 1326 2322 ea
1355 2289 1475 2339 quae
1515 2281 1767 2340 susceptae
1808 2272 2013 2324 hominis

116 2361 315 2404 naturae
355 2362 679 2404 consentanea
723 2362 833 2405 sunt
861 2364 1109 2419 servaret,
1162 2354 1373 2406 iustitiae
1414 2357 1568 2424 legem
1614 2357 1895 2425 perturbare
1926 2375 2012 2407 no-

114 2437 230 2499 luit,
281 2447 336 2487 at
364 2441 655 2502 impleretur,
687 2439 1077 2506 quemadmodum
1102 2440 1204 2508 ipse
1239 2441 1380 2505 dicit,
1437 2445 1583 2491 omnis
1610 2445 1814 2502 iustitia,
1870 2449 2011 2510 atque

113 2538 278 2572 veram
305 2539 332 2572 a
361 2539 413 2572 se
441 2539 632 2572 carnem
663 2540 921 2590 veramque
947 2524 1150 2575 hominis
1179 2535 1398 2576 naturam
1431 2534 1703 2594 susceptam
1737 2543 1846 2576 esse
1874 2541 2196 2587 mon-Manna,
2212 2541 2262 2577 15.

114 2614 310 2657 straret.
387 2603 541 2672 igitur
567 2607 622 2656 ad
655 2623 803 2673 aquas
852 2608 1128 2672 descendit,
1180 2609 1247 2659 ita
1282 2618 1439 2659 tamen
1477 2619 1528 2660 ut
1558 2612 1799 2660 conferret
1836 2609 2012 2677 aliquid

115 2689 272 2758 potius
303 2707 441 2757 quam
477 2690 747 2758 acciperet,
790 2691 1047 2758 largiretur
1078 2693 1230 2761 magis
1263 2710 1402 2761 quam
1434 2694 1503 2744 rei
1536 2694 1796 2763 cuiuspiam
1829 2693 2013 2762 indige-

113 2782 205 2824 ret.
284 2770 470 2841 Quippe
513 2774 702 2823 easdem
735 2774 839 2824 illas
870 2792 1016 2842 aquas
1051 2794 1137 2827 sua
1165 2778 1272 2827 luce
1304 2778 1632 2841 collustravit,
1685 2788 1733 2828 et
1759 2779 1815 2828 ad
1843 2796 2009 2829 eorum

113 2874 234 2925 quae
263 2857 309 2907 in
345 2874 454 2908 sese
487 2857 773 2925 perficienda
809 2868 976 2922 eraut,
1031 2862 1402 2912 adumbrandam
1437 2861 1722 2929 imaginem,
1776 2863 2009 2929 quandam

111 2942 206 2992 vim
238 2941 331 2992 illis
356 2941 610 3010 impertiit,
665 2949 715 2991 ut
745 2942 823 3009 qui
849 2942 939 3010 ipsi
966 2961 1138 2995 revera
1170 2947 1457 3008 crederent,
1511 2965 1566 2997 ac
1596 2946 1817 2999 veritatis
1845 2955 2010 2996 essent

113 3026 203 3077 fide
231 3025 459 3093 praediti,
512 3026 838 3092 intelligerent
868 3044 962 3076 non
1002 3028 1132 3078 illum
1172 3029 1279 3080 ficte
1322 3030 1573 3081 humanam
1614 3031 1828 3081 induisse
1872 3039 2009 3080 natu-

112 3127 244 3172 ram,
305 3126 458 3177 neque
500 3110 608 3159 ficte
650 3127 757 3159 esse
801 3111 933 3177 aquis
973 3111 1254 3163 intinctum:
1309 3115 1570 3181 eademque
1612 3123 1658 3164 et
1693 3115 1778 3184 ipsi
1820 3114 2008 3165 ratione

112 3211 196 3261 per
236 3210 337 3243 eam
385 3211 522 3261 quam
561 3194 638 3243 ille
691 3211 804 3261 prae
856 3211 908 3244 se
951 3196 1126 3245 tulerat
1174 3198 1658 3249 accommodationem
1699 3199 2005 3260 accedenteS,

110 3277 306 3327 inditam
335 3277 462 3328 illius
495 3278 810 3328 descensione
841 3277 934 3328 vim
963 3279 1010 3328 in
1043 3296 1152 3330 sese
1181 3282 1503 3344 transferant,
1556 3282 1864 3349 eiusdemque
1902 3282 2009 3333 luce

112 3362 477 3428 perfundantur,
512 3380 604 3429 quo
633 3362 959 3430 propheticum
992 3362 1245 3431 impleatur
1273 3366 1544 3428 oraculum,
1583 3370 1666 3416 Ad
1683 3370 2007 3416 immutandam

111 3449 323 3494 virtutem
340 3484 353 3506 ‚
396 3450 818 3511 eonez‘le‘andaquce
844 3450 1037 3495 salutem
1065 3467 1125 3496 eoe
1159 3451 1241 3497 illa
1260 3434 1622 3512 pamsvzrtate,
1666 3468 1781 3515 quae
1812 3452 1870 3499 ab
1896 3455 2007 3500 Hie-

112 3532 310 3578 rusalem
345 3534 598 3595 accipitur,
656 3549 967 3596 aquarumque
998 3535 1057 3579 vi,
1138 3531 1229 3581 Hic
1269 3532 1393 3582 enim
1428 3533 1475 3582 iu
1507 3530 1702 3584 Christo
1744 3534 1880 3602 panis
1908 3535 2007 3586 vir-

110 3619 183 3662 tus
210 3630 265 3662 ac
297 3613 369 3663 vis
398 3631 545 3681 aquae
576 3615 941 3677 corroboratur,
994 3623 1044 3664 ut
1087 3633 1180 3666 non
1221 3616 1355 3683 panis
1398 3616 1498 3684 ipse
1544 3617 1606 3668 sit
1653 3618 1789 3668 nobis
1828 3620 2001 3685 virtus,

109 3696 191 3746 sed
230 3696 383 3747 virtus
420 3714 445 3746 3
482 3715 602 3766 pane
634 3700 875 3767 profecta3
919 3716 973 3749 36
1002 3698 1135 3750 cibus
1170 3700 1357 3768 quidem
1390 3709 1558 3751 noster
1590 3702 1723 3769 panis
1757 3712 1858 3770 est,
1916 3705 2000 3757 sed
