2508 4134
543 301 770 342 PANARu
801 302 905 342 me.
930 302 1003 342 111.
1031 303 1169 342 ΤοΜ.
1192 304 1223 343 1.
1251 303 1414 343 HAER.
1437 303 1637 344 Lxxvr.
1946 293 2045 344 197

135 401 377 464 dicamus,
418 417 540 468 quae
573 400 630 450 ad
666 398 1088 467 contemplationis
1119 398 1434 451 imitationem
1466 401 1691 468 pertinet.
1769 397 1938 468 Quare
1962 401 2046 451 ad-

134 500 306 534 versus
331 482 577 547 Arianos,
631 482 711 551 qui
740 482 815 532 dei
847 482 991 533 filium
1021 490 1235 532 creatum
1272 500 1381 532 esse
1414 493 1605 551 putant,
1657 483 1785 535 iltius
1817 484 2046 550 procede-

131 567 212 618 bat
238 567 382 618 ratio.
457 565 597 619 Unde
640 574 837 636 postea,
898 583 1003 616 cum
1037 565 1096 616 ab
1127 565 1327 616 Arianis
1364 565 1483 634 ipsis
1516 568 1604 618 hoc
1638 578 1713 618 est
1739 567 1969 619 Eudoxio
1999 576 2047 619 et

132 649 443 720 Menophilo,
484 668 542 702 ac
572 650 799 718 reliquiS,
841 648 1179 700 communione
1211 647 1425 717 privatus
1454 659 1613 713 esset,
1654 652 1850 702 eosdem
1880 669 2044 703 coram

131 735 422 802 imperatore
455 735 728 803 redarguit,
783 750 1011 784 asserens
1040 733 1163 784 idem
1195 750 1249 784 se
1277 732 1492 802 profiteri
1519 750 1575 783 ac
1604 735 1787 786 sentire
1817 755 1923 788 cum
1950 738 2044 789 illis

131 819 370 870 omnibus,
448 816 661 882 Verum,
702 819 975 887 inquiebat,
1018 818 1141 885 quod
1168 834 1318 885 penes
1348 834 1422 867 me
1452 834 1618 867 verum
1653 828 1755 881 est,
1795 820 1874 871 isti
1905 821 2045 872 dissi·

129 902 339 965 mulam,
393 910 442 951 et
473 903 596 970 quod
624 920 715 971 ego
752 920 864 970 prae
893 919 967 952 me
1004 903 1137 963 fero,
1193 918 1250 951 ac
1281 900 1430 968 palam
1465 901 1726 964 confiteor,
1776 903 1843 955 itti
1875 922 2044 957 omnes

131 1004 224 1037 non
256 986 542 1049 diffitentur,
599 987 682 1037 sed
722 986 1054 1037 fraudulenter
1095 984 1345 1052 obtegunt.
1424 982 1617 1035 Etenim
1649 986 1728 1052 qui
1768 994 1863 1038 tum
1893 988 2044 1058 impe-

128 1070 294 1133 rabat,
349 1070 407 1120 ab
438 1070 620 1121 Ariana
666 1071 744 1121 illa
789 1069 1034 1138 tragoedia
1075 1086 1372 1137 nequaqnam
1418 1069 1741 1133 abhorrebat,
1792 1071 1956 1123 sedin
1985 1090 2041 1124 ea

130 1155 304 1206 tuenda
347 1154 571 1222 pietatem
602 1172 657 1205 ac
684 1154 968 1221 religionem
1009 1154 1170 1203 inesse
1201 1151 1292 1202 sibi
1325 1160 1654 1220 persuaserat.
1732 1150 1957 1223 ldemque
1989 1157 2042 1207 fi-

127 1238 239 1289 lium
279 1247 549 1289 creaturam
595 1255 704 1289 esse
745 1237 836 1294 dici
876 1237 1125 1288 molestius
1169 1237 1381 1299 ferebat,
1435 1236 1730 1305 proindeque
1769 1237 1965 1290 Ae'tium
1993 1240 2041 1291 in

128 1323 326 1374 exilium
367 1322 574 1390 relegari
615 1322 786 1382 iussit,
829 1332 883 1373 ut,
917 1330 1060 1372 antea
1102 1320 1427 1372 narravimuS.

264 1405 391 1457 Hinc
419 1423 575 1457 novae
606 1407 822 1457 haeresis
852 1406 1108 1475 primordia
1140 1405 1342 1455 conflata
1372 1414 1513 1467 sunt,
1554 1414 1697 1474 atque
1723 1423 1787 1457 ex
1819 1406 1908 1458 hoc
1937 1425 2034 1458 uno
2069 1420 2166 1475 cap.
2195 1422 2261 1463 tv.

125 1499 408 1558 argumento
433 1491 737 1557 multiplicem
771 1492 828 1541 ad
859 1491 1089 1541 malorum
1120 1498 1335 1556 segetem
1380 1489 1609 1540 haeretici
1646 1490 1851 1541 hominis
1881 1491 2042 1543 subla-

125 1585 199 1626 tus
225 1575 412 1625 animus
441 1583 532 1625 tam
563 1574 651 1625 sibi
681 1593 819 1641 quam
847 1573 947 1626 suis
973 1573 1307 1642 gravissimam
1332 1574 1517 1642 plagam
1544 1574 1738 1625 inflixit.
1816 1572 1910 1642 Qui
1937 1576 2041 1644 qui-

123 1661 227 1710 dem
257 1651 443 1709 ⁴omnes
488 1668 667 1709 tantam
709 1660 764 1708 ad
810 1658 1092 1709 caecitatem
1133 1657 1536 1726 insolentiamque
1582 1659 1797 1727 provecti
1842 1669 1955 1710 sunt
1988 1670 2041 1712 ut

122 1745 234 1794 illud
275 1744 420 1810 vulgo
460 1743 722 1804 iactarent,
780 1742 904 1792 Tam
951 1741 1202 1811 perspicue
1243 1743 1380 1793 deum
1423 1742 1565 1802 novi,
1622 1760 1678 1793 ac
1707 1752 1883 1793 tantam
1913 1744 2037 1795 illius

123 1827 340 1878 notitiam
369 1844 473 1877 sum
504 1836 795 1878 consecutus
814 1865 826 1889 ,
886 1835 933 1876 ut
971 1844 1029 1876 ne
1060 1828 1288 1894 meipsum
1318 1827 1506 1893 quidem
1532 1826 1704 1878 melius
1731 1845 1870 1895 quam
1897 1829 2036 1878 deum

121 1911 360 1962 noverim.
453 1909 580 1963 Sunt
623 1920 672 1961 et
713 1910 805 1961 alia
856 1909 1201 1978 quamplurima
1249 1928 1372 1978 quae
1416 1911 1474 1961 de
1518 1911 1687 1961 eod-em
1739 1912 2032 1980 accepimus,

119 1996 513 2064 quemadmodum
544 2012 628 2064 per
652 1994 783 2045 illum
815 1994 1034 2045 diabolus
1065 1994 1292 2045 maiorem
1327 1995 1372 2044 in
1406 1996 1596 2045 modum
1624 1995 1670 2046 id
1700 1995 1854 2062 egerit
1882 2006 1929 2046 ut
1956 2014 2036 2047 ca·

119 2089 273 2149 ptatas
319 2079 559 2130 bominum
601 2079 786 2130 animas
819 2079 866 2129 in
899 2078 1100 2129 exitium
1137 2078 1366 2130 traheret.
1444 2077 1636 2129 Etenim
1667 2080 1793 2131 nulla
1824 2081 1947 2150 apud
1979 2081 2036 2132 il-

118 2166 190 2215 los
217 2181 332 2214 cura
361 2164 760 2227 sanctitatis-est,
802 2171 883 2212 aut
914 2162 1232 2226 ieiuniorum,
1274 2172 1356 2214 aut
1387 2164 1719 2214 mandatorum
1749 2165 1857 2228 dei,
1902 2175 2035 2216 cete·-

119 2266 343 2299 rarumve
388 2266 548 2299 rerum
595 2265 717 2316 quae
761 2246 1035 2298 hominibus
1071 2247 1232 2297 divino
1276 2248 1497 2298 mandato
1531 2248 1856 2317 praescriptae
1898 2259 2030 2301 sunt.

123 2332 286 2400 Atque
313 2333 369 2383 ad
403 2332 562 2383 omnia
602 2332 818 2383 nnumin
853 2339 1070 2401 promptu
1101 2331 1300 2382 verbnm
1331 2331 1425 2382 illis
1454 2341 1547 2383 est.
1625 2330 1679 2383 ln
1708 2350 1802 2400 qno
1834 2334 2033 2402 perinde

120 2416 213 2467 illis
240 2415 423 2466 accedit
452 2434 508 2467 ac
540 2417 785 2484 naviganti
813 2416 986 2485 alicui,
1029 2416 1106 2484 qui
1139 2416 1377 2467 eiectione
1406 2416 1636 2467 mercium
1664 2417 1874 2468 omnium
1908 2419 2032 2469 facta

117 2500 355 2570 quidpiam
392 2517 555 2550 eorum
595 2519 715 2568 quae
743 2500 789 2551 in
821 2518 991 2551 navem
1021 2501 1239 2569 imposita
1272 2510 1384 2551 sunt
1412 2503 1697 2565 retinuerit,
1751 2510 1861 2570 puta
1889 2502 2032 2553 fictile

116 2586 306 2653 aliquod
337 2602 450 2648 vas,
492 2593 572 2635 aut
603 2583 800 2635 alterius
828 2586 1044 2652 generis,
1086 2585 1223 2635 cuius
1258 2584 1498 2653 praesidio
1532 2595 1680 2637 totum
1713 2603 1844 2637 mare
1873 2587 2031 2637 nando

116 2670 370 2732 traiicere,
424 2686 482 2719 ac
514 2670 715 2719 salutem
758 2686 1040 2736 comparare
1081 2669 1170 2720 sibi
1212 2670 1390 2737 possit:
1443 2670 1521 2737 qui
1562 2669 1602 2721 si
1635 2670 1795 2738 aliquo
1825 2672 2031 2722 fortasse

117 2771 230 2804 casu
274 2753 540 2815 exciderit,
599 2769 752 2819 neque
792 2770 857 2803 ex
890 2753 971 2803 illo
1010 2771 1127 2804 vase
1158 2771 1295 2821 quem
1330 2754 1554 2822 sperabat
1583 2754 1766 2805 exitum
1800 2756 2029 2823 consequi

119 2837 355 2907 potuerit,
411 2846 505 2888 tum
539 2854 657 2886 vero
686 2836 904 2887 fluctibus
938 2837 1134 2887 haustus
1165 2846 1313 2888 totum
1345 2838 1433 2888 hoc
1466 2840 1710 2904 negotium
1742 2858 1846 2889 cum
1876 2840 2031 2890 salute

117 2921 462 2991 pessumdabit.
542 2918 624 2971 Sic
655 2921 826 2971 Ae'tius
855 2922 1051 2988 eiusque
1082 2931 1351 2972 sectatores
1383 2923 1621 2972 Anomoei
1655 2925 1777 2989 quod
1807 2927 1851 2973 in
1882 2940 2028 2972 evan-

115 3007 242 3073 gelio
274 3007 511 3056 dictuma
540 3005 733 3055 domino
770 3004 944 3070 legitur
982 3005 1240 3055 afferentes
1276 3006 1320 3055 in
1353 3006 1591 3069 medium,
1648 3006 1808 3057 verbis
1839 3007 2027 3074 quidem

114 3090 231 3159 ipsis
270 3099 496 3151 utuntur,
551 3091 634 3140 sed
677 3106 842 3139 eorum
891 3088 987 3137 vim
1032 3107 1137 3138 cum
1184 3099 1316 3139 recte
1358 3108 1451 3140 non
1490 3091 1785 3158 intelligant,
1840 3091 2027 3158 utrique

115 3175 429 3225 vehementer
475 3175 721 3224 aberrant.
812 3169 934 3223 Cum
974 3172 1098 3222 enim
1141 3190 1404 3224 occurrens
1445 3175 1503 3225 iis
1545 3174 1717 3242 aliquis
1756 3174 2027 3225 divinorum

115 3267 478 3327 praeceptorum
523 3258 812 3309 mentionem
862 3256 1044 3318 inficit,
1103 3274 1167 3307 ex
1207 3257 1334 3308 illins
1382 3259 1670 3309 auctoritate
1712 3258 1822 3308 dicti
1874 3258 2024 3309 subii-

114 3342 264 3404 ciunt,
307 3341 420 3392 nihil
446 3341 571 3393 aliud
596 3360 623 3391 a
653 3342 790 3392 nobis
820 3341 1036 3407 flagitare
1061 3341 1199 3391 deum
1229 3359 1367 3408 quam
1394 3351 1444 3392 ut
1468 3360 1816 3410 cognoscamus
1838 3343 2012 3412 ipsum,

116 3426 509 3494 quemadmodum
546 3423 771 3477 Christus
799 3424 1057 3474 declaravit
1089 3424 1160 3474 bis
1189 3425 1381 3476 verbis:
1433 3431 1506 3475 Da
1535 3430 1673 3491 ejvsz‘s,
1721 3433 1890 3492 pater!
1939 3431 2280 3486 lea-loann.17,³.

120 3512 227 3559 bere
253 3514 300 3559 in
325 3514 490 3575 scepsis
514 3514 651 3559 vitam
671 3531 685 3559 :
741 3513 855 3558 haec
879 3518 951 3557 est
976 3517 1125 3557 autem
1158 3513 1251 3557 vita
1267 3547 1280 3568 ,
1324 3519 1375 3557 ut
1402 3520 1688 3574 cognoscant
1713 3520 1756 3559 te
1778 3514 1926 3561 solum
1954 3531 2028 3562 ve-

170 3622 210 3664 3.
240 3623 390 3674 μᾶλλον
419 3624 571 3662 uncinis
597 3625 749 3662 inclusit
780 3624 982 3663 Pacuvius.
1160 3619 1199 3661 7.
1240 3623 1415 3661 Fortasse
1462 3625 1617 3676 χεῖρας.
1693 3625 2026 3673 Quemadmodum

171 3674 211 3718 4.
242 3680 419 3718 Fortasse
447 3676 520 3719 καὶ
549 3674 609 3725 ὥς
637 3678 796 3725 δεινῶς.
1103 3675 1209 3730 μετὰ
1228 3680 1369 3730 χεῖρας
1393 3674 1613 3732 λαμβάνειν
1639 3681 1740 3720 dixit
1765 3682 1806 3720 in
1830 3682 1935 3722 haer.
1956 3680 2023 3723 06.

174 3735 213 3773 5.
246 3729 376 3786 φόρου
404 3734 478 3775 τοῦ
506 3730 605 3786 ποιῆ
614 3747 690 3780 σας
723 3736 834 3774 codd.
864 3745 955 3773 mss.
1161 3735 1201 3773 ὅ.
1232 3734 1415 3783 Suspicor
1444 3731 1559 3787 ἔφην.

175 3786 214 3829 6.
247 3785 455 3841 νήξασὲαι
483 3791 567 3829 cod.
606 3791 765 3839 Rhediy.
