2508 4134
218 2666 332 2723 Κεφ.
361 2661 413 2711 α’.

233 2775 318 2815 pag.
340 2765 415 2802 887.

460 234 557 285 142
1163 241 1367 285 εΑΝοΤῐ
1394 244 1676 286 EPIPHANss

449 342 534 394 καὶ
563 338 617 393 vd
646 337 787 410 ἅγιον
810 344 1034 406 πνεῦμα,
1081 339 1165 391 καὶ
1194 337 1449 410 ἀλλότριον
1481 340 1770 396 παντάπασι
1797 347 1886 410 τῆς
1920 348 2011 396 τοῦ
2038 351 2165 399 θεοῦ
2196 344 2382 416 οὐσίας,

456 426 583 494 Περὶ
613 422 705 494 γὰρ
740 429 877 477 2τῶν
907 425 1021 494 περὶ
1057 422 1332 489 Εὕδόξιον,
1383 424 1555 490 ἐξότου
1582 425 1637 480 τό
1665 428 1800 490 τέλος
1825 425 2094 496 οΞπείληφεν
2119 433 2328 502 αἰσχρῶς
2351 430 2384 486 ’ό

453 508 700 580 Γεοόργιος
735 506 807 562 ἐπ’
842 508 1238 580 Ἀλεξανδρείας,
1295 511 1380 564 καὶ
1417 509 1478 564 τοὶ
1516 520 1732 581 πρωτεῖα
1770 513 1989 578 ἐδέξατο,
2040 518 2126 568 καὶ
2166 514 2227 568 τοὶ
2264 520 2383 583 φίλα

450 593 576 665 πρὸς
607 591 695 662 τήν
729 593 827 647 κατ’
868 592 1038 662 ἐξοχὴν
1078 588 1231 648 οὖσαν
1266 597 1505 659 ἐξουσίαν.
1581 596 1826 661 Εὕδόξιος
1868 603 1889 634 ³
1911 596 1980 651 ὢν
2008 597 2110 653 ἀπό
2144 605 2241 654 τῶν
2269 602 2382 672 περὶ

443 677 679 733 ‘Tacit-mv
721 681 807 732 καὶ
837 677 1093 748 Εὐνόμιον
1124 682 1260 744 ἔδοξε
1290 680 1382 734 δια’
1416 703 1524 734 τινα
1556 686 1812 747 θωπείαν,
1865 681 1932 746 ὥς
1973 683 2283 755 ἐλεγχόμενος
2321 683 2383 739 ού

447 765 652 817 διέλειπε
679 762 738 817 τοὶ
763 765 850 833 μὲν
878 771 976 818 τῶν
990 764 1269 833 Ἀνομοίων
1291 773 1523 836 φρονῶν,
1561 767 1951 838 ἐπικρυβόμενος
1979 769 2056 835 δὲ,
2096 768 2187 832 οὓς
2212 769 2380 842 ἐξώρι-

449 849 540 903 σάν
560 870 678 903 ποτε
703 848 787 903 διὰ
809 848 901 917 τήν
925 849 1159 919 τοιαύτην
1186 857 1276 904 τοῦ
1304 850 1568 922 βαράθρου
1592 850 1818 922 ἐξήγησιν
1845 852 1996 916 αὐτὸς
2024 856 2093 917 εἰς
2116 854 2380 926 προκοπὴν

449 934 678 1007 ἀγαγών,
735 934 1054 1004 Δημόφιλον,
1103 933 1361 1001 Ὗπάτιον,
1415 934 1670 1005 Εὐνόμιον
1681 979 1695 1002 ,
1745 937 1863 1001 τούς
1902 937 2089 994 Ἀετίου
2129 939 2378 1010 μαθητᾶς,

449 1028 540 1076 τοῦ
570 1022 909 1091 ἐξορισθέντος
949 1022 1069 1074 ποτὲ
1101 1023 1170 1083 εἷς
1196 1020 1257 1075 τοὶ
1298 1027 1386 1075 τοῦ
1426 1020 1624 1092 Ταύρου
1663 1024 1815 1093 μέρη,
1867 1030 1958 1078 τοῦ
1996 1022 2095 1080 fimi
2128 1030 2378 1097 Γεωργίου

447 1113 538 1161 τοῦ
578 1107 930 1176 Ἀλεξανδρέως
967 1108 1357 1168 κατασταθέντος
1402 1106 1710 1172 4διακόνου,
1762 1110 1812 1172 ἐξ
1841 1103 1997 1181 οὗπερ
2038 1107 2073 1178 ἦ
2107 1117 2207 1164 τῶν
2241 1109 2377 1166 Ἀνο-

447 1197 603 1261 μοίων
631 1192 761 1260 ἐφύη
787 1194 916 1262 ῥίζα,
970 1197 1086 1260 μιᾶς
1116 1193 1204 1260 μὲν
1239 1190 1576 1254 ἀκανθώδους
1609 1190 1764 1260 οὔσης
1799 1193 1946 1261 ὕλης,
1995 1197 2080 1248 καὶ
2108 1201 2196 1264 τῆς
2224 1196 2379 1266 αὐτῆς

448 1282 595 1349 ῥίζης.
669 1276 934 1349 Διαφόρης
971 1278 1024 1330 δὲ
1056 1275 1123 1340 ὥς
1152 1278 1234 1330 ἐπὶ
1259 1276 1464 1345 ἑκάστης
1488 1276 1725 1340 ἆκάνθως
1750 1276 1809 1331 τοὶ
1835 1283 2094 1347 σχίσματα,
2132 1280 2264 1335 οὕτω
2293 1284 2377 1336 καὶ

445 1362 480 1436 ἦ
503 1364 692 1419 τούτων
714 1363 983 1428 κακόνοια,
1036 1360 1189 1425 ἄλλως
1215 1360 1404 1427 ὂὶλλοτε,
1452 1364 1539 1416 καὶ
1569 1359 1737 1417 ἄλλοτε
1765 1361 1921 1426 ἄλλως
1950 1362 2012 1417 τοὶ
2042 1365 2377 1437 παρερμηνεύ-

447 1473 575 1520 ματα
609 1457 695 1519 τῆς
729 1448 1009 1511 κακοδόξου
1053 1449 1285 1518 αἱρέσεως
1314 1449 1396 1501 ἐπὶ
1432 1446 1486 1501 τό
1517 1456 1678 1519 χεῖρον
1714 1448 2062 1520 προκόπτοντα
2101 1448 2191 1519 τὴν
2217 1450 2378 1520 λύμην

445 1542 515 1610 τῷ
559 1539 651 1609 βίῳ
693 1533 914 1602 ἐξήμεσε,
965 1534 1051 1586 καὶ
1095 1531 1162 1595 ὥς
1203 1532 1407 1603 ὕστερον
1450 1535 1563 1604 περὶ
1589 1533 1770 1588 τούτου
1810 1539 1902 1589 τοῦ
1925 1523 2192 1605 Ἀνομοίου
2229 1537 2377 1592 πάλιν

449 1623 669 1692 ἐροῦμεν.
749 1619 820 1673 To}
846 1620 899 1672 δὲ
923 1622 1014 1672 νῦν
1042 1620 1134 1681 ἕως
1159 1612 1255 1672 ὧδε
1280 1625 1440 1682 καλῶς
1466 1621 1591 1688 ἔχειν
1612 1623 1911 1688 νομίσαντες,
1947 1623 2033 1675 καὶ
2055 1621 2212 1693 ὥςπερ
2237 1624 2376 1694 ἕρπε-

448 1705 535 1761 τὸν
575 1704 735 1759 δεινόν
768 1703 1156 1775 ἀνατρέψαντες,
1212 1706 1295 1757 καὶ
1334 1703 1703 1775 παρωσάμενοι,
1756 1703 2092 1777 ἄνετρέψαμεν
2129 1709 2239 1776 μὲν,
2288 1710 2374 1762 καὶ

449 1790 754 1860 πατήσαντες
782 1796 1028 1844 τεθνεῶτα
1056 1793 1454 1858 καταλείψωμεν,
1504 1792 1590 1844 καὶ
1615 1795 2018 1862 παρεγκλίναντες
2047 1794 2127 1847 ἐπὶ
2155 1791 2242 1857 τοὶς
2265 1795 2376 1863 ἑξῆς

449 1875 767 1948 ὁρμήσωμεν,
820 1874 943 1930 θεὸν
982 1873 1354 1944 ἐπικαλούμενοι
1396 1879 1649 1945 βοηθῆσαι
1687 1873 1808 1945 ήμῖν
1841 1874 2073 1942 ω”ςαύτως
2100 1881 2169 1942 εἰς
2197 1877 2252 1934 τό
2281 1877 2374 1949 τήν

449 1965 734 2034 ἐπαγγελίαν
770 1968 1037 2033 πληρῶσαι.

825 2427 1061 2486 ΚΑΤΑ
1123 2426 1989 2502 ΠΝΕΥΜΑΤΟΜΑΧΩΝ,

635 2525 979 2604 πεντηκοστὴ
1022 2523 1261 2605 τετάρτη
1275 2571 1289 2599 ,
1334 2523 1372 2600 ἦ
1417 2526 1516 2585 καὶ
1560 2524 1876 2602 ἑπτακοστή
1921 2522 2178 2606 τετάρτη.

578 2649 706 2704 Ἀπὸ
731 2647 921 2703 τούτων
944 2654 1042 2702 τῶν
1059 2646 1346 2716 Ἡμιαρείων
1370 2648 1455 2700 καὶ
1481 2646 1582 2701 ἆπὸ
1606 2647 1902 2718 ὄρθοδόξων
1926 2649 2066 2714 τινὲς,
2104 2645 2173 2711 αἶς
2199 2650 2370 2716 εἰπεῖν,

452 2744 472 2776 ¹
491 2735 735 2807 τεράστιοι
772 2736 1090 2806 γεννηθέντες
1124 2731 1413 2802 ἅνθρωποι,
1463 2736 1660 2800 διφυεῖς
1688 2734 1773 2787 καὶ
1804 2731 2122 2801 ήμίπλαστοι,
2162 2731 2230 2796 οἷς
2253 2732 2372 2798 τούς

447 2820 787 2892 Κενταύρους,
835 2819 869 2888 ἢ
902 2824 1096 2883 Πᾶνας,
1149 2816 1183 2886 ἢ
1210 2823 1476 2887 Σειρῆνας,
1528 2821 1579 2871 οἷ
1607 2815 1984 2890 ἀναγράψαντες
2021 2816 2138 2881 τούς
2172 2819 2373 2888 μύθους

446 2909 777 2975 ἐπανέστησαν
806 2903 938 2974 ἡμῖν.
1019 2906 1086 2957 Οἱ
1110 2903 1196 2971 μὲν
1224 2900 1323 2956 «ind
1349 2900 1538 2971 Ἀρείου
1561 2902 1722 2970 ὅντες,
1760 2906 1844 2958 καὶ
1876 2907 2030 2972 δῆθεν
2056 2901 2141 2957 τόν
2166 2903 2278 2958 υἷὸν
2311 2902 2372 2959 οὗ

443 2995 623 3047 τέλειον
658 2991 850 3046 κτιστὸν
872 2988 1145 3059 ὁριζόμενοι
1157 3029 1171 3053 ,
1225 2986 1323 3041 ἄλλ’
1360 2986 1472 3041 υἷὸν
1510 2987 1727 3059 ἄχρόνως
1756 2990 2091 3059 γεγενημένον.
2168 2988 2370 3060 Χρόνου

445 3079 498 3132 δὲ
525 3081 576 3132 ἐν
607 3075 821 3150 ὖπονοία
845 3078 1038 3146 λέγουσι
1065 3073 1152 3127 τόν
1178 3071 1262 3126 ἀπ’
1295 3073 1514 3144 οὐρανοῦ
1535 3076 1617 3127 καὶ
1646 3078 1811 3144 δεῦρο,
1850 3074 1911 3127 οὐ
1938 3072 2037 3142 μήν
2067 3074 2371 3144 ἀπηλλαγμέ-

444 3186 523 3217 νοι
569 3169 656 3232 τῆς
694 3165 745 3217 ἐν
772 3161 989 3231 πρώτοις
1032 3157 1128 3214 ἆπό
1160 3157 1348 3229 Ἀρείου
1375 3161 1681 3227 ἐξεμεθείσης
1713 3160 1905 3224 λέξεως,
1959 3165 2047 3226 τῆς
2078 3158 2370 3227 φασκούσης

446 3246 571 3301 εἷναί
607 3269 725 3302 ποτε
765 3246 846 3301 ὅτε
885 3246 981 3300 οὐκ
1017 3239 1094 3314 ἦν.
1172 3242 1282 3315 Πρὸ
1312 3242 1502 3314 χρόνων
1538 3245 1591 3297 δὲ
1628 3242 1827 3297 πάντων
1868 3241 2023 3296 αὐτόν
2055 3240 2180 3296 εἶναι
2215 3241 2279 3297 δι’
2305 3236 2370 3297 οὗ

447 3331 506 3386 τοὶ
534 3332 695 3387 πάντα
721 3334 890 3404 γέγονε
915 3333 1130 3402 λέγοντες
1156 3333 1501 3398 βλασφημοῦσι
1528 3328 1585 3383 τό
1611 3334 1803 3396 πνεῦμα
1830 3326 1884 3381 τό
1912 3327 2064 3398 ἅγιον.
2124 3326 2292 3382 ’Ἀλλοι
2315 3328 2369 3383 δὲ

448 3417 595 3484 φύσει
636 3420 721 3471 καὶ
757 3419 870 3488 περὶ
911 3416 996 3471 τόν
1034 3415 1146 3470 υἱὸν
1181 3413 1472 3486 όρθοδόξως
1508 3416 1717 3483 ἔχοντες,
1767 3411 1843 3466 ὅτι
1882 3407 1945 3480 ἦν
1974 3409 2048 3465 ἀεὶ
2080 3410 2172 3466 σύν
2200 3414 2367 3484 πατρὶ,

503 3617 545 3658 ⁴2.
575 3619 657 3661 τῶν
699 3621 916 3660 emendatio
954 3621 1106 3661 Petavii
1146 3622 1212 3659 est.
1269 3619 1378 3659 Libri
1433 3612 1669 3670 Εὐνόμιον,
1716 3611 1833 3663 ἔδοξε
1861 3616 1899 3657 δ.
1924 3627 1959 3655 τ.
1988 3613 2027 3656 5.
2057 3610 2118 3663 ὥς
2142 3611 2367 3671 ἐλεγχόμε-

449 3676 588 3717 habent
616 3672 699 3717 τὸν.
1433 3686 1523 3725 νος,
1554 3668 1601 3714 οὗ
1628 3669 1807 3714 διέλειπε
1831 3674 1914 3710 cett.

503 3731 543 3772 3.
572 3721 641 3773 οὖν
665 3733 857 3782 putabant
882 3734 1095 3773 Carnarius
1126 3736 1161 3772 et
1192 3733 1380 3773 Petavius
1492 3729 1532 3770 4.
1562 3725 1752 3774 διάκονος
1779 3728 1864 3766 cod.
1895 3727 2055 3777 Rhediy.

444 3799 518 3839 pro
559 3780 641 3840 ὢν,
682 3789 754 3828 hac
794 3789 1034 3829 distinctione
1062 3791 1296 3829 verborum:
1324 3810 1380 3818 —
1496 3786 1591 3825 Cn.
1622 3785 1652 3824 1.
1684 3806 1739 3815 —
1800 3784 1833 3823 1.
1865 3778 2074 3836 τεράστιοι
2105 3795 2186 3835 τρο.
2244 3782 2366 3838 τερά-
