2508 4134
557 291 782 333 PANARH
812 291 916 332 Lm.
941 292 1011 331 111.
1039 292 1171 332 ΤοΜ.
1198 293 1230 332 1.
1262 292 1427 332 HAER.
1454 291 1656 332 Lxxm.
1953 280 2051 329 107

150 391 312 455 habet,
354 389 506 454 filius,
548 389 927 440 administrando
956 406 1062 439 cum
1092 398 1226 456 patre
1254 390 1414 440 facere
1442 389 1634 451 dicitur,
1676 406 1770 440 non
1797 388 1921 440 idem
1941 403 2052 438 esse

147 492 253 526 eum
279 474 382 537 illo,
425 482 508 524 aut
532 472 780 543 principali
806 473 945 523 modo
978 474 1159 522 facere.
1236 471 1364 522 Nam
1396 490 1723 542 quaecumque
1752 481 1887 542 pater
1916 471 2047 534 facit,

146 559 311 609 eadem
346 566 394 609 et
423 558 575 621 filius,
629 574 724 607 non
755 557 923 607 eodem
958 565 1116 606 tamen
1147 557 1316 618 modo,
1372 558 1455 607 sed
1501 558 1722 608 similiter
1761 556 1893 608 facit.
1971 554 2051 608 Ex

145 643 218 693 his
245 659 363 695 vero
401 641 623 693 omnibus
652 641 954 710 perspicuum
986 649 1060 691 εει
1091 640 1240 690 filium
1267 640 1312 689 iu
1345 640 1565 690 omnibus
1600 642 1747 709 patris
1777 658 1886 693 esse
1919 640 2052 691 simi·

144 727 257 789 lem,
287 726 683 794 quemadmodum
706 725 828 776 filius
862 724 1008 793 patris
1036 741 1144 775 esse
1173 723 1342 774 similis
1368 723 1528 786 debet,
1570 742 1599 775 a
1631 743 1724 792 quo
1753 725 1944 795 proprie
1978 733 2053 775 est

144 828 200 862 ac
226 810 436 878 legitime
465 810 676 877 genitus.
754 807 872 860 lllud
900 809 1024 860 euim
1059 817 1132 859 est
1161 808 1447 870 absurdum,
1502 808 1644 858 filium
1678 809 1780 871 dei,
1838 808 1916 877 qui
1943 826 2051 860 sae·

145 895 264 945 culis
290 892 510 944 omnibus
546 893 763 944 anterior
794 902 902 956 est,
959 902 1007 943 et
1043 892 1329 943 naturaliter
1363 893 1480 942 deus
1513 910 1539 942 a
1569 894 1657 942 deo
1691 901 1823 960 patre
1858 910 2051 961 proces-

144 979 234 1041 sit,
289 995 394 1028 cum
435 985 629 1046 praeter
668 986 888 1028 naturam
924 994 1059 1027 suam
1094 977 1234 1027 homo
1266 985 1341 1027 est
1373 994 1439 1027 ex
1466 975 1622 1027 Maria
1654 976 1844 1043 virgine
1874 979 2047 1041 factum,

143 1063 191 1113 iu
216 1079 275 1113 eo
305 1061 440 1130 ipso,
494 1061 620 1128 quod
645 1069 840 1129 praeter
868 1070 1087 1112 naturam
1118 1061 1348 1124 habebat,
1402 1061 1691 1112 naturalium
1718 1060 1958 1111 hominum
1987 1062 2051 1111 si-

144 1146 302 1196 milem
331 1145 586 1208 extitisse3
638 1154 831 1213 praeter
861 1154 1081 1197 naturam
1111 1154 1268 1196 autem
1297 1154 1401 1196 erat
1429 1146 1494 1196 illi
1522 1145 1599 1213 qui
1639 1146 1756 1195 deus
1787 1154 1946 1209 esset,
2001 1154 2051 1196 ut

145 1231 285 1281 homo
313 1230 478 1292 fieret,
520 1238 569 1279 at
598 1229 646 1278 in
675 1246 763 1294 eo,
807 1231 929 1297 quod
961 1228 1051 1297 ipsi
1085 1229 1303 1280 naturale
1333 1238 1435 1293 est,
1489 1247 1582 1280 non
1612 1246 1723 1280 esse
1752 1229 1930 1298 patriS,
1973 1228 2051 1296 qui

142 1332 196 1365 se
223 1313 476 1382 genuerit,
517 1314 740 1365 similem.
816 1312 871 1365 Si
901 1314 1025 1364 enim
1056 1312 1105 1363 in
1138 1331 1224 1378 eo,
1266 1314 1390 1382 quod
1422 1323 1613 1382 praeter
1642 1322 1858 1364 naturam
1889 1313 2048 1376 habet,

144 1416 310 1450 eorum
336 1398 505 1448 similis
531 1407 605 1449 est
632 1397 800 1465 quibus
829 1398 942 1449 illud
971 1398 1122 1465 ipsum
1155 1399 1441 1449 naturaliter
1470 1399 1726 1461 convenit,
1770 1398 1917 1448 multo
1950 1415 2052 1447 ma-

142 1484 215 1551 gis
246 1482 293 1532 in
326 1499 413 1546 eo,
468 1483 593 1550 quod
625 1482 841 1533 naturale
870 1491 917 1533 et
941 1481 1137 1533 insitum
1167 1483 1340 1547 habet,
1396 1483 1547 1551 patris
1573 1482 1701 1533 illius
1731 1482 1901 1532 similis
1935 1482 2047 1544 erit,

143 1585 171 1619 a
204 1584 296 1636 quo
341 1566 626 1617 naturaliter
668 1575 742 1617 est
777 1575 824 1617 et
864 1567 1075 1635 legitime
1115 1568 1325 1634 genitus,
1403 1566 1531 1618 Hinc
1572 1566 1734 1634 itaque
1781 1566 2051 1634 colligimus

144 1653 288 1715 illud,
342 1651 467 1719 quod
513 1651 755 1713 diximuS,
810 1651 1012 1702 similem
1055 1652 1103 1701 in
1140 1652 1360 1703 omnibus
1392 1670 1500 1703 esse
1530 1652 1678 1721 patris
1704 1651 1851 1702 filium
1883 1669 1947 1702 ex
1974 1668 2052 1702 sa-

143 1753 334 1788 crorum
363 1734 592 1785 librorum
631 1735 920 1786 auctoritate
955 1735 1255 1804 pronuntiari
1289 1737 1487 1805 insuper
1514 1745 1768 1806 oportere,
1824 1737 2052 1804 quemad-

143 1820 331 1871 modum
375 1818 545 1870 similis
584 1819 827 1870 notionem
869 1819 928 1870 iis
969 1837 1091 1887 quae
1133 1821 1355 1889 proxime
1394 1822 1876 1872 commemoravimus
1913 1821 2052 1872 nobis

141 1904 386 1973 apostolus
415 1903 626 1954 tradidit.
701 1902 896 1954 Etenim
924 1904 1093 1955 similis
1120 1915 1212 1969 est,
1248 1915 1484 1973 quatenus
1510 1907 1609 1957 vita
1639 1922 1704 1956 ex
1732 1907 1850 1969 vita,
1891 1906 2051 1956 lumen

143 1988 411 2052 elumine,
452 2004 598 2040 verus
630 2005 698 2038 ex
724 2005 863 2052 ver0,
908 1998 955 2038 et
984 1990 1223 2057 sapientia
1250 2007 1277 2041 a
1307 1991 1523 2059 sapiente
1555 1989 1790 2059 procedit.
1866 1991 2048 2058 Atque,

141 2081 195 2124 ut
232 2090 330 2123 uno
369 2072 520 2123 verbo
569 2072 750 2136 dicam,
802 2072 971 2123 iisdem
1015 2090 1041 2123 e
1082 2074 1334 2143 scripturis
1384 2083 1573 2126 constat
1617 2093 1712 2126 non
1760 2075 1952 2125 actione
1995 2092 2051 2126 ac

142 2158 390 2208 voluntate
414 2157 567 2208 solum
594 2157 743 2220 itlius,
784 2157 869 2207 sed
898 2159 1161 2209 secundum
1194 2159 1283 2210 hoc
1312 2160 1466 2227 ipsum
1510 2160 1632 2228 quod
1666 2168 1769 2223 est,
1811 2169 1860 2210 et
1896 2158 2052 2210 subsi-

140 2242 252 2305 stit,
305 2250 448 2309 atque
476 2241 672 2304 existit,
727 2240 930 2292 similem
957 2243 1005 2293 in
1035 2244 1255 2294 omnibus
1289 2261 1399 2294 esse
1438 2245 1592 2313 patri,
1648 2245 1726 2313 qui
1767 2262 1820 2296 se
1862 2244 2049 2312 genuit,

140 2326 537 2394 quemadmodum
574 2326 699 2394 patri
737 2324 865 2376 filius
897 2326 1067 2378 similis
1096 2337 1189 2379 est.

281 2408 424 2477 Quod
450 2410 492 2461 si
520 2410 634 2462 novi
662 2410 726 2460 illi
759 2410 988 2462 haeretici
1017 2412 1265 2463 nobiscum
1294 2413 1592 2482 disputantes
1619 2414 1885 2482 ingenitum
1914 2412 2051 2482 geni-
2068 2420 2303 2475 Cap.X1X.

143 2503 335 2562 tumque
364 2493 603 2558 dixerint,
647 2495 718 2545 sic
748 2495 843 2546 illis
871 2514 1213 2548 occurremus:
1257 2497 1481 2566 quoniam
1505 2499 1807 2550 substantiae
1850 2516 2047 2561 nomen,

140 2597 234 2647 quo
264 2588 428 2648 patres
456 2577 530 2629 usi
558 2587 698 2641 suut,
753 2596 810 2630 eo
842 2583 965 2648 quod
997 2582 1045 2631 in
1076 2584 1315 2651 scriptura
1343 2601 1439 2633 non
1468 2592 1634 2647 extat,
1689 2584 1813 2634 mala
1847 2583 1940 2633 fide
1973 2600 2050 2634 re-

140 2664 378 2732 pudiatis,
433 2680 588 2730 neque
630 2680 718 2713 nos
758 2664 958 2732 ingeniti
997 2666 1314 2730 vocabulum,
1368 2678 1589 2735 tanquam
1622 2668 1802 2736 scripto
1834 2687 1930 2719 nou
1962 2685 2050 2719 ex-

139 2765 387 2815 pressum,
427 2747 738 2798 admittimus.
812 2747 938 2798 Nam
972 2749 1299 2820 incorruptum
1328 2752 1548 2820 quidem,
1606 2762 1654 2803 ει
1695 2771 1790 2804 nou
1833 2762 2050 2822 aspecta-

139 2832 313 2895 bilem,
369 2839 419 2881 et
463 2832 779 2881 immortalem
824 2841 968 2883 vocat
1012 2836 1288 2903 apostolus,
1343 2837 1608 2904 ingenitum
1650 2855 1769 2889 vero
1819 2855 2048 2906 nusquam

139 2915 378 2984 scriptura
422 2916 705 2966 nominavit.
782 2917 984 2967 Accedit
1030 2921 1153 2985 quod
1191 2921 1467 2988 ingenituS‚
1521 2922 1587 2972 uti
1626 2921 1866 2987 diximuS,
1929 2940 2048 2972 non-

141 3001 247 3051 dum
274 3001 427 3069 ipsam
458 3001 609 3069 patris
637 3000 881 3051 notionem
913 3001 1183 3069 significat,
1240 3023 1396 3073 neque
1431 3006 1645 3074 genitum
1674 3007 1864 3075 proprie
1896 3007 2046 3056 filium

143 3084 390 3153 exprimit,
419 3086 503 3135 sed
532 3085 590 3135 ad
622 3084 779 3135 onmia
814 3087 1043 3154 producta
1081 3091 1400 3140 communiter
1430 3090 1656 3158 pertinet.
1698 3089 1826 3141 Nam
1858 3091 1935 3157 qui
1964 3107 2047 3157 ge-

139 3167 288 3219 nitum
332 3169 471 3230 dicit,
525 3171 804 3237 productum
848 3170 1068 3238 quiddam
1109 3172 1285 3240 aliquid
1319 3191 1427 3225 esse
1471 3176 1798 3237 demonstrat,
1854 3174 2046 3224 minime

141 3261 299 3303 tamen
354 3253 531 3316 filium,
606 3255 683 3321 qui
736 3255 794 3304 ab
849 3263 1047 3305 aeterno
1104 3257 1360 3323 productus
1413 3259 1741 3325 concipiatur,
1813 3258 2041 3309 ostendit.

142 3334 468 3403 Quamobrem
510 3355 615 3388 cum
657 3340 732 3389 dei
774 3339 923 3389 filium
954 3339 1011 3388 ab
1045 3348 1244 3390 aeterno
1278 3342 1601 3410 intelligamus
1637 3342 1880 3405 existere,
1930 3343 2044 3393 illud

139 3422 293 3489 ipsum
324 3438 496 3472 nomen
529 3433 778 3490 praeterea
813 3441 1109 3490 nequaquam
1137 3424 1456 3489 admittimus3
1498 3426 1719 3493 quoniam
1756 3426 1902 3494 patris
1934 3427 2045 3478 filii-

141 3522 231 3573 que
259 3523 432 3556 nomen
460 3507 517 3557 ad
547 3507 673 3558 aliud
705 3509 923 3575 quiddam
956 3508 1277 3558 habitudinem
1312 3510 1574 3577 significat.
1654 3508 1790 3561 Unde
1821 3511 1934 3563 licet
1962 3530 2044 3581 pa-

197 3673 496 3714 cmXDL-
531 3675 563 3717 1.
581 3674 690 3718 κενοὶ
716 3678 826 3716 codd.
856 3688 944 3716 mss.
963 3680 1064 3715 uter-
1123 3674 1246 3718 δέπου
1273 3679 1331 3717 ed.
1363 3679 1497 3718 Petav.

140 3741 223 3779 que.
1174 3732 1211 3773 3.
1243 3730 1406 3775 οὐδέπω
1444 3736 1557 3775 codd.
1594 3749 1682 3777 mss.
1718 3743 1873 3790 uterque
1910 3742 1946 3779 et
1979 3740 2038 3779 ed.

194 3786 230 3825 2·
262 3781 426 3831 οὐδέπω
451 3789 564 3829 codd.
588 3800 676 3828 mss.
701 3793 734 3827 et
760 3790 807 3828 ed
827 3791 951 3839 princ.
994 3784 1060 3834 ού·
1113 3791 1239 3841 princ.
1299 3785 1474 3835 ούδέπου
1502 3794 1560 3835 ed.
1589 3794 1723 3838 Pelav.
