2508 4134
515 295 615 352 548
1219 304 1422 351 sANcT1
1450 306 1731 358 EPIPHANH

513 409 774 475 δαιμονίας
796 404 887 474 τὴν
918 403 1103 474 ἡδονὴν
1133 406 1482 475 ἐδογμάτισαν,
1518 407 1603 459 καὶ
1633 404 1751 474 μήτε
1773 404 1923 470 θεὸν,
1962 405 2081 475 μήτε
2107 407 2350 479 πρόνοιαν
2377 407 2439 462 τά

513 491 673 545 πάντα
711 494 928 545 διοικεῖν.
1412 487 1415 492 “

304 593 484 647 pag.133.
658 574 1085 645 Σαμαρειτισμὸς,
1138 577 1224 629 καὶ
1264 578 1315 629 οἱ
1359 573 1445 629 ἀπ’
1482 576 1640 629 αὐτοῦ
1680 582 2011 645 Σαμαρεῖται,
2067 577 2124 640 ὅς
2166 580 2292 632 ἐστιν
2333 577 2435 633 ἀπὸ

505 663 857 730 Ἰουδαϊσμοῢ,
907 659 1003 731 πρό
1033 662 1120 729 μὲν
1152 667 1242 714 τοῦ
1271 667 1568 729 καταστῆναι
1595 663 1803 730 αἱρέσεις
1832 660 2197 729 εἰς’Ἕλληνας,
2226 666 2312 717 καὶ
2338 663 2435 735 πρό

511 753 602 801 τοῦ
632 754 865 815 συστῆναι
891 745 1058 799 αὐτῶν
1084 745 1143 800 τά
1171 745 1412 817 δόγματα,
1451 745 1570 814 μετὰ
1597 747 1650 799 δὲ
1675 752 1765 799 τοῦ
1788 744 1914 799 εἶναι
1936 744 2178 815 Ἑλλήνων
2201 747 2291 818 τήν
2311 758 2457 825 θρηχ

511 837 702 898 σκείαν,
752 834 838 885 καὶ
880 833 1110 900 53μέσον
1152 838 1241 886 τοῦ
1276 830 1590 899 Ἰουδαϊσμοῦ
1622 830 1711 899 τὴν
1754 832 2007 902 πρόφασιν
2049 833 2286 901 εἰληφώς,
2337 832 2445 889 ἀπό

511 925 610 971 τῶν
656 917 845 988 χρόνων
887 917 1335 987 Ναβουχοδονόσορ
1388 919 1471 969 καὶ
1519 923 1607 984 τῆς
1655 923 1753 970 τῶν
1799 915 2052 971 Ἰουδαίων
2098 921 2434 987 αἰχμαλωσίας.

511 1005 755 1056 Μέτοικοι
788 1004 841 1056 δὲ
870 1000 1006 1065 ὄντες
1036 1001 1137 1055 ἀπὸ
1164 1001 1434 1072 Ἀσσυρίων
1463 1004 1532 1064 εἰς
1557 1000 1648 1068 τήν
1666 1001 1943 1068 Ἰουδαίαν,
1980 1006 2061 1057 καὶ
2093 1004 2322 1073 λαβόντες
2347 1004 2437 1074 τὴν

512 1088 852 1157 Πεντάτευχον
897 1087 1054 1156 μόνην
1096 1089 1382 1152 Μωῢσέως,
1442 1093 1532 1140 τοῦ
1570 1088 1806 1154 βασιλέως
1849 1088 2022 1151 αὐτοῖς
2065 1088 2436 1153 ἀποστείλαντος

509 1173 609 1227 ἀπὸ
642 1178 941 1242 Βαβυλῶνος
969 1172 1051 1226 δια
1084 1171 1452 1243 ίερέως’Έσδρα
1478 1174 1808 1240 καλουμένου·
1857 1172 1918 1226 τά
1945 1173 2109 1228 πάντα
2134 1177 2324 1244 ἔχοντες
2352 1179 2434 1230 ἰ’σα

504 1258 787 1324 Ἰουδαίων,
838 1258 964 1327 πλὴν
989 1265 1078 1312 τοῦ
1105 1257 1453 1327 βδελύττεσθαι
1479 1257 1537 1310 τά
1564 1260 1717 1326 ἔθνη,
1768 1260 1855 1312 καὶ
1881 1258 2002 1327 μήτε
2029 1261 2338 1331 προςψαύειν
2365 1284 2430 1315 τι·

434 1414 436 1416 ¹
505 1351 630 1410 νῶν,
681 1347 765 1398 καὶ
795 1343 923 1412 πλὴν
949 1350 1035 1397 τοῦ
1065 1343 1327 1414 ἀρνεῖσθαι
1353 1350 1541 1414 νεκρῶν
1567 1342 1859 1410 ἀνάστασιν,
1910 1346 1993 1398 καὶ
2021 1344 2108 1408 τοὶς
2137 1345 2282 1410 ἄλλας
2311 1369 2430 1419 προ-

505 1434 709 1499 φητείας
748 1429 866 1499 μετά
910 1431 1260 1492 54Μωϋσέως.
1336 1435 1657 1500 Σαμαρειτῶν
1687 1432 1813 1498 ἔθνη
1839 1432 2072 1501 τέσσαρα,
2129 1437 2431 1503 ὅθΓοροθη-

503 1517 611 1581 voi,
669 1518 721 1568 οἱ
762 1514 922 1577 ἄλλοις
964 1523 1156 1585 καιροῖς
1191 1514 1278 1577 τοὶς
1324 1513 1493 1585 ἓορτάς
1530 1512 1728 1585 ὄῖγοντες
1767 1515 1904 1586 παρά
1944 1516 2062 1579 τούς
2099 1521 2429 1586 Σεβουαίους·

503 1605 776 1669 Σεβουαῖοι
806 1599 888 1654 διά
914 1599 1003 1668 τήν
1027 1599 1182 1668 αὐτὴν
1210 1603 1371 1654 αἰτίαν
1394 1607 1493 1654 τῶν
1522 1602 1705 1671 ἑορτῶν
1732 1600 1860 1672 πρὸς
1883 1600 1998 1664 τούς
2027 1608 2088 1640 ⁶⁶
2106 1602 2432 1674 Γοροθηνοῦς

502 1685 877 1756 διαφερόμενοι·
934 1685 1189 1754 Ἐσσηνοὶ,
1251 1685 1362 1754 μήδ’
1406 1683 1740 1756 57ὁποτέροις
1791 1686 2179 1756 ἐναντιούμενοι,
2234 1696 2338 1751 τοῖς
2377 1690 2430 1743 δὲ

502 1772 962 1842 παρατυγχάνουσιν
1016 1770 1396 1841 58ἕορτάζοντες
1447 1770 1760 1842 ἀδιαφόρως·
1820 1777 2058 1827 Δοσίθεοι
2109 1782 2213 1837 τοῖς
2260 1773 2431 1838 αὐτοῖς

504 1860 747 1911 59ἔθεσιν
787 1856 864 1920 οἷς
901 1861 983 1912 καὶ
1014 1865 1318 1927 Σαμαρεῖται
1351 1858 1804 1926 ἐμπολιτευόμενοι,
1853 1865 2095 1933 περιτομῇ
2119 1881 2168 1913 τε
2196 1861 2281 1914 καὶ
2311 1864 2429 1929 σαβ-

500 1942 637 2017 βάτῳ
671 1945 755 1997 καὶ
796 1951 899 2006 τοῖς
933 1942 1097 2006 ἄλλοις
1136 1943 1472 2015 60χρεόμενοι,
1521 1950 1582 2017 τῇ
1607 1964 1656 1996 τε
1690 1943 2033 2017 Πεντατεύχῳ,
2085 1944 2428 2016 περισσότερόν

497 2050 548 2081 τε
580 2036 675 2082 τῶν
701 2027 857 2083 ἄλλων
882 2028 1207 2096 φυλάττοντες
1229 2028 1282 2082 τὸ
1310 2029 1581 2098 ἀπέχεσθαι
1605 2028 1857 2098 ἐμψύχων,
1897 2032 1949 2083 ἐν
1972 2034 2210 2097 νηστείαις
2240 2038 2263 2068 ⁶
2281 2036 2295 2066 ¹
2313 2048 2427 2084 συν-

498 2115 725 2182 εχέστατα
754 2118 990 2182 βιοῦντες.
1027 2113 1232 2184 ’Έχουσι
1262 2116 1315 2168 δὲ
1337 2117 1421 2169 καὶ
1447 2117 1721 2186 παρθενίαν
1746 2115 1875 2177 τινὲς
1902 2115 2082 2181 αὐτῶν,
2112 2118 2426 2186 ἐγκρατεύον-

493 2222 576 2254 ται
603 2201 655 2254 δὲ
685 2199 833 2254 ἄλλοι.
911 2200 1211 2255 Πιστεύουσι
1242 2201 1295 2254 δὲ
1320 2207 1509 2272 νεκρῶν
1545 2198 1838 2266 ἀνάστασιν,
1887 2199 2009 2271 ὅπερ
2035 2201 2174 2265 ξένον
2200 2203 2298 2256 ἐστὶ
2326 2208 2426 2256 Σα-

495 2289 759 2357 μαρείταις.

634 2369 887 2425 Ἰουδαίων
920 2373 1127 2442 αἷρὲσεις
1158 2370 1301 2424 ἑπτά·
1354 2377 1684 2440 Γραμματεῖς,
1736 2373 1914 2433 οἵτινες
1951 2373 2144 2440 νομικοὶ
2175 2373 2263 2441 μὲν
2298 2367 2424 2442 ἦσαν

459 2513 462 2515 ,
493 2459 578 2510 καὶ
605 2458 894 2526 δευτερωταὶ
925 2456 1248 2528 παραδόσεων
1274 2463 1371 2509 τῶν
1405 2453 1519 2527 παρ’
1559 2456 1730 2518 αὐτοῖς
1756 2458 2123 2527 πρεσβυτέρων,
2178 2465 2237 2532 τῇ
2266 2479 2424 2530 περιτ-

493 2543 666 2614 τοτὲρα
706 2545 1095 2615 ἐθελοθρησκείᾳ
1138 2544 1235 2610 ἔθη
1274 2539 1626 2607 φυλάττοντες,
1681 2541 1712 2594 ἃ
1746 2542 1807 2595 οὗ
1838 2542 1922 2595 διὰ
1951 2549 2040 2596 τοῦ
2077 2541 2234 2611 νόμου
2273 2565 2420 2612 μεμα-

491 2626 728 2696 θήκασιν,
769 2625 869 2681 ἀλλ’
893 2629 1087 2690 ἑαυτοῖς
1114 2627 1370 2681 ἕτύπωσαν
1395 2626 1673 2696 σεβάσματα
1699 2627 1969 2696 δικαιότητι
1996 2634 2082 2696 τῆς
2108 2632 2418 2698 νομοθεσίας.

639 2804 934 2870 Φαρισαῖοι,
974 2797 1355 2870 ἕρμηνευόμενοι
1378 2797 1760 2870 Ἀφωρισμένοι,
1798 2801 1849 2853 οἱ
1869 2797 1924 2852 τὸ
1952 2797 2223 2869 ἀκρότατον
2251 2803 2420 2868 βιοῦν-

490 2905 594 2950 τες,
646 2886 732 2938 καὶ
775 2888 930 2952 δῆθεν
959 2890 1057 2937 τῶν
1089 2883 1245 2938 ἄλλων
1274 2883 1609 2956 δοκιμώτεροι.
1687 2882 1813 2955 Παρ’
1851 2881 1928 2946 οἷς
1963 2886 2046 2937 καὶ
2087 2891 2275 2955 νεκρῶν
2301 2884 2418 2939 ἀνά-

493 2987 686 3035 στασις,
739 2967 806 3032 ὥς
843 2972 928 3023 καὶ
969 2969 1106 3040 παρά
1137 2978 1241 3033 τοῖς
1273 2977 1643 3042 Γραμματεῦσι,
1696 2972 1779 3023 καὶ
1811 2966 1979 3040 ηπερὶ
2017 2967 2220 3039 ἀγγέλου
2252 2976 2417 3025 62τοῦ

490 3053 770 3123 πνεύματος
811 3051 982 3125 άγίου,
1037 3055 1112 3108 ὅτι
1144 3058 1267 3120 ἔστι,
1318 3053 1706 3126 συγκατάθεσις,
1761 3058 1974 3109 πολιτεία
2002 3057 2131 3107 63τε
2155 3053 2415 3127 διάφορος,

490 3143 742 3211 ἔγκρατεία
783 3142 875 3202 ἕως
910 3140 1116 3210 χρόνου,
1165 3143 1249 3194 καὶ
1282 3145 1556 3211 παρθενία,
1608 3143 1803 3209 νηστεία
1833 3160 1883 3192 τε
1907 3138 1989 3192 διά
2019 3145 2108 3193 τοῦ
2143 3140 2414 3209 σαββάτου,

495 3230 748 3289 64ξεστῶν
773 3228 1107 3296 καθαρισμοὶ,
1145 3228 1229 3279 καὶ
1261 3226 1510 3292 πινάκων,
1549 3228 1633 3280 καὶ
1657 3228 1932 3295 ποτηρίων,
1972 3223 2039 3287 ῶς
2069 3226 2153 3278 καὶ
2177 3229 2229 3279 οἵ
2252 3232 2412 3297 Γραμ-

275 3335 456 3381 pag.134.
491 3320 682 3379 ματεῖς,
719 3310 1090 3374 ἀποδεκάτωσίς
1113 3333 1186 3377 τε,
1226 3314 1308 3365 καὶ
1342 3312 1585 3382 ἀπαρχαὶ,
1622 3314 1708 3365 καὶ
1734 3308 1981 3378 ἐνδελεχὴς
2006 3308 2148 3378 εὐχὴ,
2184 3313 2268 3364 καὶ
2299 3310 2413 3381 σχή-
2504 3300 2508 3379 ξ

488 3419 615 3465 ματα
667 3397 1219 3468 65ἐθελοθρησκευτικἀ
1260 3404 1347 3466 τῆς
1387 3400 1719 3466 ἐνδυμενείας,
1769 3393 1851 3448 διά
1890 3417 1963 3447 τοι
2006 3401 2092 3462 τῆς
2132 3392 2412 3465 ἀμπεχόνης

542 3511 610 3554 53.
651 3515 761 3553 Libri
797 3516 914 3565 vulyo
953 3512 1100 3567 μέρος,
1142 3519 1299 3564 praeter
1332 3516 1422 3554 edit.
1448 3503 1450 3506 ’
1536 3513 1605 3556 57.
1630 3515 1690 3554 Ita
1715 3513 1852 3562 scripsi
1878 3522 1925 3551 ex
1945 3513 2068 3561 Epist.
2090 3513 2144 3552 ad
2167 3514 2280 3554 Aeac.
2313 3515 2408 3554 Coa.

482 3572 608 3619 princ.
642 3582 741 3620 quae
771 3572 882 3610 habet
911 3567 1028 3624 μετὰ.
1091 3573 1234 3611 Vitium
1274 3574 1423 3612 correxi
1476 3573 1553 3611 Ien.
1584 3572 1688 3620 (cum
1724 3579 1889 3608 rasurae
1925 3568 2103 3623 vesliyio)
2144 3573 2178 3609 et
2206 3571 2300 3610 editi
2321 3572 2410 3611 libri

485 3637 533 3665 ex
563 3628 684 3675 Epist.
714 3628 768 3666 ad
797 3630 911 3667 Aeac.
1478 3622 1707 3678 ὁποτέραις.
1766 3625 1860 3664 C'od.
1890 3625 2050 3675 Rhediy.
2082 3622 2304 3679 ὁποτέρως.

543 3681 610 3723 54.
646 3682 838 3736 Μωῦσῆν
866 3686 1017 3723 volebat
1044 3686 1241 3725 Petavius.
1533 3683 1599 3723 58.
1642 3683 1794 3730 Repone
1829 3680 2178 3732 συνεορτάζοντες.
2235 3686 2408 3734 Praepo-

543 3738 608 3777 55.
655 3738 850 3793 γορὲτηνοὶ
893 3742 982 3780 edit.
1017 3743 1140 3791 princ.
1209 3738 1422 3794 γορηὲτινοὶ
1473 3741 1561 3780 sitio
1583 3739 1767 3786 absorpta
1781 3740 1835 3776 est
1857 3739 2010 3786 syllaba
2029 3743 2090 3782 65
2112 3741 2292 3781 vocabuli
2313 3752 2407 3791 pro-

487 3794 569 3831 cod.
599 3795 759 3844 Rhedi9.
1476 3798 1580 3836 xime
1609 3791 1875 3833 antecedentis.

543 3847 609 3889 56.
645 3851 764 3901 Vuzyo
794 3850 1050 3905 Γορὲτηνούς.
1532 3848 1597 3892 59.
1645 3847 1804 3893 ἔθνεσιν
1832 3851 1942 3891 codd.
1972 3863 2063 3893 mss.
2098 3856 2133 3893 et
2161 3853 2249 3893 edit.
2279 3854 2403 3903 princ.
2494 3864 2508 3927 {-
