2508 4134
427 288 529 339 314
1133 298 1338 340 SANCTI
1365 299 1651 340 EPIPHANH

426 392 577 448 πολλοὶ
612 393 672 447 τά
699 391 1073 464 άπαράλλακτα,
1122 393 1241 448 ἄλλά
1268 393 1302 464 ἦ
1327 399 1414 464 μία
1442 395 1581 467 τριάς
1611 398 1664 450 έν
1687 398 1891 465 μονάδι,
1943 397 2028 451 καὶ
2057 397 2145 463 μία
2170 392 2353 462 θεότης

427 483 478 533 έν
501 478 680 550 τριάδι.
762 478 834 532 Τά
874 477 916 532 δ’
948 478 1067 533 ἅλλα
1095 479 1254 534 πάντα
1293 482 1592 550 ἀφέστηκεν,
1641 480 1753 536 οῦτε
1790 483 2142 554 αὐτοματισμῷ
2184 482 2355 549 ἔχοντα

424 563 479 620 τὸ
509 563 736 633 πάσχειν,
785 563 820 633 ἢ
843 572 1026 630 ποιεῖν,
1081 564 1194 619 οὔτε
1230 573 1318 635 τῆς
1354 565 1496 637 άγίας
1537 566 1735 639 τριάδος
1766 571 1819 622 ἐν
1847 575 1915 642 τῷ
1941 592 1985 623 τι
2018 573 2181 622 ποιεῖν
2206 569 2352 619 δυνα·

425 652 575 718 μένης
600 649 830 719 πάσχειν,
881 658 968 720 τῆς
995 650 1110 720 ὅλης
1149 649 1386 714 άπαθοῦς
1411 651 1562 722 οὔσης
1600 655 1684 706 καὶ
1715 660 2086 724 προςκυνητῆς,
2135 653 2263 720 φημὶ
2289 648 2353 719 δὴ

423 735 610 806 πατρὸς
635 739 718 790 καὶ
750 740 864 790 υῐοῦ
903 738 989 790 καὶ
1037 734 1180 807 άγίου
1219 737 1512 805 πνεύματος.
1577 738 1814 807 Ἐποίησε
1841 738 1934 811 γάρ
1973 739 2136 793 πάντα
2176 734 2207 792 ὅ
2230 736 2355 799 θεὸς

424 821 487 877 δι’
511 826 655 888 υἱοῦ,
708 820 806 875 ἄλλ’
832 819 941 891 οὐχὶ
965 821 1053 876 τὸν
1081 821 1206 877 υἱόν.
1278 821 1353 875 Οῦ
1378 822 1469 894 γάρ
1502 825 1602 877 ἔστι
1630 823 1720 877 σῦν
1753 831 1888 878 πᾶσι.
1964 830 2360 894 7Συνυπουργεῖ

423 907 515 980 γάρ
556 914 623 982 τῷ
661 909 838 979 πατρὶ,
886 910 970 961 καὶ
1015 916 1471 980 συμπροςκυνεῖται.
1550 907 1675 962 Οῦτε
1717 907 1772 962 τό
1815 908 1955 980 ἅγιον
1995 914 2198 977 πνεῦμα.
2278 905 2354 963 Οὔ

426 993 519 1066 γάρ
548 991 831 1064 άριθμεῖται
870 991 969 1048 άπὸ
1010 993 1236 1060 πάντων,
1290 1001 1478 1062 στερεοῖ
1516 991 1685 1061 δὲτὴν
1717 993 1927 1062 δύναμιν
1965 1000 2063 1047 τῶν
2102 991 2351 1059 ἁπάντων,

424 1081 510 1135 καὶ
551 1087 1006 1149 συμπροςκυνεῖται.
1088 1084 1198 1132 Τῶν
1235 1080 1288 1133 δὲ
1319 1078 1518 1133 πάντων
1551 1077 1651 1133 ὖπὸ
1682 1079 1770 1148 τήν
1794 1086 1885 1134 τοῦ
1915 1078 2025 1142 ἓνός
2050 1082 2355 1150 προνοησίαν

425 1166 808 1236 ἐπιτεταγμένων
860 1167 1038 1220 ἕκαστα
1089 1167 1287 1235 φέρεταί
1326 1186 1377 1218 τε
1420 1167 1502 1218 καὶ
1545 1164 1773 1235 πράττει,
1829 1164 2002 1234 πάσχει
2033 1165 2088 1219 δὲ
2136 1166 2222 1219 καὶ
2259 1163 2354 1219 ὅσα

423 1254 575 1322 ἕτερα.
650 1249 743 1305 Διό
784 1250 819 1320 ἦ
848 1255 935 1320 μία
972 1249 1111 1322 τριάς
1145 1249 1270 1320 πρὸς
1305 1250 1484 1318 ἑαυτὴν
1526 1248 1921 1322 ἀπαράλλακτος,
1974 1250 2036 1305 τά
2074 1252 2130 1305 δὲ
2159 1248 2276 1304 ἄλλα
2304 1253 2356 1314 ἐξ

423 1335 575 1405 αὐτῆς
600 1341 986 1409 παρηλλαγμένα.
1066 1335 1191 1389 Οὔτε
1217 1335 1309 1407 γάρ
1332 1338 1432 1390 ἔστι
1454 1335 1714 1408 σύγχρονα,
1752 1335 1866 1391 οὔτε
1893 1340 2135 1391 συναΐδια.
2198 1336 2353 1404 Μόνη

425 1422 479 1476 δὲ
506 1422 693 1486 ἀΐδιος,
732 1424 817 1475 καὶ
844 1420 1096 1487 ὅὶκτιστος,
1134 1423 1221 1475 καὶ
1250 1420 1538 1493 ιῖγέννητος,
1576 1426 1693 1476 υἱοῦ
1718 1423 1806 1491 μὲν
1828 1423 2179 1494 γεγεννημένου
2209 1418 2353 1493 άχρό·

423 1530 522 1571 νως
546 1509 630 1562 καὶ
660 1506 909 1578 ἆνάρχως,
950 1506 1026 1561 ἀεὶ
1058 1508 1110 1561 δὲ
1136 1506 1303 1574 ὄντος,
1351 1510 1433 1561 καὶ
1465 1510 1708 1576 μηδέποτε
1739 1511 2072 1571 διαλείποντος
2095 1513 2184 1562 τοῦ
2213 1504 2352 1561 εἶναι.

407 1592 570 1647 ’Όθεν
607 1592 983 1662 ἥσφαλισμένως
1028 1592 1306 1662 8κεφαλήν,
1360 1596 1445 1647 καὶ
1482 1592 1572 1647 οὐκ
1603 1592 1758 1664 ἀρχὴν
1796 1593 1883 1648 τὸν
1909 1595 2096 1665 πατέρα
2122 1599 2214 1648 τοῦ
2238 1595 2355 1647 υἱοῦ

423 1681 641 1742 ἐδίδαξεν
688 1677 717 1733 ὁ
756 1687 897 1742 θεῖος
942 1678 1110 1750 λόγος,
1169 1678 1252 1733 διά
1291 1677 1345 1733 τό
1384 1677 1681 1747 ὁμοούσιον,
1732 1681 1818 1733 καὶ
1859 1679 2038 1742 άῖδίως
2082 1677 2227 1742 ὄντος
2264 1684 2356 1732 τοῦ

221 1790 304 1825 pag.
324 1780 399 1815 985.
425 1764 704 1833 πνεύματος
734 1771 824 1819 τοῦ
853 1763 1025 1835 άγίου,
1079 1766 1161 1818 καὶ
1189 1767 1242 1818 ἐκ
1268 1763 1456 1833 πατρός
1483 1763 1865 1834 άπεσταλμένου,
1903 1765 1981 1819 ἀεὶ
2007 1765 2061 1819 δὲ
2086 1763 2178 1819 σῦν
2204 1765 2354 1835 πατρὶ

423 1848 733 1922 ὑπάρχοντος
745 1894 758 1916 ,
797 1852 882 1904 καὶ
919 1849 987 1919 μή
1025 1849 1123 1904 άπὸ
1161 1850 1344 1922 χρόνου
1382 1851 1672 1922 ἀρξαμένου.

562 2279 746 2335 Ἀετίου
773 2279 946 2348 κεφάλ.
975 2281 1058 2343 λς’.
1132 2282 1203 2332 Εἰ
1225 2278 1278 2333 τὸ
1310 2277 1572 2350 άγέννητος
1608 2279 1692 2332 καὶ
1719 2277 1774 2332 τό
1804 2276 1926 2340 θεὸς
1954 2279 2008 2332 ἐκ
2040 2278 2354 2348 παραλλήλου

422 2365 476 2421 vd
516 2365 635 2421 αὐτὸ
676 2371 844 2434 δηλοῖ,
904 2364 969 2420 Ῑὸ
992 2365 1255 2436 άγέννητος
1293 2361 1561 2434 άγέννητον
1601 2366 1866 2435 ἐγέννησεν.
1938 2365 2010 2416 Εἰ
2037 2364 2091 2417 δὲ
2118 2362 2284 2436 ἕτερόν
2308 2385 2355 2417 τι

425 2456 568 2520 δηλοῖ
596 2451 650 2506 τὸ
679 2450 974 2522 άγέννητον,
1028 2454 1192 2521 ἕτερον
1218 2449 1347 2504 δὲτὸ
1383 2449 1531 2515 θεός,
1585 2448 1677 2504 οὐκ
1713 2448 1898 2504 ἄτοπον
1937 2454 2051 2521 2τῷ
2083 2454 2188 2522 θεῷ
2229 2448 2355 2503 θεὸν

424 2539 784 2608 γεγεννηκέναι,
838 2537 1070 2606 ἑκατέρου
1113 2534 1203 2604 τὴν
1241 2535 1451 2607 ὕπαρξιν
1494 2535 1735 2605 λαβόντος
1775 2537 1824 2599 ἐξ
1860 2531 2132 2605 άγεννήτου
2168 2532 2352 2596 οὐσίας.

424 2625 496 2675 Εἰ
517 2624 570 2676 δὲ
599 2621 692 2676 3τό
725 2620 822 2691 πρὸ
860 2628 951 2675 τοῦ
982 2628 1109 2675 θεοῦ
1147 2623 1302 2690 μηδὲν
1338 2625 1439 2689 εἴη,
1493 2621 1650 2691 ὥςπερ
1686 2620 1778 2674 οὐκ
1812 2623 2009 2685 4ἔστιν,
2066 2617 2095 2673 ὅ
2122 2618 2243 2682 θεός
2269 2621 2356 2673 καὶ

424 2706 479 2762 τό
510 2708 776 2778 ἀγέννητον
806 2705 987 2761 ταῦτὸν
1029 2712 1194 2775 δηλοῖ,
1245 2706 1305 2761 οὔ
1335 2709 1659 2779 προςιεμένου
1688 2713 1775 2761 τοῦ
1804 2705 2103 2778 γεννήματος
2130 2704 2185 2758 τὸ
2212 2705 2351 2775 ἆγέν·

423 2815 587 2862 νητον.
666 2792 759 2847 Διὸ
788 2791 900 2847 οὔτε
936 2799 959 2830 ⁶
979 2801 1408 2859 συνεκφωνεῖσθαι
1431 2800 1500 2867 τῷ
1522 2799 1630 2867 θεῷ
1658 2795 1741 2847 καὶ
1764 2794 1913 2864 πατρὶ
1941 2789 2097 2845 αὐτοῦ
2122 2788 2352 2859 άνέχεται.

558 2967 753 3035 Ἀνατρ.
798 2965 973 3019 Πόθεν
1009 2963 1234 3032 βούλεται
1260 2962 1393 3033 ἡμᾶς
1419 2962 1600 3026 Ἀέτιος
1626 2966 2060 3035 προςπορίσασθαι
2086 2963 2138 3015 ἓν
2161 2962 2356 3024 ἑαυτοῖς

425 3051 511 3107 τὸν
537 3059 659 3106 νοῦν
684 3058 782 3104 ταῖν
805 3049 888 3103 ’ὑπ’
917 3052 1073 3104 αὐτοῦ
1096 3052 1487 3120 προτεινομένων
1507 3049 1759 3103 πνεύσεων
1781 3055 1878 3102 τῶν
1902 3047 2059 3100 αὐτοῦ
2086 3053 2328 3117 λογισμῶν
2337 3069 2352 3111 3

427 3141 528 3192 Καὶ
559 3141 603 3191 εἰ
630 3138 716 3206 μὲν
755 3136 936 3202 φάσκει
964 3138 1018 3189 ἐκ
1044 3142 1290 3206 λογισμῶν
1323 3138 1407 3189 καὶ
1446 3141 1804 3206 συλλογισμῶν,
1854 3140 2067 3185 πεσεῖται
2101 3133 2187 3184 καὶ
2211 3129 2356 3200 ἡμῶν

427 3223 456 3279 ὅ
484 3221 730 3294 πορισμὸς
771 3228 858 3289 τῆς
899 3219 1140 3284 ὑπονοίας
1176 3221 1279 3290 ἅμα
1310 3222 1457 3295 αὐτῷ.
1536 3220 1662 3274 Θεὸν
1695 3219 1786 3291 γάρ
1826 3218 1991 3280 οὐδεὶς
2024 3220 2355 3288 συλλογίσοιτο

426 3309 652 3373 πώποτε,
708 3307 822 3362 οὔτε
866 3309 969 3377 ἐρεῖ
992 3306 1046 3360 τὸ
1078 3306 1275 3375 πλάσμα
1302 3313 1369 3380 τῷ
1404 3307 1663 3371 πλάσαντι,
1724 3308 1781 3357 Τί
1809 3325 1868 3371 με
1897 3302 2054 3365 οῦτως
2095 3305 2353 3370 ἐποίησας,·

426 3394 549 3449 κατά
579 3395 634 3448 τὸ
674 3395 1021 3464 γεγραμμένον.
1092 3391 1172 3456 Ἐξ
1214 3393 1447 3461 εὐσεβοῦς
1488 3392 1539 3444 δὲ
1567 3395 1803 3461 λογισμοῦ
1837 3390 1923 3441 καὶ
1967 3392 2161 3451 δικαίας
2198 3386 2355 3452 άσφα-

428 3485 557 3543 λείας
585 3482 667 3534 ἐπὶ
689 3479 779 3545 τὴν
806 3485 894 3532 τοῦ
921 3476 1063 3548 άγίου
1091 3478 1370 3545 πνεύματος
1396 3475 1479 3532 διά
1506 3483 1602 3530 τῶν
1630 3473 1781 3545 άγίων
1805 3481 2013 3544 γραφῶν
2042 3476 2356 3528 διδασκαλίαν

431 3566 789 3632 ἆνακαμπτέον.
864 3566 1060 3626 Λέξεως
1090 3564 1141 3616 δὲ
1167 3561 1493 3632 άπαραβάτου
1519 3559 1847 3627 διδασκούσης
1871 3558 2004 3629 ἡμᾶς
2034 3561 2146 3629 περὶ
2169 3565 2270 3611 τῶν
2295 3563 2355 3630 τῇ

484 3668 522 3711 7.
554 3670 661 3709 Εάίιι·
687 3671 804 3720 vulgo
833 3670 1012 3708 mendose
1042 3665 1327 3721 συνηποῦργει.
1486 3667 1520 3706 1.
1551 3666 1684 3714 Supra
1712 3660 1930 3716 ἀγέννητον
1958 3659 2193 3716 οἷγέννητος.

954 3720 996 3766 λ*
1484 3721 1523 3762 2.
1555 3718 1603 3763 δὲ
1626 3722 1820 3770 particula
1835 3749 1847 3769 ,
1877 3732 1975 3771 quae
1998 3722 2035 3760 h.
2065 3723 2090 3760 l.
2112 3722 2153 3759 in
2175 3721 2258 3760 sola
2281 3722 2355 3760 Pe-

487 3765 527 3808 8·
573 3764 761 3821 κεφαλήν
802 3767 938 3830 (κῑῼα
1021 3768 1106 3806 ⁶⁰d·
1131 3765 1227 3817 1⁶²²)
1257 3767 1369 3806 ⁰⁰dd·
1427 3780 1524 3819 tavii
1551 3778 1736 3824 editione,
1763 3781 1804 3816 ut
1825 3789 1948 3826 supra
1973 3780 2011 3817 in
2036 3778 2212 3816 omnibus
2234 3778 2356 3825 libris,

431 3849 521 3879 mss.
551 3841 706 3891 uterque
736 3842 768 3880 et
797 3840 887 3878 edit.
918 3840 1053 3881 Petav.
1086 3833 1325 3893 κεφάλαιον.
1422 3839 1511 3876 ante
1547 3834 1607 3889 τῷ
1643 3833 1731 3888 5εῷ
1766 3835 1910 3873 inserta
1950 3836 2115 3886 ἱερέων,
2162 3835 2266 3873 abest
2303 3835 2352 3872 ab
