2508 4134
561 297 786 341 PANARn
816 298 920 340 Lm.
950 300 1022 340 [ιι.
1051 301 1185 341 ΤοΜ.
1210 302 1241 342 1.
1269 301 1435 343 HAER.
1464 301 1643 342 Lxxn.
1986 292 2052 341 67

151 395 335 448 Eodem
365 394 507 445 etiam
553 395 856 447 anathemate
895 398 1268 449 condemnamus
1311 400 1418 450 illos
1446 399 1522 467 qui
1554 399 1696 449 lilium
1727 397 1877 467 patris
1909 397 2055 449 colla-

149 480 409 542 tationem,
449 487 531 529 aut
566 480 978 543 contractionem,
1019 489 1101 532 aut
1127 482 1363 532 actionem
1398 500 1509 533 esse
1539 483 1730 546 dicunt,
1780 481 1954 551 quique
1986 481 2055 531 di-

150 564 311 617 vinum
340 567 537 618 verbum
569 567 739 635 deique
771 565 914 616 filium
948 582 1043 615 non
1077 564 1298 615 omnibus
1326 567 1533 616 saeculis
1567 566 1796 634 priorem,
1837 566 2055 634 patrique

149 658 505 714 coaeternum,
544 668 599 702 ac
627 649 1000 711 subsistentem,
1055 649 1317 717 perfectum
1349 648 1554 716 denique
1595 650 1768 714 filium,
1820 668 1877 701 ac
1915 650 2055 701 deum

149 750 258 784 esse
296 735 605 785 confitentur.

292 816 347 869 Si
374 820 478 886 quis
512 818 714 869 eundem
743 825 926 886 patrem
958 825 1007 867 et
1034 816 1177 867 lilium
1210 825 1258 866 et
1288 816 1507 885 spiritum
1533 826 1750 868 sanctum
1780 835 1890 868 esse
1921 818 2052 881 dicit,
2078 823 2291 878 Cap.X11.

149 901 400 953 anathema
427 903 507 953 sit.
564 900 620 954 Si
647 901 753 970 quis
782 901 968 951 initium
993 908 1076 950 aut
1105 901 1245 950 finem
1276 901 1349 950 dci
1378 899 1472 950 filio
1501 918 1556 951 ac
1586 901 1754 964 verbo,
1796 902 1874 951 vel
1904 919 2055 970 regno

147 987 295 1054 ipsius
322 986 580 1049 adscribit,
621 985 874 1036 anathema
902 983 983 1036 sit.
1060 982 1113 1035 Si
1147 982 1253 1051 quis
1292 984 1437 1034 filium
1472 984 1545 1034 vel
1585 984 1803 1052 spiritum
1836 995 2056 1036 sanctum

148 1079 330 1138 partem
358 1087 468 1121 esse
497 1070 644 1137 patris
676 1069 878 1132 asserit,
932 1086 1089 1136 neque
1118 1068 1262 1119 filium
1299 1068 1374 1118 dei
1409 1085 1471 1118 ex
1501 1068 1649 1136 patris
1679 1069 1888 1119 essentia
1925 1071 2055 1138 prius

149 1153 277 1206 omni
303 1153 594 1222 cogitatione
619 1152 831 1221 gen-itum
865 1154 1070 1215 fatetur,
1125 1153 1377 1202 anathema
1410 1152 1492 1202 sit.
1570 1150 1713 1220 Quod
1745 1170 1863 1204 vero
1899 1154 1954 1204 ad
1985 1154 2055 1204 in-

148 1238 476 1289 carnationem
517 1238 665 1289 divini
703 1237 840 1287 verbi
882 1246 928 1287 ct
966 1236 1200 1304 unigeniti
1243 1237 1317 1287 dei
1364 1236 1442 1286 lilii
1481 1237 1717 1304 pertinet,
1774 1237 2058 1288 confitemur

150 1322 298 1373 filium
336 1322 467 1373 illum
494 1339 605 1374 esse
635 1322 713 1374 dei
752 1321 1086 1388 hominemque
1124 1322 1298 1379 factum
1328 1320 1433 1372 sine
1465 1331 1693 1389 peccato,
1745 1332 2057 1389 posteaquam

150 1406 389 1474 integ-ram
420 1405 626 1457 hominis
656 1415 872 1456 naturam
901 1405 1189 1474 assumpsit,
1231 1404 1321 1456 hoc
1351 1413 1424 1455 est
1452 1405 1638 1456 ratione
1669 1415 1718 1456 et
1741 1405 2060 1472 intelligentia

149 1490 411 1560 praeditam
440 1490 1019 1557 auimamvhumanamquc
1062 1506 1276 1540 carnem.
1354 1485 1612 1541 Credimus
1653 1490 1699 1540 in
1738 1508 1882 1541 unum
1917 1491 2056 1540 deum

151 1584 332 1644 patrem
359 1574 755 1643 omnipotentem,
787 1575 998 1624 omnium
1024 1573 1281 1624 visibilium
1305 1573 1712 1642 invisibiliumque
1735 1575 2054 1638 conditorem,

151 1667 200 1710 ct
232 1659 278 1708 in
309 1676 452 1709 unum
487 1659 728 1709 dominum
762 1655 922 1708 Iesum
951 1655 1197 1709 Christum
1228 1657 1371 1708 lilium
1409 1658 1513 1721 dei,
1555 1659 1768 1726 genitum
1799 1676 1863 1709 ex
1900 1666 2055 1726 patre,

150 1741 479 1810 unigenitum,
521 1742 610 1793 hoc
639 1750 713 1793 cst
740 1742 799 1793 ab
827 1742 1041 1793 essentia
1075 1743 1254 1810 patris,
1296 1743 1432 1792 deum
1463 1743 1520 1793 de
1553 1743 1673 1807 deo,
1716 1743 1964 1793 lumensde
1990 1742 2059 1793 lu·

148 1827 306 1890 mine,
348 1827 488 1877 deum
516 1843 684 1876 verum
714 1826 771 1876 de
798 1827 888 1877 deo
918 1844 1058 1888 vero,
1099 1826 1335 1894 genitum,
1378 1827 1698 1891 non'factum‚
1741 1827 2060 1878 consubstan-

149 1910 310 1961 tialem
342 1911 492 1979 patri,
534 1928 621 1979 per
650 1927 788 1978 quem
824 1910 982 1960 omnia
1017 1911 1138 1960 facta
1178 1918 1290 1961 sunt
1325 1928 1448 1978 quae
1478 1910 1524 1960 in
1557 1911 1723 1974 coelo,
1764 1928 1983 1979 quaeque
2011 1911 2058 1961 in

149 2003 278 2045 terra
306 2003 434 2046 suut.
512 1993 608 2062 Qui
648 2002 843 2062 propter
873 2012 961 2045 uos
991 1994 1241 2058 homines,
1297 2003 1346 2044 et
1385 2002 1581 2063 propter
1613 2003 1823 2045 nostram
1853 1996 2056 2046 sulutem

151 2078 425 2140 descendit,
467 2087 515 2128 et
539 2078 817 2129 incarnatus
848 2087 949 2141 est,
1004 2086 1053 2128 ct
1080 2078 1221 2128 homo
1252 2079 1432 2141 suctim,
1485 2088 1533 2128 ct
1565 2096 1736 2146 passus
1766 2088 1865 2143 est,
1906 2088 1954 2130 et
1983 2096 2059 2130 rc-

150 2163 366 2214 surrexit
397 2161 536 2212 tertia
562 2162 667 2226 die,
709 2162 927 2214 ascendit
954 2163 1001 2212 in
1029 2162 1246 2226 coelum,
1288 2171 1336 2213 et
1370 2171 1605 2213 venturus
1642 2171 1717 2213 est
1746 2162 1958 2214 iudicare
1989 2163 2059 2215 vi·-

151 2263 239 2297 vos
272 2254 321 2297 et
349 2256 595 2298 mortuos:
663 2255 712 2298 et
751 2246 799 2297 in
841 2247 1059 2314 spiritum
1094 2255 1333 2297 sanctum.
1409 2245 1511 2298 Eos
1553 2255 1711 2298 autem
1751 2247 1829 2314 qui
1874 2248 2056 2312 dicunt,

150 2327 265 2381 Fuit.
287 2331 540 2399 aliquando
571 2349 676 2382 cum
710 2349 803 2381 nou
839 2339 973 2394 erat,
1013 2339 1062 2382 et
1090 2339 1343 2399 autequam
1374 2332 1660 2399 gigneretur
1687 2349 1782 2382 nou
1812 2341 1937 2396 erat,
1978 2322 2065 2383 aut

152 2431 178 2466 e
206 2414 374 2478 nihilo,
416 2415 521 2467 sive
556 2433 619 2466 ex
653 2416 805 2466 altera
837 2433 1074 2485 persona,
1115 2424 1197 2466 aut
1225 2416 1436 2467 essentia
1470 2416 1633 2466 dicunt
1661 2415 1913 2480 extitisse,
1954 2416 2059 2467 sive

152 2499 370 2550 converti
401 2499 666 2567 mutarique
693 2517 835 2569 posse
863 2500 936 2549 dei
964 2499 1106 2550 [ilium
1136 2501 1394 2563 affirmant,
1427 2499 1513 2550 hos
1541 2500 1843 2551 anathemate
1869 2501 2062 2551 damnat

151 2583 388 2635 catholica
416 2593 464 2634 et
489 2585 750 2652 apostolica
776 2583 1001 2635 ecclesia.
1083 2583 1188 2651 Ego
1218 2582 1452 2635 Photinus
1482 2585 1738 2654 presbyter
1765 2584 2059 2653 Ancyrauae

153 2669 390 2720 ccclesiae
427 2667 494 2718 ita
533 2669 678 2718 credo
717 2678 764 2719 et
800 2668 957 2719 sentio
1014 2678 1064 2718 ut
1101 2668 1175 2719 hic
1225 2667 1454 2736 scriptum
1505 2678 1597 2721 cst.
1693 2667 1801 2736 Ego
1840 2667 2059 2737 Sigerius

151 2753 408 2822 presbyter
448 2753 661 2803 eiusdem
707 2752 942 2804 ecclesiae
984 2753 1050 2804 ita
1077 2753 1222 2804 credo
1250 2762 1298 2803 et
1326 2752 1484 2803 sentio
1516 2761 1566 2803 ut
1599 2753 1673 2803 hic
1702 2754 1929 2820 scriptum
1964 2761 2056 2803 cst.

151 2835 260 2904 Ego
291 2835 511 2906 Hyginus
552 2837 782 2887 diaconus
814 2837 1027 2887 eiusdem
1067 2837 1304 2888 ecclcsiae
1349 2837 1412 2887 ita
1442 2838 1587 2887 credo
1629 2845 1677 2887 et
1715 2837 1873 2887 sentio
1903 2845 1953 2886 ut
1986 2836 2061 2886 hic

150 2922 379 2989 scriptum
420 2930 513 2972 cst.
606 2919 715 2988 Ego
761 2919 1044 2972 Heraclides
1083 2921 1406 2972 subdiaconus
1452 2921 1666 2971 eiusdem
1709 2921 1948 2972 ecclesiae
1997 2920 2060 2970 ita

153 3007 299 3055 credo
345 3014 392 3055 et
427 3005 584 3056 sentio
614 3014 667 3056 ut
706 3004 781 3054 hic
806 3005 1034 3072 scriptum
1074 3014 1167 3056 est.
1247 3004 1353 3072 Ego
1390 3003 1607 3072 Elpidius
1651 3005 1804 3055 lector
1845 3005 2058 3055 eiusdem

153 3089 389 3140 ecclesiae
421 3089 484 3139 ita
517 3089 661 3139 credo
694 3098 741 3139 et
773 3089 930 3139 sentio
964 3097 1015 3139 ut
1049 3089 1122 3138 hic
1146 3090 1373 3158 scriptum
1405 3098 1496 3140 est.
1574 3087 1682 3156 Ego
1711 3085 1949 3156 Cyriacus
1979 3089 2061 3138 de-

155 3174 321 3224 fensor
357 3173 571 3224 eiusdem
604 3173 843 3224 ecclesiae
879 3172 945 3223 ita
984 3173 1129 3223 credo
1167 3182 1213 3224 et
1251 3173 1409 3224 sentio
1449 3173 1516 3223 uti
1553 3172 1628 3223 hic
1658 3173 1887 3241 scriptum
1927 3180 2020 3223 est.

295 3424 430 3479 Haec
459 3435 570 3479 sunt
602 3445 723 3496 quac
755 3429 811 3479 ad
842 3429 1152 3479 confessores
1183 3435 1231 3477 et
1264 3436 1424 3495 patres
1455 3425 1520 3475 illi
1550 3423 1866 3492 scripserunt.
1919 3420 2059 3490 Quae

155 3510 271 3562 siin
298 3512 575 3563 melioribus
608 3529 716 3563 esse
749 3513 1045 3563 numeranda
1090 3511 1413 3578 intelligentes
1457 3507 1803 3572 iudicaverint,
1856 3525 1944 3576 per
1981 3523 2059 3558 me

210 3692 250 3734 2.
280 3693 536 3748 καθολικῆς,
580 3698 683 3746 quod
711 3699 892 3736 omissum
921 3698 962 3734 in
990 3695 1071 3734 edi·
1133 3694 1303 3742 sequitur
1328 3696 1413 3741 post
1438 3693 1751 3741 subscriptionem
1781 3692 1959 3739 cyriaci,
1989 3690 2062 3729 hac

156 3751 228 3799 tis,
259 3752 407 3790 restitui
434 3762 480 3790 ex
508 3752 619 3791 codd.
649 3764 738 3791 mss.
770 3757 938 3801 utroque.
1134 3752 1346 3798 scripturae
1371 3750 1576 3798 varietate,
1606 3748 1708 3798 quod
1735 3743 1924 3800 ὁμολογῶ
1951 3747 2062 3785 habet

213 3806 251 3845 3.
280 3807 321 3845 ln
360 3807 443 3847 cod.
478 3808 634 3859 Rhediy.
676 3810 902 3857 subscriptio
936 3806 1085 3856 Elpidii
1138 3816 1209 3854 pro
1240 3803 1390 3855 φρονῶ.
1643 3865 1671 3911 5
1701 3856 1723 3881 *
