<?xml version="1.0" encoding="UTF-8"?>
<!DOCTYPE html PUBLIC "-//W3C//DTD XHTML 1.0 Transitional//EN"
    "http://www.w3.org/TR/xhtml1/DTD/xhtml1-transitional.dtd">
<html xmlns="http://www.w3.org/1999/xhtml" xml:lang="en" lang="en">
 <head>
  <title>
</title>
<meta http-equiv="Content-Type" content="text/html;charset=utf-8" />
  <meta name='ocr-system' content='tesseract 3.04.00' />
  <meta name='ocr-capabilities' content='ocr_page ocr_carea ocr_par ocr_line ocrx_word'/>
</head>
<body>
  <div class='ocr_page' id='page_1' title='image "./pt3corporishaere02epipuoft_0557.png"; bbox 0 0 2508 4134; ppageno 0'>
   <div class='ocr_carea' id='block_1_1' title="bbox 761 309 1980 359">
    <p class='ocr_par' dir='ltr' id='par_1_1' title="bbox 761 309 1980 359">
     <span class='ocr_line' id='line_1_1' title="bbox 761 309 1980 359; baseline -0.001 -1"><span class='ocrx_word' id='word_1_1' title='bbox 761 317 1291 359; x_wconf 79' lang='lat' dir='ltr'><strong>ANACEPHALAEOSIS.</strong></span> <span class='ocrx_word' id='word_1_2' title='bbox 1880 309 1980 357; x_wconf 84' lang='lat'><strong>547</strong></span> 
     </span>
    </p>
   </div>
   <div class='ocr_carea' id='block_1_2' title="bbox 86 414 1997 1996">
    <p class='ocr_par' dir='ltr' id='par_1_2' title="bbox 86 414 1992 1492">
     <span class='ocr_line' id='line_1_2' title="bbox 88 414 1982 484; baseline -0.002 -15"><span class='ocrx_word' id='word_1_3' title='bbox 88 419 146 469; x_wconf 86' lang='lat' dir='ltr'><strong>ab</strong></span> <span class='ocrx_word' id='word_1_4' title='bbox 192 418 427 469; x_wconf 90' lang='lat' dir='ltr'><strong>divisione</strong></span> <span class='ocrx_word' id='word_1_5' title='bbox 483 417 771 484; x_wconf 86' lang='lat' dir='ltr'><strong>linguarum.</strong></span> <span class='ocrx_word' id='word_1_6' title='bbox 862 414 1042 466; x_wconf 83' lang='lat' dir='ltr'><strong>Postea</strong></span> <span class='ocrx_word' id='word_1_7' title='bbox 1099 434 1214 467; x_wconf 89' lang='lat' dir='ltr'><strong>vero</strong></span> <span class='ocrx_word' id='word_1_8' title='bbox 1272 416 1623 467; x_wconf 88' lang='lat' dir='ltr'><strong>recentioribus</strong></span> <span class='ocrx_word' id='word_1_9' title='bbox 1689 416 1982 484; x_wconf 79' lang='lat' dir='ltr'><strong>temporibus</strong></span> 
     </span>
     <span class='ocr_line' id='line_1_3' title="bbox 88 498 1985 569; baseline -0.002 -17"><span class='ocrx_word' id='word_1_10' title='bbox 88 500 278 552; x_wconf 86' lang='lat' dir='ltr'><strong>Graeca</strong></span> <span class='ocrx_word' id='word_1_11' title='bbox 306 501 584 569; x_wconf 77' lang='lat' dir='ltr'><strong>superstitio</strong></span> <span class='ocrx_word' id='word_1_12' title='bbox 615 508 773 550; x_wconf 88' lang='lat' dir='ltr'><strong>certas</strong></span> <span class='ocrx_word' id='word_1_13' title='bbox 802 498 851 548; x_wconf 91' lang='lat' dir='ltr'><strong>in</strong></span> <span class='ocrx_word' id='word_1_14' title='bbox 880 499 1107 549; x_wconf 81' lang='lat' dir='ltr'><strong>haereses</strong></span> <span class='ocrx_word' id='word_1_15' title='bbox 1142 518 1197 550; x_wconf 90' lang='lat' dir='ltr'><strong>ac</strong></span> <span class='ocrx_word' id='word_1_16' title='bbox 1229 509 1388 550; x_wconf 82' lang='lat' dir='ltr'><strong>sectas</strong></span> <span class='ocrx_word' id='word_1_17' title='bbox 1422 500 1566 564; x_wconf 88' lang='lat' dir='ltr'><strong>abiit,</strong></span> <span class='ocrx_word' id='word_1_18' title='bbox 1607 509 1771 568; x_wconf 88' lang='lat' dir='ltr'><strong>utputa</strong></span> <span class='ocrx_word' id='word_1_19' title='bbox 1805 498 1985 568; x_wconf 87' lang='lat' dir='ltr'><strong>Pytha-</strong></span> 
     </span>
     <span class='ocr_line' id='line_1_4' title="bbox 86 581 1983 654; baseline -0.002 -18"><span class='ocrx_word' id='word_1_20' title='bbox 86 603 375 654; x_wconf 87' lang='lat' dir='ltr'><strong>goreorum,</strong></span> <span class='ocrx_word' id='word_1_21' title='bbox 419 582 722 647; x_wconf 87' lang='lat' dir='ltr'><strong>Stoicorum,</strong></span> <span class='ocrx_word' id='word_1_22' title='bbox 762 581 1152 646; x_wconf 71' lang='lat' dir='ltr'><strong>Platonicorum,</strong></span> <span class='ocrx_word' id='word_1_23' title='bbox 1207 582 1585 651; x_wconf 85' lang='lat' dir='ltr'><strong>Epicureorum,</strong></span> <span class='ocrx_word' id='word_1_24' title='bbox 1628 594 1723 634; x_wconf 89' lang='lat' dir='ltr'><strong>etc.</strong></span> <span class='ocrx_word' id='word_1_25' title='bbox 1799 582 1983 634; x_wconf 88' lang='lat' dir='ltr'><strong>Eodem</strong></span> 
     </span>
     <span class='ocr_line' id='line_1_5' title="bbox 87 667 1986 738; baseline -0.001 -19"><span class='ocrx_word' id='word_1_26' title='bbox 87 687 233 738; x_wconf 90' lang='lat' dir='ltr'><strong>porro</strong></span> <span class='ocrx_word' id='word_1_27' title='bbox 260 678 474 736; x_wconf 87' lang='lat' dir='ltr'><strong>tempore</strong></span> <span class='ocrx_word' id='word_1_28' title='bbox 506 668 698 736; x_wconf 87' lang='lat' dir='ltr'><strong>propria</strong></span> <span class='ocrx_word' id='word_1_29' title='bbox 727 667 881 718; x_wconf 88' lang='lat' dir='ltr'><strong>forma</strong></span> <span class='ocrx_word' id='word_1_30' title='bbox 911 684 966 717; x_wconf 89' lang='lat' dir='ltr'><strong>ac</strong></span> <span class='ocrx_word' id='word_1_31' title='bbox 1003 675 1115 716; x_wconf 88' lang='lat' dir='ltr'><strong>nota</strong></span> <span class='ocrx_word' id='word_1_32' title='bbox 1146 684 1290 718; x_wconf 80' lang='lat' dir='ltr'><strong>verae</strong></span> <span class='ocrx_word' id='word_1_33' title='bbox 1323 668 1511 734; x_wconf 87' lang='lat' dir='ltr'><strong>pietatis</strong></span> <span class='ocrx_word' id='word_1_34' title='bbox 1541 677 1589 717; x_wconf 94' lang='lat' dir='ltr'><strong>et</strong></span> <span class='ocrx_word' id='word_1_35' title='bbox 1619 667 1867 735; x_wconf 84' lang='lat' dir='ltr'><strong>religionis</strong></span> <span class='ocrx_word' id='word_1_36' title='bbox 1898 685 1986 718; x_wconf 85' lang='lat' dir='ltr'><strong>ex-</strong></span> 
     </span>
     <span class='ocr_line' id='line_1_6' title="bbox 89 750 1986 819; baseline -0.001 -16"><span class='ocrx_word' id='word_1_37' title='bbox 89 753 209 814; x_wconf 84' lang='lat' dir='ltr'><strong>titit,</strong></span> <span class='ocrx_word' id='word_1_38' title='bbox 251 770 343 802; x_wconf 91' lang='lat' dir='ltr'><strong>una</strong></span> <span class='ocrx_word' id='word_1_39' title='bbox 370 770 474 803; x_wconf 92' lang='lat' dir='ltr'><strong>cum</strong></span> <span class='ocrx_word' id='word_1_40' title='bbox 505 753 611 819; x_wconf 87' lang='lat' dir='ltr'><strong>lege</strong></span> <span class='ocrx_word' id='word_1_41' title='bbox 637 760 862 813; x_wconf 90' lang='lat' dir='ltr'><strong>naturae,</strong></span> <span class='ocrx_word' id='word_1_42' title='bbox 906 768 1027 818; x_wconf 89' lang='lat' dir='ltr'><strong>quae</strong></span> <span class='ocrx_word' id='word_1_43' title='bbox 1055 751 1113 800; x_wconf 89' lang='lat' dir='ltr'><strong>ab</strong></span> <span class='ocrx_word' id='word_1_44' title='bbox 1143 750 1330 818; x_wconf 84' lang='lat' dir='ltr'><strong>origine</strong></span> <span class='ocrx_word' id='word_1_45' title='bbox 1361 751 1521 800; x_wconf 89' lang='lat' dir='ltr'><strong>mundi</strong></span> <span class='ocrx_word' id='word_1_46' title='bbox 1554 768 1663 801; x_wconf 86' lang='lat' dir='ltr'><strong>sese</strong></span> <span class='ocrx_word' id='word_1_47' title='bbox 1700 751 1874 801; x_wconf 83' lang='lat' dir='ltr'><strong>abillis</strong></span> <span class='ocrx_word' id='word_1_48' title='bbox 1904 769 1986 802; x_wconf 91' lang='lat' dir='ltr'><strong>na-</strong></span> 
     </span>
     <span class='ocr_line' id='line_1_7' title="bbox 86 833 1985 904; baseline -0.001 -18"><span class='ocrx_word' id='word_1_49' title='bbox 86 836 297 887; x_wconf 82' lang='lat' dir='ltr'><strong>tionibus</strong></span> <span class='ocrx_word' id='word_1_50' title='bbox 330 845 561 904; x_wconf 89' lang='lat' dir='ltr'><strong>perpetuo</strong></span> <span class='ocrx_word' id='word_1_51' title='bbox 587 836 889 903; x_wconf 75' lang='lat' dir='ltr'><strong>segregavit,</strong></span> <span class='ocrx_word' id='word_1_52' title='bbox 944 835 1001 884; x_wconf 88' lang='lat' dir='ltr'><strong>ad</strong></span> <span class='ocrx_word' id='word_1_53' title='bbox 1033 834 1155 885; x_wconf 90' lang='lat' dir='ltr'><strong>hanc</strong></span> <span class='ocrx_word' id='word_1_54' title='bbox 1197 852 1349 902; x_wconf 89' lang='lat' dir='ltr'><strong>usque</strong></span> <span class='ocrx_word' id='word_1_55' title='bbox 1381 834 1503 884; x_wconf 88' lang='lat' dir='ltr'><strong>diem</strong></span> <span class='ocrx_word' id='word_1_56' title='bbox 1541 835 1667 885; x_wconf 85' lang='lat' dir='ltr'><strong>inter</strong></span> <span class='ocrx_word' id='word_1_57' title='bbox 1702 833 1985 899; x_wconf 86' lang='lat' dir='ltr'><strong>Barbaram,</strong></span> 
     </span>
     <span class='ocr_line' id='line_1_8' title="bbox 87 917 1990 990; baseline -0.002 -18"><span class='ocrx_word' id='word_1_58' title='bbox 87 917 368 990; x_wconf 81' lang='lat' dir='ltr'><strong>Scythicam</strong></span> <span class='ocrx_word' id='word_1_59' title='bbox 404 919 735 987; x_wconf 88' lang='lat' dir='ltr'><strong>Graecamque</strong></span> <span class='ocrx_word' id='word_1_60' title='bbox 767 918 1157 987; x_wconf 87' lang='lat' dir='ltr'><strong>superstitionem</strong></span> <span class='ocrx_word' id='word_1_61' title='bbox 1188 918 1468 980; x_wconf 86' lang='lat' dir='ltr'><strong>interiecta,</strong></span> <span class='ocrx_word' id='word_1_62' title='bbox 1511 919 1664 968; x_wconf 87' lang='lat' dir='ltr'><strong>donec</strong></span> <span class='ocrx_word' id='word_1_63' title='bbox 1695 937 1798 969; x_wconf 87' lang='lat' dir='ltr'><strong>cum</strong></span> <span class='ocrx_word' id='word_1_64' title='bbox 1830 919 1990 970; x_wconf 86' lang='lat' dir='ltr'><strong>Abra-</strong></span> 
     </span>
     <span class='ocr_line' id='line_1_9' title="bbox 90 1001 1989 1071; baseline -0.001 -16"><span class='ocrx_word' id='word_1_65' title='bbox 90 1004 181 1055; x_wconf 89' lang='lat' dir='ltr'><strong>ami</strong></span> <span class='ocrx_word' id='word_1_66' title='bbox 224 1004 399 1071; x_wconf 90' lang='lat' dir='ltr'><strong>pietate</strong></span> <span class='ocrx_word' id='word_1_67' title='bbox 431 1004 624 1054; x_wconf 82' lang='lat' dir='ltr'><strong>coaluit.</strong></span> <span class='ocrx_word' id='word_1_68' title='bbox 704 1002 830 1053; x_wconf 86' lang='lat' dir='ltr'><strong>Tum</strong></span> <span class='ocrx_word' id='word_1_69' title='bbox 876 1019 995 1053; x_wconf 91' lang='lat' dir='ltr'><strong>vero</strong></span> <span class='ocrx_word' id='word_1_70' title='bbox 1027 1001 1295 1053; x_wconf 86' lang='lat' dir='ltr'><strong>Iudaismus</strong></span> <span class='ocrx_word' id='word_1_71' title='bbox 1334 1003 1392 1052; x_wconf 88' lang='lat' dir='ltr'><strong>ab</strong></span> <span class='ocrx_word' id='word_1_72' title='bbox 1429 1002 1658 1053; x_wconf 89' lang='lat' dir='ltr'><strong>Abraami</strong></span> <span class='ocrx_word' id='word_1_73' title='bbox 1696 1004 1989 1071; x_wconf 85' lang='lat' dir='ltr'><strong>temporibus</strong></span> 
     </span>
     <span class='ocr_line' id='line_1_10' title="bbox 89 1084 1988 1157; baseline 0 -20"><span class='ocrx_word' id='word_1_74' title='bbox 89 1089 327 1157; x_wconf 90' lang='lat' dir='ltr'><strong>propriam</strong></span> <span class='ocrx_word' id='word_1_75' title='bbox 371 1089 571 1138; x_wconf 86' lang='lat' dir='ltr'><strong>formam</strong></span> <span class='ocrx_word' id='word_1_76' title='bbox 615 1088 842 1155; x_wconf 87' lang='lat' dir='ltr'><strong>adeptus,</strong></span> <span class='ocrx_word' id='word_1_77' title='bbox 895 1104 951 1137; x_wconf 90' lang='lat' dir='ltr'><strong>ac</strong></span> <span class='ocrx_word' id='word_1_78' title='bbox 993 1103 1077 1154; x_wconf 88' lang='lat' dir='ltr'><strong>per</strong></span> <span class='ocrx_word' id='word_1_79' title='bbox 1109 1084 1319 1154; x_wconf 89' lang='lat' dir='ltr'><strong>Moysen</strong></span> <span class='ocrx_word' id='word_1_80' title='bbox 1353 1087 1410 1136; x_wconf 91' lang='lat' dir='ltr'><strong>ab</strong></span> <span class='ocrx_word' id='word_1_81' title='bbox 1450 1087 1695 1137; x_wconf 88' lang='lat' dir='ltr'><strong>Abraamo</strong></span> <span class='ocrx_word' id='word_1_82' title='bbox 1735 1088 1988 1155; x_wconf 90' lang='lat' dir='ltr'><strong>septimum</strong></span> 
     </span>
     <span class='ocr_line' id='line_1_11' title="bbox 89 1169 1987 1240; baseline -0.001 -18"><span class='ocrx_word' id='word_1_83' title='bbox 89 1190 145 1222; x_wconf 89' lang='lat' dir='ltr'><strong>ac</strong></span> <span class='ocrx_word' id='word_1_84' title='bbox 174 1174 329 1240; x_wconf 90' lang='lat' dir='ltr'><strong>legem</strong></span> <span class='ocrx_word' id='word_1_85' title='bbox 355 1189 381 1221; x_wconf 90' lang='lat' dir='ltr'><strong>a</strong></span> <span class='ocrx_word' id='word_1_86' title='bbox 406 1173 496 1222; x_wconf 90' lang='lat' dir='ltr'><strong>deo</strong></span> <span class='ocrx_word' id='word_1_87' title='bbox 526 1171 748 1221; x_wconf 88' lang='lat' dir='ltr'><strong>traditam</strong></span> <span class='ocrx_word' id='word_1_88' title='bbox 778 1171 1122 1239; x_wconf 86' lang='lat' dir='ltr'><strong>amplificatus,</strong></span> <span class='ocrx_word' id='word_1_89' title='bbox 1177 1179 1224 1220; x_wconf 91' lang='lat' dir='ltr'><strong>et</strong></span> <span class='ocrx_word' id='word_1_90' title='bbox 1255 1170 1311 1221; x_wconf 91' lang='lat' dir='ltr'><strong>ab</strong></span> <span class='ocrx_word' id='word_1_91' title='bbox 1341 1169 1457 1221; x_wconf 86' lang='lat' dir='ltr'><strong>luda</strong></span> <span class='ocrx_word' id='word_1_92' title='bbox 1484 1180 1654 1238; x_wconf 86' lang='lat' dir='ltr'><strong>quarto</strong></span> <span class='ocrx_word' id='word_1_93' title='bbox 1677 1170 1839 1221; x_wconf 88' lang='lat' dir='ltr'><strong>Iacobi</strong></span> <span class='ocrx_word' id='word_1_94' title='bbox 1872 1171 1987 1235; x_wconf 84' lang='lat' dir='ltr'><strong>lilio,</strong></span> 
     </span>
     <span class='ocr_line' id='line_1_12' title="bbox 91 1252 1991 1325; baseline -0.001 -18"><span class='ocrx_word' id='word_1_95' title='bbox 91 1258 170 1325; x_wconf 90' lang='lat' dir='ltr'><strong>qui</strong></span> <span class='ocrx_word' id='word_1_96' title='bbox 195 1266 243 1308; x_wconf 90' lang='lat' dir='ltr'><strong>et</strong></span> <span class='ocrx_word' id='word_1_97' title='bbox 273 1255 424 1306; x_wconf 80' lang='lat' dir='ltr'><strong>lsrae&#39;l</strong></span> <span class='ocrx_word' id='word_1_98' title='bbox 451 1256 721 1306; x_wconf 87' lang='lat' dir='ltr'><strong>nominatus</strong></span> <span class='ocrx_word' id='word_1_99' title='bbox 756 1263 860 1318; x_wconf 87' lang='lat' dir='ltr'><strong>est,</strong></span> <span class='ocrx_word' id='word_1_100' title='bbox 916 1272 1000 1323; x_wconf 92' lang='lat' dir='ltr'><strong>per</strong></span> <span class='ocrx_word' id='word_1_101' title='bbox 1027 1252 1290 1317; x_wconf 85' lang='lat' dir='ltr'><strong>Davidem,</strong></span> <span class='ocrx_word' id='word_1_102' title='bbox 1345 1255 1422 1321; x_wconf 90' lang='lat' dir='ltr'><strong>qui</strong></span> <span class='ocrx_word' id='word_1_103' title='bbox 1455 1255 1635 1323; x_wconf 89' lang='lat' dir='ltr'><strong>primus</strong></span> <span class='ocrx_word' id='word_1_104' title='bbox 1665 1272 1690 1305; x_wconf 92' lang='lat' dir='ltr'><strong>e</strong></span> <span class='ocrx_word' id='word_1_105' title='bbox 1723 1255 1847 1305; x_wconf 87' lang='lat' dir='ltr'><strong>tribu</strong></span> <span class='ocrx_word' id='word_1_106' title='bbox 1877 1253 1991 1305; x_wconf 83' lang='lat' dir='ltr'><strong>luda</strong></span> 
     </span>
     <span class='ocr_line' id='line_1_13' title="bbox 90 1337 1992 1408; baseline -0.001 -17"><span class='ocrx_word' id='word_1_107' title='bbox 90 1358 291 1408; x_wconf 89' lang='lat' dir='ltr'><strong>regnum</strong></span> <span class='ocrx_word' id='word_1_108' title='bbox 331 1348 583 1390; x_wconf 89' lang='lat' dir='ltr'><strong>assecutus</strong></span> <span class='ocrx_word' id='word_1_109' title='bbox 613 1347 714 1401; x_wconf 92' lang='lat' dir='ltr'><strong>est,</strong></span> <span class='ocrx_word' id='word_1_110' title='bbox 769 1341 1033 1407; x_wconf 81' lang='lat' dir='ltr'><strong>perfectum</strong></span> <span class='ocrx_word' id='word_1_111' title='bbox 1062 1337 1289 1389; x_wconf 87' lang='lat' dir='ltr'><strong>Iudaismi</strong></span> <span class='ocrx_word' id='word_1_112' title='bbox 1322 1357 1495 1390; x_wconf 91' lang='lat' dir='ltr'><strong>nomen</strong></span> <span class='ocrx_word' id='word_1_113' title='bbox 1532 1339 1756 1390; x_wconf 88' lang='lat' dir='ltr'><strong>obtinuit.</strong></span> <span class='ocrx_word' id='word_1_114' title='bbox 1833 1337 1992 1390; x_wconf 88' lang='lat' dir='ltr'><strong>Grae-</strong></span> 
     </span>
     <span class='ocr_line' id='line_1_14' title="bbox 93 1422 1052 1492; baseline -0.002 -16"><span class='ocrx_word' id='word_1_115' title='bbox 93 1442 256 1476; x_wconf 90' lang='lat' dir='ltr'><strong>corum</strong></span> <span class='ocrx_word' id='word_1_116' title='bbox 297 1441 442 1492; x_wconf 89' lang='lat' dir='ltr'><strong>porro</strong></span> <span class='ocrx_word' id='word_1_117' title='bbox 480 1424 571 1474; x_wconf 87' lang='lat' dir='ltr'><strong>ista</strong></span> <span class='ocrx_word' id='word_1_118' title='bbox 611 1431 724 1473; x_wconf 88' lang='lat' dir='ltr'><strong>sunt</strong></span> <span class='ocrx_word' id='word_1_119' title='bbox 759 1422 1052 1474; x_wconf 87' lang='lat' dir='ltr'><strong>discrimina.</strong></span> 
     </span>
    </p>

    <p class='ocr_par' dir='ltr' id='par_1_3' title="bbox 93 1505 1997 1996">
     <span class='ocr_line' id='line_1_15' title="bbox 231 1505 1993 1576; baseline 0 -18"><span class='ocrx_word' id='word_1_120' title='bbox 231 1506 552 1576; x_wconf 87' lang='lat' dir='ltr'><strong>Pythagorei,</strong></span> <span class='ocrx_word' id='word_1_121' title='bbox 594 1508 698 1558; x_wconf 91' lang='lat' dir='ltr'><strong>sive</strong></span> <span class='ocrx_word' id='word_1_122' title='bbox 733 1505 1076 1576; x_wconf 87' lang='lat' dir='ltr'><strong>Periparetici‚</strong></span> <span class='ocrx_word' id='word_1_123' title='bbox 1119 1508 1370 1558; x_wconf 89' lang='lat' dir='ltr'><strong>monadem</strong></span> <span class='ocrx_word' id='word_1_124' title='bbox 1401 1514 1450 1556; x_wconf 87' lang='lat' dir='ltr'><strong>et</strong></span> <span class='ocrx_word' id='word_1_125' title='bbox 1478 1508 1827 1574; x_wconf 86' lang='lat' dir='ltr'><strong>providentiam</strong></span> <span class='ocrx_word' id='word_1_126' title='bbox 1860 1524 1993 1558; x_wconf 90' lang='lat' dir='ltr'><strong>asse-</strong></span> 
     </span>
     <span class='ocr_line' id='line_1_16' title="bbox 93 1578 1990 1660; baseline -0.001 -18"><span class='ocrx_word' id='word_1_127' title='bbox 93 1601 326 1656; x_wconf 86' lang='lat' dir='ltr'><strong>ruerunt,</strong></span> <span class='ocrx_word' id='word_1_128' title='bbox 369 1593 458 1643; x_wconf 90' lang='lat' dir='ltr'><strong>diis</strong></span> <span class='ocrx_word' id='word_1_129' title='bbox 488 1591 762 1642; x_wconf 85' lang='lat' dir='ltr'><strong>sacrificare</strong></span> <span class='ocrx_word' id='word_1_130' title='bbox 783 1629 795 1653; x_wconf 91' lang='lat'><strong>,</strong></span> <span class='ocrx_word' id='word_1_131' title='bbox 838 1592 1059 1642; x_wconf 85' lang='lat' dir='ltr'><strong>animatis</strong></span> <span class='ocrx_word' id='word_1_132' title='bbox 1092 1592 1251 1654; x_wconf 88' lang='lat' dir='ltr'><strong>vesci,</strong></span> <span class='ocrx_word' id='word_1_133' title='bbox 1295 1608 1351 1641; x_wconf 90' lang='lat' dir='ltr'><strong>ac</strong></span> <span class='ocrx_word' id='word_1_134' title='bbox 1380 1591 1491 1642; x_wconf 89' lang='lat' dir='ltr'><strong>vino</strong></span> <span class='ocrx_word' id='word_1_135' title='bbox 1524 1592 1589 1641; x_wconf 88' lang='lat' dir='ltr'><strong>uti</strong></span> <span class='ocrx_word' id='word_1_136' title='bbox 1624 1578 1990 1660; x_wconf 86' lang='lat' dir='ltr'><strong>prohibuerunt.</strong></span> 
     </span>
     <span class='ocr_line' id='line_1_17' title="bbox 94 1674 1990 1744; baseline 0.001 -18"><span class='ocrx_word' id='word_1_137' title='bbox 94 1675 245 1727; x_wconf 91' lang='lat' dir='ltr'><strong>lidem</strong></span> <span class='ocrx_word' id='word_1_138' title='bbox 277 1693 397 1744; x_wconf 90' lang='lat' dir='ltr'><strong>quae</strong></span> <span class='ocrx_word' id='word_1_139' title='bbox 426 1674 484 1725; x_wconf 89' lang='lat' dir='ltr'><strong>ab</strong></span> <span class='ocrx_word' id='word_1_140' title='bbox 515 1675 623 1726; x_wconf 87' lang='lat' dir='ltr'><strong>luna</strong></span> <span class='ocrx_word' id='word_1_141' title='bbox 650 1693 838 1726; x_wconf 88' lang='lat' dir='ltr'><strong>sursum</strong></span> <span class='ocrx_word' id='word_1_142' title='bbox 872 1684 1059 1742; x_wconf 87' lang='lat' dir='ltr'><strong>patent,</strong></span> <span class='ocrx_word' id='word_1_143' title='bbox 1101 1675 1406 1738; x_wconf 87' lang='lat' dir='ltr'><strong>immortalia,</strong></span> <span class='ocrx_word' id='word_1_144' title='bbox 1448 1693 1568 1743; x_wconf 87' lang='lat' dir='ltr'><strong>quae</strong></span> <span class='ocrx_word' id='word_1_145' title='bbox 1598 1676 1834 1727; x_wconf 80' lang='lat' dir='ltr'><strong>inferiora</strong></span> <span class='ocrx_word' id='word_1_146' title='bbox 1860 1685 1990 1739; x_wconf 89' lang='lat' dir='ltr'><strong>sunt,</strong></span> 
     </span>
     <span class='ocr_line' id='line_1_18' title="bbox 95 1759 1997 1828; baseline 0 -18"><span class='ocrx_word' id='word_1_147' title='bbox 95 1761 314 1811; x_wconf 84' lang='lat' dir='ltr'><strong>mortalia</strong></span> <span class='ocrx_word' id='word_1_148' title='bbox 341 1760 581 1810; x_wconf 87' lang='lat' dir='ltr'><strong>dicebant.</strong></span> <span class='ocrx_word' id='word_1_149' title='bbox 658 1759 860 1810; x_wconf 88' lang='lat' dir='ltr'><strong>Animas</strong></span> <span class='ocrx_word' id='word_1_150' title='bbox 891 1777 917 1809; x_wconf 93' lang='lat' dir='ltr'><strong>e</strong></span> <span class='ocrx_word' id='word_1_151' title='bbox 944 1760 1226 1828; x_wconf 87' lang='lat' dir='ltr'><strong>corporibus</strong></span> <span class='ocrx_word' id='word_1_152' title='bbox 1251 1760 1297 1810; x_wconf 90' lang='lat' dir='ltr'><strong>in</strong></span> <span class='ocrx_word' id='word_1_153' title='bbox 1325 1760 1417 1810; x_wconf 87' lang='lat' dir='ltr'><strong>alia</strong></span> <span class='ocrx_word' id='word_1_154' title='bbox 1448 1778 1679 1827; x_wconf 88' lang='lat' dir='ltr'><strong>corpora,</strong></span> <span class='ocrx_word' id='word_1_155' title='bbox 1722 1760 1864 1811; x_wconf 88' lang='lat' dir='ltr'><strong>etiam</strong></span> <span class='ocrx_word' id='word_1_156' title='bbox 1894 1760 1997 1810; x_wconf 86' lang='lat' dir='ltr'><strong>ani-</strong></span> 
     </span>
     <span class='ocr_line' id='line_1_19' title="bbox 98 1843 1997 1913; baseline 0 -18"><span class='ocrx_word' id='word_1_157' title='bbox 98 1845 290 1895; x_wconf 89' lang='lat' dir='ltr'><strong>malium</strong></span> <span class='ocrx_word' id='word_1_158' title='bbox 318 1862 373 1895; x_wconf 86' lang='lat' dir='ltr'><strong>ae</strong></span> <span class='ocrx_word' id='word_1_159' title='bbox 403 1843 664 1895; x_wconf 89' lang='lat' dir='ltr'><strong>bestiarum</strong></span> <span class='ocrx_word' id='word_1_160' title='bbox 692 1845 981 1895; x_wconf 77' lang='lat' dir='ltr'><strong>transfundi.</strong></span> <span class='ocrx_word' id='word_1_161' title='bbox 1059 1843 1243 1895; x_wconf 90' lang='lat' dir='ltr'><strong>Horum</strong></span> <span class='ocrx_word' id='word_1_162' title='bbox 1273 1844 1501 1912; x_wconf 87' lang='lat' dir='ltr'><strong>magister</strong></span> <span class='ocrx_word' id='word_1_163' title='bbox 1526 1843 1827 1913; x_wconf 88' lang='lat' dir='ltr'><strong>Pythagoras</strong></span> <span class='ocrx_word' id='word_1_164' title='bbox 1850 1845 1997 1895; x_wconf 88' lang='lat' dir='ltr'><strong>silen-</strong></span> 
     </span>
     <span class='ocr_line' id='line_1_20' title="bbox 95 1928 1380 1996; baseline -0.001 -17"><span class='ocrx_word' id='word_1_165' title='bbox 95 1929 147 1979; x_wconf 90' lang='lat' dir='ltr'><strong>tii</strong></span> <span class='ocrx_word' id='word_1_166' title='bbox 185 1928 367 1996; x_wconf 91' lang='lat' dir='ltr'><strong>rigidus</strong></span> <span class='ocrx_word' id='word_1_167' title='bbox 405 1928 693 1978; x_wconf 88' lang='lat' dir='ltr'><strong>observator</strong></span> <span class='ocrx_word' id='word_1_168' title='bbox 731 1928 871 1978; x_wconf 91' lang='lat' dir='ltr'><strong>deum</strong></span> <span class='ocrx_word' id='word_1_169' title='bbox 910 1928 1073 1978; x_wconf 92' lang='lat' dir='ltr'><strong>haberi</strong></span> <span class='ocrx_word' id='word_1_170' title='bbox 1114 1946 1167 1979; x_wconf 91' lang='lat' dir='ltr'><strong>se</strong></span> <span class='ocrx_word' id='word_1_171' title='bbox 1207 1928 1380 1979; x_wconf 90' lang='lat' dir='ltr'><strong>voluit.</strong></span> 
     </span>
    </p>
   </div>
   <div class='ocr_carea' id='block_1_3' title="bbox 98 2094 2009 3510">
    <p class='ocr_par' dir='ltr' id='par_1_4' title="bbox 98 2094 2002 2754">
     <span class='ocr_line' id='line_1_21' title="bbox 234 2094 1997 2162; baseline 0.001 -15"><span class='ocrx_word' id='word_1_172' title='bbox 234 2094 473 2147; x_wconf 84' lang='lat' dir='ltr'><strong>Platonici</strong></span> <span class='ocrx_word' id='word_1_173' title='bbox 503 2096 640 2146; x_wconf 88' lang='lat' dir='ltr'><strong>deum</strong></span> <span class='ocrx_word' id='word_1_174' title='bbox 674 2103 722 2146; x_wconf 89' lang='lat' dir='ltr'><strong>et</strong></span> <span class='ocrx_word' id='word_1_175' title='bbox 751 2096 997 2146; x_wconf 84' lang='lat' dir='ltr'><strong>materiem</strong></span> <span class='ocrx_word' id='word_1_176' title='bbox 1031 2115 1087 2147; x_wconf 88' lang='lat' dir='ltr'><strong>ac</strong></span> <span class='ocrx_word' id='word_1_177' title='bbox 1123 2098 1319 2146; x_wconf 89' lang='lat' dir='ltr'><strong>formam</strong></span> <span class='ocrx_word' id='word_1_178' title='bbox 1353 2097 1730 2162; x_wconf 79' lang='lat' dir='ltr'><strong>constituerunt3</strong></span> <span class='ocrx_word' id='word_1_179' title='bbox 1772 2098 1997 2148; x_wconf 89' lang='lat' dir='ltr'><strong>mundum</strong></span> 
     </span>
     <span class='ocr_line' id='line_1_22' title="bbox 98 2179 1999 2248; baseline 0.001 -17"><span class='ocrx_word' id='word_1_180' title='bbox 98 2181 309 2247; x_wconf 84' lang='lat' dir='ltr'><strong>genitum</strong></span> <span class='ocrx_word' id='word_1_181' title='bbox 340 2197 396 2230; x_wconf 89' lang='lat' dir='ltr'><strong>ac</strong></span> <span class='ocrx_word' id='word_1_182' title='bbox 424 2179 722 2248; x_wconf 90' lang='lat' dir='ltr'><strong>corruptioni</strong></span> <span class='ocrx_word' id='word_1_183' title='bbox 753 2180 1045 2243; x_wconf 85' lang='lat' dir='ltr'><strong>obnoxium,</strong></span> <span class='ocrx_word' id='word_1_184' title='bbox 1086 2181 1288 2231; x_wconf 88' lang='lat' dir='ltr'><strong>animam</strong></span> <span class='ocrx_word' id='word_1_185' title='bbox 1317 2180 1578 2248; x_wconf 87' lang='lat' dir='ltr'><strong>ingenitam</strong></span> <span class='ocrx_word' id='word_1_186' title='bbox 1608 2190 1657 2232; x_wconf 87' lang='lat' dir='ltr'><strong>et</strong></span> <span class='ocrx_word' id='word_1_187' title='bbox 1684 2182 1999 2232; x_wconf 89' lang='lat' dir='ltr'><strong>immortalem</strong></span> 
     </span>
     <span class='ocr_line' id='line_1_23' title="bbox 100 2263 2000 2334; baseline 0.001 -19"><span class='ocrx_word' id='word_1_188' title='bbox 100 2282 156 2315; x_wconf 86' lang='lat' dir='ltr'><strong>ac</strong></span> <span class='ocrx_word' id='word_1_189' title='bbox 192 2263 399 2314; x_wconf 89' lang='lat' dir='ltr'><strong>divinam</strong></span> <span class='ocrx_word' id='word_1_190' title='bbox 441 2263 658 2314; x_wconf 87' lang='lat' dir='ltr'><strong>arbitrati</strong></span> <span class='ocrx_word' id='word_1_191' title='bbox 690 2273 817 2314; x_wconf 88' lang='lat' dir='ltr'><strong>sunt.</strong></span> <span class='ocrx_word' id='word_1_192' title='bbox 898 2263 1055 2316; x_wconf 91' lang='lat' dir='ltr'><strong>Huius</strong></span> <span class='ocrx_word' id='word_1_193' title='bbox 1099 2274 1197 2315; x_wconf 91' lang='lat' dir='ltr'><strong>tres</strong></span> <span class='ocrx_word' id='word_1_194' title='bbox 1243 2283 1351 2315; x_wconf 86' lang='lat' dir='ltr'><strong>esse</strong></span> <span class='ocrx_word' id='word_1_195' title='bbox 1390 2274 1580 2334; x_wconf 89' lang='lat' dir='ltr'><strong>partes,</strong></span> <span class='ocrx_word' id='word_1_196' title='bbox 1637 2284 1779 2316; x_wconf 92' lang='lat' dir='ltr'><strong>unam</strong></span> <span class='ocrx_word' id='word_1_197' title='bbox 1810 2266 2000 2316; x_wconf 83' lang='lat' dir='ltr'><strong>ratione</strong></span> 
     </span>
     <span class='ocr_line' id='line_1_24' title="bbox 100 2349 1997 2418; baseline 0.001 -19"><span class='ocrx_word' id='word_1_198' title='bbox 100 2349 389 2418; x_wconf 84' lang='lat' dir='ltr'><strong>praeditam,</strong></span> <span class='ocrx_word' id='word_1_199' title='bbox 458 2349 655 2399; x_wconf 85' lang='lat' dir='ltr'><strong>alteram</strong></span> <span class='ocrx_word' id='word_1_200' title='bbox 710 2366 802 2415; x_wconf 87' lang='lat' dir='ltr'><strong>qua</strong></span> <span class='ocrx_word' id='word_1_201' title='bbox 856 2349 1136 2411; x_wconf 87' lang='lat' dir='ltr'><strong>irascimur,</strong></span> <span class='ocrx_word' id='word_1_202' title='bbox 1208 2349 1395 2400; x_wconf 84' lang='lat' dir='ltr'><strong>tertiam</strong></span> <span class='ocrx_word' id='word_1_203' title='bbox 1453 2367 1541 2416; x_wconf 88' lang='lat' dir='ltr'><strong>qua</strong></span> <span class='ocrx_word' id='word_1_204' title='bbox 1595 2350 1997 2418; x_wconf 80' lang='lat' dir='ltr'><strong>concupiscimus,</strong></span> 
     </span>
     <span class='ocr_line' id='line_1_25' title="bbox 101 2430 2002 2502; baseline -0.001 -16"><span class='ocrx_word' id='word_1_205' title='bbox 101 2430 395 2487; x_wconf 82' lang='lat' dir='ltr'><strong>Communes</strong></span> <span class='ocrx_word' id='word_1_206' title='bbox 423 2433 644 2482; x_wconf 92' lang='lat' dir='ltr'><strong>omnibus</strong></span> <span class='ocrx_word' id='word_1_207' title='bbox 683 2450 865 2483; x_wconf 84' lang='lat' dir='ltr'><strong>uxores</strong></span> <span class='ocrx_word' id='word_1_208' title='bbox 895 2450 1003 2484; x_wconf 90' lang='lat' dir='ltr'><strong>esse</strong></span> <span class='ocrx_word' id='word_1_209' title='bbox 1041 2433 1222 2497; x_wconf 68' lang='lat' dir='ltr'><strong>voluit,</strong></span> <span class='ocrx_word' id='word_1_210' title='bbox 1276 2451 1416 2483; x_wconf 90' lang='lat' dir='ltr'><strong>nemo</strong></span> <span class='ocrx_word' id='word_1_211' title='bbox 1450 2442 1503 2484; x_wconf 90' lang='lat' dir='ltr'><strong>ut</strong></span> <span class='ocrx_word' id='word_1_212' title='bbox 1531 2434 1763 2502; x_wconf 89' lang='lat' dir='ltr'><strong>privatam</strong></span> <span class='ocrx_word' id='word_1_213' title='bbox 1802 2435 2002 2485; x_wconf 85' lang='lat' dir='ltr'><strong>habere-t</strong></span> 
     </span>
     <span class='ocr_line' id='line_1_26' title="bbox 101 2516 2001 2585; baseline 0.001 -17"><span class='ocrx_word' id='word_1_214' title='bbox 101 2534 156 2568; x_wconf 88' lang='lat' dir='ltr'><strong>ac</strong></span> <span class='ocrx_word' id='word_1_215' title='bbox 188 2516 508 2585; x_wconf 89' lang='lat' dir='ltr'><strong>praecipuam,</strong></span> <span class='ocrx_word' id='word_1_216' title='bbox 550 2517 632 2567; x_wconf 90' lang='lat' dir='ltr'><strong>sed</strong></span> <span class='ocrx_word' id='word_1_217' title='bbox 666 2526 716 2566; x_wconf 88' lang='lat' dir='ltr'><strong>ut</strong></span> <span class='ocrx_word' id='word_1_218' title='bbox 739 2516 936 2584; x_wconf 88' lang='lat' dir='ltr'><strong>quilibet</strong></span> <span class='ocrx_word' id='word_1_219' title='bbox 957 2535 1156 2585; x_wconf 88' lang='lat' dir='ltr'><strong>quarum</strong></span> <span class='ocrx_word' id='word_1_220' title='bbox 1182 2518 1323 2569; x_wconf 86' lang='lat' dir='ltr'><strong>vellet</strong></span> <span class='ocrx_word' id='word_1_221' title='bbox 1353 2519 1536 2585; x_wconf 87' lang='lat' dir='ltr'><strong>copiam</strong></span> <span class='ocrx_word' id='word_1_222' title='bbox 1564 2519 1780 2570; x_wconf 89' lang='lat' dir='ltr'><strong>haberet.</strong></span> <span class='ocrx_word' id='word_1_223' title='bbox 1850 2518 2001 2570; x_wconf 91' lang='lat' dir='ltr'><strong>Iidem</strong></span> 
     </span>
     <span class='ocr_line' id='line_1_27' title="bbox 101 2600 1998 2668; baseline 0.001 -16"><span class='ocrx_word' id='word_1_224' title='bbox 101 2601 367 2652; x_wconf 89' lang='lat' dir='ltr'><strong>animarum</strong></span> <span class='ocrx_word' id='word_1_225' title='bbox 398 2600 447 2650; x_wconf 91' lang='lat' dir='ltr'><strong>in</strong></span> <span class='ocrx_word' id='word_1_226' title='bbox 477 2601 610 2651; x_wconf 89' lang='lat' dir='ltr'><strong>varia</strong></span> <span class='ocrx_word' id='word_1_227' title='bbox 653 2618 885 2668; x_wconf 88' lang='lat' dir='ltr'><strong>corpora,</strong></span> <span class='ocrx_word' id='word_1_228' title='bbox 943 2602 1085 2653; x_wconf 89' lang='lat' dir='ltr'><strong>etiam</strong></span> <span class='ocrx_word' id='word_1_229' title='bbox 1113 2603 1403 2666; x_wconf 89' lang='lat' dir='ltr'><strong>bestiarum,</strong></span> <span class='ocrx_word' id='word_1_230' title='bbox 1457 2604 1687 2654; x_wconf 85' lang='lat' dir='ltr'><strong>transitus</strong></span> <span class='ocrx_word' id='word_1_231' title='bbox 1717 2603 1998 2655; x_wconf 88' lang='lat' dir='ltr'><strong>affirmabat.</strong></span> 
     </span>
     <span class='ocr_line' id='line_1_28' title="bbox 103 2682 1483 2754; baseline 0.001 -19"><span class='ocrx_word' id='word_1_232' title='bbox 103 2682 238 2735; x_wconf 90' lang='lat' dir='ltr'><strong>Deos</strong></span> <span class='ocrx_word' id='word_1_233' title='bbox 277 2685 481 2752; x_wconf 85' lang='lat' dir='ltr'><strong>denique</strong></span> <span class='ocrx_word' id='word_1_234' title='bbox 521 2684 792 2752; x_wconf 89' lang='lat' dir='ltr'><strong>complures</strong></span> <span class='ocrx_word' id='word_1_235' title='bbox 830 2686 887 2735; x_wconf 90' lang='lat' dir='ltr'><strong>ab</strong></span> <span class='ocrx_word' id='word_1_236' title='bbox 928 2703 1021 2736; x_wconf 92' lang='lat' dir='ltr'><strong>uno</strong></span> <span class='ocrx_word' id='word_1_237' title='bbox 1061 2704 1169 2737; x_wconf 87' lang='lat' dir='ltr'><strong>esse</strong></span> <span class='ocrx_word' id='word_1_238' title='bbox 1208 2687 1483 2754; x_wconf 89' lang='lat' dir='ltr'><strong>productos.</strong></span> 
     </span>
    </p>

    <p class='ocr_par' dir='ltr' id='par_1_5' title="bbox 104 2767 2006 3324">
     <span class='ocr_line' id='line_1_29' title="bbox 245 2767 2001 2840; baseline 0 -20"><span class='ocrx_word' id='word_1_239' title='bbox 245 2767 400 2821; x_wconf 89' lang='lat' dir='ltr'><strong>Stoici</strong></span> <span class='ocrx_word' id='word_1_240' title='bbox 442 2785 616 2837; x_wconf 91' lang='lat' dir='ltr'><strong>corpus</strong></span> <span class='ocrx_word' id='word_1_241' title='bbox 646 2768 927 2819; x_wconf 87' lang='lat' dir='ltr'><strong>universum</strong></span> <span class='ocrx_word' id='word_1_242' title='bbox 968 2787 1077 2820; x_wconf 89' lang='lat' dir='ltr'><strong>esse</strong></span> <span class='ocrx_word' id='word_1_243' title='bbox 1110 2771 1367 2834; x_wconf 82' lang='lat' dir='ltr'><strong>definiunt,</strong></span> <span class='ocrx_word' id='word_1_244' title='bbox 1426 2781 1473 2821; x_wconf 91' lang='lat' dir='ltr'><strong>et</strong></span> <span class='ocrx_word' id='word_1_245' title='bbox 1504 2772 1845 2840; x_wconf 89' lang='lat' dir='ltr'><strong>aspectabilem</strong></span> <span class='ocrx_word' id='word_1_246' title='bbox 1878 2771 2001 2821; x_wconf 91' lang='lat' dir='ltr'><strong>hunc</strong></span> 
     </span>
     <span class='ocr_line' id='line_1_30' title="bbox 104 2852 2003 2922; baseline -0.001 -18"><span class='ocrx_word' id='word_1_247' title='bbox 104 2854 327 2904; x_wconf 88' lang='lat' dir='ltr'><strong>mundum</strong></span> <span class='ocrx_word' id='word_1_248' title='bbox 354 2853 491 2903; x_wconf 89' lang='lat' dir='ltr'><strong>deum</strong></span> <span class='ocrx_word' id='word_1_249' title='bbox 523 2869 632 2903; x_wconf 90' lang='lat' dir='ltr'><strong>esse</strong></span> <span class='ocrx_word' id='word_1_250' title='bbox 656 2860 888 2904; x_wconf 86' lang='lat' dir='ltr'><strong>statuunt.</strong></span> <span class='ocrx_word' id='word_1_251' title='bbox 965 2852 1199 2905; x_wconf 89' lang='lat' dir='ltr'><strong>Nonnulli</strong></span> <span class='ocrx_word' id='word_1_252' title='bbox 1226 2855 1368 2905; x_wconf 90' lang='lat' dir='ltr'><strong>etiam</strong></span> <span class='ocrx_word' id='word_1_253' title='bbox 1397 2873 1463 2905; x_wconf 82' lang='lat' dir='ltr'><strong>ex</strong></span> <span class='ocrx_word' id='word_1_254' title='bbox 1489 2857 1599 2922; x_wconf 88' lang='lat' dir='ltr'><strong>igne</strong></span> <span class='ocrx_word' id='word_1_255' title='bbox 1629 2865 1848 2907; x_wconf 88' lang='lat' dir='ltr'><strong>naturam</strong></span> <span class='ocrx_word' id='word_1_256' title='bbox 1876 2855 2003 2904; x_wconf 92' lang='lat' dir='ltr'><strong>illius</strong></span> 
     </span>
     <span class='ocr_line' id='line_1_31' title="bbox 106 2934 2004 3008; baseline 0.001 -20"><span class='ocrx_word' id='word_1_257' title='bbox 106 2946 329 2988; x_wconf 86' lang='lat' dir='ltr'><strong>constare</strong></span> <span class='ocrx_word' id='word_1_258' title='bbox 360 2937 639 2987; x_wconf 82' lang='lat' dir='ltr'><strong>defendunt.</strong></span> <span class='ocrx_word' id='word_1_259' title='bbox 715 2934 871 2986; x_wconf 91' lang='lat' dir='ltr'><strong>Deum</strong></span> <span class='ocrx_word' id='word_1_260' title='bbox 902 2938 1071 3005; x_wconf 93' lang='lat' dir='ltr'><strong>quippe</strong></span> <span class='ocrx_word' id='word_1_261' title='bbox 1116 2947 1321 2989; x_wconf 89' lang='lat' dir='ltr'><strong>mentem</strong></span> <span class='ocrx_word' id='word_1_262' title='bbox 1352 2956 1461 2990; x_wconf 90' lang='lat' dir='ltr'><strong>esse</strong></span> <span class='ocrx_word' id='word_1_263' title='bbox 1494 2949 1688 3008; x_wconf 88' lang='lat' dir='ltr'><strong>putant,</strong></span> <span class='ocrx_word' id='word_1_264' title='bbox 1744 2957 1800 2989; x_wconf 89' lang='lat' dir='ltr'><strong>ac</strong></span> <span class='ocrx_word' id='word_1_265' title='bbox 1830 2938 2004 2990; x_wconf 90' lang='lat' dir='ltr'><strong>vastis-</strong></span> 
     </span>
     <span class='ocr_line' id='line_1_32' title="bbox 107 3020 2004 3088; baseline 0 -17"><span class='ocrx_word' id='word_1_266' title='bbox 107 3022 256 3072; x_wconf 91' lang='lat' dir='ltr'><strong>simae</strong></span> <span class='ocrx_word' id='word_1_267' title='bbox 284 3022 429 3072; x_wconf 92' lang='lat' dir='ltr'><strong>totius</strong></span> <span class='ocrx_word' id='word_1_268' title='bbox 457 3020 624 3084; x_wconf 91' lang='lat' dir='ltr'><strong>molis,</strong></span> <span class='ocrx_word' id='word_1_269' title='bbox 667 3020 790 3070; x_wconf 91' lang='lat' dir='ltr'><strong>coeli</strong></span> <span class='ocrx_word' id='word_1_270' title='bbox 821 3030 1073 3088; x_wconf 90' lang='lat' dir='ltr'><strong>terraeque</strong></span> <span class='ocrx_word' id='word_1_271' title='bbox 1115 3022 1367 3087; x_wconf 89' lang='lat' dir='ltr'><strong>videlicet,</strong></span> <span class='ocrx_word' id='word_1_272' title='bbox 1409 3025 1635 3074; x_wconf 87' lang='lat' dir='ltr'><strong>animam.</strong></span> <span class='ocrx_word' id='word_1_273' title='bbox 1714 3020 1866 3074; x_wconf 84' lang='lat' dir='ltr'><strong>Cuius</strong></span> <span class='ocrx_word' id='word_1_274' title='bbox 1896 3038 2004 3072; x_wconf 91' lang='lat' dir='ltr'><strong>cor-</strong></span> 
     </span>
     <span class='ocr_line' id='line_1_33' title="bbox 107 3104 2002 3174; baseline 0 -18"><span class='ocrx_word' id='word_1_275' title='bbox 107 3123 224 3174; x_wconf 89' lang='lat' dir='ltr'><strong>pus,</strong></span> <span class='ocrx_word' id='word_1_276' title='bbox 265 3114 317 3156; x_wconf 88' lang='lat' dir='ltr'><strong>ut</strong></span> <span class='ocrx_word' id='word_1_277' title='bbox 351 3105 480 3168; x_wconf 81' lang='lat' dir='ltr'><strong>dixi,</strong></span> <span class='ocrx_word' id='word_1_278' title='bbox 522 3113 670 3154; x_wconf 88' lang='lat' dir='ltr'><strong>totum</strong></span> <span class='ocrx_word' id='word_1_279' title='bbox 704 3104 794 3154; x_wconf 91' lang='lat' dir='ltr'><strong>hoc</strong></span> <span class='ocrx_word' id='word_1_280' title='bbox 823 3106 886 3155; x_wconf 93' lang='lat' dir='ltr'><strong>sit</strong></span> <span class='ocrx_word' id='word_1_281' title='bbox 916 3104 1211 3170; x_wconf 86' lang='lat' dir='ltr'><strong>uuiversum,</strong></span> <span class='ocrx_word' id='word_1_282' title='bbox 1256 3108 1378 3157; x_wconf 88' lang='lat' dir='ltr'><strong>oculi</strong></span> <span class='ocrx_word' id='word_1_283' title='bbox 1412 3125 1530 3158; x_wconf 91' lang='lat' dir='ltr'><strong>vero</strong></span> <span class='ocrx_word' id='word_1_284' title='bbox 1562 3107 1750 3173; x_wconf 67' lang='lat' dir='ltr'><strong>sidera,</strong></span> <span class='ocrx_word' id='word_1_285' title='bbox 1793 3107 2002 3156; x_wconf 90' lang='lat' dir='ltr'><strong>omnium</strong></span> 
     </span>
     <span class='ocr_line' id='line_1_34' title="bbox 108 3189 2006 3259; baseline 0.001 -20"><span class='ocrx_word' id='word_1_286' title='bbox 108 3189 308 3240; x_wconf 89' lang='lat' dir='ltr'><strong>interire</strong></span> <span class='ocrx_word' id='word_1_287' title='bbox 345 3206 568 3253; x_wconf 90' lang='lat' dir='ltr'><strong>carnem,</strong></span> <span class='ocrx_word' id='word_1_288' title='bbox 629 3197 677 3239; x_wconf 92' lang='lat' dir='ltr'><strong>et</strong></span> <span class='ocrx_word' id='word_1_289' title='bbox 713 3190 916 3239; x_wconf 88' lang='lat' dir='ltr'><strong>animam</strong></span> <span class='ocrx_word' id='word_1_290' title='bbox 956 3189 1004 3239; x_wconf 91' lang='lat' dir='ltr'><strong>in</strong></span> <span class='ocrx_word' id='word_1_291' title='bbox 1043 3190 1235 3241; x_wconf 91' lang='lat' dir='ltr'><strong>diversa</strong></span> <span class='ocrx_word' id='word_1_292' title='bbox 1283 3192 1490 3242; x_wconf 84' lang='lat' dir='ltr'><strong>transire</strong></span> <span class='ocrx_word' id='word_1_293' title='bbox 1529 3209 1734 3259; x_wconf 87' lang='lat' dir='ltr'><strong>corpora</strong></span> <span class='ocrx_word' id='word_1_294' title='bbox 1771 3190 1862 3242; x_wconf 90' lang='lat' dir='ltr'><strong>sibi</strong></span> <span class='ocrx_word' id='word_1_295' title='bbox 1899 3207 2006 3259; x_wconf 90' lang='lat' dir='ltr'><strong>per-</strong></span> 
     </span>
     <span class='ocr_line' id='line_1_35' title="bbox 110 3274 331 3324; baseline -0.005 0"><span class='ocrx_word' id='word_1_296' title='bbox 110 3274 331 3324; x_wconf 87' lang='lat' dir='ltr'><strong>suadent.</strong></span> 
     </span>
    </p>

    <p class='ocr_par' dir='ltr' id='par_1_6' title="bbox 113 3355 2009 3510">
     <span class='ocr_line' id='line_1_36' title="bbox 250 3355 2009 3425; baseline 0 -18"><span class='ocrx_word' id='word_1_297' title='bbox 250 3356 477 3425; x_wconf 88' lang='lat' dir='ltr'><strong>Epicurei</strong></span> <span class='ocrx_word' id='word_1_298' title='bbox 506 3366 692 3408; x_wconf 87' lang='lat' dir='ltr'><strong>atomos</strong></span> <span class='ocrx_word' id='word_1_299' title='bbox 728 3365 775 3407; x_wconf 90' lang='lat' dir='ltr'><strong>et</strong></span> <span class='ocrx_word' id='word_1_300' title='bbox 806 3355 1048 3407; x_wconf 91' lang='lat' dir='ltr'><strong>individua</strong></span> <span class='ocrx_word' id='word_1_301' title='bbox 1091 3374 1295 3425; x_wconf 86' lang='lat' dir='ltr'><strong>corpora</strong></span> <span class='ocrx_word' id='word_1_302' title='bbox 1325 3358 1559 3409; x_wconf 91' lang='lat' dir='ltr'><strong>similibus</strong></span> <span class='ocrx_word' id='word_1_303' title='bbox 1602 3357 1868 3408; x_wconf 88' lang='lat' dir='ltr'><strong>constantia</strong></span> <span class='ocrx_word' id='word_1_304' title='bbox 1901 3374 2009 3425; x_wconf 91' lang='lat' dir='ltr'><strong>par-</strong></span> 
     </span>
     <span class='ocr_line' id='line_1_37' title="bbox 113 3441 2009 3510; baseline 0 -19"><span class='ocrx_word' id='word_1_305' title='bbox 113 3441 267 3504; x_wconf 84' lang='lat' dir='ltr'><strong>tibus,</strong></span> <span class='ocrx_word' id='word_1_306' title='bbox 316 3451 366 3492; x_wconf 91' lang='lat' dir='ltr'><strong>et</strong></span> <span class='ocrx_word' id='word_1_307' title='bbox 394 3442 606 3505; x_wconf 85' lang='lat' dir='ltr'><strong>infinita,</strong></span> <span class='ocrx_word' id='word_1_308' title='bbox 661 3458 821 3492; x_wconf 88' lang='lat' dir='ltr'><strong>rerum</strong></span> <span class='ocrx_word' id='word_1_309' title='bbox 851 3441 1059 3491; x_wconf 89' lang='lat' dir='ltr'><strong>omnium</strong></span> <span class='ocrx_word' id='word_1_310' title='bbox 1102 3441 1383 3510; x_wconf 84' lang='lat' dir='ltr'><strong>principium</strong></span> <span class='ocrx_word' id='word_1_311' title='bbox 1421 3460 1476 3492; x_wconf 86' lang='lat' dir='ltr'><strong>ac</strong></span> <span class='ocrx_word' id='word_1_312' title='bbox 1506 3443 1645 3492; x_wconf 85' lang='lat' dir='ltr'><strong>finem</strong></span> <span class='ocrx_word' id='word_1_313' title='bbox 1683 3459 1792 3493; x_wconf 91' lang='lat' dir='ltr'><strong>esse</strong></span> <span class='ocrx_word' id='word_1_314' title='bbox 1833 3442 2009 3492; x_wconf 89' lang='lat' dir='ltr'><strong>docue-</strong></span> 
     </span>
    </p>
   </div>
   <div class='ocr_carea' id='block_1_4' title="bbox 167 3632 2012 3743">
    <p class='ocr_par' dir='ltr' id='par_1_7' title="bbox 167 3632 2012 3743">
     <span class='ocr_line' id='line_1_38' title="bbox 167 3632 2012 3691; baseline 0.001 -14"><span class='ocrx_word' id='word_1_315' title='bbox 167 3634 235 3678; x_wconf 80' lang='lat'><strong>49.</strong></span> <span class='ocrx_word' id='word_1_316' title='bbox 267 3632 352 3679; x_wconf 77' lang='grc' dir='ltr'>ἀλλ’</span> <span class='ocrx_word' id='word_1_317' title='bbox 384 3633 534 3685; x_wconf 67' lang='grc' dir='ltr'>αὐτοὺς</span> <span class='ocrx_word' id='word_1_318' title='bbox 563 3641 668 3678; x_wconf 77' lang='lat' dir='ltr'><strong>editi.</strong></span> <span class='ocrx_word' id='word_1_319' title='bbox 1136 3638 1200 3677; x_wconf 80' lang='lat'><strong>52.</strong></span> <span class='ocrx_word' id='word_1_320' title='bbox 1247 3639 1354 3677; x_wconf 81' lang='lat' dir='ltr'><strong>Libri</strong></span> <span class='ocrx_word' id='word_1_321' title='bbox 1400 3640 1515 3687; x_wconf 73' lang='lat' dir='ltr'><strong>vulyo</strong></span> <span class='ocrx_word' id='word_1_322' title='bbox 1562 3634 1797 3691; x_wconf 73' lang='grc' dir='ltr'>εὖδαίμονα.</span> <span class='ocrx_word' id='word_1_323' title='bbox 1871 3641 2012 3680; x_wconf 79' lang='lat' dir='ltr'><strong>Vitium</strong></span> 
     </span>
     <span class='ocr_line' id='line_1_39' title="bbox 171 3693 2012 3743; baseline 0.002 -11"><span class='ocrx_word' id='word_1_324' title='bbox 171 3693 235 3732; x_wconf 82' lang='lat'><strong>50.</strong></span> <span class='ocrx_word' id='word_1_325' title='bbox 266 3694 366 3733; x_wconf 82' lang='lat' dir='ltr'><strong>Edit.</strong></span> <span class='ocrx_word' id='word_1_326' title='bbox 397 3695 549 3735; x_wconf 82' lang='lat' dir='ltr'><strong>Petavii</strong></span> <span class='ocrx_word' id='word_1_327' title='bbox 593 3696 720 3735; x_wconf 79' lang='lat' dir='ltr'><strong>Coton.</strong></span> <span class='ocrx_word' id='word_1_328' title='bbox 747 3697 860 3743; x_wconf 81' lang='lat' dir='ltr'><strong>repet.</strong></span> <span class='ocrx_word' id='word_1_329' title='bbox 898 3695 1028 3733; x_wconf 73' lang='lat' dir='ltr'><strong>vitiose</strong></span> <span class='ocrx_word' id='word_1_330' title='bbox 1084 3696 1294 3743; x_wconf 76' lang='lat' dir='ltr'><strong>scripturae</strong></span> <span class='ocrx_word' id='word_1_331' title='bbox 1330 3696 1491 3733; x_wconf 77' lang='lat' dir='ltr'><strong>correxit</strong></span> <span class='ocrx_word' id='word_1_332' title='bbox 1518 3698 1604 3734; x_wconf 78' lang='lat' dir='ltr'><strong>ante</strong></span> <span class='ocrx_word' id='word_1_333' title='bbox 1634 3697 1835 3734; x_wconf 74' lang='lat' dir='ltr'><strong>Petavium</strong></span> <span class='ocrx_word' id='word_1_334' title='bbox 1867 3696 2012 3735; x_wconf 76' lang='lat' dir='ltr'><strong>Corna-</strong></span> 
     </span>
    </p>
   </div>
   <div class='ocr_carea' id='block_1_5' title="bbox 119 3744 1620 3847">
    <p class='ocr_par' dir='ltr' id='par_1_8' title="bbox 119 3744 1620 3847">
     <span class='ocr_line' id='line_1_40' title="bbox 119 3744 1620 3790; baseline -0.001 -1"><span class='ocrx_word' id='word_1_335' title='bbox 119 3744 234 3790; x_wconf 70' lang='grc' dir='ltr'>αὐτὸ.</span> <span class='ocrx_word' id='word_1_336' title='bbox 1088 3752 1170 3789; x_wconf 82' lang='lat' dir='ltr'><strong>rius</strong></span> <span class='ocrx_word' id='word_1_337' title='bbox 1198 3752 1237 3789; x_wconf 83' lang='lat' dir='ltr'><strong>in</strong></span> <span class='ocrx_word' id='word_1_338' title='bbox 1267 3753 1435 3789; x_wconf 80' lang='lat' dir='ltr'><strong>versione</strong></span> <span class='ocrx_word' id='word_1_339' title='bbox 1466 3750 1620 3789; x_wconf 77' lang='lat' dir='ltr'><strong>Lat-ina.</strong></span> 
     </span>
     <span class='ocr_line' id='line_1_41' title="bbox 174 3806 599 3847; baseline 0.002 -3"><span class='ocrx_word' id='word_1_340' title='bbox 174 3806 238 3844; x_wconf 72' lang='lat'><strong>51.</strong></span> <span class='ocrx_word' id='word_1_341' title='bbox 267 3806 337 3847; x_wconf 77' lang='grc' dir='ltr'><strong>τοῦ</strong></span> <span class='ocrx_word' id='word_1_342' title='bbox 371 3806 479 3844; x_wconf 81' lang='lat' dir='ltr'><strong>codd.</strong></span> <span class='ocrx_word' id='word_1_343' title='bbox 512 3818 599 3845; x_wconf 90' lang='lat' dir='ltr'><strong>mss.</strong></span> 
     </span>
    </p>
   </div>
   <div class='ocr_carea' id='block_1_6' title="bbox 1567 3874 1677 3928">
    <p class='ocr_par' dir='ltr' id='par_1_9' title="bbox 1567 3874 1677 3928">
     <span class='ocr_line' id='line_1_42' title="bbox 1567 3874 1677 3928; baseline 0 0"><span class='ocrx_word' id='word_1_344' title='bbox 1567 3874 1677 3928; x_wconf 85' lang='lat'><strong>35*</strong></span> 
     </span>
    </p>
   </div>
  </div>
 </body>
</html>
