2508 4134
246 1532 337 1571 pag-
357 1523 451 1561 1⁰15.

235 2364 348 2422 Κεφ.
370 2362 451 2423 κβ’.

477 279 581 332 370
1183 289 1390 332 εΑΝοτι
1418 291 1700 333 EPIPHANH

477 387 676 454 τιοχέων
709 383 802 455 γάρ
843 383 1096 455 γενόμενοι
1131 393 1235 448 τοῖς
1273 367 1610 458 2τάκραίμοσιν
1649 386 1812 440 αὐτῶν
1857 387 2299 457 συντετυχήκαμεν,
2353 393 2406 446 ἐν

477 468 554 533 οἷς
578 472 663 524 καὶ
698 470 925 532 Βιτάλιος
966 468 996 523 ὅ
1026 473 1294 535 ἐπίσκοπος
1339 471 1580 543 ὑπῆρχεν,
1634 471 1976 541 εὐλαβέστατος
2015 471 2138 543 άνήρ
2182 481 2250 548 τῷ
2294 479 2406 549 βίῳ,

474 557 560 609 καὶ
595 562 657 629 τῇ
694 554 1012 620 καταστάσει,
1070 558 1155 609 καὶ
1194 564 1253 631 τῇ
1298 563 1530 631 πολιτείᾳ.
1597 558 1856 630 Ἐλέγομεν
1901 559 1955 611 δὲ
1996 559 2408 627 συμβουλεύοντες

474 643 559 694 καὶ
600 648 998 712 παρακαλοῦντες
1038 649 1363 711 συμφωνῆσαι
1405 650 1465 717 τῇ
1505 648 1663 697 πίστει
1699 650 1789 712 τῆς
1829 641 1968 713 άγίας
2009 646 2284 712 ἐκκλησίας,
2323 647 2407 699 καὶ

476 729 617 781 ἐᾶσαι
641 725 696 780 τὸ
724 727 1006 793 φιλόνεικον
1035 729 1182 797 ῥῆμα.
1256 726 1311 781 Ὁ
1347 730 1400 782 δὲ
1429 728 1656 791 Βιτάλιος
1685 731 1838 799 ἔλεγε,
1885 733 1942 781 Τί
1967 728 2061 799 γάρ
2089 731 2187 783 ἐστι
2209 729 2264 784 τὸ
2291 729 2407 784 άνα-

477 814 627 881 μέσον
667 810 836 880 ἡμῶν,
910 809 1032 880 Εἶχε
1065 811 1156 884 γάρ
1193 807 1343 876 οὗτος
1385 812 1640 867 διάστασιν
1682 812 1810 884 πρὸς
1835 813 2088 882 αἰδέσιμόν
2116 836 2225 869 τινα
2252 814 2407 886 ἄνδρα

472 899 559 951 καὶ
588 900 855 967 ἐπίσημον,
897 904 1150 952 Παυλῖνον
1175 897 1261 952 τὸν
1288 901 1582 962 ἐπίσκοπον,
1620 901 1704 952 καὶ
1739 904 1990 962 Παυλῖνος
2016 898 2142 971 πρὸς
2167 899 2254 954 τὸν
2280 904 2407 973 εἰρη-

474 985 625 1052 μένον
652 984 907 1050 Βιτάλιον,
958 981 1045 1051 ὕφ’
1078 981 1221 1052 ήμῶν
1249 985 1629 1052 μετακληθέντα.
1704 983 2008 1052 Βουλόμενοι
2043 990 2211 1039 τοίνυν
2242 986 2406 1054 ἄμφο-

472 1070 646 1139 τέρους
668 1073 737 1133 εἰς
765 1068 963 1140 εἰρήνην
989 1069 1318 1138 συμβιβάσαι,
1351 1104 1417 1111 -
1459 1067 1732 1139 ἀμφότεροι
1763 1068 1855 1139 γάρ
1887 1069 2098 1124 ἐδόκουν
2129 1069 2407 1143 όρθόδοξον

471 1158 636 1209 πίστιν
668 1155 950 1225 κηρύττειν,
999 1157 1085 1208 καὶ
1125 1157 1330 1217 ἕκαστος
1380 1153 1635 1208 διάστασιν
1673 1151 1768 1222 εἶχε
1799 1153 1884 1207 διά
1915 1178 2022 1210 τινα
2053 1155 2325 1226 πρόφασιν·
2378 1153 2408 1210 ὅ

473 1240 560 1308 μὲν
586 1239 678 1311 γάρ
707 1239 932 1302 Βιτάλιος
967 1244 1204 1312 Παυλίνῳ
1239 1242 1473 1310 ἐπέφερεν
1501 1237 1569 1302 ῶς
1611 1242 1723 1310 περὶ
1751 1243 2020 1307 Σαβελλίου
2051 1240 2293 1309 ὀνόματος
2322 1244 2407 1311 ῥῆ-

473 1347 562 1394 μα·
603 1324 680 1379 διὸ
724 1327 1038 1396 3γενομένων
1081 1323 1250 1393 ἡμῶν,
1302 1326 1634 1394 ἐπεσχέθημεν
1671 1331 1759 1393 τῆς
1788 1323 1916 1395 πρὸς
1945 1324 2031 1379 τὸν
2059 1332 2312 1380 Παυλῖνον
2335 1347 2406 1379 τε-

471 1414 602 1474 λείας
630 1415 915 1475 κοινωνίας,
965 1412 1056 1472 ἕως
1097 1410 1176 1464 ὅτε
1205 1410 1326 1478 μετά
1354 1412 1600 1473 ἐκθέσεως
1627 1408 1758 1479 ἡμᾶς
1790 1409 2043 1481 ἐγγράφου
2083 1413 2297 1477 ἔπεισεν,
2347 1405 2408 1479 ἧς

475 1494 574 1565 ’ἤδη
599 1495 841 1568 πρότερον
865 1494 1133 1566 άπολογίας
1161 1495 1302 1566 χάριν
1335 1496 1462 1567 πρὸς
1492 1495 1579 1550 τὸν
1604 1500 1878 1566 μακαρίτην
1910 1494 2210 1551 Ἀθανάσιον
2237 1496 2407 1565 ἐποιή-

471 1600 590 1637 σατο
620 1582 712 1651 τὴν
748 1582 1125 1653 συγκατάθεσιν.
1204 1582 1518 1652 Προςήνεγκε
1560 1580 1651 1653 γάρ
1692 1585 1779 1635 καὶ
1809 1583 2051 1636 ἐπέδωκεν
2074 1581 2195 1651 ’ἡμῖν
2226 1581 2408 1650 ταύτης

471 1666 526 1722 τὸ
558 1666 860 1739 ἀντίγραφον
901 1666 1014 1736 μεθ’
1054 1665 1356 1738 ὑπογραφῆς
1395 1673 1569 1734 σαφῶς
1610 1669 1723 1738 περὶ
1750 1667 1949 1737 τριάδος
1977 1670 2088 1737 ἕχον
2116 1666 2272 1736 ὁμοῦ,
2323 1669 2407 1721 καὶ

471 1756 584 1825 περὶ
620 1760 714 1808 νοῦ
744 1760 830 1822 τῆς
868 1760 957 1807 τοῦ
991 1759 1212 1823 Χριστοῦ
1243 1753 1693 1824 ἐνανθρωπήσεως,
1743 1754 1866 1823 χειρὶ
1896 1753 2053 1807 αὐτοῦ
2083 1760 2172 1808 τοῦ
2202 1756 2404 1823 μακαρί-

468 1861 558 1894 του
579 1838 765 1912 πατρὸς
786 1836 929 1908 ἡμῶν
944 1838 1275 1904 Ἀθανασίου,
1313 1838 1374 1907 ἣν
1401 1841 1599 1893 ἔκθεσιν
1618 1840 1954 1903 καθυπέταξα.
2030 1841 2130 1893 Καὶ
2152 1841 2281 1893 ἔστιν
2302 1838 2403 1908 ἥδε.

660 2252 1054 2298 ΑΝΤΙΓΡΑΦΟΝ
1084 2253 1316 2297 ΧΕΙΡΟΣ
1347 2253 1660 2297 ΠΑΥΛΙΝΟΥ
1689 2253 1809 2297 ΤΟΥ
1837 2224 2219 2297 ΕΠΙΣΚΟΠΟΥ.

607 2350 739 2421 Ἐγώ
786 2357 1039 2414 Παυλῖνος
1076 2350 1104 2405 ὁ
1139 2354 1410 2414 ἐπίσκοπος
1452 2350 1612 2414 οὕτως
1653 2355 1853 2422 φρονῶ,
1907 2349 2083 2413 καθῶς
2125 2351 2403 2419 παρέλαβον

472 2434 573 2490 ἆπὸ
603 2443 701 2490 τῶν
733 2439 984 2505 πατέρων,
1024 2435 1142 2491 ὄντα
1173 2439 1257 2490 καὶ
1286 2435 1545 2501 ὑφεστῶτα
1578 2439 1764 2508 πατέρα
1789 2438 1997 2502 τέλειον,
2034 2438 2118 2489 καὶ
2145 2433 2403 2502 ’ὑφεστῶτα

470 2520 585 2576 υἷόν
611 2523 819 2587 τέλειον,
838 2524 941 2575 καὶ
972 2520 1196 2589 ὖφεστῶς
1227 2522 1280 2576 τό
1312 2528 1506 2590 πνεῦμα
1535 2522 1588 2576 τὸ
1612 2522 1754 2594 ἅγιον
1779 2524 1971 2576 τέλειον.
2045 2519 2139 2575 Διὸ
2166 2523 2251 2574 καὶ
2278 2520 2399 2575 ἄπο-

473 2610 673 2676 δέχομαι
711 2606 801 2675 τὴν
828 2611 1263 2678 προγεγραμμένην
1296 2610 1555 2678 ἑρμηνείαν
1587 2616 1604 2646 ¹
1623 2610 1734 2678 περὶ
1765 2614 1863 2661 τῶν
1887 2613 2038 2678 τριῶν
2065 2604 2402 2671 ὗποστάσεων,

470 2695 556 2748 καὶ
583 2700 670 2760 τῆς
701 2699 817 2761 μιᾶς
846 2691 1190 2759 ὑποστάσεως,
1244 2693 1352 2762 ἤτοι
1378 2694 1579 2759 οὐσίας,
1629 2696 1714 2747 καὶ
1742 2692 1860 2755 τούς
1887 2699 2196 2764 φρονοῦντας
2229 2691 2401 2755 οὕτως.

472 2778 695 2847 Εὐσεβὲς
735 2777 827 2848 γάρ
869 2781 964 2832 ἐστι
1001 2787 1206 2849 φρονεῖν
1242 2781 1327 2832 καὶ
1356 2776 1610 2849 ὁμολογεῖν
1644 2779 1734 2847 τὴν
1761 2776 1937 2849 τριάδα
1972 2780 2024 2831 ἐν
2062 2782 2154 2851 μιᾷ
2186 2776 2401 2845 θεότητι.

473 2866 575 2918 Καὶ
602 2865 715 2935 περὶ
743 2870 829 2931 τῆς
861 2863 1287 2934 ἐνανθρωπήσεως
1323 2871 1412 2932 τῆς
1445 2863 1505 2918 δι’
1531 2862 1661 2933 ἡμᾶς
1697 2866 1960 2935 γενομένης
1999 2869 2087 2916 τοῦ
2123 2862 2273 2933 λόγου
2310 2868 2399 2917 τοῦ

472 2948 659 3021 πατρός
699 2948 830 3003 οὕτω
870 2957 1041 3020 φρονῶ
1080 2949 1257 3013 καθώς
1296 2951 1686 3021 προγέγραπται,
1738 2949 1815 3003 ὅτι
1848 2946 1971 3003 κατά
2001 2946 2086 3001 τὸν
2107 2947 2346 3016 Ἰωάννην
2371 2945 2402 3002 o‘

470 3035 614 3106 λόγος
652 3033 772 3105 σάρξ
798 3036 1001 3105 ἐγένετο.
1082 3035 1154 3088 Οὐ
1186 3034 1279 3106 γάρ
1311 3033 1436 3088 κατά
1472 3035 1588 3098 τούς
1625 3033 1978 3103 ἀσεβεστάτους
2017 3032 2133 3096 τούς
2173 3035 2401 3104 λέγοντας

474 3119 746 3190 μεταβολὴν
773 3119 927 3173 αὐτὸν
953 3122 1277 3185 πεπονθέναι,
1313 3119 1414 3175 ἀλλ’
1446 3119 1519 3174 ὅτι
1547 3119 1608 3174 δι’
1640 3118 1770 3188 ἡμᾶς
1798 3119 2069 3187 ἅνθρωπος
2094 3118 2307 3188 γέγονεν,
2345 3120 2401 3172 ἔκ

471 3228 522 3259 τε
548 3210 633 3275 τῆς
662 3204 804 3276 άγίας
834 3207 1088 3275 παρθένου
1115 3209 1199 3259 καὶ
1235 3204 1379 3276 άγίου
1411 3205 1686 3274 πνεύματος
1713 3208 1980 3275 γεννηθείς.
2061 3201 2187 3256 Οὔτε
2216 3202 2308 3276 γάρ
2346 3200 2401 3256 ὄί·

473 3306 666 3362 ψυχον,
706 3290 818 3345 οὔτε
856 3290 1191 3359 άναισθητόν,
1231 3289 1342 3345 οὔτε
1379 3290 1590 3359 ἀνόητον
1626 3296 1766 3358 σῶμα
1802 3287 1924 3357 εἶχεν
1959 3286 1989 3342 ὅ
2025 3290 2201 3360 σωτήρ.

741 3372 757 3393 N

622 3449 764 3501 2Καὶ
801 3450 853 3502 ἐν
889 3453 948 3521 τῇ
984 3449 1104 3516 χειρὶ
1139 3453 1227 3501 τοῦ
1266 3445 1538 3502 ἐπισκόπου
1566 3446 1889 3498 Ἀθανασίου.

623 3533 697 3586 Οὐ
725 3531 815 3604 γάρ
843 3531 952 3587 οἷόν
977 3554 1026 3586 τε
1049 3527 1113 3601 ἧν
1134 3540 1222 3586 τοῦ
1250 3537 1427 3602 κυρίου
1451 3529 1727 3602 ἀνθρώπου
1752 3527 1813 3582 δι’
1838 3527 1968 3597 ἡμᾶς
1991 3530 2256 3599 γενομένου
2283 3525 2399 3582 όίνό-

474 3639 591 3685 ητον
622 3618 779 3672 αὐτοῦ
806 3616 927 3672 εἶναι
968 3616 1021 3672 τὸ
1052 3624 1206 3686 σῶμα.
1264 3617 1426 3671 ’Ὅθεν
1453 3617 1789 3683 ἆναθεματίζω
1827 3613 1943 3676 τούς
1979 3615 2282 3677 ἀθετοῦντας
2308 3611 2399 3682 τήν

532 3720 571 3760 2.
605 3723 662 3761 Ita
675 3723 752 3771 fere
766 3723 905 3771 ubique
919 3722 1028 3771 opud
1043 3722 1307 3771 Epiphaniam
1320 3723 1417 3761 scri·
1527 3717 1567 3759 3.
1597 3718 1796 3758 Excidisse
1824 3718 1975 3767 aliquid
2003 3719 2167 3758 videtur.

473 3780 584 3826 ptum
611 3789 683 3826 pro
719 3773 956 3831 οἷκρέμοσιν.
1017 3779 1076 3828 Cf.
1106 3779 1251 3817 haeres.
1277 3776 1345 3824 65,
1376 3777 1409 3816 1.
1529 3774 1623 3813 CAP.
1646 3774 1788 3814 ΧΧΠ.
1823 3796 1874 3803 -
1948 3775 1983 3814 1.
2026 3775 2121 3827 περὶ
2159 3774 2242 3815 τῶν
2279 3775 2398 3814 verba

477 3835 512 3872 et
541 3833 578 3872 ὁ.
609 3837 643 3872 et
677 3833 713 3875 7.
1469 3833 1613 3872 omissa
1640 3834 1729 3870 sunt
1759 3832 1800 3871 ιἰι
1829 3831 1916 3871 edit.
1945 3833 2079 3872 Petav.
